PokerStars Hand #249014621932: Tournament #3714753545, €9+€9+€2 EUR Hold'em No Limit - Level IX (600/1200) - 2024/02/21 17:44:28 BRT [2024/02/21 15:44:28 ET]
Table '3714753545 39' 8-max Seat #1 is the button
Seat 1: Isabelladopapai (19985 in chips, €9 bounty) 
Seat 2: tamiacuillere (62350 in chips, €9 bounty) 
Seat 3: como bate 9e3 (94501 in chips, €13.50 bounty) 
Seat 4: PayMyBond (44575 in chips, €9 bounty) 
Seat 5: Job364 (42650 in chips, €9 bounty) 
Seat 6: MANOAMAJO (105483 in chips, €13.50 bounty) 
Seat 7: deiraisetonuts (50000 in chips, €9 bounty) 
Seat 8: vishnya0904 (125730 in chips, €13.50 bounty) 
Isabelladopapai: posts the ante 150
tamiacuillere: posts the ante 150
como bate 9e3: posts the ante 150
PayMyBond: posts the ante 150
Job364: posts the ante 150
MANOAMAJO: posts the ante 150
deiraisetonuts: posts the ante 150
vishnya0904: posts the ante 150
tamiacuillere: posts small blind 600
como bate 9e3: posts big blind 1200
*** HOLE CARDS ***
Dealt to deiraisetonuts [Ts Jd]
PayMyBond: folds 
Job364: calls 1200
MANOAMAJO: folds 
deiraisetonuts: raises 3600 to 4800
vishnya0904: folds 
Isabelladopapai: folds 
tamiacuillere: folds 
como bate 9e3: folds 
Job364: folds 
Uncalled bet (3600) returned to deiraisetonuts
deiraisetonuts collected 5400 from pot
deiraisetonuts: doesn't show hand 
*** SUMMARY ***
Total pot 5400 | Rake 0 
Seat 1: Isabelladopapai (button) folded before Flop (didn't bet)
Seat 2: tamiacuillere (small blind) folded before Flop
Seat 3: como bate 9e3 (big blind) folded before Flop
Seat 4: PayMyBond folded before Flop (didn't bet)
Seat 5: Job364 folded before Flop
Seat 6: MANOAMAJO folded before Flop (didn't bet)
Seat 7: deiraisetonuts collected (5400)
Seat 8: vishnya0904 folded before Flop (didn't bet)



PokerStars Hand #249014637192: Tournament #3714753545, €9+€9+€2 EUR Hold'em No Limit - Level IX (600/1200) - 2024/02/21 17:45:13 BRT [2024/02/21 15:45:13 ET]
Table '3714753545 39' 8-max Seat #2 is the button
Seat 1: Isabelladopapai (19835 in chips, €9 bounty) 
Seat 2: tamiacuillere (61600 in chips, €9 bounty) 
Seat 3: como bate 9e3 (93151 in chips, €13.50 bounty) 
Seat 4: PayMyBond (44425 in chips, €9 bounty) 
Seat 5: Job364 (41300 in chips, €9 bounty) 
Seat 6: MANOAMAJO (105333 in chips, €13.50 bounty) 
Seat 7: deiraisetonuts (54050 in chips, €9 bounty) 
Seat 8: vishnya0904 (125580 in chips, €13.50 bounty) 
Isabelladopapai: posts the ante 150
tamiacuillere: posts the ante 150
como bate 9e3: posts the ante 150
PayMyBond: posts the ante 150
Job364: posts the ante 150
MANOAMAJO: posts the ante 150
deiraisetonuts: posts the ante 150
vishnya0904: posts the ante 150
como bate 9e3: posts small blind 600
PayMyBond: posts big blind 1200
*** HOLE CARDS ***
Dealt to deiraisetonuts [3h 8s]
Job364: calls 1200
MANOAMAJO: calls 1200
deiraisetonuts: folds 
vishnya0904: folds 
Isabelladopapai: folds 
tamiacuillere: folds 
como bate 9e3: calls 600
PayMyBond: checks 
*** FLOP *** [Qd Qc Tc]
como bate 9e3: checks 
PayMyBond: checks 
Job364: checks 
MANOAMAJO: checks 
*** TURN *** [Qd Qc Tc] [5c]
como bate 9e3: checks 
PayMyBond: checks 
Job364: bets 2400
MANOAMAJO: folds 
como bate 9e3: folds 
PayMyBond: folds 
Uncalled bet (2400) returned to Job364
Job364 collected 6000 from pot
*** SUMMARY ***
Total pot 6000 | Rake 0 
Board [Qd Qc Tc 5c]
Seat 1: Isabelladopapai folded before Flop (didn't bet)
Seat 2: tamiacuillere (button) folded before Flop (didn't bet)
Seat 3: como bate 9e3 (small blind) folded on the Turn
Seat 4: PayMyBond (big blind) folded on the Turn
Seat 5: Job364 collected (6000)
Seat 6: MANOAMAJO folded on the Turn
Seat 7: deiraisetonuts folded before Flop (didn't bet)
Seat 8: vishnya0904 folded before Flop (didn't bet)



PokerStars Hand #249014658985: Tournament #3714753545, €9+€9+€2 EUR Hold'em No Limit - Level IX (600/1200) - 2024/02/21 17:46:15 BRT [2024/02/21 15:46:15 ET]
Table '3714753545 39' 8-max Seat #3 is the button
Seat 1: Isabelladopapai (19685 in chips, €9 bounty) 
Seat 2: tamiacuillere (61450 in chips, €9 bounty) 
Seat 3: como bate 9e3 (91801 in chips, €13.50 bounty) 
Seat 4: PayMyBond (43075 in chips, €9 bounty) 
Seat 5: Job364 (45950 in chips, €9 bounty) 
Seat 6: MANOAMAJO (103983 in chips, €13.50 bounty) 
Seat 7: deiraisetonuts (53900 in chips, €9 bounty) 
Seat 8: vishnya0904 (125430 in chips, €13.50 bounty) 
Isabelladopapai: posts the ante 150
tamiacuillere: posts the ante 150
como bate 9e3: posts the ante 150
PayMyBond: posts the ante 150
Job364: posts the ante 150
MANOAMAJO: posts the ante 150
deiraisetonuts: posts the ante 150
vishnya0904: posts the ante 150
PayMyBond: posts small blind 600
Job364: posts big blind 1200
*** HOLE CARDS ***
Dealt to deiraisetonuts [Qc 5s]
MANOAMAJO: folds 
deiraisetonuts: folds 
vishnya0904: folds 
Isabelladopapai: folds 
tamiacuillere: raises 1200 to 2400
como bate 9e3: folds 
PayMyBond: folds 
Job364: calls 1200
*** FLOP *** [7s Tc Th]
Job364: checks 
tamiacuillere: checks 
*** TURN *** [7s Tc Th] [9s]
Job364: bets 3600
tamiacuillere: calls 3600
*** RIVER *** [7s Tc Th 9s] [Kh]
Job364: bets 8400
tamiacuillere: raises 16800 to 25200
Job364: calls 16800
*** SHOW DOWN ***
tamiacuillere: shows [Ac 8d] (a pair of Tens)
Job364: shows [Td 6c] (three of a kind, Tens)
Job364 collected 64200 from pot
*** SUMMARY ***
Total pot 64200 | Rake 0 
Board [7s Tc Th 9s Kh]
Seat 1: Isabelladopapai folded before Flop (didn't bet)
Seat 2: tamiacuillere showed [Ac 8d] and lost with a pair of Tens
Seat 3: como bate 9e3 (button) folded before Flop (didn't bet)
Seat 4: PayMyBond (small blind) folded before Flop
Seat 5: Job364 (big blind) showed [Td 6c] and won (64200) with three of a kind, Tens
Seat 6: MANOAMAJO folded before Flop (didn't bet)
Seat 7: deiraisetonuts folded before Flop (didn't bet)
Seat 8: vishnya0904 folded before Flop (didn't bet)



PokerStars Hand #249014676543: Tournament #3714753545, €9+€9+€2 EUR Hold'em No Limit - Level IX (600/1200) - 2024/02/21 17:47:06 BRT [2024/02/21 15:47:06 ET]
Table '3714753545 39' 8-max Seat #4 is the button
Seat 1: Isabelladopapai (19535 in chips, €9 bounty) 
Seat 2: tamiacuillere (30100 in chips, €9 bounty) 
Seat 3: como bate 9e3 (91651 in chips, €13.50 bounty) 
Seat 4: PayMyBond (42325 in chips, €9 bounty) 
Seat 5: Job364 (78800 in chips, €9 bounty) 
Seat 6: MANOAMAJO (103833 in chips, €13.50 bounty) 
Seat 7: deiraisetonuts (53750 in chips, €9 bounty) 
Seat 8: vishnya0904 (125280 in chips, €13.50 bounty) 
Isabelladopapai: posts the ante 150
tamiacuillere: posts the ante 150
como bate 9e3: posts the ante 150
PayMyBond: posts the ante 150
Job364: posts the ante 150
MANOAMAJO: posts the ante 150
deiraisetonuts: posts the ante 150
vishnya0904: posts the ante 150
Job364: posts small blind 600
MANOAMAJO: posts big blind 1200
*** HOLE CARDS ***
Dealt to deiraisetonuts [2d Qs]
deiraisetonuts: folds 
vishnya0904: folds 
Isabelladopapai: folds 
tamiacuillere: folds 
como bate 9e3: raises 1200 to 2400
PayMyBond: calls 2400
Job364: calls 1800
MANOAMAJO: calls 1200
*** FLOP *** [5h Td 7d]
Job364: bets 1200
MANOAMAJO: calls 1200
como bate 9e3: calls 1200
PayMyBond: folds 
*** TURN *** [5h Td 7d] [8h]
Job364: bets 3600
MANOAMAJO: folds 
como bate 9e3: calls 3600
*** RIVER *** [5h Td 7d 8h] [9c]
Job364: bets 19200
como bate 9e3: calls 19200
*** SHOW DOWN ***
Job364: shows [Qh Jc] (a straight, Eight to Queen)
como bate 9e3: mucks hand 
Job364 collected 60000 from pot
*** SUMMARY ***
Total pot 60000 | Rake 0 
Board [5h Td 7d 8h 9c]
Seat 1: Isabelladopapai folded before Flop (didn't bet)
Seat 2: tamiacuillere folded before Flop (didn't bet)
Seat 3: como bate 9e3 mucked [6d 8d]
Seat 4: PayMyBond (button) folded on the Flop
Seat 5: Job364 (small blind) showed [Qh Jc] and won (60000) with a straight, Eight to Queen
Seat 6: MANOAMAJO (big blind) folded on the Turn
Seat 7: deiraisetonuts folded before Flop (didn't bet)
Seat 8: vishnya0904 folded before Flop (didn't bet)



PokerStars Hand #249014709989: Tournament #3714753545, €9+€9+€2 EUR Hold'em No Limit - Level IX (600/1200) - 2024/02/21 17:48:42 BRT [2024/02/21 15:48:42 ET]
Table '3714753545 39' 8-max Seat #5 is the button
Seat 1: Isabelladopapai (19385 in chips, €9 bounty) 
Seat 2: tamiacuillere (29950 in chips, €9 bounty) 
Seat 3: como bate 9e3 (65101 in chips, €13.50 bounty) 
Seat 4: PayMyBond (39775 in chips, €9 bounty) 
Seat 5: Job364 (112250 in chips, €9 bounty) 
Seat 6: MANOAMAJO (100083 in chips, €13.50 bounty) 
Seat 7: deiraisetonuts (53600 in chips, €9 bounty) 
Seat 8: vishnya0904 (125130 in chips, €13.50 bounty) 
Isabelladopapai: posts the ante 150
tamiacuillere: posts the ante 150
como bate 9e3: posts the ante 150
PayMyBond: posts the ante 150
Job364: posts the ante 150
MANOAMAJO: posts the ante 150
deiraisetonuts: posts the ante 150
vishnya0904: posts the ante 150
MANOAMAJO: posts small blind 600
deiraisetonuts: posts big blind 1200
*** HOLE CARDS ***
Dealt to deiraisetonuts [2d 3c]
vishnya0904: folds 
Isabelladopapai: folds 
tamiacuillere: folds 
como bate 9e3: raises 1200 to 2400
PayMyBond: folds 
Job364: calls 2400
MANOAMAJO: folds 
deiraisetonuts: folds 
*** FLOP *** [3s As Ac]
como bate 9e3: checks 
Job364: bets 1200
como bate 9e3: folds 
Uncalled bet (1200) returned to Job364
Job364 collected 7800 from pot
*** SUMMARY ***
Total pot 7800 | Rake 0 
Board [3s As Ac]
Seat 1: Isabelladopapai folded before Flop (didn't bet)
Seat 2: tamiacuillere folded before Flop (didn't bet)
Seat 3: como bate 9e3 folded on the Flop
Seat 4: PayMyBond folded before Flop (didn't bet)
Seat 5: Job364 (button) collected (7800)
Seat 6: MANOAMAJO (small blind) folded before Flop
Seat 7: deiraisetonuts (big blind) folded before Flop
Seat 8: vishnya0904 folded before Flop (didn't bet)



PokerStars Hand #249014726480: Tournament #3714753545, €9+€9+€2 EUR Hold'em No Limit - Level X (700/1400) - 2024/02/21 17:49:30 BRT [2024/02/21 15:49:30 ET]
Table '3714753545 39' 8-max Seat #6 is the button
Seat 1: Isabelladopapai (19235 in chips, €9 bounty) 
Seat 2: tamiacuillere (29800 in chips, €9 bounty) 
Seat 3: como bate 9e3 (62551 in chips, €13.50 bounty) 
Seat 4: PayMyBond (39625 in chips, €9 bounty) 
Seat 5: Job364 (117500 in chips, €9 bounty) 
Seat 6: MANOAMAJO (99333 in chips, €13.50 bounty) 
Seat 7: deiraisetonuts (52250 in chips, €9 bounty) 
Seat 8: vishnya0904 (124980 in chips, €13.50 bounty) 
Isabelladopapai: posts the ante 175
tamiacuillere: posts the ante 175
como bate 9e3: posts the ante 175
PayMyBond: posts the ante 175
Job364: posts the ante 175
MANOAMAJO: posts the ante 175
deiraisetonuts: posts the ante 175
vishnya0904: posts the ante 175
deiraisetonuts: posts small blind 700
vishnya0904: posts big blind 1400
*** HOLE CARDS ***
Dealt to deiraisetonuts [2c Kh]
Isabelladopapai: folds 
tamiacuillere: folds 
como bate 9e3: raises 1400 to 2800
PayMyBond: folds 
Job364: folds 
MANOAMAJO: calls 2800
deiraisetonuts: folds 
vishnya0904: folds 
*** FLOP *** [Ah Qh 9s]
como bate 9e3: checks 
MANOAMAJO: bets 1400
como bate 9e3: folds 
Uncalled bet (1400) returned to MANOAMAJO
MANOAMAJO collected 9100 from pot
MANOAMAJO: doesn't show hand 
*** SUMMARY ***
Total pot 9100 | Rake 0 
Board [Ah Qh 9s]
Seat 1: Isabelladopapai folded before Flop (didn't bet)
Seat 2: tamiacuillere folded before Flop (didn't bet)
Seat 3: como bate 9e3 folded on the Flop
Seat 4: PayMyBond folded before Flop (didn't bet)
Seat 5: Job364 folded before Flop (didn't bet)
Seat 6: MANOAMAJO (button) collected (9100)
Seat 7: deiraisetonuts (small blind) folded before Flop
Seat 8: vishnya0904 (big blind) folded before Flop



PokerStars Hand #249014744907: Tournament #3714753545, €9+€9+€2 EUR Hold'em No Limit - Level X (700/1400) - 2024/02/21 17:50:22 BRT [2024/02/21 15:50:22 ET]
Table '3714753545 39' 8-max Seat #7 is the button
Seat 1: Isabelladopapai (19060 in chips, €9 bounty) 
Seat 2: tamiacuillere (29625 in chips, €9 bounty) 
Seat 3: como bate 9e3 (59576 in chips, €13.50 bounty) 
Seat 4: PayMyBond (39450 in chips, €9 bounty) 
Seat 5: Job364 (117325 in chips, €9 bounty) 
Seat 6: MANOAMAJO (105458 in chips, €13.50 bounty) 
Seat 7: deiraisetonuts (51375 in chips, €9 bounty) 
Seat 8: vishnya0904 (123405 in chips, €13.50 bounty) 
Isabelladopapai: posts the ante 175
tamiacuillere: posts the ante 175
como bate 9e3: posts the ante 175
PayMyBond: posts the ante 175
Job364: posts the ante 175
MANOAMAJO: posts the ante 175
deiraisetonuts: posts the ante 175
vishnya0904: posts the ante 175
vishnya0904: posts small blind 700
Isabelladopapai: posts big blind 1400
*** HOLE CARDS ***
Dealt to deiraisetonuts [Ah Qd]
tamiacuillere: folds 
como bate 9e3: folds 
PayMyBond: folds 
Job364: calls 1400
MANOAMAJO: folds 
deiraisetonuts: raises 7000 to 8400
vishnya0904: folds 
Isabelladopapai: folds 
Job364: calls 7000
*** FLOP *** [Ts 5d 8d]
Job364: checks 
deiraisetonuts: checks 
*** TURN *** [Ts 5d 8d] [6d]
Job364: bets 4200
deiraisetonuts: calls 4200
*** RIVER *** [Ts 5d 8d 6d] [2h]
Job364: bets 4200
deiraisetonuts: calls 4200
*** SHOW DOWN ***
Job364: shows [7s Ks] (high card King)
deiraisetonuts: shows [Ah Qd] (high card Ace)
deiraisetonuts collected 37100 from pot
*** SUMMARY ***
Total pot 37100 | Rake 0 
Board [Ts 5d 8d 6d 2h]
Seat 1: Isabelladopapai (big blind) folded before Flop
Seat 2: tamiacuillere folded before Flop (didn't bet)
Seat 3: como bate 9e3 folded before Flop (didn't bet)
Seat 4: PayMyBond folded before Flop (didn't bet)
Seat 5: Job364 showed [7s Ks] and lost with high card King
Seat 6: MANOAMAJO folded before Flop (didn't bet)
Seat 7: deiraisetonuts (button) showed [Ah Qd] and won (37100) with high card Ace
Seat 8: vishnya0904 (small blind) folded before Flop



PokerStars Hand #249014779948: Tournament #3714753545, €9+€9+€2 EUR Hold'em No Limit - Level X (700/1400) - 2024/02/21 17:52:03 BRT [2024/02/21 15:52:03 ET]
Table '3714753545 39' 8-max Seat #8 is the button
Seat 1: Isabelladopapai (17485 in chips, €9 bounty) 
Seat 2: tamiacuillere (29450 in chips, €9 bounty) 
Seat 3: como bate 9e3 (59401 in chips, €13.50 bounty) 
Seat 4: PayMyBond (39275 in chips, €9 bounty) 
Seat 5: Job364 (100350 in chips, €9 bounty) 
Seat 6: MANOAMAJO (105283 in chips, €13.50 bounty) 
Seat 7: deiraisetonuts (71500 in chips, €9 bounty) 
Seat 8: vishnya0904 (122530 in chips, €13.50 bounty) 
Isabelladopapai: posts the ante 175
tamiacuillere: posts the ante 175
como bate 9e3: posts the ante 175
PayMyBond: posts the ante 175
Job364: posts the ante 175
MANOAMAJO: posts the ante 175
deiraisetonuts: posts the ante 175
vishnya0904: posts the ante 175
Isabelladopapai: posts small blind 700
tamiacuillere: posts big blind 1400
*** HOLE CARDS ***
Dealt to deiraisetonuts [5h 2c]
como bate 9e3: folds 
PayMyBond: folds 
Job364: calls 1400
MANOAMAJO: folds 
deiraisetonuts: folds 
vishnya0904: folds 
Isabelladopapai: calls 700
tamiacuillere: raises 5600 to 7000
Job364: calls 5600
Isabelladopapai: folds 
*** FLOP *** [5s Jc As]
tamiacuillere: bets 4200
Job364: raises 88975 to 93175 and is all-in
tamiacuillere: folds 
Uncalled bet (88975) returned to Job364
Job364 collected 25200 from pot
*** SUMMARY ***
Total pot 25200 | Rake 0 
Board [5s Jc As]
Seat 1: Isabelladopapai (small blind) folded before Flop
Seat 2: tamiacuillere (big blind) folded on the Flop
Seat 3: como bate 9e3 folded before Flop (didn't bet)
Seat 4: PayMyBond folded before Flop (didn't bet)
Seat 5: Job364 collected (25200)
Seat 6: MANOAMAJO folded before Flop (didn't bet)
Seat 7: deiraisetonuts folded before Flop (didn't bet)
Seat 8: vishnya0904 (button) folded before Flop (didn't bet)



PokerStars Hand #249014809181: Tournament #3714753545, €9+€9+€2 EUR Hold'em No Limit - Level X (700/1400) - 2024/02/21 17:53:26 BRT [2024/02/21 15:53:26 ET]
Table '3714753545 39' 8-max Seat #1 is the button
Seat 1: Isabelladopapai (15910 in chips, €9 bounty) 
Seat 2: tamiacuillere (18075 in chips, €9 bounty) 
Seat 3: como bate 9e3 (59226 in chips, €13.50 bounty) 
Seat 4: PayMyBond (39100 in chips, €9 bounty) 
Seat 5: Job364 (114175 in chips, €9 bounty) 
Seat 6: MANOAMAJO (105108 in chips, €13.50 bounty) 
Seat 7: deiraisetonuts (71325 in chips, €9 bounty) 
Seat 8: vishnya0904 (122355 in chips, €13.50 bounty) 
Isabelladopapai: posts the ante 175
tamiacuillere: posts the ante 175
como bate 9e3: posts the ante 175
PayMyBond: posts the ante 175
Job364: posts the ante 175
MANOAMAJO: posts the ante 175
deiraisetonuts: posts the ante 175
vishnya0904: posts the ante 175
tamiacuillere: posts small blind 700
como bate 9e3: posts big blind 1400
*** HOLE CARDS ***
Dealt to deiraisetonuts [6c 6d]
PayMyBond: folds 
Job364: calls 1400
MANOAMAJO: folds 
deiraisetonuts: raises 5600 to 7000
vishnya0904: folds 
Isabelladopapai: folds 
tamiacuillere: folds 
como bate 9e3: folds 
Job364: folds 
Uncalled bet (5600) returned to deiraisetonuts
deiraisetonuts collected 6300 from pot
deiraisetonuts: doesn't show hand 
*** SUMMARY ***
Total pot 6300 | Rake 0 
Seat 1: Isabelladopapai (button) folded before Flop (didn't bet)
Seat 2: tamiacuillere (small blind) folded before Flop
Seat 3: como bate 9e3 (big blind) folded before Flop
Seat 4: PayMyBond folded before Flop (didn't bet)
Seat 5: Job364 folded before Flop
Seat 6: MANOAMAJO folded before Flop (didn't bet)
Seat 7: deiraisetonuts collected (6300)
Seat 8: vishnya0904 folded before Flop (didn't bet)



PokerStars Hand #249014831871: Tournament #3714753545, €9+€9+€2 EUR Hold'em No Limit - Level X (700/1400) - 2024/02/21 17:54:30 BRT [2024/02/21 15:54:30 ET]
Table '3714753545 39' 8-max Seat #2 is the button
Seat 1: Isabelladopapai (15735 in chips, €9 bounty) 
Seat 2: tamiacuillere (17200 in chips, €9 bounty) 
Seat 3: como bate 9e3 (57651 in chips, €13.50 bounty) 
Seat 4: PayMyBond (38925 in chips, €9 bounty) 
Seat 5: Job364 (112600 in chips, €9 bounty) 
Seat 6: MANOAMAJO (104933 in chips, €13.50 bounty) 
Seat 7: deiraisetonuts (76050 in chips, €9 bounty) 
Seat 8: vishnya0904 (122180 in chips, €13.50 bounty) 
Isabelladopapai: posts the ante 175
tamiacuillere: posts the ante 175
como bate 9e3: posts the ante 175
PayMyBond: posts the ante 175
Job364: posts the ante 175
MANOAMAJO: posts the ante 175
deiraisetonuts: posts the ante 175
vishnya0904: posts the ante 175
como bate 9e3: posts small blind 700
PayMyBond: posts big blind 1400
*** HOLE CARDS ***
Dealt to deiraisetonuts [5s 4h]
Job364: folds 
MANOAMAJO: folds 
deiraisetonuts: folds 
vishnya0904: folds 
Isabelladopapai: folds 
tamiacuillere: raises 15625 to 17025 and is all-in
como bate 9e3: raises 40451 to 57476 and is all-in
PayMyBond: folds 
Uncalled bet (40451) returned to como bate 9e3
*** FLOP *** [4d Js 8c]
*** TURN *** [4d Js 8c] [9h]
*** RIVER *** [4d Js 8c 9h] [Kh]
*** SHOW DOWN ***
como bate 9e3: shows [Ac 7s] (high card Ace)
tamiacuillere: shows [9c Ah] (a pair of Nines)
tamiacuillere collected 36850 from pot
*** SUMMARY ***
Total pot 36850 | Rake 0 
Board [4d Js 8c 9h Kh]
Seat 1: Isabelladopapai folded before Flop (didn't bet)
Seat 2: tamiacuillere (button) showed [9c Ah] and won (36850) with a pair of Nines
Seat 3: como bate 9e3 (small blind) showed [Ac 7s] and lost with high card Ace
Seat 4: PayMyBond (big blind) folded before Flop
Seat 5: Job364 folded before Flop (didn't bet)
Seat 6: MANOAMAJO folded before Flop (didn't bet)
Seat 7: deiraisetonuts folded before Flop (didn't bet)
Seat 8: vishnya0904 folded before Flop (didn't bet)



PokerStars Hand #249014986644: Tournament #3714753545, €9+€9+€2 EUR Hold'em No Limit - Level X (700/1400) - 2024/02/21 18:03:19 BRT [2024/02/21 16:03:19 ET]
Table '3714753545 39' 8-max Seat #3 is the button
Seat 1: Isabelladopapai (15560 in chips, €9 bounty) 
Seat 2: tamiacuillere (36850 in chips, €9 bounty) 
Seat 3: como bate 9e3 (40451 in chips, €13.50 bounty) 
Seat 4: PayMyBond (37350 in chips, €9 bounty) 
Seat 5: Job364 (112425 in chips, €9 bounty) 
Seat 6: MANOAMAJO (104758 in chips, €13.50 bounty) 
Seat 7: deiraisetonuts (75875 in chips, €9 bounty) 
Seat 8: vishnya0904 (122005 in chips, €13.50 bounty) 
Isabelladopapai: posts the ante 175
tamiacuillere: posts the ante 175
como bate 9e3: posts the ante 175
PayMyBond: posts the ante 175
Job364: posts the ante 175
MANOAMAJO: posts the ante 175
deiraisetonuts: posts the ante 175
vishnya0904: posts the ante 175
PayMyBond: posts small blind 700
Job364: posts big blind 1400
*** HOLE CARDS ***
Dealt to deiraisetonuts [5s 9d]
MANOAMAJO: folds 
deiraisetonuts: folds 
vishnya0904: raises 1400 to 2800
Isabelladopapai: raises 12585 to 15385 and is all-in
tamiacuillere: folds 
como bate 9e3: folds 
PayMyBond: folds 
Job364: raises 12585 to 27970
vishnya0904: raises 93860 to 121830 and is all-in
Job364: calls 84280 and is all-in
Uncalled bet (9580) returned to vishnya0904
*** FLOP *** [Qh Ks Js]
*** TURN *** [Qh Ks Js] [2d]
*** RIVER *** [Qh Ks Js 2d] [8c]
*** SHOW DOWN ***
Job364: shows [6c 6s] (a pair of Sixes)
vishnya0904: shows [Kc Jh] (two pair, Kings and Jacks)
vishnya0904 collected 193730 from side pot
Isabelladopapai: shows [Td Tc] (a pair of Tens)
vishnya0904 collected 48255 from main pot
vishnya0904 wins €4.50 for eliminating Isabelladopapai and their own bounty increases by €4.50 to €18
vishnya0904 wins €4.50 for eliminating Job364 and their own bounty increases by €4.50 to €22.50
Job364 finished the tournament
Isabelladopapai finished the tournament
MrWinFlips is disconnected 
*** SUMMARY ***
Total pot 241985 Main pot 48255. Side pot 193730. | Rake 0 
Board [Qh Ks Js 2d 8c]
Seat 1: Isabelladopapai showed [Td Tc] and lost with a pair of Tens
Seat 2: tamiacuillere folded before Flop (didn't bet)
Seat 3: como bate 9e3 (button) folded before Flop (didn't bet)
Seat 4: PayMyBond (small blind) folded before Flop
Seat 5: Job364 (big blind) showed [6c 6s] and lost with a pair of Sixes
Seat 6: MANOAMAJO folded before Flop (didn't bet)
Seat 7: deiraisetonuts folded before Flop (didn't bet)
Seat 8: vishnya0904 showed [Kc Jh] and won (241985) with two pair, Kings and Jacks



PokerStars Hand #249015006077: Tournament #3714753545, €9+€9+€2 EUR Hold'em No Limit - Level X (700/1400) - 2024/02/21 18:04:13 BRT [2024/02/21 16:04:13 ET]
Table '3714753545 39' 8-max Seat #4 is the button
Seat 1: MrWinFlips (50000 in chips, €9 bounty) 
Seat 2: tamiacuillere (36675 in chips, €9 bounty) 
Seat 3: como bate 9e3 (40276 in chips, €13.50 bounty) 
Seat 4: PayMyBond (36475 in chips, €9 bounty) 
Seat 5: muiza34 (64559 in chips) out of hand (moved from another table into small blind)
Seat 6: MANOAMAJO (104583 in chips, €13.50 bounty) 
Seat 7: deiraisetonuts (75700 in chips, €9 bounty) 
Seat 8: vishnya0904 (251565 in chips, €22.50 bounty) 
muiza34 will be allowed to play after the button
MrWinFlips: posts the ante 175
tamiacuillere: posts the ante 175
como bate 9e3: posts the ante 175
PayMyBond: posts the ante 175
MANOAMAJO: posts the ante 175
deiraisetonuts: posts the ante 175
vishnya0904: posts the ante 175
MANOAMAJO: posts small blind 700
deiraisetonuts: posts big blind 1400
*** HOLE CARDS ***
Dealt to deiraisetonuts [2s 9d]
vishnya0904: raises 1400 to 2800
MrWinFlips: folds 
tamiacuillere: calls 2800
como bate 9e3: calls 2800
PayMyBond: folds 
MANOAMAJO: folds 
deiraisetonuts: folds 
*** FLOP *** [3d 2h Kd]
vishnya0904: checks 
tamiacuillere: bets 3063
como bate 9e3: calls 3063
vishnya0904: folds 
*** TURN *** [3d 2h Kd] [4c]
tamiacuillere: bets 4726
como bate 9e3: calls 4726
*** RIVER *** [3d 2h Kd 4c] [4s]
tamiacuillere: bets 25911 and is all-in
como bate 9e3: folds 
Uncalled bet (25911) returned to tamiacuillere
tamiacuillere collected 27303 from pot
*** SUMMARY ***
Total pot 27303 | Rake 0 
Board [3d 2h Kd 4c 4s]
Seat 1: MrWinFlips folded before Flop (didn't bet)
Seat 2: tamiacuillere collected (27303)
Seat 3: como bate 9e3 folded on the River
Seat 4: PayMyBond (button) folded before Flop (didn't bet)
Seat 6: MANOAMAJO (small blind) folded before Flop
Seat 7: deiraisetonuts (big blind) folded before Flop
Seat 8: vishnya0904 folded on the Flop



PokerStars Hand #249015029851: Tournament #3714753545, €9+€9+€2 EUR Hold'em No Limit - Level X (700/1400) - 2024/02/21 18:05:20 BRT [2024/02/21 16:05:20 ET]
Table '3714753545 39' 8-max Seat #6 is the button
Seat 1: MrWinFlips (49825 in chips, €9 bounty) 
Seat 2: tamiacuillere (53214 in chips, €9 bounty) 
Seat 3: como bate 9e3 (29512 in chips, €13.50 bounty) 
Seat 4: PayMyBond (36300 in chips, €9 bounty) 
Seat 5: muiza34 (64559 in chips, €18 bounty) 
Seat 6: MANOAMAJO (103708 in chips, €13.50 bounty) 
Seat 7: deiraisetonuts (74125 in chips, €9 bounty) 
Seat 8: vishnya0904 (248590 in chips, €22.50 bounty) 
MrWinFlips: posts the ante 175
tamiacuillere: posts the ante 175
como bate 9e3: posts the ante 175
PayMyBond: posts the ante 175
muiza34: posts the ante 175
MANOAMAJO: posts the ante 175
deiraisetonuts: posts the ante 175
vishnya0904: posts the ante 175
deiraisetonuts: posts small blind 700
vishnya0904: posts big blind 1400
*** HOLE CARDS ***
Dealt to deiraisetonuts [5s 6h]
MrWinFlips: folds 
tamiacuillere: raises 1400 to 2800
como bate 9e3: folds 
PayMyBond: folds 
muiza34: folds 
MANOAMAJO: folds 
deiraisetonuts: folds 
vishnya0904: folds 
Uncalled bet (1400) returned to tamiacuillere
tamiacuillere collected 4900 from pot
*** SUMMARY ***
Total pot 4900 | Rake 0 
Seat 1: MrWinFlips folded before Flop (didn't bet)
Seat 2: tamiacuillere collected (4900)
Seat 3: como bate 9e3 folded before Flop (didn't bet)
Seat 4: PayMyBond folded before Flop (didn't bet)
Seat 5: muiza34 folded before Flop (didn't bet)
Seat 6: MANOAMAJO (button) folded before Flop (didn't bet)
Seat 7: deiraisetonuts (small blind) folded before Flop
Seat 8: vishnya0904 (big blind) folded before Flop



PokerStars Hand #249015038082: Tournament #3714753545, €9+€9+€2 EUR Hold'em No Limit - Level XI (800/1600) - 2024/02/21 18:05:43 BRT [2024/02/21 16:05:43 ET]
Table '3714753545 39' 8-max Seat #7 is the button
Seat 1: MrWinFlips (49650 in chips, €9 bounty) 
Seat 2: tamiacuillere (56539 in chips, €9 bounty) 
Seat 3: como bate 9e3 (29337 in chips, €13.50 bounty) 
Seat 4: PayMyBond (36125 in chips, €9 bounty) 
Seat 5: muiza34 (64384 in chips, €18 bounty) 
Seat 6: MANOAMAJO (103533 in chips, €13.50 bounty) 
Seat 7: deiraisetonuts (73250 in chips, €9 bounty) 
Seat 8: vishnya0904 (247015 in chips, €22.50 bounty) 
MrWinFlips: posts the ante 200
tamiacuillere: posts the ante 200
como bate 9e3: posts the ante 200
PayMyBond: posts the ante 200
muiza34: posts the ante 200
MANOAMAJO: posts the ante 200
deiraisetonuts: posts the ante 200
vishnya0904: posts the ante 200
vishnya0904: posts small blind 800
MrWinFlips: posts big blind 1600
*** HOLE CARDS ***
Dealt to deiraisetonuts [9d Ah]
tamiacuillere: folds 
como bate 9e3: folds 
PayMyBond: folds 
muiza34: folds 
MANOAMAJO: folds 
deiraisetonuts: raises 1600 to 3200
vishnya0904: folds 
MrWinFlips: calls 1600
*** FLOP *** [Kd 3s 9h]
MrWinFlips: checks 
deiraisetonuts: bets 2208
MrWinFlips: calls 2208
*** TURN *** [Kd 3s 9h] [Ts]
MrWinFlips: checks 
deiraisetonuts: checks 
*** RIVER *** [Kd 3s 9h Ts] [Qh]
MrWinFlips: bets 12800
deiraisetonuts: folds 
Uncalled bet (12800) returned to MrWinFlips
MrWinFlips collected 13216 from pot
MrWinFlips: doesn't show hand 
*** SUMMARY ***
Total pot 13216 | Rake 0 
Board [Kd 3s 9h Ts Qh]
Seat 1: MrWinFlips (big blind) collected (13216)
Seat 2: tamiacuillere folded before Flop (didn't bet)
Seat 3: como bate 9e3 folded before Flop (didn't bet)
Seat 4: PayMyBond folded before Flop (didn't bet)
Seat 5: muiza34 folded before Flop (didn't bet)
Seat 6: MANOAMAJO folded before Flop (didn't bet)
Seat 7: deiraisetonuts (button) folded on the River
Seat 8: vishnya0904 (small blind) folded before Flop



PokerStars Hand #249015071999: Tournament #3714753545, €9+€9+€2 EUR Hold'em No Limit - Level XI (800/1600) - 2024/02/21 18:07:18 BRT [2024/02/21 16:07:18 ET]
Table '3714753545 39' 8-max Seat #8 is the button
Seat 1: MrWinFlips (57258 in chips, €9 bounty) 
Seat 2: tamiacuillere (56339 in chips, €9 bounty) 
Seat 3: como bate 9e3 (29137 in chips, €13.50 bounty) 
Seat 4: PayMyBond (35925 in chips, €9 bounty) 
Seat 5: muiza34 (64184 in chips, €18 bounty) 
Seat 6: MANOAMAJO (103333 in chips, €13.50 bounty) 
Seat 7: deiraisetonuts (67642 in chips, €9 bounty) 
Seat 8: vishnya0904 (246015 in chips, €22.50 bounty) 
MrWinFlips: posts the ante 200
tamiacuillere: posts the ante 200
como bate 9e3: posts the ante 200
PayMyBond: posts the ante 200
muiza34: posts the ante 200
MANOAMAJO: posts the ante 200
deiraisetonuts: posts the ante 200
vishnya0904: posts the ante 200
MrWinFlips: posts small blind 800
tamiacuillere: posts big blind 1600
*** HOLE CARDS ***
Dealt to deiraisetonuts [2h Ad]
como bate 9e3: folds 
PayMyBond: folds 
muiza34: folds 
MANOAMAJO: calls 1600
deiraisetonuts: folds 
vishnya0904: raises 4000 to 5600
MrWinFlips: folds 
tamiacuillere: folds 
MANOAMAJO: folds 
Uncalled bet (4000) returned to vishnya0904
vishnya0904 collected 7200 from pot
vishnya0904: doesn't show hand 
*** SUMMARY ***
Total pot 7200 | Rake 0 
Seat 1: MrWinFlips (small blind) folded before Flop
Seat 2: tamiacuillere (big blind) folded before Flop
Seat 3: como bate 9e3 folded before Flop (didn't bet)
Seat 4: PayMyBond folded before Flop (didn't bet)
Seat 5: muiza34 folded before Flop (didn't bet)
Seat 6: MANOAMAJO folded before Flop
Seat 7: deiraisetonuts folded before Flop (didn't bet)
Seat 8: vishnya0904 (button) collected (7200)



PokerStars Hand #249015082307: Tournament #3714753545, €9+€9+€2 EUR Hold'em No Limit - Level XI (800/1600) - 2024/02/21 18:07:47 BRT [2024/02/21 16:07:47 ET]
Table '3714753545 39' 8-max Seat #1 is the button
Seat 1: MrWinFlips (56258 in chips, €9 bounty) 
Seat 2: tamiacuillere (54539 in chips, €9 bounty) 
Seat 3: como bate 9e3 (28937 in chips, €13.50 bounty) 
Seat 4: PayMyBond (35725 in chips, €9 bounty) 
Seat 5: muiza34 (63984 in chips, €18 bounty) 
Seat 6: MANOAMAJO (101533 in chips, €13.50 bounty) 
Seat 7: deiraisetonuts (67442 in chips, €9 bounty) 
Seat 8: vishnya0904 (251415 in chips, €22.50 bounty) 
MrWinFlips: posts the ante 200
tamiacuillere: posts the ante 200
como bate 9e3: posts the ante 200
PayMyBond: posts the ante 200
muiza34: posts the ante 200
MANOAMAJO: posts the ante 200
deiraisetonuts: posts the ante 200
vishnya0904: posts the ante 200
tamiacuillere: posts small blind 800
como bate 9e3: posts big blind 1600
*** HOLE CARDS ***
Dealt to deiraisetonuts [7h Jd]
PayMyBond: folds 
muiza34: folds 
MANOAMAJO: calls 1600
deiraisetonuts: folds 
vishnya0904: folds 
MrWinFlips: raises 4000 to 5600
tamiacuillere: calls 4800
como bate 9e3: folds 
MANOAMAJO: folds 
*** FLOP *** [Ah 5h Qd]
tamiacuillere: checks 
MrWinFlips: bets 5280
tamiacuillere: calls 5280
*** TURN *** [Ah 5h Qd] [2h]
tamiacuillere: checks 
MrWinFlips: checks 
*** RIVER *** [Ah 5h Qd 2h] [Qh]
tamiacuillere: bets 6880
MrWinFlips: folds 
Uncalled bet (6880) returned to tamiacuillere
tamiacuillere collected 26560 from pot
*** SUMMARY ***
Total pot 26560 | Rake 0 
Board [Ah 5h Qd 2h Qh]
Seat 1: MrWinFlips (button) folded on the River
Seat 2: tamiacuillere (small blind) collected (26560)
Seat 3: como bate 9e3 (big blind) folded before Flop
Seat 4: PayMyBond folded before Flop (didn't bet)
Seat 5: muiza34 folded before Flop (didn't bet)
Seat 6: MANOAMAJO folded before Flop
Seat 7: deiraisetonuts folded before Flop (didn't bet)
Seat 8: vishnya0904 folded before Flop (didn't bet)



PokerStars Hand #249015131852: Tournament #3714753545, €9+€9+€2 EUR Hold'em No Limit - Level XI (800/1600) - 2024/02/21 18:10:07 BRT [2024/02/21 16:10:07 ET]
Table '3714753545 39' 8-max Seat #2 is the button
Seat 1: MrWinFlips (45178 in chips, €9 bounty) 
Seat 2: tamiacuillere (70019 in chips, €9 bounty) 
Seat 3: como bate 9e3 (27137 in chips, €13.50 bounty) 
Seat 4: PayMyBond (35525 in chips, €9 bounty) 
Seat 5: muiza34 (63784 in chips, €18 bounty) 
Seat 6: MANOAMAJO (99733 in chips, €13.50 bounty) 
Seat 7: deiraisetonuts (67242 in chips, €9 bounty) 
Seat 8: vishnya0904 (251215 in chips, €22.50 bounty) 
MrWinFlips: posts the ante 200
tamiacuillere: posts the ante 200
como bate 9e3: posts the ante 200
PayMyBond: posts the ante 200
muiza34: posts the ante 200
MANOAMAJO: posts the ante 200
deiraisetonuts: posts the ante 200
vishnya0904: posts the ante 200
como bate 9e3: posts small blind 800
PayMyBond: posts big blind 1600
*** HOLE CARDS ***
Dealt to deiraisetonuts [8d Jc]
muiza34: calls 1600
MANOAMAJO: raises 1600 to 3200
deiraisetonuts: folds 
vishnya0904: folds 
MrWinFlips: folds 
tamiacuillere: raises 8800 to 12000
como bate 9e3: folds 
PayMyBond: folds 
muiza34: folds 
MANOAMAJO: folds 
Uncalled bet (8800) returned to tamiacuillere
tamiacuillere collected 12000 from pot
*** SUMMARY ***
Total pot 12000 | Rake 0 
Seat 1: MrWinFlips folded before Flop (didn't bet)
Seat 2: tamiacuillere (button) collected (12000)
Seat 3: como bate 9e3 (small blind) folded before Flop
Seat 4: PayMyBond (big blind) folded before Flop
Seat 5: muiza34 folded before Flop
Seat 6: MANOAMAJO folded before Flop
Seat 7: deiraisetonuts folded before Flop (didn't bet)
Seat 8: vishnya0904 folded before Flop (didn't bet)



PokerStars Hand #249015149264: Tournament #3714753545, €9+€9+€2 EUR Hold'em No Limit - Level XI (800/1600) - 2024/02/21 18:10:55 BRT [2024/02/21 16:10:55 ET]
Table '3714753545 39' 8-max Seat #3 is the button
Seat 1: MrWinFlips (44978 in chips, €9 bounty) 
Seat 2: tamiacuillere (78619 in chips, €9 bounty) 
Seat 3: como bate 9e3 (26137 in chips, €13.50 bounty) 
Seat 4: PayMyBond (33725 in chips, €9 bounty) 
Seat 5: muiza34 (61984 in chips, €18 bounty) 
Seat 6: MANOAMAJO (96333 in chips, €13.50 bounty) 
Seat 7: deiraisetonuts (67042 in chips, €9 bounty) 
Seat 8: vishnya0904 (251015 in chips, €22.50 bounty) 
MrWinFlips: posts the ante 200
tamiacuillere: posts the ante 200
como bate 9e3: posts the ante 200
PayMyBond: posts the ante 200
muiza34: posts the ante 200
MANOAMAJO: posts the ante 200
deiraisetonuts: posts the ante 200
vishnya0904: posts the ante 200
PayMyBond: posts small blind 800
muiza34: posts big blind 1600
*** HOLE CARDS ***
Dealt to deiraisetonuts [Jd 7c]
MANOAMAJO: raises 1600 to 3200
deiraisetonuts: folds 
vishnya0904: folds 
MrWinFlips: folds 
tamiacuillere: folds 
como bate 9e3: folds 
PayMyBond: folds 
muiza34: folds 
Uncalled bet (1600) returned to MANOAMAJO
MANOAMAJO collected 5600 from pot
MANOAMAJO: doesn't show hand 
*** SUMMARY ***
Total pot 5600 | Rake 0 
Seat 1: MrWinFlips folded before Flop (didn't bet)
Seat 2: tamiacuillere folded before Flop (didn't bet)
Seat 3: como bate 9e3 (button) folded before Flop (didn't bet)
Seat 4: PayMyBond (small blind) folded before Flop
Seat 5: muiza34 (big blind) folded before Flop
Seat 6: MANOAMAJO collected (5600)
Seat 7: deiraisetonuts folded before Flop (didn't bet)
Seat 8: vishnya0904 folded before Flop (didn't bet)



PokerStars Hand #249015158777: Tournament #3714753545, €9+€9+€2 EUR Hold'em No Limit - Level XI (800/1600) - 2024/02/21 18:11:21 BRT [2024/02/21 16:11:21 ET]
Table '3714753545 39' 8-max Seat #4 is the button
Seat 1: MrWinFlips (44778 in chips, €9 bounty) 
Seat 2: tamiacuillere (78419 in chips, €9 bounty) 
Seat 3: como bate 9e3 (25937 in chips, €13.50 bounty) 
Seat 4: PayMyBond (32725 in chips, €9 bounty) 
Seat 5: muiza34 (60184 in chips, €18 bounty) 
Seat 6: MANOAMAJO (100133 in chips, €13.50 bounty) 
Seat 7: deiraisetonuts (66842 in chips, €9 bounty) 
Seat 8: vishnya0904 (250815 in chips, €22.50 bounty) 
MrWinFlips: posts the ante 200
tamiacuillere: posts the ante 200
como bate 9e3: posts the ante 200
PayMyBond: posts the ante 200
muiza34: posts the ante 200
MANOAMAJO: posts the ante 200
deiraisetonuts: posts the ante 200
vishnya0904: posts the ante 200
muiza34: posts small blind 800
MANOAMAJO: posts big blind 1600
*** HOLE CARDS ***
Dealt to deiraisetonuts [Tc 2h]
deiraisetonuts: folds 
vishnya0904: folds 
MrWinFlips: folds 
tamiacuillere: raises 1600 to 3200
como bate 9e3: raises 22537 to 25737 and is all-in
PayMyBond: folds 
muiza34: folds 
MANOAMAJO: folds 
tamiacuillere: folds 
Uncalled bet (22537) returned to como bate 9e3
como bate 9e3 collected 10400 from pot
como bate 9e3: doesn't show hand 
*** SUMMARY ***
Total pot 10400 | Rake 0 
Seat 1: MrWinFlips folded before Flop (didn't bet)
Seat 2: tamiacuillere folded before Flop
Seat 3: como bate 9e3 collected (10400)
Seat 4: PayMyBond (button) folded before Flop (didn't bet)
Seat 5: muiza34 (small blind) folded before Flop
Seat 6: MANOAMAJO (big blind) folded before Flop
Seat 7: deiraisetonuts folded before Flop (didn't bet)
Seat 8: vishnya0904 folded before Flop (didn't bet)



PokerStars Hand #249015166783: Tournament #3714753545, €9+€9+€2 EUR Hold'em No Limit - Level XI (800/1600) - 2024/02/21 18:11:43 BRT [2024/02/21 16:11:43 ET]
Table '3714753545 39' 8-max Seat #5 is the button
Seat 1: MrWinFlips (44578 in chips, €9 bounty) 
Seat 2: tamiacuillere (75019 in chips, €9 bounty) 
Seat 3: como bate 9e3 (32937 in chips, €13.50 bounty) 
Seat 4: PayMyBond (32525 in chips, €9 bounty) 
Seat 5: muiza34 (59184 in chips, €18 bounty) 
Seat 6: MANOAMAJO (98333 in chips, €13.50 bounty) 
Seat 7: deiraisetonuts (66642 in chips, €9 bounty) 
Seat 8: vishnya0904 (250615 in chips, €22.50 bounty) 
MrWinFlips: posts the ante 200
tamiacuillere: posts the ante 200
como bate 9e3: posts the ante 200
PayMyBond: posts the ante 200
muiza34: posts the ante 200
MANOAMAJO: posts the ante 200
deiraisetonuts: posts the ante 200
vishnya0904: posts the ante 200
MANOAMAJO: posts small blind 800
deiraisetonuts: posts big blind 1600
*** HOLE CARDS ***
Dealt to deiraisetonuts [4s 6s]
vishnya0904: folds 
MrWinFlips: folds 
tamiacuillere: folds 
como bate 9e3: raises 1600 to 3200
PayMyBond: folds 
muiza34: folds 
MANOAMAJO: folds 
deiraisetonuts: calls 1600
*** FLOP *** [As Tc Qs]
deiraisetonuts: checks 
como bate 9e3: bets 2904
deiraisetonuts: calls 2904
*** TURN *** [As Tc Qs] [Qc]
deiraisetonuts: checks 
como bate 9e3: checks 
*** RIVER *** [As Tc Qs Qc] [7c]
deiraisetonuts: bets 4821
como bate 9e3: raises 21812 to 26633 and is all-in
deiraisetonuts: folds 
Uncalled bet (21812) returned to como bate 9e3
como bate 9e3 collected 24250 from pot
como bate 9e3: doesn't show hand 
*** SUMMARY ***
Total pot 24250 | Rake 0 
Board [As Tc Qs Qc 7c]
Seat 1: MrWinFlips folded before Flop (didn't bet)
Seat 2: tamiacuillere folded before Flop (didn't bet)
Seat 3: como bate 9e3 collected (24250)
Seat 4: PayMyBond folded before Flop (didn't bet)
Seat 5: muiza34 (button) folded before Flop (didn't bet)
Seat 6: MANOAMAJO (small blind) folded before Flop
Seat 7: deiraisetonuts (big blind) folded on the River
Seat 8: vishnya0904 folded before Flop (didn't bet)



PokerStars Hand #249015214673: Tournament #3714753545, €9+€9+€2 EUR Hold'em No Limit - Level XII (1000/2000) - 2024/02/21 18:13:54 BRT [2024/02/21 16:13:54 ET]
Table '3714753545 39' 8-max Seat #6 is the button
Seat 1: MrWinFlips (44378 in chips, €9 bounty) 
Seat 2: tamiacuillere (74819 in chips, €9 bounty) 
Seat 3: como bate 9e3 (46062 in chips, €13.50 bounty) 
Seat 4: PayMyBond (32325 in chips, €9 bounty) 
Seat 5: muiza34 (58984 in chips, €18 bounty) 
Seat 6: MANOAMAJO (97333 in chips, €13.50 bounty) 
Seat 7: deiraisetonuts (55517 in chips, €9 bounty) 
Seat 8: vishnya0904 (250415 in chips, €22.50 bounty) 
MrWinFlips: posts the ante 250
tamiacuillere: posts the ante 250
como bate 9e3: posts the ante 250
PayMyBond: posts the ante 250
muiza34: posts the ante 250
MANOAMAJO: posts the ante 250
deiraisetonuts: posts the ante 250
vishnya0904: posts the ante 250
deiraisetonuts: posts small blind 1000
vishnya0904: posts big blind 2000
*** HOLE CARDS ***
Dealt to deiraisetonuts [5s 9d]
MrWinFlips: folds 
tamiacuillere: folds 
como bate 9e3: folds 
PayMyBond: folds 
muiza34: calls 2000
MANOAMAJO: calls 2000
deiraisetonuts: folds 
vishnya0904: checks 
*** FLOP *** [8c Th Jd]
vishnya0904: checks 
muiza34: checks 
MANOAMAJO: bets 6000
vishnya0904: folds 
muiza34: folds 
Uncalled bet (6000) returned to MANOAMAJO
MANOAMAJO collected 9000 from pot
MANOAMAJO: doesn't show hand 
*** SUMMARY ***
Total pot 9000 | Rake 0 
Board [8c Th Jd]
Seat 1: MrWinFlips folded before Flop (didn't bet)
Seat 2: tamiacuillere folded before Flop (didn't bet)
Seat 3: como bate 9e3 folded before Flop (didn't bet)
Seat 4: PayMyBond folded before Flop (didn't bet)
Seat 5: muiza34 folded on the Flop
Seat 6: MANOAMAJO (button) collected (9000)
Seat 7: deiraisetonuts (small blind) folded before Flop
Seat 8: vishnya0904 (big blind) folded on the Flop



PokerStars Hand #249015238575: Tournament #3714753545, €9+€9+€2 EUR Hold'em No Limit - Level XII (1000/2000) - 2024/02/21 18:15:00 BRT [2024/02/21 16:15:00 ET]
Table '3714753545 39' 8-max Seat #7 is the button
Seat 1: MrWinFlips (44128 in chips, €9 bounty) 
Seat 2: tamiacuillere (74569 in chips, €9 bounty) 
Seat 3: como bate 9e3 (45812 in chips, €13.50 bounty) 
Seat 4: PayMyBond (32075 in chips, €9 bounty) 
Seat 5: muiza34 (56734 in chips, €18 bounty) 
Seat 6: MANOAMAJO (104083 in chips, €13.50 bounty) 
Seat 7: deiraisetonuts (54267 in chips, €9 bounty) 
Seat 8: vishnya0904 (248165 in chips, €22.50 bounty) 
MrWinFlips: posts the ante 250
tamiacuillere: posts the ante 250
como bate 9e3: posts the ante 250
PayMyBond: posts the ante 250
muiza34: posts the ante 250
MANOAMAJO: posts the ante 250
deiraisetonuts: posts the ante 250
vishnya0904: posts the ante 250
vishnya0904: posts small blind 1000
MrWinFlips: posts big blind 2000
*** HOLE CARDS ***
Dealt to deiraisetonuts [7d Ac]
tamiacuillere: raises 2000 to 4000
como bate 9e3: folds 
PayMyBond: raises 27825 to 31825 and is all-in
muiza34: folds 
MANOAMAJO: folds 
deiraisetonuts: folds 
vishnya0904: folds 
MrWinFlips: folds 
tamiacuillere: folds 
Uncalled bet (27825) returned to PayMyBond
PayMyBond collected 13000 from pot
PayMyBond: doesn't show hand 
*** SUMMARY ***
Total pot 13000 | Rake 0 
Seat 1: MrWinFlips (big blind) folded before Flop
Seat 2: tamiacuillere folded before Flop
Seat 3: como bate 9e3 folded before Flop (didn't bet)
Seat 4: PayMyBond collected (13000)
Seat 5: muiza34 folded before Flop (didn't bet)
Seat 6: MANOAMAJO folded before Flop (didn't bet)
Seat 7: deiraisetonuts (button) folded before Flop (didn't bet)
Seat 8: vishnya0904 (small blind) folded before Flop



PokerStars Hand #249015250716: Tournament #3714753545, €9+€9+€2 EUR Hold'em No Limit - Level XII (1000/2000) - 2024/02/21 18:15:35 BRT [2024/02/21 16:15:35 ET]
Table '3714753545 39' 8-max Seat #8 is the button
Seat 1: MrWinFlips (41878 in chips, €9 bounty) 
Seat 2: tamiacuillere (70319 in chips, €9 bounty) 
Seat 3: como bate 9e3 (45562 in chips, €13.50 bounty) 
Seat 4: PayMyBond (40825 in chips, €9 bounty) 
Seat 5: muiza34 (56484 in chips, €18 bounty) 
Seat 6: MANOAMAJO (103833 in chips, €13.50 bounty) 
Seat 7: deiraisetonuts (54017 in chips, €9 bounty) 
Seat 8: vishnya0904 (246915 in chips, €22.50 bounty) 
MrWinFlips: posts the ante 250
tamiacuillere: posts the ante 250
como bate 9e3: posts the ante 250
PayMyBond: posts the ante 250
muiza34: posts the ante 250
MANOAMAJO: posts the ante 250
deiraisetonuts: posts the ante 250
vishnya0904: posts the ante 250
MrWinFlips: posts small blind 1000
tamiacuillere: posts big blind 2000
*** HOLE CARDS ***
Dealt to deiraisetonuts [Ks 9s]
como bate 9e3: folds 
PayMyBond: raises 2000 to 4000
muiza34: calls 4000
MANOAMAJO: calls 4000
deiraisetonuts: folds 
vishnya0904: folds 
MrWinFlips: folds 
tamiacuillere: calls 2000
*** FLOP *** [6s 7c Js]
tamiacuillere: checks 
PayMyBond: checks 
muiza34: bets 6000
MANOAMAJO: calls 6000
tamiacuillere: folds 
PayMyBond: folds 
*** TURN *** [6s 7c Js] [2s]
muiza34: bets 10000
MANOAMAJO: calls 10000
*** RIVER *** [6s 7c Js 2s] [7h]
muiza34: bets 12000
MANOAMAJO: calls 12000
*** SHOW DOWN ***
muiza34: shows [Jh Qd] (two pair, Jacks and Sevens)
MANOAMAJO: mucks hand 
muiza34 collected 75000 from pot
*** SUMMARY ***
Total pot 75000 | Rake 0 
Board [6s 7c Js 2s 7h]
Seat 1: MrWinFlips (small blind) folded before Flop
Seat 2: tamiacuillere (big blind) folded on the Flop
Seat 3: como bate 9e3 folded before Flop (didn't bet)
Seat 4: PayMyBond folded on the Flop
Seat 5: muiza34 showed [Jh Qd] and won (75000) with two pair, Jacks and Sevens
Seat 6: MANOAMAJO mucked [8h 8s]
Seat 7: deiraisetonuts folded before Flop (didn't bet)
Seat 8: vishnya0904 (button) folded before Flop (didn't bet)



PokerStars Hand #249015279816: Tournament #3714753545, €9+€9+€2 EUR Hold'em No Limit - Level XII (1000/2000) - 2024/02/21 18:16:55 BRT [2024/02/21 16:16:55 ET]
Table '3714753545 39' 8-max Seat #1 is the button
Seat 1: MrWinFlips (40628 in chips, €9 bounty) 
Seat 2: tamiacuillere (66069 in chips, €9 bounty) 
Seat 3: como bate 9e3 (45312 in chips, €13.50 bounty) 
Seat 4: PayMyBond (36575 in chips, €9 bounty) 
Seat 5: muiza34 (99234 in chips, €18 bounty) 
Seat 6: MANOAMAJO (71583 in chips, €13.50 bounty) 
Seat 7: deiraisetonuts (53767 in chips, €9 bounty) 
Seat 8: vishnya0904 (246665 in chips, €22.50 bounty) 
MrWinFlips: posts the ante 250
tamiacuillere: posts the ante 250
como bate 9e3: posts the ante 250
PayMyBond: posts the ante 250
muiza34: posts the ante 250
MANOAMAJO: posts the ante 250
deiraisetonuts: posts the ante 250
vishnya0904: posts the ante 250
tamiacuillere: posts small blind 1000
como bate 9e3: posts big blind 2000
*** HOLE CARDS ***
Dealt to deiraisetonuts [6h Ah]
PayMyBond: folds 
muiza34: folds 
MANOAMAJO: folds 
deiraisetonuts: raises 2000 to 4000
vishnya0904: folds 
MrWinFlips: folds 
tamiacuillere: calls 3000
como bate 9e3: calls 2000
*** FLOP *** [8h Kc 8d]
tamiacuillere: checks 
como bate 9e3: checks 
deiraisetonuts: checks 
*** TURN *** [8h Kc 8d] [2c]
tamiacuillere: checks 
como bate 9e3: checks 
deiraisetonuts: checks 
*** RIVER *** [8h Kc 8d 2c] [Ac]
tamiacuillere: checks 
como bate 9e3: checks 
deiraisetonuts: checks 
*** SHOW DOWN ***
tamiacuillere: shows [Qd Ks] (two pair, Kings and Eights)
como bate 9e3: mucks hand 
deiraisetonuts: shows [6h Ah] (two pair, Aces and Eights)
deiraisetonuts collected 14000 from pot
*** SUMMARY ***
Total pot 14000 | Rake 0 
Board [8h Kc 8d 2c Ac]
Seat 1: MrWinFlips (button) folded before Flop (didn't bet)
Seat 2: tamiacuillere (small blind) showed [Qd Ks] and lost with two pair, Kings and Eights
Seat 3: como bate 9e3 (big blind) mucked [6d 7d]
Seat 4: PayMyBond folded before Flop (didn't bet)
Seat 5: muiza34 folded before Flop (didn't bet)
Seat 6: MANOAMAJO folded before Flop (didn't bet)
Seat 7: deiraisetonuts showed [6h Ah] and won (14000) with two pair, Aces and Eights
Seat 8: vishnya0904 folded before Flop (didn't bet)



PokerStars Hand #249015302979: Tournament #3714753545, €9+€9+€2 EUR Hold'em No Limit - Level XII (1000/2000) - 2024/02/21 18:17:59 BRT [2024/02/21 16:17:59 ET]
Table '3714753545 39' 8-max Seat #2 is the button
Seat 1: MrWinFlips (40378 in chips, €9 bounty) 
Seat 2: tamiacuillere (61819 in chips, €9 bounty) 
Seat 3: como bate 9e3 (41062 in chips, €13.50 bounty) 
Seat 4: PayMyBond (36325 in chips, €9 bounty) 
Seat 5: muiza34 (98984 in chips, €18 bounty) 
Seat 6: MANOAMAJO (71333 in chips, €13.50 bounty) 
Seat 7: deiraisetonuts (63517 in chips, €9 bounty) 
Seat 8: vishnya0904 (246415 in chips, €22.50 bounty) 
MrWinFlips: posts the ante 250
tamiacuillere: posts the ante 250
como bate 9e3: posts the ante 250
PayMyBond: posts the ante 250
muiza34: posts the ante 250
MANOAMAJO: posts the ante 250
deiraisetonuts: posts the ante 250
vishnya0904: posts the ante 250
como bate 9e3: posts small blind 1000
PayMyBond: posts big blind 2000
*** HOLE CARDS ***
Dealt to deiraisetonuts [Ts 3s]
muiza34: folds 
MANOAMAJO: folds 
deiraisetonuts: folds 
vishnya0904: raises 2000 to 4000
MrWinFlips: folds 
tamiacuillere: folds 
como bate 9e3: folds 
PayMyBond: calls 2000
*** FLOP *** [5d 2d 6d]
PayMyBond: checks 
vishnya0904: bets 3000
PayMyBond: folds 
Uncalled bet (3000) returned to vishnya0904
vishnya0904 collected 11000 from pot
vishnya0904: doesn't show hand 
*** SUMMARY ***
Total pot 11000 | Rake 0 
Board [5d 2d 6d]
Seat 1: MrWinFlips folded before Flop (didn't bet)
Seat 2: tamiacuillere (button) folded before Flop (didn't bet)
Seat 3: como bate 9e3 (small blind) folded before Flop
Seat 4: PayMyBond (big blind) folded on the Flop
Seat 5: muiza34 folded before Flop (didn't bet)
Seat 6: MANOAMAJO folded before Flop (didn't bet)
Seat 7: deiraisetonuts folded before Flop (didn't bet)
Seat 8: vishnya0904 collected (11000)



PokerStars Hand #249015320503: Tournament #3714753545, €9+€9+€2 EUR Hold'em No Limit - Level XII (1000/2000) - 2024/02/21 18:18:47 BRT [2024/02/21 16:18:47 ET]
Table '3714753545 39' 8-max Seat #3 is the button
Seat 1: MrWinFlips (40128 in chips, €9 bounty) 
Seat 2: tamiacuillere (61569 in chips, €9 bounty) 
Seat 3: como bate 9e3 (39812 in chips, €13.50 bounty) 
Seat 4: PayMyBond (32075 in chips, €9 bounty) 
Seat 5: muiza34 (98734 in chips, €18 bounty) 
Seat 6: MANOAMAJO (71083 in chips, €13.50 bounty) 
Seat 7: deiraisetonuts (63267 in chips, €9 bounty) 
Seat 8: vishnya0904 (253165 in chips, €22.50 bounty) 
MrWinFlips: posts the ante 250
tamiacuillere: posts the ante 250
como bate 9e3: posts the ante 250
PayMyBond: posts the ante 250
muiza34: posts the ante 250
MANOAMAJO: posts the ante 250
deiraisetonuts: posts the ante 250
vishnya0904: posts the ante 250
PayMyBond: posts small blind 1000
muiza34: posts big blind 2000
*** HOLE CARDS ***
Dealt to deiraisetonuts [6c 7h]
MANOAMAJO: raises 4000 to 6000
deiraisetonuts: folds 
vishnya0904: folds 
MrWinFlips: folds 
tamiacuillere: calls 6000
como bate 9e3: folds 
PayMyBond: folds 
muiza34: folds 
*** FLOP *** [7c 3d Kc]
MANOAMAJO: checks 
tamiacuillere: bets 6500
MANOAMAJO: folds 
Uncalled bet (6500) returned to tamiacuillere
tamiacuillere collected 17000 from pot
*** SUMMARY ***
Total pot 17000 | Rake 0 
Board [7c 3d Kc]
Seat 1: MrWinFlips folded before Flop (didn't bet)
Seat 2: tamiacuillere collected (17000)
Seat 3: como bate 9e3 (button) folded before Flop (didn't bet)
Seat 4: PayMyBond (small blind) folded before Flop
Seat 5: muiza34 (big blind) folded before Flop
Seat 6: MANOAMAJO folded on the Flop
Seat 7: deiraisetonuts folded before Flop (didn't bet)
Seat 8: vishnya0904 folded before Flop (didn't bet)



PokerStars Hand #249015334381: Tournament #3714753545, €9+€9+€2 EUR Hold'em No Limit - Level XII (1000/2000) - 2024/02/21 18:19:26 BRT [2024/02/21 16:19:26 ET]
Table '3714753545 39' 8-max Seat #4 is the button
Seat 1: MrWinFlips (39878 in chips, €9 bounty) 
Seat 2: tamiacuillere (72319 in chips, €9 bounty) 
Seat 3: como bate 9e3 (39562 in chips, €13.50 bounty) 
Seat 4: PayMyBond (30825 in chips, €9 bounty) 
Seat 5: muiza34 (96484 in chips, €18 bounty) 
Seat 6: MANOAMAJO (64833 in chips, €13.50 bounty) 
Seat 7: deiraisetonuts (63017 in chips, €9 bounty) 
Seat 8: vishnya0904 (252915 in chips, €22.50 bounty) 
MrWinFlips: posts the ante 250
tamiacuillere: posts the ante 250
como bate 9e3: posts the ante 250
PayMyBond: posts the ante 250
muiza34: posts the ante 250
MANOAMAJO: posts the ante 250
deiraisetonuts: posts the ante 250
vishnya0904: posts the ante 250
muiza34: posts small blind 1000
MANOAMAJO: posts big blind 2000
*** HOLE CARDS ***
Dealt to deiraisetonuts [3h 6s]
deiraisetonuts: folds 
vishnya0904: folds 
MrWinFlips: folds 
tamiacuillere: folds 
como bate 9e3: folds 
PayMyBond: raises 28575 to 30575 and is all-in
muiza34: folds 
MANOAMAJO: folds 
Uncalled bet (28575) returned to PayMyBond
PayMyBond collected 7000 from pot
PayMyBond: doesn't show hand 
*** SUMMARY ***
Total pot 7000 | Rake 0 
Seat 1: MrWinFlips folded before Flop (didn't bet)
Seat 2: tamiacuillere folded before Flop (didn't bet)
Seat 3: como bate 9e3 folded before Flop (didn't bet)
Seat 4: PayMyBond (button) collected (7000)
Seat 5: muiza34 (small blind) folded before Flop
Seat 6: MANOAMAJO (big blind) folded before Flop
Seat 7: deiraisetonuts folded before Flop (didn't bet)
Seat 8: vishnya0904 folded before Flop (didn't bet)



PokerStars Hand #249015343956: Tournament #3714753545, €9+€9+€2 EUR Hold'em No Limit - Level XII (1000/2000) - 2024/02/21 18:19:52 BRT [2024/02/21 16:19:52 ET]
Table '3714753545 39' 8-max Seat #5 is the button
Seat 1: MrWinFlips (39628 in chips, €9 bounty) 
Seat 2: tamiacuillere (72069 in chips, €9 bounty) 
Seat 3: como bate 9e3 (39312 in chips, €13.50 bounty) 
Seat 4: PayMyBond (35575 in chips, €9 bounty) 
Seat 5: muiza34 (95234 in chips, €18 bounty) 
Seat 6: MANOAMAJO (62583 in chips, €13.50 bounty) 
Seat 7: deiraisetonuts (62767 in chips, €9 bounty) 
Seat 8: vishnya0904 (252665 in chips, €22.50 bounty) 
MrWinFlips: posts the ante 250
tamiacuillere: posts the ante 250
como bate 9e3: posts the ante 250
PayMyBond: posts the ante 250
muiza34: posts the ante 250
MANOAMAJO: posts the ante 250
deiraisetonuts: posts the ante 250
vishnya0904: posts the ante 250
MANOAMAJO: posts small blind 1000
deiraisetonuts: posts big blind 2000
*** HOLE CARDS ***
Dealt to deiraisetonuts [7s 4d]
vishnya0904: folds 
MrWinFlips: folds 
tamiacuillere: folds 
como bate 9e3: folds 
PayMyBond: folds 
muiza34: folds 
MANOAMAJO: raises 4000 to 6000
deiraisetonuts: folds 
Uncalled bet (4000) returned to MANOAMAJO
MANOAMAJO collected 6000 from pot
MANOAMAJO: doesn't show hand 
*** SUMMARY ***
Total pot 6000 | Rake 0 
Seat 1: MrWinFlips folded before Flop (didn't bet)
Seat 2: tamiacuillere folded before Flop (didn't bet)
Seat 3: como bate 9e3 folded before Flop (didn't bet)
Seat 4: PayMyBond folded before Flop (didn't bet)
Seat 5: muiza34 (button) folded before Flop (didn't bet)
Seat 6: MANOAMAJO (small blind) collected (6000)
Seat 7: deiraisetonuts (big blind) folded before Flop
Seat 8: vishnya0904 folded before Flop (didn't bet)



PokerStars Hand #249015352642: Tournament #3714753545, €9+€9+€2 EUR Hold'em No Limit - Level XII (1000/2000) - 2024/02/21 18:20:17 BRT [2024/02/21 16:20:17 ET]
Table '3714753545 39' 8-max Seat #6 is the button
Seat 1: MrWinFlips (39378 in chips, €9 bounty) 
Seat 2: tamiacuillere (71819 in chips, €9 bounty) 
Seat 3: como bate 9e3 (39062 in chips, €13.50 bounty) 
Seat 4: PayMyBond (35325 in chips, €9 bounty) 
Seat 5: muiza34 (94984 in chips, €18 bounty) 
Seat 6: MANOAMAJO (66333 in chips, €13.50 bounty) 
Seat 7: deiraisetonuts (60517 in chips, €9 bounty) 
Seat 8: vishnya0904 (252415 in chips, €22.50 bounty) 
MrWinFlips: posts the ante 250
tamiacuillere: posts the ante 250
como bate 9e3: posts the ante 250
PayMyBond: posts the ante 250
muiza34: posts the ante 250
MANOAMAJO: posts the ante 250
deiraisetonuts: posts the ante 250
vishnya0904: posts the ante 250
deiraisetonuts: posts small blind 1000
vishnya0904: posts big blind 2000
*** HOLE CARDS ***
Dealt to deiraisetonuts [Ah 7d]
MrWinFlips: folds 
tamiacuillere: folds 
como bate 9e3: folds 
PayMyBond: raises 2044 to 4044
muiza34: calls 4044
MANOAMAJO: folds 
deiraisetonuts: folds 
vishnya0904: raises 12956 to 17000
PayMyBond: folds 
muiza34: folds 
Uncalled bet (12956) returned to vishnya0904
vishnya0904 collected 15132 from pot
vishnya0904: doesn't show hand 
*** SUMMARY ***
Total pot 15132 | Rake 0 
Seat 1: MrWinFlips folded before Flop (didn't bet)
Seat 2: tamiacuillere folded before Flop (didn't bet)
Seat 3: como bate 9e3 folded before Flop (didn't bet)
Seat 4: PayMyBond folded before Flop
Seat 5: muiza34 folded before Flop
Seat 6: MANOAMAJO (button) folded before Flop (didn't bet)
Seat 7: deiraisetonuts (small blind) folded before Flop
Seat 8: vishnya0904 (big blind) collected (15132)



PokerStars Hand #249015368938: Tournament #3714753545, €9+€9+€2 EUR Hold'em No Limit - Level XII (1000/2000) - 2024/02/21 18:21:02 BRT [2024/02/21 16:21:02 ET]
Table '3714753545 39' 8-max Seat #7 is the button
Seat 1: MrWinFlips (39128 in chips, €9 bounty) 
Seat 2: tamiacuillere (71569 in chips, €9 bounty) 
Seat 3: como bate 9e3 (38812 in chips, €13.50 bounty) 
Seat 4: PayMyBond (31031 in chips, €9 bounty) 
Seat 5: muiza34 (90690 in chips, €18 bounty) 
Seat 6: MANOAMAJO (66083 in chips, €13.50 bounty) 
Seat 7: deiraisetonuts (59267 in chips, €9 bounty) 
Seat 8: vishnya0904 (263253 in chips, €22.50 bounty) 
MrWinFlips: posts the ante 250
tamiacuillere: posts the ante 250
como bate 9e3: posts the ante 250
PayMyBond: posts the ante 250
muiza34: posts the ante 250
MANOAMAJO: posts the ante 250
deiraisetonuts: posts the ante 250
vishnya0904: posts the ante 250
vishnya0904: posts small blind 1000
MrWinFlips: posts big blind 2000
*** HOLE CARDS ***
Dealt to deiraisetonuts [5h 7s]
tamiacuillere: raises 2000 to 4000
como bate 9e3: folds 
PayMyBond: folds 
muiza34: folds 
MANOAMAJO: calls 4000
deiraisetonuts: folds 
vishnya0904: folds 
MrWinFlips: folds 
*** FLOP *** [Jd 6d 4s]
tamiacuillere: bets 4500
MANOAMAJO: calls 4500
*** TURN *** [Jd 6d 4s] [3h]
tamiacuillere: bets 11000
MANOAMAJO: raises 11000 to 22000
tamiacuillere: calls 11000
*** RIVER *** [Jd 6d 4s 3h] [Td]
tamiacuillere: checks 
MANOAMAJO: checks 
*** SHOW DOWN ***
tamiacuillere: shows [5s 5d] (a pair of Fives)
MANOAMAJO: shows [Kh Js] (a pair of Jacks)
MANOAMAJO collected 66000 from pot
*** SUMMARY ***
Total pot 66000 | Rake 0 
Board [Jd 6d 4s 3h Td]
Seat 1: MrWinFlips (big blind) folded before Flop
Seat 2: tamiacuillere showed [5s 5d] and lost with a pair of Fives
Seat 3: como bate 9e3 folded before Flop (didn't bet)
Seat 4: PayMyBond folded before Flop (didn't bet)
Seat 5: muiza34 folded before Flop (didn't bet)
Seat 6: MANOAMAJO showed [Kh Js] and won (66000) with a pair of Jacks
Seat 7: deiraisetonuts (button) folded before Flop (didn't bet)
Seat 8: vishnya0904 (small blind) folded before Flop



PokerStars Hand #249015392458: Tournament #3714753545, €9+€9+€2 EUR Hold'em No Limit - Level XIII (1250/2500) - 2024/02/21 18:22:07 BRT [2024/02/21 16:22:07 ET]
Table '3714753545 39' 8-max Seat #8 is the button
Seat 1: MrWinFlips (36878 in chips, €9 bounty) 
Seat 2: tamiacuillere (40819 in chips, €9 bounty) 
Seat 3: como bate 9e3 (38562 in chips, €13.50 bounty) 
Seat 4: PayMyBond (30781 in chips, €9 bounty) 
Seat 5: muiza34 (90440 in chips, €18 bounty) 
Seat 6: MANOAMAJO (101333 in chips, €13.50 bounty) 
Seat 7: deiraisetonuts (59017 in chips, €9 bounty) 
Seat 8: vishnya0904 (262003 in chips, €22.50 bounty) 
MrWinFlips: posts the ante 325
tamiacuillere: posts the ante 325
como bate 9e3: posts the ante 325
PayMyBond: posts the ante 325
muiza34: posts the ante 325
MANOAMAJO: posts the ante 325
deiraisetonuts: posts the ante 325
vishnya0904: posts the ante 325
MrWinFlips: posts small blind 1250
tamiacuillere: posts big blind 2500
*** HOLE CARDS ***
Dealt to deiraisetonuts [5s 6h]
como bate 9e3: folds 
PayMyBond: folds 
muiza34: folds 
MANOAMAJO: folds 
deiraisetonuts: folds 
vishnya0904: raises 259178 to 261678 and is all-in
MrWinFlips: folds 
tamiacuillere: calls 37994 and is all-in
Uncalled bet (221184) returned to vishnya0904
*** FLOP *** [3h 4h 9h]
*** TURN *** [3h 4h 9h] [5c]
*** RIVER *** [3h 4h 9h 5c] [4d]
*** SHOW DOWN ***
tamiacuillere: shows [7d Ad] (a pair of Fours)
vishnya0904: shows [4s Ks] (three of a kind, Fours)
vishnya0904 collected 84838 from pot
vishnya0904 wins €4.50 for eliminating tamiacuillere and their own bounty increases by €4.50 to €27
tamiacuillere finished the tournament
*** SUMMARY ***
Total pot 84838 | Rake 0 
Board [3h 4h 9h 5c 4d]
Seat 1: MrWinFlips (small blind) folded before Flop
Seat 2: tamiacuillere (big blind) showed [7d Ad] and lost with a pair of Fours
Seat 3: como bate 9e3 folded before Flop (didn't bet)
Seat 4: PayMyBond folded before Flop (didn't bet)
Seat 5: muiza34 folded before Flop (didn't bet)
Seat 6: MANOAMAJO folded before Flop (didn't bet)
Seat 7: deiraisetonuts folded before Flop (didn't bet)
Seat 8: vishnya0904 (button) showed [4s Ks] and won (84838) with three of a kind, Fours



PokerStars Hand #249015411598: Tournament #3714753545, €9+€9+€2 EUR Hold'em No Limit - Level XIII (1250/2500) - 2024/02/21 18:23:00 BRT [2024/02/21 16:23:00 ET]
Table '3714753545 39' 8-max Seat #1 is the button
Seat 1: MrWinFlips (35303 in chips, €9 bounty) 
Seat 3: como bate 9e3 (38237 in chips, €13.50 bounty) 
Seat 4: PayMyBond (30456 in chips, €9 bounty) 
Seat 5: muiza34 (90115 in chips, €18 bounty) 
Seat 6: MANOAMAJO (101008 in chips, €13.50 bounty) 
Seat 7: deiraisetonuts (58692 in chips, €9 bounty) 
Seat 8: vishnya0904 (306022 in chips, €27 bounty) 
MrWinFlips: posts the ante 325
como bate 9e3: posts the ante 325
PayMyBond: posts the ante 325
muiza34: posts the ante 325
MANOAMAJO: posts the ante 325
deiraisetonuts: posts the ante 325
vishnya0904: posts the ante 325
como bate 9e3: posts small blind 1250
PayMyBond: posts big blind 2500
*** HOLE CARDS ***
Dealt to deiraisetonuts [3s Jd]
muiza34: raises 2500 to 5000
MANOAMAJO: folds 
deiraisetonuts: folds 
vishnya0904: folds 
MrWinFlips: folds 
como bate 9e3: folds 
PayMyBond: raises 25131 to 30131 and is all-in
muiza34: folds 
Uncalled bet (25131) returned to PayMyBond
PayMyBond collected 13525 from pot
PayMyBond: doesn't show hand 
*** SUMMARY ***
Total pot 13525 | Rake 0 
Seat 1: MrWinFlips (button) folded before Flop (didn't bet)
Seat 3: como bate 9e3 (small blind) folded before Flop
Seat 4: PayMyBond (big blind) collected (13525)
Seat 5: muiza34 folded before Flop
Seat 6: MANOAMAJO folded before Flop (didn't bet)
Seat 7: deiraisetonuts folded before Flop (didn't bet)
Seat 8: vishnya0904 folded before Flop (didn't bet)



PokerStars Hand #249015422007: Tournament #3714753545, €9+€9+€2 EUR Hold'em No Limit - Level XIII (1250/2500) - 2024/02/21 18:23:29 BRT [2024/02/21 16:23:29 ET]
Table '3714753545 39' 8-max Seat #3 is the button
Seat 1: MrWinFlips (34978 in chips, €9 bounty) 
Seat 3: como bate 9e3 (36662 in chips, €13.50 bounty) 
Seat 4: PayMyBond (38656 in chips, €9 bounty) 
Seat 5: muiza34 (84790 in chips, €18 bounty) 
Seat 6: MANOAMAJO (100683 in chips, €13.50 bounty) 
Seat 7: deiraisetonuts (58367 in chips, €9 bounty) 
Seat 8: vishnya0904 (305697 in chips, €27 bounty) 
MrWinFlips: posts the ante 325
como bate 9e3: posts the ante 325
PayMyBond: posts the ante 325
muiza34: posts the ante 325
MANOAMAJO: posts the ante 325
deiraisetonuts: posts the ante 325
vishnya0904: posts the ante 325
PayMyBond: posts small blind 1250
muiza34: posts big blind 2500
*** HOLE CARDS ***
Dealt to deiraisetonuts [Ts 3s]
MANOAMAJO: calls 2500
deiraisetonuts: folds 
vishnya0904: folds 
MrWinFlips: folds 
como bate 9e3: folds 
PayMyBond: calls 1250
muiza34: checks 
*** FLOP *** [5d 8h 8d]
PayMyBond: checks 
muiza34: checks 
MANOAMAJO: checks 
*** TURN *** [5d 8h 8d] [Jc]
PayMyBond: checks 
muiza34: checks 
MANOAMAJO: bets 4888
PayMyBond: folds 
muiza34: folds 
Uncalled bet (4888) returned to MANOAMAJO
MANOAMAJO collected 9775 from pot
MANOAMAJO: doesn't show hand 
*** SUMMARY ***
Total pot 9775 | Rake 0 
Board [5d 8h 8d Jc]
Seat 1: MrWinFlips folded before Flop (didn't bet)
Seat 3: como bate 9e3 (button) folded before Flop (didn't bet)
Seat 4: PayMyBond (small blind) folded on the Turn
Seat 5: muiza34 (big blind) folded on the Turn
Seat 6: MANOAMAJO collected (9775)
Seat 7: deiraisetonuts folded before Flop (didn't bet)
Seat 8: vishnya0904 folded before Flop (didn't bet)



PokerStars Hand #249015447932: Tournament #3714753545, €9+€9+€2 EUR Hold'em No Limit - Level XIII (1250/2500) - 2024/02/21 18:24:40 BRT [2024/02/21 16:24:40 ET]
Table '3714753545 39' 8-max Seat #4 is the button
Seat 1: MrWinFlips (34653 in chips, €9 bounty) 
Seat 3: como bate 9e3 (36337 in chips, €13.50 bounty) 
Seat 4: PayMyBond (35831 in chips, €9 bounty) 
Seat 5: muiza34 (81965 in chips, €18 bounty) 
Seat 6: MANOAMAJO (107633 in chips, €13.50 bounty) 
Seat 7: deiraisetonuts (58042 in chips, €9 bounty) 
Seat 8: vishnya0904 (305372 in chips, €27 bounty) 
MrWinFlips: posts the ante 325
como bate 9e3: posts the ante 325
PayMyBond: posts the ante 325
muiza34: posts the ante 325
MANOAMAJO: posts the ante 325
deiraisetonuts: posts the ante 325
vishnya0904: posts the ante 325
muiza34: posts small blind 1250
MANOAMAJO: posts big blind 2500
*** HOLE CARDS ***
Dealt to deiraisetonuts [7d Td]
deiraisetonuts: folds 
vishnya0904: folds 
MrWinFlips: folds 
como bate 9e3: folds 
PayMyBond: raises 33006 to 35506 and is all-in
muiza34: folds 
MANOAMAJO: folds 
Uncalled bet (33006) returned to PayMyBond
PayMyBond collected 8525 from pot
PayMyBond: doesn't show hand 
*** SUMMARY ***
Total pot 8525 | Rake 0 
Seat 1: MrWinFlips folded before Flop (didn't bet)
Seat 3: como bate 9e3 folded before Flop (didn't bet)
Seat 4: PayMyBond (button) collected (8525)
Seat 5: muiza34 (small blind) folded before Flop
Seat 6: MANOAMAJO (big blind) folded before Flop
Seat 7: deiraisetonuts folded before Flop (didn't bet)
Seat 8: vishnya0904 folded before Flop (didn't bet)



PokerStars Hand #249015455934: Tournament #3714753545, €9+€9+€2 EUR Hold'em No Limit - Level XIII (1250/2500) - 2024/02/21 18:25:02 BRT [2024/02/21 16:25:02 ET]
Table '3714753545 39' 8-max Seat #5 is the button
Seat 1: MrWinFlips (34328 in chips, €9 bounty) 
Seat 3: como bate 9e3 (36012 in chips, €13.50 bounty) 
Seat 4: PayMyBond (41531 in chips, €9 bounty) 
Seat 5: muiza34 (80390 in chips, €18 bounty) 
Seat 6: MANOAMAJO (104808 in chips, €13.50 bounty) 
Seat 7: deiraisetonuts (57717 in chips, €9 bounty) 
Seat 8: vishnya0904 (305047 in chips, €27 bounty) 
MrWinFlips: posts the ante 325
como bate 9e3: posts the ante 325
PayMyBond: posts the ante 325
muiza34: posts the ante 325
MANOAMAJO: posts the ante 325
deiraisetonuts: posts the ante 325
vishnya0904: posts the ante 325
MANOAMAJO: posts small blind 1250
deiraisetonuts: posts big blind 2500
*** HOLE CARDS ***
Dealt to deiraisetonuts [Qh 8h]
Bebert4444 is disconnected 
vishnya0904: folds 
MrWinFlips: folds 
como bate 9e3: folds 
PayMyBond: folds 
muiza34: calls 2500
MANOAMAJO: folds 
deiraisetonuts: checks 
*** FLOP *** [3h 9c 4d]
deiraisetonuts: checks 
muiza34: bets 5000
deiraisetonuts: calls 5000
*** TURN *** [3h 9c 4d] [8s]
deiraisetonuts: checks 
muiza34: bets 7500
deiraisetonuts: calls 7500
*** RIVER *** [3h 9c 4d 8s] [Jh]
deiraisetonuts: checks 
muiza34: bets 12500
deiraisetonuts: folds 
Uncalled bet (12500) returned to muiza34
muiza34 collected 33525 from pot
muiza34: doesn't show hand 
*** SUMMARY ***
Total pot 33525 | Rake 0 
Board [3h 9c 4d 8s Jh]
Seat 1: MrWinFlips folded before Flop (didn't bet)
Seat 3: como bate 9e3 folded before Flop (didn't bet)
Seat 4: PayMyBond folded before Flop (didn't bet)
Seat 5: muiza34 (button) collected (33525)
Seat 6: MANOAMAJO (small blind) folded before Flop
Seat 7: deiraisetonuts (big blind) folded on the River
Seat 8: vishnya0904 folded before Flop (didn't bet)



PokerStars Hand #249015491930: Tournament #3714753545, €9+€9+€2 EUR Hold'em No Limit - Level XIII (1250/2500) - 2024/02/21 18:26:41 BRT [2024/02/21 16:26:41 ET]
Table '3714753545 39' 8-max Seat #6 is the button
Seat 1: MrWinFlips (34003 in chips, €9 bounty) 
Seat 2: Bebert4444 (50767 in chips, €9 bounty) 
Seat 3: como bate 9e3 (35687 in chips, €13.50 bounty) 
Seat 4: PayMyBond (41206 in chips, €9 bounty) 
Seat 5: muiza34 (98590 in chips, €18 bounty) 
Seat 6: MANOAMAJO (103233 in chips, €13.50 bounty) 
Seat 7: deiraisetonuts (42392 in chips, €9 bounty) 
Seat 8: vishnya0904 (304722 in chips, €27 bounty) 
MrWinFlips: posts the ante 325
Bebert4444: posts the ante 325
como bate 9e3: posts the ante 325
PayMyBond: posts the ante 325
muiza34: posts the ante 325
MANOAMAJO: posts the ante 325
deiraisetonuts: posts the ante 325
vishnya0904: posts the ante 325
deiraisetonuts: posts small blind 1250
vishnya0904: posts big blind 2500
*** HOLE CARDS ***
Dealt to deiraisetonuts [7h Kc]
MrWinFlips: folds 
Bebert4444: folds 
como bate 9e3: folds 
PayMyBond: folds 
muiza34: folds 
MANOAMAJO: calls 2500
deiraisetonuts: folds 
vishnya0904: checks 
*** FLOP *** [2d As Jc]
vishnya0904: checks 
MANOAMAJO: bets 4425
vishnya0904: calls 4425
*** TURN *** [2d As Jc] [Ah]
vishnya0904: checks 
MANOAMAJO: checks 
*** RIVER *** [2d As Jc Ah] [Kh]
vishnya0904: bets 5841
MANOAMAJO: raises 5841 to 11682
vishnya0904: folds 
Uncalled bet (5841) returned to MANOAMAJO
MANOAMAJO collected 29382 from pot
MANOAMAJO: doesn't show hand 
*** SUMMARY ***
Total pot 29382 | Rake 0 
Board [2d As Jc Ah Kh]
Seat 1: MrWinFlips folded before Flop (didn't bet)
Seat 2: Bebert4444 folded before Flop (didn't bet)
Seat 3: como bate 9e3 folded before Flop (didn't bet)
Seat 4: PayMyBond folded before Flop (didn't bet)
Seat 5: muiza34 folded before Flop (didn't bet)
Seat 6: MANOAMAJO (button) collected (29382)
Seat 7: deiraisetonuts (small blind) folded before Flop
Seat 8: vishnya0904 (big blind) folded on the River



PokerStars Hand #249015513517: Tournament #3714753545, €9+€9+€2 EUR Hold'em No Limit - Level XIII (1250/2500) - 2024/02/21 18:27:41 BRT [2024/02/21 16:27:41 ET]
Table '3714753545 39' 8-max Seat #7 is the button
Seat 1: MrWinFlips (33678 in chips, €9 bounty) 
Seat 2: Bebert4444 (50442 in chips, €9 bounty) 
Seat 3: como bate 9e3 (35362 in chips, €13.50 bounty) 
Seat 4: PayMyBond (40881 in chips, €9 bounty) 
Seat 5: muiza34 (98265 in chips, €18 bounty) 
Seat 6: MANOAMAJO (119524 in chips, €13.50 bounty) 
Seat 7: deiraisetonuts (40817 in chips, €9 bounty) 
Seat 8: vishnya0904 (291631 in chips, €27 bounty) 
MrWinFlips: posts the ante 325
Bebert4444: posts the ante 325
como bate 9e3: posts the ante 325
PayMyBond: posts the ante 325
muiza34: posts the ante 325
MANOAMAJO: posts the ante 325
deiraisetonuts: posts the ante 325
vishnya0904: posts the ante 325
vishnya0904: posts small blind 1250
MrWinFlips: posts big blind 2500
*** HOLE CARDS ***
Dealt to deiraisetonuts [Th Kd]
Bebert4444: folds 
como bate 9e3: folds 
PayMyBond: folds 
muiza34: folds 
MANOAMAJO: folds 
deiraisetonuts: raises 37992 to 40492 and is all-in
vishnya0904: calls 39242
MrWinFlips: folds 
*** FLOP *** [4s 9s Jc]
*** TURN *** [4s 9s Jc] [2d]
*** RIVER *** [4s 9s Jc 2d] [4c]
*** SHOW DOWN ***
vishnya0904: shows [Qs Td] (a pair of Fours)
deiraisetonuts: shows [Th Kd] (a pair of Fours - King kicker)
deiraisetonuts collected 86084 from pot
*** SUMMARY ***
Total pot 86084 | Rake 0 
Board [4s 9s Jc 2d 4c]
Seat 1: MrWinFlips (big blind) folded before Flop
Seat 2: Bebert4444 folded before Flop (didn't bet)
Seat 3: como bate 9e3 folded before Flop (didn't bet)
Seat 4: PayMyBond folded before Flop (didn't bet)
Seat 5: muiza34 folded before Flop (didn't bet)
Seat 6: MANOAMAJO folded before Flop (didn't bet)
Seat 7: deiraisetonuts (button) showed [Th Kd] and won (86084) with a pair of Fours
Seat 8: vishnya0904 (small blind) showed [Qs Td] and lost with a pair of Fours



PokerStars Hand #249015534183: Tournament #3714753545, €9+€9+€2 EUR Hold'em No Limit - Level XIII (1250/2500) - 2024/02/21 18:28:38 BRT [2024/02/21 16:28:38 ET]
Table '3714753545 39' 8-max Seat #8 is the button
Seat 1: MrWinFlips (30853 in chips, €9 bounty) 
Seat 2: Bebert4444 (50117 in chips, €9 bounty) 
Seat 3: como bate 9e3 (35037 in chips, €13.50 bounty) 
Seat 4: PayMyBond (40556 in chips, €9 bounty) 
Seat 5: muiza34 (97940 in chips, €18 bounty) 
Seat 6: MANOAMAJO (119199 in chips, €13.50 bounty) 
Seat 7: deiraisetonuts (86084 in chips, €9 bounty) 
Seat 8: vishnya0904 (250814 in chips, €27 bounty) 
MrWinFlips: posts the ante 325
Bebert4444: posts the ante 325
como bate 9e3: posts the ante 325
PayMyBond: posts the ante 325
muiza34: posts the ante 325
MANOAMAJO: posts the ante 325
deiraisetonuts: posts the ante 325
vishnya0904: posts the ante 325
MrWinFlips: posts small blind 1250
Bebert4444: posts big blind 2500
*** HOLE CARDS ***
Dealt to deiraisetonuts [5c Kc]
como bate 9e3: folds 
PayMyBond: folds 
muiza34: folds 
MANOAMAJO: raises 7500 to 10000
deiraisetonuts: folds 
vishnya0904: folds 
MrWinFlips: folds 
Bebert4444: folds 
Uncalled bet (7500) returned to MANOAMAJO
MANOAMAJO collected 8850 from pot
MANOAMAJO: doesn't show hand 
*** SUMMARY ***
Total pot 8850 | Rake 0 
Seat 1: MrWinFlips (small blind) folded before Flop
Seat 2: Bebert4444 (big blind) folded before Flop
Seat 3: como bate 9e3 folded before Flop (didn't bet)
Seat 4: PayMyBond folded before Flop (didn't bet)
Seat 5: muiza34 folded before Flop (didn't bet)
Seat 6: MANOAMAJO collected (8850)
Seat 7: deiraisetonuts folded before Flop (didn't bet)
Seat 8: vishnya0904 (button) folded before Flop (didn't bet)



PokerStars Hand #249015542021: Tournament #3714753545, €9+€9+€2 EUR Hold'em No Limit - Level XIII (1250/2500) - 2024/02/21 18:29:00 BRT [2024/02/21 16:29:00 ET]
Table '3714753545 39' 8-max Seat #1 is the button
Seat 1: MrWinFlips (29278 in chips, €9 bounty) 
Seat 2: Bebert4444 (47292 in chips, €9 bounty) 
Seat 3: como bate 9e3 (34712 in chips, €13.50 bounty) 
Seat 4: PayMyBond (40231 in chips, €9 bounty) 
Seat 5: muiza34 (97615 in chips, €18 bounty) 
Seat 6: MANOAMAJO (125224 in chips, €13.50 bounty) 
Seat 7: deiraisetonuts (85759 in chips, €9 bounty) 
Seat 8: vishnya0904 (250489 in chips, €27 bounty) 
MrWinFlips: posts the ante 325
Bebert4444: posts the ante 325
como bate 9e3: posts the ante 325
PayMyBond: posts the ante 325
muiza34: posts the ante 325
MANOAMAJO: posts the ante 325
deiraisetonuts: posts the ante 325
vishnya0904: posts the ante 325
Bebert4444: posts small blind 1250
como bate 9e3: posts big blind 2500
*** HOLE CARDS ***
Dealt to deiraisetonuts [5s 7h]
PayMyBond: folds 
muiza34: calls 2500
MANOAMAJO: folds 
deiraisetonuts: folds 
vishnya0904: folds 
MrWinFlips: folds 
Bebert4444: calls 1250
como bate 9e3: raises 31887 to 34387 and is all-in
muiza34: folds 
Bebert4444: folds 
Uncalled bet (31887) returned to como bate 9e3
como bate 9e3 collected 10100 from pot
como bate 9e3: doesn't show hand 
*** SUMMARY ***
Total pot 10100 | Rake 0 
Seat 1: MrWinFlips (button) folded before Flop (didn't bet)
Seat 2: Bebert4444 (small blind) folded before Flop
Seat 3: como bate 9e3 (big blind) collected (10100)
Seat 4: PayMyBond folded before Flop (didn't bet)
Seat 5: muiza34 folded before Flop
Seat 6: MANOAMAJO folded before Flop (didn't bet)
Seat 7: deiraisetonuts folded before Flop (didn't bet)
Seat 8: vishnya0904 folded before Flop (didn't bet)



PokerStars Hand #249015557696: Tournament #3714753545, €9+€9+€2 EUR Hold'em No Limit - Level XIV (1500/3000) - 2024/02/21 18:29:43 BRT [2024/02/21 16:29:43 ET]
Table '3714753545 39' 8-max Seat #2 is the button
Seat 1: MrWinFlips (28953 in chips, €9 bounty) 
Seat 2: Bebert4444 (44467 in chips, €9 bounty) 
Seat 3: como bate 9e3 (41987 in chips, €13.50 bounty) 
Seat 4: PayMyBond (39906 in chips, €9 bounty) 
Seat 5: muiza34 (94790 in chips, €18 bounty) 
Seat 6: MANOAMAJO (124899 in chips, €13.50 bounty) 
Seat 7: deiraisetonuts (85434 in chips, €9 bounty) 
Seat 8: vishnya0904 (250164 in chips, €27 bounty) 
MrWinFlips: posts the ante 375
Bebert4444: posts the ante 375
como bate 9e3: posts the ante 375
PayMyBond: posts the ante 375
muiza34: posts the ante 375
MANOAMAJO: posts the ante 375
deiraisetonuts: posts the ante 375
vishnya0904: posts the ante 375
como bate 9e3: posts small blind 1500
PayMyBond: posts big blind 3000
*** HOLE CARDS ***
Dealt to deiraisetonuts [9c Jh]
muiza34: folds 
MANOAMAJO: folds 
deiraisetonuts: folds 
vishnya0904: folds 
MrWinFlips: folds 
Bebert4444: folds 
como bate 9e3: folds 
Uncalled bet (1500) returned to PayMyBond
PayMyBond collected 6000 from pot
PayMyBond: doesn't show hand 
*** SUMMARY ***
Total pot 6000 | Rake 0 
Seat 1: MrWinFlips folded before Flop (didn't bet)
Seat 2: Bebert4444 (button) folded before Flop (didn't bet)
Seat 3: como bate 9e3 (small blind) folded before Flop
Seat 4: PayMyBond (big blind) collected (6000)
Seat 5: muiza34 folded before Flop (didn't bet)
Seat 6: MANOAMAJO folded before Flop (didn't bet)
Seat 7: deiraisetonuts folded before Flop (didn't bet)
Seat 8: vishnya0904 folded before Flop (didn't bet)



PokerStars Hand #249015562215: Tournament #3714753545, €9+€9+€2 EUR Hold'em No Limit - Level XIV (1500/3000) - 2024/02/21 18:29:56 BRT [2024/02/21 16:29:56 ET]
Table '3714753545 39' 8-max Seat #3 is the button
Seat 1: MrWinFlips (28578 in chips, €9 bounty) 
Seat 2: Bebert4444 (44092 in chips, €9 bounty) 
Seat 3: como bate 9e3 (40112 in chips, €13.50 bounty) 
Seat 4: PayMyBond (44031 in chips, €9 bounty) 
Seat 5: muiza34 (94415 in chips, €18 bounty) 
Seat 6: MANOAMAJO (124524 in chips, €13.50 bounty) 
Seat 7: deiraisetonuts (85059 in chips, €9 bounty) 
Seat 8: vishnya0904 (249789 in chips, €27 bounty) 
MrWinFlips: posts the ante 375
Bebert4444: posts the ante 375
como bate 9e3: posts the ante 375
PayMyBond: posts the ante 375
muiza34: posts the ante 375
MANOAMAJO: posts the ante 375
deiraisetonuts: posts the ante 375
vishnya0904: posts the ante 375
PayMyBond: posts small blind 1500
muiza34: posts big blind 3000
*** HOLE CARDS ***
Dealt to deiraisetonuts [As 4h]
MANOAMAJO: folds 
deiraisetonuts: folds 
vishnya0904: raises 3000 to 6000
MrWinFlips: folds 
Bebert4444: folds 
como bate 9e3: folds 
PayMyBond: folds 
muiza34: calls 3000
*** FLOP *** [Td Kd Ah]
muiza34: checks 
vishnya0904: bets 9075
muiza34: raises 9075 to 18150
vishnya0904: folds 
Uncalled bet (9075) returned to muiza34
muiza34 collected 34650 from pot
muiza34: doesn't show hand 
*** SUMMARY ***
Total pot 34650 | Rake 0 
Board [Td Kd Ah]
Seat 1: MrWinFlips folded before Flop (didn't bet)
Seat 2: Bebert4444 folded before Flop (didn't bet)
Seat 3: como bate 9e3 (button) folded before Flop (didn't bet)
Seat 4: PayMyBond (small blind) folded before Flop
Seat 5: muiza34 (big blind) collected (34650)
Seat 6: MANOAMAJO folded before Flop (didn't bet)
Seat 7: deiraisetonuts folded before Flop (didn't bet)
Seat 8: vishnya0904 folded on the Flop



PokerStars Hand #249015575052: Tournament #3714753545, €9+€9+€2 EUR Hold'em No Limit - Level XIV (1500/3000) - 2024/02/21 18:30:31 BRT [2024/02/21 16:30:31 ET]
Table '3714753545 39' 8-max Seat #4 is the button
Seat 1: MrWinFlips (28203 in chips, €9 bounty) 
Seat 2: Bebert4444 (43717 in chips, €9 bounty) 
Seat 3: como bate 9e3 (39737 in chips, €13.50 bounty) 
Seat 4: PayMyBond (42156 in chips, €9 bounty) 
Seat 5: muiza34 (113615 in chips, €18 bounty) 
Seat 6: MANOAMAJO (124149 in chips, €13.50 bounty) 
Seat 7: deiraisetonuts (84684 in chips, €9 bounty) 
Seat 8: vishnya0904 (234339 in chips, €27 bounty) 
MrWinFlips: posts the ante 375
Bebert4444: posts the ante 375
como bate 9e3: posts the ante 375
PayMyBond: posts the ante 375
muiza34: posts the ante 375
MANOAMAJO: posts the ante 375
deiraisetonuts: posts the ante 375
vishnya0904: posts the ante 375
muiza34: posts small blind 1500
MANOAMAJO: posts big blind 3000
*** HOLE CARDS ***
Dealt to deiraisetonuts [7c 6c]
deiraisetonuts: folds 
vishnya0904: raises 3000 to 6000
MrWinFlips: folds 
Bebert4444: folds 
como bate 9e3: folds 
PayMyBond: raises 35781 to 41781 and is all-in
muiza34: folds 
MANOAMAJO: folds 
vishnya0904: calls 35781
*** FLOP *** [Qs 5d 5h]
*** TURN *** [Qs 5d 5h] [3c]
*** RIVER *** [Qs 5d 5h 3c] [3d]
*** SHOW DOWN ***
vishnya0904: shows [Kd Ac] (two pair, Fives and Threes)
PayMyBond: shows [Th Ts] (two pair, Tens and Fives)
PayMyBond collected 91062 from pot
*** SUMMARY ***
Total pot 91062 | Rake 0 
Board [Qs 5d 5h 3c 3d]
Seat 1: MrWinFlips folded before Flop (didn't bet)
Seat 2: Bebert4444 folded before Flop (didn't bet)
Seat 3: como bate 9e3 folded before Flop (didn't bet)
Seat 4: PayMyBond (button) showed [Th Ts] and won (91062) with two pair, Tens and Fives
Seat 5: muiza34 (small blind) folded before Flop
Seat 6: MANOAMAJO (big blind) folded before Flop
Seat 7: deiraisetonuts folded before Flop (didn't bet)
Seat 8: vishnya0904 showed [Kd Ac] and lost with two pair, Fives and Threes



PokerStars Hand #249015587437: Tournament #3714753545, €9+€9+€2 EUR Hold'em No Limit - Level XIV (1500/3000) - 2024/02/21 18:31:06 BRT [2024/02/21 16:31:06 ET]
Table '3714753545 39' 8-max Seat #5 is the button
Seat 1: MrWinFlips (27828 in chips, €9 bounty) 
Seat 2: Bebert4444 (43342 in chips, €9 bounty) 
Seat 3: como bate 9e3 (39362 in chips, €13.50 bounty) 
Seat 4: PayMyBond (91062 in chips, €9 bounty) 
Seat 5: muiza34 (111740 in chips, €18 bounty) 
Seat 6: MANOAMAJO (120774 in chips, €13.50 bounty) 
Seat 7: deiraisetonuts (84309 in chips, €9 bounty) 
Seat 8: vishnya0904 (192183 in chips, €27 bounty) 
MrWinFlips: posts the ante 375
Bebert4444: posts the ante 375
como bate 9e3: posts the ante 375
PayMyBond: posts the ante 375
muiza34: posts the ante 375
MANOAMAJO: posts the ante 375
deiraisetonuts: posts the ante 375
vishnya0904: posts the ante 375
MANOAMAJO: posts small blind 1500
deiraisetonuts: posts big blind 3000
*** HOLE CARDS ***
Dealt to deiraisetonuts [2h Ks]
vishnya0904: folds 
MrWinFlips: raises 24453 to 27453 and is all-in
Bebert4444: folds 
como bate 9e3: folds 
PayMyBond: folds 
muiza34: folds 
MANOAMAJO: folds 
deiraisetonuts: folds 
Uncalled bet (24453) returned to MrWinFlips
MrWinFlips collected 10500 from pot
MrWinFlips: doesn't show hand 
*** SUMMARY ***
Total pot 10500 | Rake 0 
Seat 1: MrWinFlips collected (10500)
Seat 2: Bebert4444 folded before Flop (didn't bet)
Seat 3: como bate 9e3 folded before Flop (didn't bet)
Seat 4: PayMyBond folded before Flop (didn't bet)
Seat 5: muiza34 (button) folded before Flop (didn't bet)
Seat 6: MANOAMAJO (small blind) folded before Flop
Seat 7: deiraisetonuts (big blind) folded before Flop
Seat 8: vishnya0904 folded before Flop (didn't bet)



PokerStars Hand #249015597099: Tournament #3714753545, €9+€9+€2 EUR Hold'em No Limit - Level XIV (1500/3000) - 2024/02/21 18:31:33 BRT [2024/02/21 16:31:33 ET]
Table '3714753545 39' 8-max Seat #6 is the button
Seat 1: MrWinFlips (34953 in chips, €9 bounty) 
Seat 2: Bebert4444 (42967 in chips, €9 bounty) 
Seat 3: como bate 9e3 (38987 in chips, €13.50 bounty) 
Seat 4: PayMyBond (90687 in chips, €9 bounty) 
Seat 5: muiza34 (111365 in chips, €18 bounty) 
Seat 6: MANOAMAJO (118899 in chips, €13.50 bounty) 
Seat 7: deiraisetonuts (80934 in chips, €9 bounty) 
Seat 8: vishnya0904 (191808 in chips, €27 bounty) 
MrWinFlips: posts the ante 375
Bebert4444: posts the ante 375
como bate 9e3: posts the ante 375
PayMyBond: posts the ante 375
muiza34: posts the ante 375
MANOAMAJO: posts the ante 375
deiraisetonuts: posts the ante 375
vishnya0904: posts the ante 375
deiraisetonuts: posts small blind 1500
vishnya0904: posts big blind 3000
*** HOLE CARDS ***
Dealt to deiraisetonuts [Th Ks]
MrWinFlips: folds 
Bebert4444: folds 
como bate 9e3: folds 
PayMyBond: folds 
muiza34: raises 3000 to 6000
MANOAMAJO: calls 6000
deiraisetonuts: folds 
vishnya0904: calls 3000
*** FLOP *** [Jh Jc 6h]
vishnya0904: checks 
muiza34: bets 12000
MANOAMAJO is connected 
MANOAMAJO is disconnected 
MANOAMAJO is connected 
MANOAMAJO: folds 
vishnya0904: calls 12000
*** TURN *** [Jh Jc 6h] [7s]
vishnya0904: checks 
muiza34: bets 21000
vishnya0904: calls 21000
*** RIVER *** [Jh Jc 6h 7s] [7d]
vishnya0904: checks 
muiza34: checks 
*** SHOW DOWN ***
vishnya0904: shows [6d Ah] (two pair, Jacks and Sevens)
muiza34: shows [Qd Qh] (two pair, Queens and Jacks)
muiza34 collected 88500 from pot
*** SUMMARY ***
Total pot 88500 | Rake 0 
Board [Jh Jc 6h 7s 7d]
Seat 1: MrWinFlips folded before Flop (didn't bet)
Seat 2: Bebert4444 folded before Flop (didn't bet)
Seat 3: como bate 9e3 folded before Flop (didn't bet)
Seat 4: PayMyBond folded before Flop (didn't bet)
Seat 5: muiza34 showed [Qd Qh] and won (88500) with two pair, Queens and Jacks
Seat 6: MANOAMAJO (button) folded on the Flop
Seat 7: deiraisetonuts (small blind) folded before Flop
Seat 8: vishnya0904 (big blind) showed [6d Ah] and lost with two pair, Jacks and Sevens



PokerStars Hand #249015627276: Tournament #3714753545, €9+€9+€2 EUR Hold'em No Limit - Level XIV (1500/3000) - 2024/02/21 18:32:58 BRT [2024/02/21 16:32:58 ET]
Table '3714753545 39' 8-max Seat #7 is the button
Seat 1: MrWinFlips (34578 in chips, €9 bounty) 
Seat 2: Bebert4444 (42592 in chips, €9 bounty) 
Seat 3: como bate 9e3 (38612 in chips, €13.50 bounty) 
Seat 4: PayMyBond (90312 in chips, €9 bounty) 
Seat 5: muiza34 (160490 in chips, €18 bounty) 
Seat 6: MANOAMAJO (112524 in chips, €13.50 bounty) 
Seat 7: deiraisetonuts (79059 in chips, €9 bounty) 
Seat 8: vishnya0904 (152433 in chips, €27 bounty) 
MrWinFlips: posts the ante 375
Bebert4444: posts the ante 375
como bate 9e3: posts the ante 375
PayMyBond: posts the ante 375
muiza34: posts the ante 375
MANOAMAJO: posts the ante 375
deiraisetonuts: posts the ante 375
vishnya0904: posts the ante 375
vishnya0904: posts small blind 1500
MrWinFlips: posts big blind 3000
*** HOLE CARDS ***
Dealt to deiraisetonuts [3d 8s]
Bebert4444: folds 
como bate 9e3: raises 35237 to 38237 and is all-in
PayMyBond: raises 51700 to 89937 and is all-in
muiza34: folds 
MANOAMAJO: folds 
deiraisetonuts: folds 
vishnya0904: calls 88437
MrWinFlips: folds 
*** FLOP *** [As Th Ah]
*** TURN *** [As Th Ah] [2s]
*** RIVER *** [As Th Ah 2s] [5s]
*** SHOW DOWN ***
vishnya0904: shows [Jc Ac] (three of a kind, Aces)
PayMyBond: shows [7c 7s] (two pair, Aces and Sevens)
vishnya0904 collected 103400 from side pot
como bate 9e3: shows [Ad Qc] (three of a kind, Aces - Queen kicker)
como bate 9e3 collected 120711 from main pot
vishnya0904 wins €4.50 for eliminating PayMyBond and their own bounty increases by €4.50 to €31.50
PayMyBond finished the tournament
*** SUMMARY ***
Total pot 224111 Main pot 120711. Side pot 103400. | Rake 0 
Board [As Th Ah 2s 5s]
Seat 1: MrWinFlips (big blind) folded before Flop
Seat 2: Bebert4444 folded before Flop (didn't bet)
Seat 3: como bate 9e3 showed [Ad Qc] and won (120711) with three of a kind, Aces
Seat 4: PayMyBond showed [7c 7s] and lost with two pair, Aces and Sevens
Seat 5: muiza34 folded before Flop (didn't bet)
Seat 6: MANOAMAJO folded before Flop (didn't bet)
Seat 7: deiraisetonuts (button) folded before Flop (didn't bet)
Seat 8: vishnya0904 (small blind) showed [Jc Ac] and won (103400) with three of a kind, Aces



PokerStars Hand #249015641772: Tournament #3714753545, €9+€9+€2 EUR Hold'em No Limit - Level XIV (1500/3000) - 2024/02/21 18:33:39 BRT [2024/02/21 16:33:39 ET]
Table '3714753545 39' 8-max Seat #8 is the button
Seat 1: MrWinFlips (31203 in chips, €9 bounty) 
Seat 2: Bebert4444 (42217 in chips, €9 bounty) 
Seat 3: como bate 9e3 (120711 in chips, €13.50 bounty) 
Seat 5: muiza34 (160115 in chips, €18 bounty) 
Seat 6: MANOAMAJO (112149 in chips, €13.50 bounty) 
Seat 7: deiraisetonuts (78684 in chips, €9 bounty) 
Seat 8: vishnya0904 (165521 in chips, €31.50 bounty) 
MrWinFlips: posts the ante 375
Bebert4444: posts the ante 375
como bate 9e3: posts the ante 375
muiza34: posts the ante 375
MANOAMAJO: posts the ante 375
deiraisetonuts: posts the ante 375
vishnya0904: posts the ante 375
MrWinFlips: posts small blind 1500
Bebert4444: posts big blind 3000
*** HOLE CARDS ***
Dealt to deiraisetonuts [5c Js]
como bate 9e3: folds 
muiza34: folds 
MANOAMAJO: folds 
joaneeer is disconnected 
deiraisetonuts: folds 
vishnya0904: raises 162146 to 165146 and is all-in
MrWinFlips: folds 
Bebert4444: folds 
Uncalled bet (162146) returned to vishnya0904
vishnya0904 collected 10125 from pot
vishnya0904: doesn't show hand 
*** SUMMARY ***
Total pot 10125 | Rake 0 
Seat 1: MrWinFlips (small blind) folded before Flop
Seat 2: Bebert4444 (big blind) folded before Flop
Seat 3: como bate 9e3 folded before Flop (didn't bet)
Seat 5: muiza34 folded before Flop (didn't bet)
Seat 6: MANOAMAJO folded before Flop (didn't bet)
Seat 7: deiraisetonuts folded before Flop (didn't bet)
Seat 8: vishnya0904 (button) collected (10125)



PokerStars Hand #249015651093: Tournament #3714753545, €9+€9+€2 EUR Hold'em No Limit - Level XIV (1500/3000) - 2024/02/21 18:34:06 BRT [2024/02/21 16:34:06 ET]
Table '3714753545 39' 8-max Seat #1 is the button
Seat 1: MrWinFlips (29328 in chips, €9 bounty) 
Seat 2: Bebert4444 (38842 in chips, €9 bounty) 
Seat 3: como bate 9e3 (120336 in chips, €13.50 bounty) 
Seat 4: joaneeer (265653 in chips, €22.50 bounty) 
Seat 5: muiza34 (159740 in chips, €18 bounty) 
Seat 6: MANOAMAJO (111774 in chips, €13.50 bounty) 
Seat 7: deiraisetonuts (78309 in chips, €9 bounty) 
Seat 8: vishnya0904 (172271 in chips, €31.50 bounty) 
MrWinFlips: posts the ante 375
Bebert4444: posts the ante 375
como bate 9e3: posts the ante 375
joaneeer: posts the ante 375
muiza34: posts the ante 375
MANOAMAJO: posts the ante 375
deiraisetonuts: posts the ante 375
vishnya0904: posts the ante 375
Bebert4444: posts small blind 1500
como bate 9e3: posts big blind 3000
*** HOLE CARDS ***
Dealt to deiraisetonuts [9c Td]
joaneeer: folds 
muiza34: folds 
MANOAMAJO: folds 
deiraisetonuts: folds 
vishnya0904: raises 3000 to 6000
MrWinFlips: folds 
Bebert4444: folds 
como bate 9e3: calls 3000
*** FLOP *** [3h 8d Ks]
como bate 9e3: checks 
vishnya0904: bets 4500
como bate 9e3: raises 12000 to 16500
vishnya0904: folds 
Uncalled bet (12000) returned to como bate 9e3
como bate 9e3 collected 25500 from pot
como bate 9e3: doesn't show hand 
*** SUMMARY ***
Total pot 25500 | Rake 0 
Board [3h 8d Ks]
Seat 1: MrWinFlips (button) folded before Flop (didn't bet)
Seat 2: Bebert4444 (small blind) folded before Flop
Seat 3: como bate 9e3 (big blind) collected (25500)
Seat 4: joaneeer folded before Flop (didn't bet)
Seat 5: muiza34 folded before Flop (didn't bet)
Seat 6: MANOAMAJO folded before Flop (didn't bet)
Seat 7: deiraisetonuts folded before Flop (didn't bet)
Seat 8: vishnya0904 folded on the Flop



PokerStars Hand #249015664992: Tournament #3714753545, €9+€9+€2 EUR Hold'em No Limit - Level XIV (1500/3000) - 2024/02/21 18:34:45 BRT [2024/02/21 16:34:45 ET]
Table '3714753545 39' 8-max Seat #2 is the button
Seat 1: MrWinFlips (28953 in chips, €9 bounty) 
Seat 2: Bebert4444 (36967 in chips, €9 bounty) 
Seat 3: como bate 9e3 (134961 in chips, €13.50 bounty) 
Seat 4: joaneeer (265278 in chips, €22.50 bounty) 
Seat 5: muiza34 (159365 in chips, €18 bounty) 
Seat 6: MANOAMAJO (111399 in chips, €13.50 bounty) 
Seat 7: deiraisetonuts (77934 in chips, €9 bounty) 
Seat 8: vishnya0904 (161396 in chips, €31.50 bounty) 
MrWinFlips: posts the ante 375
Bebert4444: posts the ante 375
como bate 9e3: posts the ante 375
joaneeer: posts the ante 375
muiza34: posts the ante 375
MANOAMAJO: posts the ante 375
deiraisetonuts: posts the ante 375
vishnya0904: posts the ante 375
como bate 9e3: posts small blind 1500
joaneeer: posts big blind 3000
*** HOLE CARDS ***
Dealt to deiraisetonuts [7c 8c]
muiza34: calls 3000
MANOAMAJO: folds 
deiraisetonuts: folds 
vishnya0904: folds 
MrWinFlips: folds 
Bebert4444: folds 
como bate 9e3: calls 1500
joaneeer: checks 
*** FLOP *** [Kh 4h 3d]
como bate 9e3: checks 
joaneeer: checks 
muiza34: checks 
*** TURN *** [Kh 4h 3d] [Ad]
como bate 9e3: checks 
joaneeer: checks 
muiza34: bets 6000
como bate 9e3: folds 
joaneeer: folds 
Uncalled bet (6000) returned to muiza34
muiza34 collected 12000 from pot
muiza34: doesn't show hand 
*** SUMMARY ***
Total pot 12000 | Rake 0 
Board [Kh 4h 3d Ad]
Seat 1: MrWinFlips folded before Flop (didn't bet)
Seat 2: Bebert4444 (button) folded before Flop (didn't bet)
Seat 3: como bate 9e3 (small blind) folded on the Turn
Seat 4: joaneeer (big blind) folded on the Turn
Seat 5: muiza34 collected (12000)
Seat 6: MANOAMAJO folded before Flop (didn't bet)
Seat 7: deiraisetonuts folded before Flop (didn't bet)
Seat 8: vishnya0904 folded before Flop (didn't bet)



PokerStars Hand #249015692917: Tournament #3714753545, €9+€9+€2 EUR Hold'em No Limit - Level XIV (1500/3000) - 2024/02/21 18:36:04 BRT [2024/02/21 16:36:04 ET]
Table '3714753545 39' 8-max Seat #3 is the button
Seat 1: MrWinFlips (28578 in chips, €9 bounty) 
Seat 2: Bebert4444 (36592 in chips, €9 bounty) 
Seat 3: como bate 9e3 (131586 in chips, €13.50 bounty) 
Seat 4: joaneeer (261903 in chips, €22.50 bounty) 
Seat 5: muiza34 (167990 in chips, €18 bounty) 
Seat 6: MANOAMAJO (111024 in chips, €13.50 bounty) 
Seat 7: deiraisetonuts (77559 in chips, €9 bounty) 
Seat 8: vishnya0904 (161021 in chips, €31.50 bounty) 
MrWinFlips: posts the ante 375
Bebert4444: posts the ante 375
como bate 9e3: posts the ante 375
joaneeer: posts the ante 375
muiza34: posts the ante 375
MANOAMAJO: posts the ante 375
deiraisetonuts: posts the ante 375
vishnya0904: posts the ante 375
joaneeer: posts small blind 1500
muiza34: posts big blind 3000
*** HOLE CARDS ***
Dealt to deiraisetonuts [7s 2d]
MANOAMAJO: folds 
deiraisetonuts: folds 
vishnya0904: folds 
MrWinFlips: folds 
Bebert4444: folds 
como bate 9e3: raises 3000 to 6000
joaneeer: folds 
muiza34: calls 3000
*** FLOP *** [Jc 5s 6s]
muiza34: checks 
como bate 9e3: bets 5445
muiza34: raises 5445 to 10890
como bate 9e3: calls 5445
*** TURN *** [Jc 5s 6s] [2c]
muiza34: bets 12000
como bate 9e3: calls 12000
*** RIVER *** [Jc 5s 6s 2c] [Kc]
muiza34: bets 21000
como bate 9e3: calls 21000
*** SHOW DOWN ***
muiza34: shows [Qs Jd] (a pair of Jacks)
como bate 9e3: mucks hand 
muiza34 collected 104280 from pot
*** SUMMARY ***
Total pot 104280 | Rake 0 
Board [Jc 5s 6s 2c Kc]
Seat 1: MrWinFlips folded before Flop (didn't bet)
Seat 2: Bebert4444 folded before Flop (didn't bet)
Seat 3: como bate 9e3 (button) mucked [6d Ac]
Seat 4: joaneeer (small blind) folded before Flop
Seat 5: muiza34 (big blind) showed [Qs Jd] and won (104280) with a pair of Jacks
Seat 6: MANOAMAJO folded before Flop (didn't bet)
Seat 7: deiraisetonuts folded before Flop (didn't bet)
Seat 8: vishnya0904 folded before Flop (didn't bet)



PokerStars Hand #249015715337: Tournament #3714753545, €9+€9+€2 EUR Hold'em No Limit - Level XIV (1500/3000) - 2024/02/21 18:37:08 BRT [2024/02/21 16:37:08 ET]
Table '3714753545 39' 8-max Seat #4 is the button
Seat 1: MrWinFlips (28203 in chips, €9 bounty) 
Seat 2: Bebert4444 (36217 in chips, €9 bounty) 
Seat 3: como bate 9e3 (81321 in chips, €13.50 bounty) 
Seat 4: joaneeer (260028 in chips, €22.50 bounty) 
Seat 5: muiza34 (222005 in chips, €18 bounty) 
Seat 6: MANOAMAJO (110649 in chips, €13.50 bounty) 
Seat 7: deiraisetonuts (77184 in chips, €9 bounty) 
Seat 8: vishnya0904 (160646 in chips, €31.50 bounty) 
MrWinFlips: posts the ante 375
Bebert4444: posts the ante 375
como bate 9e3: posts the ante 375
joaneeer: posts the ante 375
muiza34: posts the ante 375
MANOAMAJO: posts the ante 375
deiraisetonuts: posts the ante 375
vishnya0904: posts the ante 375
muiza34: posts small blind 1500
MANOAMAJO: posts big blind 3000
*** HOLE CARDS ***
Dealt to deiraisetonuts [7c 9h]
deiraisetonuts: folds 
vishnya0904: folds 
MrWinFlips: folds 
Bebert4444: folds 
como bate 9e3: folds 
joaneeer: raises 3000 to 6000
muiza34: folds 
MANOAMAJO: folds 
Uncalled bet (3000) returned to joaneeer
joaneeer collected 10500 from pot
joaneeer: doesn't show hand 
*** SUMMARY ***
Total pot 10500 | Rake 0 
Seat 1: MrWinFlips folded before Flop (didn't bet)
Seat 2: Bebert4444 folded before Flop (didn't bet)
Seat 3: como bate 9e3 folded before Flop (didn't bet)
Seat 4: joaneeer (button) collected (10500)
Seat 5: muiza34 (small blind) folded before Flop
Seat 6: MANOAMAJO (big blind) folded before Flop
Seat 7: deiraisetonuts folded before Flop (didn't bet)
Seat 8: vishnya0904 folded before Flop (didn't bet)



PokerStars Hand #249015723585: Tournament #3714753545, €9+€9+€2 EUR Hold'em No Limit - Level XIV (1500/3000) - 2024/02/21 18:37:31 BRT [2024/02/21 16:37:31 ET]
Table '3714753545 39' 8-max Seat #5 is the button
Seat 1: MrWinFlips (27828 in chips, €9 bounty) 
Seat 2: Bebert4444 (35842 in chips, €9 bounty) 
Seat 3: como bate 9e3 (80946 in chips, €13.50 bounty) 
Seat 4: joaneeer (267153 in chips, €22.50 bounty) 
Seat 5: muiza34 (220130 in chips, €18 bounty) 
Seat 6: MANOAMAJO (107274 in chips, €13.50 bounty) 
Seat 7: deiraisetonuts (76809 in chips, €9 bounty) 
Seat 8: vishnya0904 (160271 in chips, €31.50 bounty) 
MrWinFlips: posts the ante 375
Bebert4444: posts the ante 375
como bate 9e3: posts the ante 375
joaneeer: posts the ante 375
muiza34: posts the ante 375
MANOAMAJO: posts the ante 375
deiraisetonuts: posts the ante 375
vishnya0904: posts the ante 375
MANOAMAJO: posts small blind 1500
deiraisetonuts: posts big blind 3000
*** HOLE CARDS ***
Dealt to deiraisetonuts [Kh 4h]
vishnya0904: folds 
MrWinFlips: folds 
Bebert4444: folds 
como bate 9e3: folds 
joaneeer: folds 
muiza34: folds 
MANOAMAJO: folds 
Uncalled bet (1500) returned to deiraisetonuts
deiraisetonuts collected 6000 from pot
deiraisetonuts: doesn't show hand 
*** SUMMARY ***
Total pot 6000 | Rake 0 
Seat 1: MrWinFlips folded before Flop (didn't bet)
Seat 2: Bebert4444 folded before Flop (didn't bet)
Seat 3: como bate 9e3 folded before Flop (didn't bet)
Seat 4: joaneeer folded before Flop (didn't bet)
Seat 5: muiza34 (button) folded before Flop (didn't bet)
Seat 6: MANOAMAJO (small blind) folded before Flop
Seat 7: deiraisetonuts (big blind) collected (6000)
Seat 8: vishnya0904 folded before Flop (didn't bet)



PokerStars Hand #249015730600: Tournament #3714753545, €9+€9+€2 EUR Hold'em No Limit - Level XV (1750/3500) - 2024/02/21 18:37:51 BRT [2024/02/21 16:37:51 ET]
Table '3714753545 39' 8-max Seat #6 is the button
Seat 1: MrWinFlips (27453 in chips, €9 bounty) 
Seat 2: Bebert4444 (35467 in chips, €9 bounty) 
Seat 3: como bate 9e3 (80571 in chips, €13.50 bounty) 
Seat 4: joaneeer (266778 in chips, €22.50 bounty) 
Seat 5: muiza34 (219755 in chips, €18 bounty) 
Seat 6: MANOAMAJO (105399 in chips, €13.50 bounty) 
Seat 7: deiraisetonuts (80934 in chips, €9 bounty) 
Seat 8: vishnya0904 (159896 in chips, €31.50 bounty) 
MrWinFlips: posts the ante 450
Bebert4444: posts the ante 450
como bate 9e3: posts the ante 450
joaneeer: posts the ante 450
muiza34: posts the ante 450
MANOAMAJO: posts the ante 450
deiraisetonuts: posts the ante 450
vishnya0904: posts the ante 450
deiraisetonuts: posts small blind 1750
vishnya0904: posts big blind 3500
*** HOLE CARDS ***
Dealt to deiraisetonuts [Qs 6c]
MrWinFlips: folds 
Bebert4444: folds 
como bate 9e3: folds 
joaneeer: folds 
muiza34: folds 
MANOAMAJO: folds 
deiraisetonuts: calls 1750
vishnya0904: raises 8750 to 12250
deiraisetonuts: folds 
Uncalled bet (8750) returned to vishnya0904
vishnya0904 collected 10600 from pot
vishnya0904: doesn't show hand 
*** SUMMARY ***
Total pot 10600 | Rake 0 
Seat 1: MrWinFlips folded before Flop (didn't bet)
Seat 2: Bebert4444 folded before Flop (didn't bet)
Seat 3: como bate 9e3 folded before Flop (didn't bet)
Seat 4: joaneeer folded before Flop (didn't bet)
Seat 5: muiza34 folded before Flop (didn't bet)
Seat 6: MANOAMAJO (button) folded before Flop (didn't bet)
Seat 7: deiraisetonuts (small blind) folded before Flop
Seat 8: vishnya0904 (big blind) collected (10600)



PokerStars Hand #249015746089: Tournament #3714753545, €9+€9+€2 EUR Hold'em No Limit - Level XV (1750/3500) - 2024/02/21 18:38:34 BRT [2024/02/21 16:38:34 ET]
Table '3714753545 39' 8-max Seat #7 is the button
Seat 1: MrWinFlips (27003 in chips, €9 bounty) 
Seat 2: Bebert4444 (35017 in chips, €9 bounty) 
Seat 3: como bate 9e3 (80121 in chips, €13.50 bounty) 
Seat 4: joaneeer (266328 in chips, €22.50 bounty) 
Seat 5: muiza34 (219305 in chips, €18 bounty) 
Seat 6: MANOAMAJO (104949 in chips, €13.50 bounty) 
Seat 7: deiraisetonuts (76984 in chips, €9 bounty) 
Seat 8: vishnya0904 (166546 in chips, €31.50 bounty) 
MrWinFlips: posts the ante 450
Bebert4444: posts the ante 450
como bate 9e3: posts the ante 450
joaneeer: posts the ante 450
muiza34: posts the ante 450
MANOAMAJO: posts the ante 450
deiraisetonuts: posts the ante 450
vishnya0904: posts the ante 450
vishnya0904: posts small blind 1750
MrWinFlips: posts big blind 3500
*** HOLE CARDS ***
Dealt to deiraisetonuts [7s 6c]
Bebert4444: folds 
como bate 9e3: folds 
joaneeer: folds 
muiza34: raises 7000 to 10500
MANOAMAJO: folds 
deiraisetonuts: folds 
vishnya0904: folds 
MrWinFlips: folds 
Uncalled bet (7000) returned to muiza34
muiza34 collected 12350 from pot
muiza34: doesn't show hand 
*** SUMMARY ***
Total pot 12350 | Rake 0 
Seat 1: MrWinFlips (big blind) folded before Flop
Seat 2: Bebert4444 folded before Flop (didn't bet)
Seat 3: como bate 9e3 folded before Flop (didn't bet)
Seat 4: joaneeer folded before Flop (didn't bet)
Seat 5: muiza34 collected (12350)
Seat 6: MANOAMAJO folded before Flop (didn't bet)
Seat 7: deiraisetonuts (button) folded before Flop (didn't bet)
Seat 8: vishnya0904 (small blind) folded before Flop



PokerStars Hand #249015754151: Tournament #3714753545, €9+€9+€2 EUR Hold'em No Limit - Level XV (1750/3500) - 2024/02/21 18:38:57 BRT [2024/02/21 16:38:57 ET]
Table '3714753545 39' 8-max Seat #8 is the button
Seat 1: MrWinFlips (23053 in chips, €9 bounty) 
Seat 2: Bebert4444 (34567 in chips, €9 bounty) 
Seat 3: como bate 9e3 (79671 in chips, €13.50 bounty) 
Seat 4: joaneeer (265878 in chips, €22.50 bounty) 
Seat 5: muiza34 (227705 in chips, €18 bounty) 
Seat 6: MANOAMAJO (104499 in chips, €13.50 bounty) 
Seat 7: deiraisetonuts (76534 in chips, €9 bounty) 
Seat 8: vishnya0904 (164346 in chips, €31.50 bounty) 
MrWinFlips: posts the ante 450
Bebert4444: posts the ante 450
como bate 9e3: posts the ante 450
joaneeer: posts the ante 450
muiza34: posts the ante 450
MANOAMAJO: posts the ante 450
deiraisetonuts: posts the ante 450
vishnya0904: posts the ante 450
MrWinFlips: posts small blind 1750
Bebert4444: posts big blind 3500
*** HOLE CARDS ***
Dealt to deiraisetonuts [8c 3s]
como bate 9e3: folds 
joaneeer: folds 
muiza34: folds 
MANOAMAJO: raises 7000 to 10500
deiraisetonuts: folds 
vishnya0904: calls 10500
MrWinFlips: folds 
Bebert4444: folds 
*** FLOP *** [Td 2d 3c]
MANOAMAJO: bets 7000
vishnya0904: calls 7000
*** TURN *** [Td 2d 3c] [5s]
MANOAMAJO: bets 7000
vishnya0904: folds 
Uncalled bet (7000) returned to MANOAMAJO
MANOAMAJO collected 43850 from pot
MANOAMAJO: doesn't show hand 
*** SUMMARY ***
Total pot 43850 | Rake 0 
Board [Td 2d 3c 5s]
Seat 1: MrWinFlips (small blind) folded before Flop
Seat 2: Bebert4444 (big blind) folded before Flop
Seat 3: como bate 9e3 folded before Flop (didn't bet)
Seat 4: joaneeer folded before Flop (didn't bet)
Seat 5: muiza34 folded before Flop (didn't bet)
Seat 6: MANOAMAJO collected (43850)
Seat 7: deiraisetonuts folded before Flop (didn't bet)
Seat 8: vishnya0904 (button) folded on the Turn



PokerStars Hand #249015768458: Tournament #3714753545, €9+€9+€2 EUR Hold'em No Limit - Level XV (1750/3500) - 2024/02/21 18:39:38 BRT [2024/02/21 16:39:38 ET]
Table '3714753545 39' 8-max Seat #1 is the button
Seat 1: MrWinFlips (20853 in chips, €9 bounty) 
Seat 2: Bebert4444 (30617 in chips, €9 bounty) 
Seat 3: como bate 9e3 (79221 in chips, €13.50 bounty) 
Seat 4: joaneeer (265428 in chips, €22.50 bounty) 
Seat 5: muiza34 (227255 in chips, €18 bounty) 
Seat 6: MANOAMAJO (130399 in chips, €13.50 bounty) 
Seat 7: deiraisetonuts (76084 in chips, €9 bounty) 
Seat 8: vishnya0904 (146396 in chips, €31.50 bounty) 
MrWinFlips: posts the ante 450
Bebert4444: posts the ante 450
como bate 9e3: posts the ante 450
joaneeer: posts the ante 450
muiza34: posts the ante 450
MANOAMAJO: posts the ante 450
deiraisetonuts: posts the ante 450
vishnya0904: posts the ante 450
Bebert4444: posts small blind 1750
como bate 9e3: posts big blind 3500
*** HOLE CARDS ***
Dealt to deiraisetonuts [Js Ah]
joaneeer: folds 
muiza34: folds 
MANOAMAJO: folds 
deiraisetonuts: raises 3500 to 7000
vishnya0904: folds 
MrWinFlips: folds 
Bebert4444: folds 
como bate 9e3: raises 71771 to 78771 and is all-in
deiraisetonuts: calls 68634 and is all-in
Uncalled bet (3137) returned to como bate 9e3
*** FLOP *** [Tc 6d 7s]
*** TURN *** [Tc 6d 7s] [4c]
*** RIVER *** [Tc 6d 7s 4c] [Kd]
*** SHOW DOWN ***
como bate 9e3: shows [8h 8s] (a pair of Eights)
deiraisetonuts: shows [Js Ah] (high card Ace)
como bate 9e3 collected 156618 from pot
como bate 9e3 wins €4.50 for eliminating deiraisetonuts and their own bounty increases by €4.50 to €18
deiraisetonuts finished the tournament
*** SUMMARY ***
Total pot 156618 | Rake 0 
Board [Tc 6d 7s 4c Kd]
Seat 1: MrWinFlips (button) folded before Flop (didn't bet)
Seat 2: Bebert4444 (small blind) folded before Flop
Seat 3: como bate 9e3 (big blind) showed [8h 8s] and won (156618) with a pair of Eights
Seat 4: joaneeer folded before Flop (didn't bet)
Seat 5: muiza34 folded before Flop (didn't bet)
Seat 6: MANOAMAJO folded before Flop (didn't bet)
Seat 7: deiraisetonuts showed [Js Ah] and lost with high card Ace
Seat 8: vishnya0904 folded before Flop (didn't bet)



