PokerStars Hand #249015903984: Tournament #3714753546, €13.50+€13.50+€3.00 EUR Hold'em No Limit - Level XIII (2500/5000) - 2024/02/21 18:46:11 BRT [2024/02/21 16:46:11 ET]
Table '3714753546 56' 6-max Seat #1 is the button
Seat 1: Ganivet SA (164208 in chips, €13.50 bounty) 
Seat 2: Daneskj0ld (167173 in chips, €20.25 bounty) 
Seat 3: deiraisetonuts (93463 in chips, €13.50 bounty) 
Seat 4: virivigaristaaa (237891 in chips, €33.75 bounty) 
Seat 5: chichero96 (130462 in chips, €13.50 bounty) 
Seat 6: DOMPTOR_973 (243718 in chips, €20.25 bounty) 
Ganivet SA: posts the ante 625
Daneskj0ld: posts the ante 625
deiraisetonuts: posts the ante 625
virivigaristaaa: posts the ante 625
chichero96: posts the ante 625
DOMPTOR_973: posts the ante 625
Daneskj0ld: posts small blind 2500
deiraisetonuts: posts big blind 5000
*** HOLE CARDS ***
Dealt to deiraisetonuts [Qc 3c]
virivigaristaaa: folds 
chichero96: folds 
DOMPTOR_973: raises 5000 to 10000
Ganivet SA: raises 22500 to 32500
Daneskj0ld: folds 
deiraisetonuts: folds 
DOMPTOR_973: calls 22500
*** FLOP *** [Kd Td 3s]
DOMPTOR_973: checks 
Ganivet SA: checks 
*** TURN *** [Kd Td 3s] [Kc]
DOMPTOR_973: bets 10000
Ganivet SA: calls 10000
*** RIVER *** [Kd Td 3s Kc] [4d]
DOMPTOR_973: bets 30000
Ganivet SA: calls 30000
*** SHOW DOWN ***
DOMPTOR_973: shows [7c Tc] (two pair, Kings and Tens)
Ganivet SA: mucks hand 
DOMPTOR_973 collected 156250 from pot
*** SUMMARY ***
Total pot 156250 | Rake 0 
Board [Kd Td 3s Kc 4d]
Seat 1: Ganivet SA (button) mucked [Qs Ac]
Seat 2: Daneskj0ld (small blind) folded before Flop
Seat 3: deiraisetonuts (big blind) folded before Flop
Seat 4: virivigaristaaa folded before Flop (didn't bet)
Seat 5: chichero96 folded before Flop (didn't bet)
Seat 6: DOMPTOR_973 showed [7c Tc] and won (156250) with two pair, Kings and Tens



PokerStars Hand #249015919679: Tournament #3714753546, €13.50+€13.50+€3.00 EUR Hold'em No Limit - Level XIII (2500/5000) - 2024/02/21 18:46:56 BRT [2024/02/21 16:46:56 ET]
Table '3714753546 56' 6-max Seat #2 is the button
Seat 1: Ganivet SA (91083 in chips, €13.50 bounty) 
Seat 2: Daneskj0ld (164048 in chips, €20.25 bounty) 
Seat 3: deiraisetonuts (87838 in chips, €13.50 bounty) 
Seat 4: virivigaristaaa (237266 in chips, €33.75 bounty) 
Seat 5: chichero96 (129837 in chips, €13.50 bounty) 
Seat 6: DOMPTOR_973 (326843 in chips, €20.25 bounty) 
Ganivet SA: posts the ante 625
Daneskj0ld: posts the ante 625
deiraisetonuts: posts the ante 625
virivigaristaaa: posts the ante 625
chichero96: posts the ante 625
DOMPTOR_973: posts the ante 625
deiraisetonuts: posts small blind 2500
virivigaristaaa: posts big blind 5000
*** HOLE CARDS ***
Dealt to deiraisetonuts [3d 2s]
chichero96: folds 
DOMPTOR_973: calls 5000
Ganivet SA: raises 85458 to 90458 and is all-in
Daneskj0ld: folds 
deiraisetonuts: folds 
virivigaristaaa: folds 
DOMPTOR_973: folds 
Uncalled bet (85458) returned to Ganivet SA
Ganivet SA collected 21250 from pot
*** SUMMARY ***
Total pot 21250 | Rake 0 
Seat 1: Ganivet SA collected (21250)
Seat 2: Daneskj0ld (button) folded before Flop (didn't bet)
Seat 3: deiraisetonuts (small blind) folded before Flop
Seat 4: virivigaristaaa (big blind) folded before Flop
Seat 5: chichero96 folded before Flop (didn't bet)
Seat 6: DOMPTOR_973 folded before Flop



PokerStars Hand #249015928422: Tournament #3714753546, €13.50+€13.50+€3.00 EUR Hold'em No Limit - Level XIII (2500/5000) - 2024/02/21 18:47:22 BRT [2024/02/21 16:47:22 ET]
Table '3714753546 56' 6-max Seat #3 is the button
Seat 1: Ganivet SA (106708 in chips, €13.50 bounty) 
Seat 2: Daneskj0ld (163423 in chips, €20.25 bounty) 
Seat 3: deiraisetonuts (84713 in chips, €13.50 bounty) 
Seat 4: virivigaristaaa (231641 in chips, €33.75 bounty) 
Seat 5: chichero96 (129212 in chips, €13.50 bounty) 
Seat 6: DOMPTOR_973 (321218 in chips, €20.25 bounty) 
Ganivet SA: posts the ante 625
Daneskj0ld: posts the ante 625
deiraisetonuts: posts the ante 625
virivigaristaaa: posts the ante 625
chichero96: posts the ante 625
DOMPTOR_973: posts the ante 625
virivigaristaaa: posts small blind 2500
chichero96: posts big blind 5000
*** HOLE CARDS ***
Dealt to deiraisetonuts [6h 3c]
DOMPTOR_973: calls 5000
Ganivet SA: raises 9950 to 14950
Daneskj0ld: folds 
deiraisetonuts: folds 
virivigaristaaa: folds 
chichero96: folds 
DOMPTOR_973: calls 9950
*** FLOP *** [3s 4c Ac]
DOMPTOR_973: checks 
Ganivet SA: bets 17695
DOMPTOR_973: folds 
Uncalled bet (17695) returned to Ganivet SA
Ganivet SA collected 41150 from pot
*** SUMMARY ***
Total pot 41150 | Rake 0 
Board [3s 4c Ac]
Seat 1: Ganivet SA collected (41150)
Seat 2: Daneskj0ld folded before Flop (didn't bet)
Seat 3: deiraisetonuts (button) folded before Flop (didn't bet)
Seat 4: virivigaristaaa (small blind) folded before Flop
Seat 5: chichero96 (big blind) folded before Flop
Seat 6: DOMPTOR_973 folded on the Flop



PokerStars Hand #249015949558: Tournament #3714753546, €13.50+€13.50+€3.00 EUR Hold'em No Limit - Level XIII (2500/5000) - 2024/02/21 18:48:23 BRT [2024/02/21 16:48:23 ET]
Table '3714753546 56' 6-max Seat #4 is the button
Seat 1: Ganivet SA (132283 in chips, €13.50 bounty) 
Seat 2: Daneskj0ld (162798 in chips, €20.25 bounty) 
Seat 3: deiraisetonuts (84088 in chips, €13.50 bounty) 
Seat 4: virivigaristaaa (228516 in chips, €33.75 bounty) 
Seat 5: chichero96 (123587 in chips, €13.50 bounty) 
Seat 6: DOMPTOR_973 (305643 in chips, €20.25 bounty) 
Ganivet SA: posts the ante 625
Daneskj0ld: posts the ante 625
deiraisetonuts: posts the ante 625
virivigaristaaa: posts the ante 625
chichero96: posts the ante 625
DOMPTOR_973: posts the ante 625
chichero96: posts small blind 2500
DOMPTOR_973: posts big blind 5000
*** HOLE CARDS ***
Dealt to deiraisetonuts [Qs 6s]
Ganivet SA: folds 
Daneskj0ld: folds 
deiraisetonuts: folds 
virivigaristaaa: raises 5500 to 10500
chichero96: folds 
DOMPTOR_973: calls 5500
*** FLOP *** [Qd 6d Ac]
DOMPTOR_973: checks 
virivigaristaaa: bets 8993
DOMPTOR_973: folds 
Uncalled bet (8993) returned to virivigaristaaa
virivigaristaaa collected 27250 from pot
virivigaristaaa: doesn't show hand 
*** SUMMARY ***
Total pot 27250 | Rake 0 
Board [Qd 6d Ac]
Seat 1: Ganivet SA folded before Flop (didn't bet)
Seat 2: Daneskj0ld folded before Flop (didn't bet)
Seat 3: deiraisetonuts folded before Flop (didn't bet)
Seat 4: virivigaristaaa (button) collected (27250)
Seat 5: chichero96 (small blind) folded before Flop
Seat 6: DOMPTOR_973 (big blind) folded on the Flop



PokerStars Hand #249015963772: Tournament #3714753546, €13.50+€13.50+€3.00 EUR Hold'em No Limit - Level XIII (2500/5000) - 2024/02/21 18:49:05 BRT [2024/02/21 16:49:05 ET]
Table '3714753546 56' 6-max Seat #5 is the button
Seat 1: Ganivet SA (131658 in chips, €13.50 bounty) 
Seat 2: Daneskj0ld (162173 in chips, €20.25 bounty) 
Seat 3: deiraisetonuts (83463 in chips, €13.50 bounty) 
Seat 4: virivigaristaaa (244641 in chips, €33.75 bounty) 
Seat 5: chichero96 (120462 in chips, €13.50 bounty) 
Seat 6: DOMPTOR_973 (294518 in chips, €20.25 bounty) 
Ganivet SA: posts the ante 625
Daneskj0ld: posts the ante 625
deiraisetonuts: posts the ante 625
virivigaristaaa: posts the ante 625
chichero96: posts the ante 625
DOMPTOR_973: posts the ante 625
DOMPTOR_973: posts small blind 2500
Ganivet SA: posts big blind 5000
*** HOLE CARDS ***
Dealt to deiraisetonuts [3s Kc]
Daneskj0ld: folds 
deiraisetonuts: folds 
virivigaristaaa: folds 
chichero96: folds 
DOMPTOR_973: calls 2500
Ganivet SA: raises 9950 to 14950
DOMPTOR_973: calls 9950
*** FLOP *** [Ts Tc 5s]
DOMPTOR_973: checks 
Ganivet SA: checks 
*** TURN *** [Ts Tc 5s] [4h]
DOMPTOR_973: checks 
Ganivet SA: bets 10432
DOMPTOR_973: raises 10432 to 20864
Ganivet SA: calls 10432
*** RIVER *** [Ts Tc 5s 4h] [7s]
DOMPTOR_973: bets 30000
Ganivet SA: calls 30000
*** SHOW DOWN ***
DOMPTOR_973: shows [Th Js] (three of a kind, Tens)
Ganivet SA: mucks hand 
DOMPTOR_973 collected 135378 from pot
*** SUMMARY ***
Total pot 135378 | Rake 0 
Board [Ts Tc 5s 4h 7s]
Seat 1: Ganivet SA (big blind) mucked [Ad Qd]
Seat 2: Daneskj0ld folded before Flop (didn't bet)
Seat 3: deiraisetonuts folded before Flop (didn't bet)
Seat 4: virivigaristaaa folded before Flop (didn't bet)
Seat 5: chichero96 (button) folded before Flop (didn't bet)
Seat 6: DOMPTOR_973 (small blind) showed [Th Js] and won (135378) with three of a kind, Tens



PokerStars Hand #249015994590: Tournament #3714753546, €13.50+€13.50+€3.00 EUR Hold'em No Limit - Level XIII (2500/5000) - 2024/02/21 18:50:34 BRT [2024/02/21 16:50:34 ET]
Table '3714753546 56' 6-max Seat #6 is the button
Seat 1: Ganivet SA (65219 in chips, €13.50 bounty) 
Seat 2: Daneskj0ld (161548 in chips, €20.25 bounty) 
Seat 3: deiraisetonuts (82838 in chips, €13.50 bounty) 
Seat 4: virivigaristaaa (244016 in chips, €33.75 bounty) 
Seat 5: chichero96 (119837 in chips, €13.50 bounty) 
Seat 6: DOMPTOR_973 (363457 in chips, €20.25 bounty) 
Ganivet SA: posts the ante 625
Daneskj0ld: posts the ante 625
deiraisetonuts: posts the ante 625
virivigaristaaa: posts the ante 625
chichero96: posts the ante 625
DOMPTOR_973: posts the ante 625
Ganivet SA: posts small blind 2500
Daneskj0ld: posts big blind 5000
*** HOLE CARDS ***
Dealt to deiraisetonuts [9h Qc]
deiraisetonuts: folds 
virivigaristaaa: raises 5500 to 10500
chichero96: calls 10500
DOMPTOR_973: calls 10500
Ganivet SA: folds 
Daneskj0ld: calls 5500
*** FLOP *** [6s 7c 2d]
Daneskj0ld: checks 
virivigaristaaa: checks 
chichero96: bets 24125
DOMPTOR_973 has timed out
DOMPTOR_973: folds 
DOMPTOR_973 is sitting out
Daneskj0ld: folds 
virivigaristaaa: folds 
Uncalled bet (24125) returned to chichero96
DOMPTOR_973 has returned
chichero96 collected 48250 from pot
chichero96: doesn't show hand 
*** SUMMARY ***
Total pot 48250 | Rake 0 
Board [6s 7c 2d]
Seat 1: Ganivet SA (small blind) folded before Flop
Seat 2: Daneskj0ld (big blind) folded on the Flop
Seat 3: deiraisetonuts folded before Flop (didn't bet)
Seat 4: virivigaristaaa folded on the Flop
Seat 5: chichero96 collected (48250)
Seat 6: DOMPTOR_973 (button) folded on the Flop



PokerStars Hand #249016017310: Tournament #3714753546, €13.50+€13.50+€3.00 EUR Hold'em No Limit - Level XIV (3000/6000) - 2024/02/21 18:51:40 BRT [2024/02/21 16:51:40 ET]
Table '3714753546 56' 6-max Seat #1 is the button
Seat 1: Ganivet SA (62094 in chips, €13.50 bounty) 
Seat 2: Daneskj0ld (150423 in chips, €20.25 bounty) 
Seat 3: deiraisetonuts (82213 in chips, €13.50 bounty) 
Seat 4: virivigaristaaa (232891 in chips, €33.75 bounty) 
Seat 5: chichero96 (156962 in chips, €13.50 bounty) 
Seat 6: DOMPTOR_973 (352332 in chips, €20.25 bounty) 
Ganivet SA: posts the ante 750
Daneskj0ld: posts the ante 750
deiraisetonuts: posts the ante 750
virivigaristaaa: posts the ante 750
chichero96: posts the ante 750
DOMPTOR_973: posts the ante 750
Daneskj0ld: posts small blind 3000
deiraisetonuts: posts big blind 6000
*** HOLE CARDS ***
Dealt to deiraisetonuts [3d Td]
virivigaristaaa: folds 
chichero96: folds 
DOMPTOR_973: raises 6000 to 12000
Ganivet SA: folds 
Daneskj0ld: calls 9000
deiraisetonuts: calls 6000
*** FLOP *** [3h Kh 9h]
Daneskj0ld: checks 
deiraisetonuts: checks 
DOMPTOR_973: bets 18000
Daneskj0ld: calls 18000
deiraisetonuts: folds 
*** TURN *** [3h Kh 9h] [Qd]
Daneskj0ld: checks 
DOMPTOR_973: checks 
*** RIVER *** [3h Kh 9h Qd] [6s]
Daneskj0ld: bets 39000
DOMPTOR_973: calls 39000
*** SHOW DOWN ***
Daneskj0ld: shows [Jh Kc] (a pair of Kings)
DOMPTOR_973: shows [Js Ks] (a pair of Kings)
Daneskj0ld collected 77250 from pot
DOMPTOR_973 collected 77250 from pot
*** SUMMARY ***
Total pot 154500 | Rake 0 
Board [3h Kh 9h Qd 6s]
Seat 1: Ganivet SA (button) folded before Flop (didn't bet)
Seat 2: Daneskj0ld (small blind) showed [Jh Kc] and won (77250) with a pair of Kings
Seat 3: deiraisetonuts (big blind) folded on the Flop
Seat 4: virivigaristaaa folded before Flop (didn't bet)
Seat 5: chichero96 folded before Flop (didn't bet)
Seat 6: DOMPTOR_973 showed [Js Ks] and won (77250) with a pair of Kings



PokerStars Hand #249016041139: Tournament #3714753546, €13.50+€13.50+€3.00 EUR Hold'em No Limit - Level XIV (3000/6000) - 2024/02/21 18:52:50 BRT [2024/02/21 16:52:50 ET]
Table '3714753546 56' 6-max Seat #2 is the button
Seat 1: Ganivet SA (61344 in chips, €13.50 bounty) 
Seat 2: Daneskj0ld (157923 in chips, €20.25 bounty) 
Seat 3: deiraisetonuts (69463 in chips, €13.50 bounty) 
Seat 4: virivigaristaaa (232141 in chips, €33.75 bounty) 
Seat 5: chichero96 (156212 in chips, €13.50 bounty) 
Seat 6: DOMPTOR_973 (359832 in chips, €20.25 bounty) 
Ganivet SA: posts the ante 750
Daneskj0ld: posts the ante 750
deiraisetonuts: posts the ante 750
virivigaristaaa: posts the ante 750
chichero96: posts the ante 750
DOMPTOR_973: posts the ante 750
deiraisetonuts: posts small blind 3000
virivigaristaaa: posts big blind 6000
*** HOLE CARDS ***
Dealt to deiraisetonuts [3d Kd]
chichero96: folds 
DOMPTOR_973: raises 6000 to 12000
Ganivet SA: folds 
Daneskj0ld: folds 
deiraisetonuts: folds 
virivigaristaaa: calls 6000
*** FLOP *** [Ah Qh 8d]
virivigaristaaa: checks 
DOMPTOR_973: bets 12000
virivigaristaaa: folds 
Uncalled bet (12000) returned to DOMPTOR_973
DOMPTOR_973 collected 31500 from pot
*** SUMMARY ***
Total pot 31500 | Rake 0 
Board [Ah Qh 8d]
Seat 1: Ganivet SA folded before Flop (didn't bet)
Seat 2: Daneskj0ld (button) folded before Flop (didn't bet)
Seat 3: deiraisetonuts (small blind) folded before Flop
Seat 4: virivigaristaaa (big blind) folded on the Flop
Seat 5: chichero96 folded before Flop (didn't bet)
Seat 6: DOMPTOR_973 collected (31500)



PokerStars Hand #249016060533: Tournament #3714753546, €13.50+€13.50+€3.00 EUR Hold'em No Limit - Level XIV (3000/6000) - 2024/02/21 18:53:47 BRT [2024/02/21 16:53:47 ET]
Table '3714753546 56' 6-max Seat #3 is the button
Seat 1: Ganivet SA (60594 in chips, €13.50 bounty) 
Seat 2: Daneskj0ld (157173 in chips, €20.25 bounty) 
Seat 3: deiraisetonuts (65713 in chips, €13.50 bounty) 
Seat 4: virivigaristaaa (219391 in chips, €33.75 bounty) 
Seat 5: chichero96 (155462 in chips, €13.50 bounty) 
Seat 6: DOMPTOR_973 (378582 in chips, €20.25 bounty) 
Ganivet SA: posts the ante 750
Daneskj0ld: posts the ante 750
deiraisetonuts: posts the ante 750
virivigaristaaa: posts the ante 750
chichero96: posts the ante 750
DOMPTOR_973: posts the ante 750
virivigaristaaa: posts small blind 3000
chichero96: posts big blind 6000
*** HOLE CARDS ***
Dealt to deiraisetonuts [Ac 8h]
DOMPTOR_973: raises 6000 to 12000
Ganivet SA: folds 
Daneskj0ld: folds 
deiraisetonuts: folds 
virivigaristaaa: folds 
chichero96: folds 
Uncalled bet (6000) returned to DOMPTOR_973
DOMPTOR_973 collected 19500 from pot
*** SUMMARY ***
Total pot 19500 | Rake 0 
Seat 1: Ganivet SA folded before Flop (didn't bet)
Seat 2: Daneskj0ld folded before Flop (didn't bet)
Seat 3: deiraisetonuts (button) folded before Flop (didn't bet)
Seat 4: virivigaristaaa (small blind) folded before Flop
Seat 5: chichero96 (big blind) folded before Flop
Seat 6: DOMPTOR_973 collected (19500)



PokerStars Hand #249016075465: Tournament #3714753546, €13.50+€13.50+€3.00 EUR Hold'em No Limit - Level XIV (3000/6000) - 2024/02/21 18:54:31 BRT [2024/02/21 16:54:31 ET]
Table '3714753546 56' 6-max Seat #4 is the button
Seat 1: Ganivet SA (59844 in chips, €13.50 bounty) 
Seat 2: Daneskj0ld (156423 in chips, €20.25 bounty) 
Seat 3: deiraisetonuts (64963 in chips, €13.50 bounty) 
Seat 4: virivigaristaaa (215641 in chips, €33.75 bounty) 
Seat 5: chichero96 (148712 in chips, €13.50 bounty) 
Seat 6: DOMPTOR_973 (391332 in chips, €20.25 bounty) 
Ganivet SA: posts the ante 750
Daneskj0ld: posts the ante 750
deiraisetonuts: posts the ante 750
virivigaristaaa: posts the ante 750
chichero96: posts the ante 750
DOMPTOR_973: posts the ante 750
chichero96: posts small blind 3000
DOMPTOR_973: posts big blind 6000
*** HOLE CARDS ***
Dealt to deiraisetonuts [Jd 9s]
Ganivet SA: folds 
Daneskj0ld: folds 
deiraisetonuts: folds 
virivigaristaaa: folds 
chichero96: raises 6000 to 12000
DOMPTOR_973: folds 
Uncalled bet (6000) returned to chichero96
chichero96 collected 16500 from pot
chichero96: doesn't show hand 
*** SUMMARY ***
Total pot 16500 | Rake 0 
Seat 1: Ganivet SA folded before Flop (didn't bet)
Seat 2: Daneskj0ld folded before Flop (didn't bet)
Seat 3: deiraisetonuts folded before Flop (didn't bet)
Seat 4: virivigaristaaa (button) folded before Flop (didn't bet)
Seat 5: chichero96 (small blind) collected (16500)
Seat 6: DOMPTOR_973 (big blind) folded before Flop



PokerStars Hand #249016085610: Tournament #3714753546, €13.50+€13.50+€3.00 EUR Hold'em No Limit - Level XIV (3000/6000) - 2024/02/21 18:55:00 BRT [2024/02/21 16:55:00 ET]
Table '3714753546 56' 6-max Seat #5 is the button
Seat 1: Ganivet SA (59094 in chips, €13.50 bounty) 
Seat 2: Daneskj0ld (155673 in chips, €20.25 bounty) 
Seat 3: deiraisetonuts (64213 in chips, €13.50 bounty) 
Seat 4: virivigaristaaa (214891 in chips, €33.75 bounty) 
Seat 5: chichero96 (158462 in chips, €13.50 bounty) 
Seat 6: DOMPTOR_973 (384582 in chips, €20.25 bounty) 
Ganivet SA: posts the ante 750
Daneskj0ld: posts the ante 750
deiraisetonuts: posts the ante 750
virivigaristaaa: posts the ante 750
chichero96: posts the ante 750
DOMPTOR_973: posts the ante 750
DOMPTOR_973: posts small blind 3000
Ganivet SA: posts big blind 6000
*** HOLE CARDS ***
Dealt to deiraisetonuts [6d 7d]
Daneskj0ld: folds 
deiraisetonuts: folds 
virivigaristaaa: raises 6000 to 12000
chichero96: folds 
DOMPTOR_973: folds 
Ganivet SA: folds 
Uncalled bet (6000) returned to virivigaristaaa
virivigaristaaa collected 19500 from pot
virivigaristaaa: doesn't show hand 
*** SUMMARY ***
Total pot 19500 | Rake 0 
Seat 1: Ganivet SA (big blind) folded before Flop
Seat 2: Daneskj0ld folded before Flop (didn't bet)
Seat 3: deiraisetonuts folded before Flop (didn't bet)
Seat 4: virivigaristaaa collected (19500)
Seat 5: chichero96 (button) folded before Flop (didn't bet)
Seat 6: DOMPTOR_973 (small blind) folded before Flop



PokerStars Hand #249016191202: Tournament #3714753546, €13.50+€13.50+€3.00 EUR Hold'em No Limit - Level XIV (3000/6000) - 2024/02/21 19:01:38 BRT [2024/02/21 17:01:38 ET]
Table '3714753546 56' 6-max Seat #6 is the button
Seat 1: Ganivet SA (52344 in chips, €13.50 bounty) 
Seat 2: Daneskj0ld (154923 in chips, €20.25 bounty) 
Seat 3: deiraisetonuts (63463 in chips, €13.50 bounty) 
Seat 4: virivigaristaaa (227641 in chips, €33.75 bounty) 
Seat 5: chichero96 (157712 in chips, €13.50 bounty) 
Seat 6: DOMPTOR_973 (380832 in chips, €20.25 bounty) 
Ganivet SA: posts the ante 750
Daneskj0ld: posts the ante 750
deiraisetonuts: posts the ante 750
virivigaristaaa: posts the ante 750
chichero96: posts the ante 750
DOMPTOR_973: posts the ante 750
Ganivet SA: posts small blind 3000
Daneskj0ld: posts big blind 6000
*** HOLE CARDS ***
Dealt to deiraisetonuts [4s Qc]
deiraisetonuts: folds 
virivigaristaaa: folds 
chichero96: folds 
DOMPTOR_973: folds 
Ganivet SA: raises 45594 to 51594 and is all-in
Daneskj0ld: calls 45594
*** FLOP *** [As Th 3c]
*** TURN *** [As Th 3c] [Qh]
*** RIVER *** [As Th 3c Qh] [Ks]
*** SHOW DOWN ***
Ganivet SA: shows [6h Js] (a straight, Ten to Ace)
Daneskj0ld: shows [Ah 2c] (a pair of Aces)
Ganivet SA collected 107688 from pot
*** SUMMARY ***
Total pot 107688 | Rake 0 
Board [As Th 3c Qh Ks]
Seat 1: Ganivet SA (small blind) showed [6h Js] and won (107688) with a straight, Ten to Ace
Seat 2: Daneskj0ld (big blind) showed [Ah 2c] and lost with a pair of Aces
Seat 3: deiraisetonuts folded before Flop (didn't bet)
Seat 4: virivigaristaaa folded before Flop (didn't bet)
Seat 5: chichero96 folded before Flop (didn't bet)
Seat 6: DOMPTOR_973 (button) folded before Flop (didn't bet)



PokerStars Hand #249016204616: Tournament #3714753546, €13.50+€13.50+€3.00 EUR Hold'em No Limit - Level XIV (3000/6000) - 2024/02/21 19:02:17 BRT [2024/02/21 17:02:17 ET]
Table '3714753546 56' 6-max Seat #1 is the button
Seat 1: Ganivet SA (107688 in chips, €13.50 bounty) 
Seat 2: Daneskj0ld (102579 in chips, €20.25 bounty) 
Seat 3: deiraisetonuts (62713 in chips, €13.50 bounty) 
Seat 4: virivigaristaaa (226891 in chips, €33.75 bounty) 
Seat 5: chichero96 (156962 in chips, €13.50 bounty) 
Seat 6: DOMPTOR_973 (380082 in chips, €20.25 bounty) 
Ganivet SA: posts the ante 750
Daneskj0ld: posts the ante 750
deiraisetonuts: posts the ante 750
virivigaristaaa: posts the ante 750
chichero96: posts the ante 750
DOMPTOR_973: posts the ante 750
Daneskj0ld: posts small blind 3000
deiraisetonuts: posts big blind 6000
*** HOLE CARDS ***
Dealt to deiraisetonuts [As 6d]
virivigaristaaa: raises 6000 to 12000
chichero96: calls 12000
DOMPTOR_973: folds 
Ganivet SA: folds 
Daneskj0ld: folds 
deiraisetonuts: folds 
*** FLOP *** [2c 6h 2h]
virivigaristaaa: bets 12375
chichero96: calls 12375
*** TURN *** [2c 6h 2h] [7c]
virivigaristaaa: bets 44820
chichero96: folds 
Uncalled bet (44820) returned to virivigaristaaa
virivigaristaaa collected 62250 from pot
virivigaristaaa: doesn't show hand 
*** SUMMARY ***
Total pot 62250 | Rake 0 
Board [2c 6h 2h 7c]
Seat 1: Ganivet SA (button) folded before Flop (didn't bet)
Seat 2: Daneskj0ld (small blind) folded before Flop
Seat 3: deiraisetonuts (big blind) folded before Flop
Seat 4: virivigaristaaa collected (62250)
Seat 5: chichero96 folded on the Turn
Seat 6: DOMPTOR_973 folded before Flop (didn't bet)



PokerStars Hand #249016223538: Tournament #3714753546, €13.50+€13.50+€3.00 EUR Hold'em No Limit - Level XIV (3000/6000) - 2024/02/21 19:03:12 BRT [2024/02/21 17:03:12 ET]
Table '3714753546 56' 6-max Seat #2 is the button
Seat 1: Ganivet SA (106938 in chips, €13.50 bounty) 
Seat 2: Daneskj0ld (98829 in chips, €20.25 bounty) 
Seat 3: deiraisetonuts (55963 in chips, €13.50 bounty) 
Seat 4: virivigaristaaa (264016 in chips, €33.75 bounty) 
Seat 5: chichero96 (131837 in chips, €13.50 bounty) 
Seat 6: DOMPTOR_973 (379332 in chips, €20.25 bounty) 
Ganivet SA: posts the ante 750
Daneskj0ld: posts the ante 750
deiraisetonuts: posts the ante 750
virivigaristaaa: posts the ante 750
chichero96: posts the ante 750
DOMPTOR_973: posts the ante 750
deiraisetonuts: posts small blind 3000
virivigaristaaa: posts big blind 6000
*** HOLE CARDS ***
Dealt to deiraisetonuts [7d 3c]
chichero96: folds 
DOMPTOR_973: raises 6000 to 12000
Ganivet SA: folds 
Daneskj0ld: folds 
deiraisetonuts: folds 
virivigaristaaa: calls 6000
*** FLOP *** [Qc 4c Ac]
virivigaristaaa: checks 
DOMPTOR_973: bets 12000
virivigaristaaa: folds 
Uncalled bet (12000) returned to DOMPTOR_973
DOMPTOR_973 collected 31500 from pot
*** SUMMARY ***
Total pot 31500 | Rake 0 
Board [Qc 4c Ac]
Seat 1: Ganivet SA folded before Flop (didn't bet)
Seat 2: Daneskj0ld (button) folded before Flop (didn't bet)
Seat 3: deiraisetonuts (small blind) folded before Flop
Seat 4: virivigaristaaa (big blind) folded on the Flop
Seat 5: chichero96 folded before Flop (didn't bet)
Seat 6: DOMPTOR_973 collected (31500)



PokerStars Hand #249016242112: Tournament #3714753546, €13.50+€13.50+€3.00 EUR Hold'em No Limit - Level XIV (3000/6000) - 2024/02/21 19:04:04 BRT [2024/02/21 17:04:04 ET]
Table '3714753546 56' 6-max Seat #3 is the button
Seat 1: Ganivet SA (106188 in chips, €13.50 bounty) 
Seat 2: Daneskj0ld (98079 in chips, €20.25 bounty) 
Seat 3: deiraisetonuts (52213 in chips, €13.50 bounty) 
Seat 4: virivigaristaaa (251266 in chips, €33.75 bounty) 
Seat 5: chichero96 (131087 in chips, €13.50 bounty) 
Seat 6: DOMPTOR_973 (398082 in chips, €20.25 bounty) 
Ganivet SA: posts the ante 750
Daneskj0ld: posts the ante 750
deiraisetonuts: posts the ante 750
virivigaristaaa: posts the ante 750
chichero96: posts the ante 750
DOMPTOR_973: posts the ante 750
virivigaristaaa: posts small blind 3000
chichero96: posts big blind 6000
*** HOLE CARDS ***
Dealt to deiraisetonuts [4c 7d]
DOMPTOR_973: folds 
Ganivet SA: folds 
Daneskj0ld: folds 
deiraisetonuts: folds 
virivigaristaaa: calls 3000
chichero96: checks 
*** FLOP *** [8s 4d 9d]
virivigaristaaa: checks 
chichero96: checks 
*** TURN *** [8s 4d 9d] [As]
virivigaristaaa: bets 9240
chichero96: folds 
Uncalled bet (9240) returned to virivigaristaaa
virivigaristaaa collected 16500 from pot
virivigaristaaa: doesn't show hand 
*** SUMMARY ***
Total pot 16500 | Rake 0 
Board [8s 4d 9d As]
Seat 1: Ganivet SA folded before Flop (didn't bet)
Seat 2: Daneskj0ld folded before Flop (didn't bet)
Seat 3: deiraisetonuts (button) folded before Flop (didn't bet)
Seat 4: virivigaristaaa (small blind) collected (16500)
Seat 5: chichero96 (big blind) folded on the Turn
Seat 6: DOMPTOR_973 folded before Flop (didn't bet)



PokerStars Hand #249016256478: Tournament #3714753546, €13.50+€13.50+€3.00 EUR Hold'em No Limit - Level XIV (3000/6000) - 2024/02/21 19:04:45 BRT [2024/02/21 17:04:45 ET]
Table '3714753546 56' 6-max Seat #4 is the button
Seat 1: Ganivet SA (105438 in chips, €13.50 bounty) 
Seat 2: Daneskj0ld (97329 in chips, €20.25 bounty) 
Seat 3: deiraisetonuts (51463 in chips, €13.50 bounty) 
Seat 4: virivigaristaaa (261016 in chips, €33.75 bounty) 
Seat 5: chichero96 (124337 in chips, €13.50 bounty) 
Seat 6: DOMPTOR_973 (397332 in chips, €20.25 bounty) 
Ganivet SA: posts the ante 750
Daneskj0ld: posts the ante 750
deiraisetonuts: posts the ante 750
virivigaristaaa: posts the ante 750
chichero96: posts the ante 750
DOMPTOR_973: posts the ante 750
chichero96: posts small blind 3000
DOMPTOR_973: posts big blind 6000
*** HOLE CARDS ***
Dealt to deiraisetonuts [Js 8d]
Ganivet SA: folds 
Daneskj0ld: folds 
deiraisetonuts: folds 
virivigaristaaa: folds 
chichero96: raises 6000 to 12000
DOMPTOR_973: calls 6000
*** FLOP *** [Ah Kd 8c]
chichero96: bets 20250
DOMPTOR_973: calls 20250
*** TURN *** [Ah Kd 8c] [Qd]
chichero96: checks 
DOMPTOR_973: bets 18000
chichero96: folds 
Uncalled bet (18000) returned to DOMPTOR_973
DOMPTOR_973 collected 69000 from pot
*** SUMMARY ***
Total pot 69000 | Rake 0 
Board [Ah Kd 8c Qd]
Seat 1: Ganivet SA folded before Flop (didn't bet)
Seat 2: Daneskj0ld folded before Flop (didn't bet)
Seat 3: deiraisetonuts folded before Flop (didn't bet)
Seat 4: virivigaristaaa (button) folded before Flop (didn't bet)
Seat 5: chichero96 (small blind) folded on the Turn
Seat 6: DOMPTOR_973 (big blind) collected (69000)



PokerStars Hand #249016277702: Tournament #3714753546, €13.50+€13.50+€3.00 EUR Hold'em No Limit - Level XV (3500/7000) - 2024/02/21 19:05:46 BRT [2024/02/21 17:05:46 ET]
Table '3714753546 56' 6-max Seat #5 is the button
Seat 1: Ganivet SA (104688 in chips, €13.50 bounty) 
Seat 2: Daneskj0ld (96579 in chips, €20.25 bounty) 
Seat 3: deiraisetonuts (50713 in chips, €13.50 bounty) 
Seat 4: virivigaristaaa (260266 in chips, €33.75 bounty) 
Seat 5: chichero96 (91337 in chips, €13.50 bounty) 
Seat 6: DOMPTOR_973 (433332 in chips, €20.25 bounty) 
Ganivet SA: posts the ante 875
Daneskj0ld: posts the ante 875
deiraisetonuts: posts the ante 875
virivigaristaaa: posts the ante 875
chichero96: posts the ante 875
DOMPTOR_973: posts the ante 875
DOMPTOR_973: posts small blind 3500
Ganivet SA: posts big blind 7000
*** HOLE CARDS ***
Dealt to deiraisetonuts [7c 4s]
Daneskj0ld: folds 
deiraisetonuts: folds 
virivigaristaaa: folds 
chichero96: calls 7000
DOMPTOR_973: folds 
Ganivet SA: raises 94500 to 101500
chichero96: calls 83462 and is all-in
Uncalled bet (11038) returned to Ganivet SA
*** FLOP *** [2h 4d Js]
*** TURN *** [2h 4d Js] [As]
*** RIVER *** [2h 4d Js As] [Qd]
*** SHOW DOWN ***
Ganivet SA: shows [6d Jh] (a pair of Jacks)
chichero96: shows [5d Jd] (a pair of Jacks - lower kicker)
Ganivet SA collected 189674 from pot
Ganivet SA wins €6.75 for eliminating chichero96 and their own bounty increases by €6.75 to €20.25
chichero96 finished the tournament
*** SUMMARY ***
Total pot 189674 | Rake 0 
Board [2h 4d Js As Qd]
Seat 1: Ganivet SA (big blind) showed [6d Jh] and won (189674) with a pair of Jacks
Seat 2: Daneskj0ld folded before Flop (didn't bet)
Seat 3: deiraisetonuts folded before Flop (didn't bet)
Seat 4: virivigaristaaa folded before Flop (didn't bet)
Seat 5: chichero96 (button) showed [5d Jd] and lost with a pair of Jacks
Seat 6: DOMPTOR_973 (small blind) folded before Flop



PokerStars Hand #249016290108: Tournament #3714753546, €13.50+€13.50+€3.00 EUR Hold'em No Limit - Level XV (3500/7000) - 2024/02/21 19:06:21 BRT [2024/02/21 17:06:21 ET]
Table '3714753546 56' 6-max Seat #6 is the button
Seat 1: Ganivet SA (203025 in chips, €20.25 bounty) 
Seat 2: Daneskj0ld (95704 in chips, €20.25 bounty) 
Seat 3: deiraisetonuts (49838 in chips, €13.50 bounty) 
Seat 4: virivigaristaaa (259391 in chips, €33.75 bounty) 
Seat 6: DOMPTOR_973 (428957 in chips, €20.25 bounty) 
Ganivet SA: posts the ante 875
Daneskj0ld: posts the ante 875
deiraisetonuts: posts the ante 875
virivigaristaaa: posts the ante 875
DOMPTOR_973: posts the ante 875
Ganivet SA: posts small blind 3500
Daneskj0ld: posts big blind 7000
*** HOLE CARDS ***
Dealt to deiraisetonuts [4s Qh]
deiraisetonuts: folds 
virivigaristaaa: folds 
DOMPTOR_973: raises 7000 to 14000
Ganivet SA: folds 
Daneskj0ld: calls 7000
*** FLOP *** [Ac 3d 2s]
Daneskj0ld: checks 
DOMPTOR_973: bets 14000
Daneskj0ld: folds 
Uncalled bet (14000) returned to DOMPTOR_973
DOMPTOR_973 collected 35875 from pot
*** SUMMARY ***
Total pot 35875 | Rake 0 
Board [Ac 3d 2s]
Seat 1: Ganivet SA (small blind) folded before Flop
Seat 2: Daneskj0ld (big blind) folded on the Flop
Seat 3: deiraisetonuts folded before Flop (didn't bet)
Seat 4: virivigaristaaa folded before Flop (didn't bet)
Seat 6: DOMPTOR_973 (button) collected (35875)



PokerStars Hand #249016299153: Tournament #3714753546, €13.50+€13.50+€3.00 EUR Hold'em No Limit - Level XV (3500/7000) - 2024/02/21 19:06:47 BRT [2024/02/21 17:06:47 ET]
Table '3714753546 56' 6-max Seat #1 is the button
Seat 1: Ganivet SA (198650 in chips, €20.25 bounty) 
Seat 2: Daneskj0ld (80829 in chips, €20.25 bounty) 
Seat 3: deiraisetonuts (48963 in chips, €13.50 bounty) 
Seat 4: virivigaristaaa (258516 in chips, €33.75 bounty) 
Seat 6: DOMPTOR_973 (449957 in chips, €20.25 bounty) 
Ganivet SA: posts the ante 875
Daneskj0ld: posts the ante 875
deiraisetonuts: posts the ante 875
virivigaristaaa: posts the ante 875
DOMPTOR_973: posts the ante 875
Daneskj0ld: posts small blind 3500
deiraisetonuts: posts big blind 7000
*** HOLE CARDS ***
Dealt to deiraisetonuts [9h 8d]
virivigaristaaa: folds 
DOMPTOR_973: raises 7000 to 14000
Ganivet SA: folds 
Daneskj0ld: folds 
deiraisetonuts: calls 7000
*** FLOP *** [5h 4s Js]
deiraisetonuts: checks 
DOMPTOR_973: bets 14000
deiraisetonuts: folds 
Uncalled bet (14000) returned to DOMPTOR_973
DOMPTOR_973 collected 35875 from pot
*** SUMMARY ***
Total pot 35875 | Rake 0 
Board [5h 4s Js]
Seat 1: Ganivet SA (button) folded before Flop (didn't bet)
Seat 2: Daneskj0ld (small blind) folded before Flop
Seat 3: deiraisetonuts (big blind) folded on the Flop
Seat 4: virivigaristaaa folded before Flop (didn't bet)
Seat 6: DOMPTOR_973 collected (35875)



PokerStars Hand #249016313633: Tournament #3714753546, €13.50+€13.50+€3.00 EUR Hold'em No Limit - Level XV (3500/7000) - 2024/02/21 19:07:29 BRT [2024/02/21 17:07:29 ET]
Table '3714753546 56' 6-max Seat #2 is the button
Seat 1: Ganivet SA (197775 in chips, €20.25 bounty) 
Seat 2: Daneskj0ld (76454 in chips, €20.25 bounty) 
Seat 3: deiraisetonuts (34088 in chips, €13.50 bounty) 
Seat 4: virivigaristaaa (257641 in chips, €33.75 bounty) 
Seat 6: DOMPTOR_973 (470957 in chips, €20.25 bounty) 
Ganivet SA: posts the ante 875
Daneskj0ld: posts the ante 875
deiraisetonuts: posts the ante 875
virivigaristaaa: posts the ante 875
DOMPTOR_973: posts the ante 875
deiraisetonuts: posts small blind 3500
virivigaristaaa: posts big blind 7000
*** HOLE CARDS ***
Dealt to deiraisetonuts [3c 9d]
DOMPTOR_973: folds 
Ganivet SA: raises 7000 to 14000
Daneskj0ld: folds 
deiraisetonuts: folds 
virivigaristaaa: calls 7000
*** FLOP *** [9h Ad 4h]
nuncafoldei is disconnected 
virivigaristaaa: checks 
Ganivet SA: bets 15426
virivigaristaaa: folds 
Uncalled bet (15426) returned to Ganivet SA
Ganivet SA collected 35875 from pot
*** SUMMARY ***
Total pot 35875 | Rake 0 
Board [9h Ad 4h]
Seat 1: Ganivet SA collected (35875)
Seat 2: Daneskj0ld (button) folded before Flop (didn't bet)
Seat 3: deiraisetonuts (small blind) folded before Flop
Seat 4: virivigaristaaa (big blind) folded on the Flop
Seat 6: DOMPTOR_973 folded before Flop (didn't bet)



PokerStars Hand #249016333081: Tournament #3714753546, €13.50+€13.50+€3.00 EUR Hold'em No Limit - Level XV (3500/7000) - 2024/02/21 19:08:24 BRT [2024/02/21 17:08:24 ET]
Table '3714753546 56' 6-max Seat #3 is the button
Seat 1: Ganivet SA (218775 in chips, €20.25 bounty) 
Seat 2: Daneskj0ld (75579 in chips, €20.25 bounty) 
Seat 3: deiraisetonuts (29713 in chips, €13.50 bounty) 
Seat 4: virivigaristaaa (242766 in chips, €33.75 bounty) 
Seat 5: nuncafoldei (100000 in chips, €13.50 bounty) 
Seat 6: DOMPTOR_973 (470082 in chips, €20.25 bounty) 
Ganivet SA: posts the ante 875
Daneskj0ld: posts the ante 875
deiraisetonuts: posts the ante 875
virivigaristaaa: posts the ante 875
nuncafoldei: posts the ante 875
DOMPTOR_973: posts the ante 875
virivigaristaaa: posts small blind 3500
nuncafoldei: posts big blind 7000
*** HOLE CARDS ***
Dealt to deiraisetonuts [7s 5s]
DOMPTOR_973: raises 7000 to 14000
Ganivet SA: folds 
Daneskj0ld: folds 
deiraisetonuts: folds 
virivigaristaaa: folds 
nuncafoldei: folds 
Uncalled bet (7000) returned to DOMPTOR_973
DOMPTOR_973 collected 22750 from pot
*** SUMMARY ***
Total pot 22750 | Rake 0 
Seat 1: Ganivet SA folded before Flop (didn't bet)
Seat 2: Daneskj0ld folded before Flop (didn't bet)
Seat 3: deiraisetonuts (button) folded before Flop (didn't bet)
Seat 4: virivigaristaaa (small blind) folded before Flop
Seat 5: nuncafoldei (big blind) folded before Flop
Seat 6: DOMPTOR_973 collected (22750)



PokerStars Hand #249016339340: Tournament #3714753546, €13.50+€13.50+€3.00 EUR Hold'em No Limit - Level XV (3500/7000) - 2024/02/21 19:08:42 BRT [2024/02/21 17:08:42 ET]
Table '3714753546 56' 6-max Seat #4 is the button
Seat 1: Ganivet SA (217900 in chips, €20.25 bounty) 
Seat 2: Daneskj0ld (74704 in chips, €20.25 bounty) 
Seat 3: deiraisetonuts (28838 in chips, €13.50 bounty) 
Seat 4: virivigaristaaa (238391 in chips, €33.75 bounty) 
Seat 5: nuncafoldei (92125 in chips, €13.50 bounty) 
Seat 6: DOMPTOR_973 (484957 in chips, €20.25 bounty) 
Ganivet SA: posts the ante 875
Daneskj0ld: posts the ante 875
deiraisetonuts: posts the ante 875
virivigaristaaa: posts the ante 875
nuncafoldei: posts the ante 875
DOMPTOR_973: posts the ante 875
nuncafoldei: posts small blind 3500
DOMPTOR_973: posts big blind 7000
*** HOLE CARDS ***
Dealt to deiraisetonuts [7s As]
Ganivet SA: folds 
Daneskj0ld: raises 66829 to 73829 and is all-in
deiraisetonuts: calls 27963 and is all-in
virivigaristaaa: folds 
nuncafoldei: folds 
DOMPTOR_973: calls 66829
*** FLOP *** [Qc 5d 6h]
*** TURN *** [Qc 5d 6h] [6c]
*** RIVER *** [Qc 5d 6h 6c] [8c]
*** SHOW DOWN ***
DOMPTOR_973: shows [9d 9h] (two pair, Nines and Sixes)
Daneskj0ld: shows [Ad Jc] (a pair of Sixes)
DOMPTOR_973 collected 91732 from side pot
deiraisetonuts: shows [7s As] (a pair of Sixes)
DOMPTOR_973 collected 92639 from main pot
DOMPTOR_973 wins €10.13 for eliminating Daneskj0ld and their own bounty increases by €10.12 to €30.37
DOMPTOR_973 wins €6.75 for eliminating deiraisetonuts and their own bounty increases by €6.75 to €37.12
Daneskj0ld finished the tournament
deiraisetonuts finished the tournament
*** SUMMARY ***
Total pot 184371 Main pot 92639. Side pot 91732. | Rake 0 
Board [Qc 5d 6h 6c 8c]
Seat 1: Ganivet SA folded before Flop (didn't bet)
Seat 2: Daneskj0ld showed [Ad Jc] and lost with a pair of Sixes
Seat 3: deiraisetonuts showed [7s As] and lost with a pair of Sixes
Seat 4: virivigaristaaa (button) folded before Flop (didn't bet)
Seat 5: nuncafoldei (small blind) folded before Flop
Seat 6: DOMPTOR_973 (big blind) showed [9d 9h] and won (184371) with two pair, Nines and Sixes



