Poker Hand #TM2980362436: Tournament #127673603, Sunday Hundred Grand $15, $100K Hold'em No Limit - Level16(500/1,000) - 2024/02/18 18:48:30
Table '513' 8-max Seat #5 is the button
Seat 1: a9c45ff0 (15,729 in chips)
Seat 2: Hero (7,825 in chips)
Seat 3: ff254c08 (53,086 in chips)
Seat 4: 91d11d3a (15,232 in chips)
Seat 5: b5aa8906 (41,284 in chips)
Seat 6: fe906353 (43,897 in chips)
Seat 7: 3ecb99af (23,394 in chips)
Seat 8: 5692a1df (9,750 in chips)
a9c45ff0: posts the ante 125
b5aa8906: posts the ante 125
5692a1df: posts the ante 125
91d11d3a: posts the ante 125
Hero: posts the ante 125
ff254c08: posts the ante 125
3ecb99af: posts the ante 125
fe906353: posts the ante 125
fe906353: posts small blind 500
3ecb99af: posts big blind 1,000
*** HOLE CARDS ***
Dealt to a9c45ff0 
Dealt to Hero [8c Ac]
Dealt to ff254c08 
Dealt to 91d11d3a 
Dealt to b5aa8906 
Dealt to fe906353 
Dealt to 3ecb99af 
Dealt to 5692a1df 
5692a1df: folds
a9c45ff0: folds
Hero: raises 6,700 to 7,700 and is all-in
ff254c08: folds
91d11d3a: raises 7,407 to 15,107 and is all-in
b5aa8906: folds
fe906353: folds
3ecb99af: folds
Uncalled bet (7,407) returned to 91d11d3a
91d11d3a: shows [2d Ad]
Hero: shows [8c Ac]
*** FLOP *** [Jd 9c 7h]
*** TURN *** [Jd 9c 7h] [4d]
*** RIVER *** [Jd 9c 7h 4d] [6d]
*** SHOWDOWN ***
91d11d3a collected 17,900 from pot
*** SUMMARY ***
Total pot 17,900 | Rake 0 | Jackpot 0 | Bingo 0 | Fortune 0 | Tax 0
Board [Jd 9c 7h 4d 6d]
Seat 1: a9c45ff0 folded before Flop
Seat 2: Hero showed [8c Ac] and lost with Ace-High
Seat 3: ff254c08 folded before Flop
Seat 4: 91d11d3a showed [2d Ad] and won (17,900) with Ace High Flush
Seat 5: b5aa8906 (button) folded before Flop
Seat 6: fe906353 (small blind) folded before Flop
Seat 7: 3ecb99af (big blind) folded before Flop
Seat 8: 5692a1df folded before Flop


Poker Hand #TM2980362356: Tournament #127673603, Sunday Hundred Grand $15, $100K Hold'em No Limit - Level16(500/1,000) - 2024/02/18 18:47:52
Table '513' 8-max Seat #4 is the button
Seat 1: a9c45ff0 (15,854 in chips)
Seat 2: Hero (7,950 in chips)
Seat 3: ff254c08 (53,211 in chips)
Seat 4: 91d11d3a (17,357 in chips)
Seat 5: b5aa8906 (41,909 in chips)
Seat 6: fe906353 (40,522 in chips)
Seat 7: 3ecb99af (23,519 in chips)
Seat 8: 5692a1df (9,875 in chips)
a9c45ff0: posts the ante 125
b5aa8906: posts the ante 125
5692a1df: posts the ante 125
91d11d3a: posts the ante 125
Hero: posts the ante 125
ff254c08: posts the ante 125
3ecb99af: posts the ante 125
fe906353: posts the ante 125
b5aa8906: posts small blind 500
fe906353: posts big blind 1,000
*** HOLE CARDS ***
Dealt to a9c45ff0 
Dealt to Hero [Kc 3d]
Dealt to ff254c08 
Dealt to 91d11d3a 
Dealt to b5aa8906 
Dealt to fe906353 
Dealt to 3ecb99af 
Dealt to 5692a1df 
3ecb99af: folds
5692a1df: folds
a9c45ff0: folds
Hero: folds
ff254c08: folds
91d11d3a: raises 1,000 to 2,000
b5aa8906: folds
fe906353: raises 38,397 to 40,397 and is all-in
91d11d3a: folds
Uncalled bet (38,397) returned to fe906353
*** SHOWDOWN ***
fe906353 collected 5,500 from pot
*** SUMMARY ***
Total pot 5,500 | Rake 0 | Jackpot 0 | Bingo 0 | Fortune 0 | Tax 0
Seat 1: a9c45ff0 folded before Flop
Seat 2: Hero folded before Flop
Seat 3: ff254c08 folded before Flop
Seat 4: 91d11d3a (button) folded before Flop
Seat 5: b5aa8906 (small blind) folded before Flop
Seat 6: fe906353 (big blind) collected (5,500)
Seat 7: 3ecb99af folded before Flop
Seat 8: 5692a1df folded before Flop


Poker Hand #TM2980362309: Tournament #127673603, Sunday Hundred Grand $15, $100K Hold'em No Limit - Level16(500/1,000) - 2024/02/18 18:47:30
Table '513' 8-max Seat #3 is the button
Seat 1: a9c45ff0 (15,979 in chips)
Seat 2: Hero (8,075 in chips)
Seat 3: ff254c08 (53,336 in chips)
Seat 4: 91d11d3a (17,982 in chips)
Seat 5: b5aa8906 (40,534 in chips)
Seat 6: fe906353 (40,647 in chips)
Seat 7: 3ecb99af (23,644 in chips)
Seat 8: 5692a1df (10,000 in chips)
a9c45ff0: posts the ante 125
b5aa8906: posts the ante 125
5692a1df: posts the ante 125
Hero: posts the ante 125
91d11d3a: posts the ante 125
ff254c08: posts the ante 125
3ecb99af: posts the ante 125
fe906353: posts the ante 125
91d11d3a: posts small blind 500
b5aa8906: posts big blind 1,000
*** HOLE CARDS ***
Dealt to a9c45ff0 
Dealt to Hero [5c Tc]
Dealt to ff254c08 
Dealt to 91d11d3a 
Dealt to b5aa8906 
Dealt to fe906353 
Dealt to 3ecb99af 
Dealt to 5692a1df 
fe906353: folds
3ecb99af: folds
5692a1df: folds
a9c45ff0: folds
Hero: folds
ff254c08: folds
91d11d3a: folds
Uncalled bet (500) returned to b5aa8906
*** SHOWDOWN ***
b5aa8906 collected 2,000 from pot
*** SUMMARY ***
Total pot 2,000 | Rake 0 | Jackpot 0 | Bingo 0 | Fortune 0 | Tax 0
Seat 1: a9c45ff0 folded before Flop
Seat 2: Hero folded before Flop
Seat 3: ff254c08 (button) folded before Flop
Seat 4: 91d11d3a (small blind) folded before Flop
Seat 5: b5aa8906 (big blind) collected (2,000)
Seat 6: fe906353 folded before Flop
Seat 7: 3ecb99af folded before Flop
Seat 8: 5692a1df folded before Flop


Poker Hand #TM2980362201: Tournament #127673603, Sunday Hundred Grand $15, $100K Hold'em No Limit - Level16(500/1,000) - 2024/02/18 18:46:37
Table '513' 8-max Seat #2 is the button
Seat 1: a9c45ff0 (16,104 in chips)
Seat 2: Hero (8,200 in chips)
Seat 3: ff254c08 (53,961 in chips)
Seat 4: 91d11d3a (19,107 in chips)
Seat 5: b5aa8906 (42,759 in chips)
Seat 6: fe906353 (36,297 in chips)
Seat 7: 3ecb99af (23,769 in chips)
a9c45ff0: posts the ante 125
b5aa8906: posts the ante 125
Hero: posts the ante 125
91d11d3a: posts the ante 125
ff254c08: posts the ante 125
3ecb99af: posts the ante 125
fe906353: posts the ante 125
ff254c08: posts small blind 500
91d11d3a: posts big blind 1,000
*** HOLE CARDS ***
Dealt to a9c45ff0 
Dealt to Hero [Ad 8d]
Dealt to ff254c08 
Dealt to 91d11d3a 
Dealt to b5aa8906 
Dealt to fe906353 
Dealt to 3ecb99af 
b5aa8906: raises 1,100 to 2,100
fe906353: raises 3,900 to 6,000
3ecb99af: folds
a9c45ff0: folds
Hero: folds
ff254c08: folds
91d11d3a: folds
b5aa8906: folds
Uncalled bet (3,900) returned to fe906353
*** SHOWDOWN ***
fe906353 collected 6,575 from pot
*** SUMMARY ***
Total pot 6,575 | Rake 0 | Jackpot 0 | Bingo 0 | Fortune 0 | Tax 0
Seat 1: a9c45ff0 folded before Flop
Seat 2: Hero (button) folded before Flop
Seat 3: ff254c08 (small blind) folded before Flop
Seat 4: 91d11d3a (big blind) folded before Flop
Seat 5: b5aa8906 folded before Flop
Seat 6: fe906353 collected (6,575)
Seat 7: 3ecb99af folded before Flop


Poker Hand #TM2980362119: Tournament #127673603, Sunday Hundred Grand $15, $100K Hold'em No Limit - Level15(400/800) - 2024/02/18 18:45:52
Table '513' 8-max Seat #1 is the button
Seat 1: a9c45ff0 (16,204 in chips)
Seat 2: Hero (8,700 in chips)
Seat 3: ff254c08 (54,861 in chips)
Seat 4: 91d11d3a (11,800 in chips)
Seat 5: b5aa8906 (42,859 in chips)
Seat 6: fe906353 (36,397 in chips)
Seat 7: 3ecb99af (23,869 in chips)
Seat 8: bb8590b0 (5,507 in chips)
a9c45ff0: posts the ante 100
b5aa8906: posts the ante 100
91d11d3a: posts the ante 100
Hero: posts the ante 100
ff254c08: posts the ante 100
3ecb99af: posts the ante 100
fe906353: posts the ante 100
bb8590b0: posts the ante 100
Hero: posts small blind 400
ff254c08: posts big blind 800
*** HOLE CARDS ***
Dealt to a9c45ff0 
Dealt to Hero [7c Js]
Dealt to ff254c08 
Dealt to 91d11d3a 
Dealt to b5aa8906 
Dealt to fe906353 
Dealt to 3ecb99af 
Dealt to bb8590b0 
91d11d3a: raises 10,900 to 11,700 and is all-in
b5aa8906: folds
fe906353: folds
3ecb99af: folds
bb8590b0: calls 5,407 and is all-in
a9c45ff0: folds
Hero: folds
ff254c08: folds
Uncalled bet (6,293) returned to 91d11d3a
91d11d3a: shows [Ks As]
bb8590b0: shows [Td Ah]
*** FLOP *** [2s Kd 6c]
*** TURN *** [2s Kd 6c] [8c]
*** RIVER *** [2s Kd 6c 8c] [3c]
*** SHOWDOWN ***
91d11d3a collected 12,814 from pot
*** SUMMARY ***
Total pot 12,814 | Rake 0 | Jackpot 0 | Bingo 0 | Fortune 0 | Tax 0
Board [2s Kd 6c 8c 3c]
Seat 1: a9c45ff0 (button) folded before Flop
Seat 2: Hero (small blind) folded before Flop
Seat 3: ff254c08 (big blind) folded before Flop
Seat 4: 91d11d3a showed [Ks As] and won (12,814) with Pair of Kings
Seat 5: b5aa8906 folded before Flop
Seat 6: fe906353 folded before Flop
Seat 7: 3ecb99af folded before Flop
Seat 8: bb8590b0 showed [Td Ah] and lost with Ace-High


Poker Hand #TM2980362053: Tournament #127673603, Sunday Hundred Grand $15, $100K Hold'em No Limit - Level15(400/800) - 2024/02/18 18:45:14
Table '513' 8-max Seat #8 is the button
Seat 1: a9c45ff0 (16,704 in chips)
Seat 2: Hero (9,600 in chips)
Seat 3: ff254c08 (54,961 in chips)
Seat 4: 91d11d3a (11,900 in chips)
Seat 5: b5aa8906 (40,959 in chips)
Seat 6: fe906353 (36,497 in chips)
Seat 7: 3ecb99af (23,969 in chips)
Seat 8: bb8590b0 (5,607 in chips)
a9c45ff0: posts the ante 100
b5aa8906: posts the ante 100
91d11d3a: posts the ante 100
Hero: posts the ante 100
ff254c08: posts the ante 100
3ecb99af: posts the ante 100
fe906353: posts the ante 100
bb8590b0: posts the ante 100
a9c45ff0: posts small blind 400
Hero: posts big blind 800
*** HOLE CARDS ***
Dealt to a9c45ff0 
Dealt to Hero [5s Jd]
Dealt to ff254c08 
Dealt to 91d11d3a 
Dealt to b5aa8906 
Dealt to fe906353 
Dealt to 3ecb99af 
Dealt to bb8590b0 
ff254c08: folds
91d11d3a: folds
b5aa8906: raises 880 to 1,680
fe906353: folds
3ecb99af: folds
bb8590b0: folds
a9c45ff0: folds
Hero: folds
Uncalled bet (880) returned to b5aa8906
*** SHOWDOWN ***
b5aa8906 collected 2,800 from pot
*** SUMMARY ***
Total pot 2,800 | Rake 0 | Jackpot 0 | Bingo 0 | Fortune 0 | Tax 0
Seat 1: a9c45ff0 (small blind) folded before Flop
Seat 2: Hero (big blind) folded before Flop
Seat 3: ff254c08 folded before Flop
Seat 4: 91d11d3a folded before Flop
Seat 5: b5aa8906 collected (2,800)
Seat 6: fe906353 folded before Flop
Seat 7: 3ecb99af folded before Flop
Seat 8: bb8590b0 (button) folded before Flop


Poker Hand #TM2980361993: Tournament #127673603, Sunday Hundred Grand $15, $100K Hold'em No Limit - Level15(400/800) - 2024/02/18 18:44:51
Table '513' 8-max Seat #7 is the button
Seat 1: a9c45ff0 (17,604 in chips)
Seat 2: Hero (9,700 in chips)
Seat 3: ff254c08 (55,061 in chips)
Seat 4: 91d11d3a (10,000 in chips)
Seat 5: b5aa8906 (41,059 in chips)
Seat 6: fe906353 (36,597 in chips)
Seat 7: 3ecb99af (24,069 in chips)
Seat 8: bb8590b0 (6,107 in chips)
a9c45ff0: posts the ante 100
b5aa8906: posts the ante 100
91d11d3a: posts the ante 100
Hero: posts the ante 100
ff254c08: posts the ante 100
3ecb99af: posts the ante 100
fe906353: posts the ante 100
bb8590b0: posts the ante 100
bb8590b0: posts small blind 400
a9c45ff0: posts big blind 800
*** HOLE CARDS ***
Dealt to a9c45ff0 
Dealt to Hero [Jh 5c]
Dealt to ff254c08 
Dealt to 91d11d3a 
Dealt to b5aa8906 
Dealt to fe906353 
Dealt to 3ecb99af 
Dealt to bb8590b0 
Hero: folds
ff254c08: folds
91d11d3a: raises 9,100 to 9,900 and is all-in
b5aa8906: folds
fe906353: folds
3ecb99af: folds
bb8590b0: folds
a9c45ff0: folds
Uncalled bet (9,100) returned to 91d11d3a
*** SHOWDOWN ***
91d11d3a collected 2,800 from pot
*** SUMMARY ***
Total pot 2,800 | Rake 0 | Jackpot 0 | Bingo 0 | Fortune 0 | Tax 0
Seat 1: a9c45ff0 (big blind) folded before Flop
Seat 2: Hero folded before Flop
Seat 3: ff254c08 folded before Flop
Seat 4: 91d11d3a collected (2,800)
Seat 5: b5aa8906 folded before Flop
Seat 6: fe906353 folded before Flop
Seat 7: 3ecb99af (button) folded before Flop
Seat 8: bb8590b0 (small blind) folded before Flop


Poker Hand #TM2980361942: Tournament #127673603, Sunday Hundred Grand $15, $100K Hold'em No Limit - Level15(400/800) - 2024/02/18 18:44:22
Table '513' 8-max Seat #6 is the button
Seat 1: a9c45ff0 (17,704 in chips)
Seat 2: Hero (9,800 in chips)
Seat 3: ff254c08 (55,161 in chips)
Seat 5: b5aa8906 (41,159 in chips)
Seat 6: fe906353 (36,697 in chips)
Seat 7: 3ecb99af (22,669 in chips)
Seat 8: bb8590b0 (7,007 in chips)
a9c45ff0: posts the ante 100
b5aa8906: posts the ante 100
Hero: posts the ante 100
ff254c08: posts the ante 100
3ecb99af: posts the ante 100
fe906353: posts the ante 100
bb8590b0: posts the ante 100
3ecb99af: posts small blind 400
bb8590b0: posts big blind 800
*** HOLE CARDS ***
Dealt to a9c45ff0 
Dealt to Hero [Jh 4c]
Dealt to ff254c08 
Dealt to b5aa8906 
Dealt to fe906353 
Dealt to 3ecb99af 
Dealt to bb8590b0 
a9c45ff0: folds
Hero: folds
ff254c08: folds
b5aa8906: folds
fe906353: folds
3ecb99af: raises 12,800 to 13,600
bb8590b0: folds
Uncalled bet (12,800) returned to 3ecb99af
*** SHOWDOWN ***
3ecb99af collected 2,300 from pot
*** SUMMARY ***
Total pot 2,300 | Rake 0 | Jackpot 0 | Bingo 0 | Fortune 0 | Tax 0
Seat 1: a9c45ff0 folded before Flop
Seat 2: Hero folded before Flop
Seat 3: ff254c08 folded before Flop
Seat 5: b5aa8906 folded before Flop
Seat 6: fe906353 (button) folded before Flop
Seat 7: 3ecb99af (small blind) collected (2,300)
Seat 8: bb8590b0 (big blind) folded before Flop


Poker Hand #TM2980361841: Tournament #127673603, Sunday Hundred Grand $15, $100K Hold'em No Limit - Level15(400/800) - 2024/02/18 18:43:25
Table '513' 8-max Seat #5 is the button
Seat 1: a9c45ff0 (17,804 in chips)
Seat 2: Hero (9,900 in chips)
Seat 3: ff254c08 (44,370 in chips)
Seat 4: fbf08660 (8,991 in chips)
Seat 5: b5aa8906 (41,259 in chips)
Seat 6: fe906353 (37,197 in chips)
Seat 7: 3ecb99af (23,569 in chips)
Seat 8: bb8590b0 (7,107 in chips)
a9c45ff0: posts the ante 100
b5aa8906: posts the ante 100
Hero: posts the ante 100
ff254c08: posts the ante 100
3ecb99af: posts the ante 100
fbf08660: posts the ante 100
fe906353: posts the ante 100
bb8590b0: posts the ante 100
fe906353: posts small blind 400
3ecb99af: posts big blind 800
*** HOLE CARDS ***
Dealt to a9c45ff0 
Dealt to Hero [6s 8d]
Dealt to ff254c08 
Dealt to fbf08660 
Dealt to b5aa8906 
Dealt to fe906353 
Dealt to 3ecb99af 
Dealt to bb8590b0 
bb8590b0: folds
a9c45ff0: folds
Hero: folds
ff254c08: raises 800 to 1,600
fbf08660: raises 7,291 to 8,891 and is all-in
b5aa8906: folds
fe906353: folds
3ecb99af: folds
ff254c08: calls 7,291
fbf08660: shows [Jh Ks]
ff254c08: shows [Jc As]
*** FLOP *** [5c 2c 7h]
*** TURN *** [5c 2c 7h] [3c]
*** RIVER *** [5c 2c 7h 3c] [Ah]
*** SHOWDOWN ***
ff254c08 collected 19,782 from pot
*** SUMMARY ***
Total pot 19,782 | Rake 0 | Jackpot 0 | Bingo 0 | Fortune 0 | Tax 0
Board [5c 2c 7h 3c Ah]
Seat 1: a9c45ff0 folded before Flop
Seat 2: Hero folded before Flop
Seat 3: ff254c08 showed [Jc As] and won (19,782) with Pair of Aces
Seat 4: fbf08660 showed [Jh Ks] and lost with Ace-High
Seat 5: b5aa8906 (button) folded before Flop
Seat 6: fe906353 (small blind) folded before Flop
Seat 7: 3ecb99af (big blind) folded before Flop
Seat 8: bb8590b0 folded before Flop


Poker Hand #TM2980361559: Tournament #127673603, Sunday Hundred Grand $15, $100K Hold'em No Limit - Level15(400/800) - 2024/02/18 18:41:02
Table '513' 8-max Seat #4 is the button
Seat 1: a9c45ff0 (17,904 in chips)
Seat 2: Hero (10,000 in chips)
Seat 3: ff254c08 (44,470 in chips)
Seat 4: fbf08660 (9,091 in chips)
Seat 5: b5aa8906 (26,150 in chips)
Seat 6: fe906353 (38,097 in chips)
Seat 7: 3ecb99af (37,278 in chips)
Seat 8: bb8590b0 (7,207 in chips)
a9c45ff0: posts the ante 100
b5aa8906: posts the ante 100
Hero: posts the ante 100
ff254c08: posts the ante 100
3ecb99af: posts the ante 100
fbf08660: posts the ante 100
fe906353: posts the ante 100
bb8590b0: posts the ante 100
b5aa8906: posts small blind 400
fe906353: posts big blind 800
*** HOLE CARDS ***
Dealt to a9c45ff0 
Dealt to Hero [8s Ts]
Dealt to ff254c08 
Dealt to fbf08660 
Dealt to b5aa8906 
Dealt to fe906353 
Dealt to 3ecb99af 
Dealt to bb8590b0 
3ecb99af: raises 880 to 1,680
bb8590b0: folds
a9c45ff0: folds
Hero: folds
ff254c08: folds
fbf08660: folds
b5aa8906: calls 1,280
fe906353: folds
*** FLOP *** [6h 4c 2h]
b5aa8906: checks
3ecb99af: checks
*** TURN *** [6h 4c 2h] [Ac]
b5aa8906: checks
3ecb99af: bets 6,200
b5aa8906: calls 6,200
*** RIVER *** [6h 4c 2h Ac] [Th]
b5aa8906: bets 5,729
3ecb99af: calls 5,729
b5aa8906: shows [4h 4s] (Three Fours)
3ecb99af: shows [Ad 8d] (Pair of Aces)
*** SHOWDOWN ***
b5aa8906 collected 28,818 from pot
*** SUMMARY ***
Total pot 28,818 | Rake 0 | Jackpot 0 | Bingo 0 | Fortune 0 | Tax 0
Board [6h 4c 2h Ac Th]
Seat 1: a9c45ff0 folded before Flop
Seat 2: Hero folded before Flop
Seat 3: ff254c08 folded before Flop
Seat 4: fbf08660 (button) folded before Flop
Seat 5: b5aa8906 (small blind) showed [4h 4s] and won (28,818) with Three Fours
Seat 6: fe906353 (big blind) folded before Flop
Seat 7: 3ecb99af showed [Ad 8d] and lost with Pair of Aces
Seat 8: bb8590b0 folded before Flop


