Poker Hand #TM2996484873: Tournament #128203816, Daily Big $20 Hold'em No Limit - Level16(800/1,600) - 2024/02/23 16:14:47
Table '41' 8-max Seat #4 is the button
Seat 1: bf317ea7 (15,775 in chips)
Seat 2: Hero (4,425 in chips)
Seat 3: 430a2799 (32,365 in chips)
Seat 4: ab2666fd (86,467 in chips)
Seat 5: b0ca98d3 (55,570 in chips)
Seat 6: 5e577c39 (73,031 in chips)
Seat 7: 22ce4c35 (35,485 in chips)
Seat 8: d18146f2 (28,975 in chips)
ab2666fd: posts the ante 200
Hero: posts the ante 200
b0ca98d3: posts the ante 200
22ce4c35: posts the ante 200
d18146f2: posts the ante 200
5e577c39: posts the ante 200
430a2799: posts the ante 200
bf317ea7: posts the ante 200
b0ca98d3: posts small blind 800
5e577c39: posts big blind 1,600
*** HOLE CARDS ***
Dealt to bf317ea7 
Dealt to Hero [5s 5c]
Dealt to 430a2799 
Dealt to ab2666fd 
Dealt to b0ca98d3 
Dealt to 5e577c39 
Dealt to 22ce4c35 
Dealt to d18146f2 
22ce4c35: folds
d18146f2: folds
bf317ea7: folds
Hero: raises 2,625 to 4,225 and is all-in
430a2799: folds
ab2666fd: folds
b0ca98d3: folds
5e577c39: calls 2,625
Hero: shows [5s 5c]
5e577c39: shows [Qs 2s]
*** FLOP *** [7s 8d 9s]
*** TURN *** [7s 8d 9s] [Qc]
*** RIVER *** [7s 8d 9s Qc] [Js]
*** SHOWDOWN ***
5e577c39 collected 10,850 from pot
*** SUMMARY ***
Total pot 10,850 | Rake 0 | Jackpot 0 | Bingo 0 | Fortune 0 | Tax 0
Board [7s 8d 9s Qc Js]
Seat 1: bf317ea7 folded before Flop
Seat 2: Hero showed [5s 5c] and lost with Pair of Fives
Seat 3: 430a2799 folded before Flop
Seat 4: ab2666fd (button) folded before Flop
Seat 5: b0ca98d3 (small blind) folded before Flop
Seat 6: 5e577c39 (big blind) showed [Qs 2s] and won (10,850) with Queen High Flush
Seat 7: 22ce4c35 folded before Flop
Seat 8: d18146f2 folded before Flop


Poker Hand #TM2996484733: Tournament #128203816, Daily Big $20 Hold'em No Limit - Level16(800/1,600) - 2024/02/23 16:13:26
Table '41' 8-max Seat #3 is the button
Seat 1: bf317ea7 (15,975 in chips)
Seat 2: Hero (4,625 in chips)
Seat 3: 430a2799 (26,965 in chips)
Seat 4: ab2666fd (87,467 in chips)
Seat 5: b0ca98d3 (58,970 in chips)
Seat 6: 5e577c39 (73,231 in chips)
Seat 7: 22ce4c35 (35,685 in chips)
Seat 8: d18146f2 (29,175 in chips)
ab2666fd: posts the ante 200
Hero: posts the ante 200
b0ca98d3: posts the ante 200
22ce4c35: posts the ante 200
d18146f2: posts the ante 200
5e577c39: posts the ante 200
430a2799: posts the ante 200
bf317ea7: posts the ante 200
ab2666fd: posts small blind 800
b0ca98d3: posts big blind 1,600
*** HOLE CARDS ***
Dealt to bf317ea7 
Dealt to Hero [9c 6c]
Dealt to 430a2799 
Dealt to ab2666fd 
Dealt to b0ca98d3 
Dealt to 5e577c39 
Dealt to 22ce4c35 
Dealt to d18146f2 
5e577c39: folds
22ce4c35: folds
d18146f2: folds
bf317ea7: folds
Hero: folds
430a2799: raises 1,600 to 3,200
ab2666fd: folds
b0ca98d3: calls 1,600
*** FLOP *** [Kc Qs Jh]
b0ca98d3: checks
430a2799: bets 2,400
b0ca98d3: folds
Uncalled bet (2,400) returned to 430a2799
*** SHOWDOWN ***
430a2799 collected 8,800 from pot
*** SUMMARY ***
Total pot 8,800 | Rake 0 | Jackpot 0 | Bingo 0 | Fortune 0 | Tax 0
Board [Kc Qs Jh]
Seat 1: bf317ea7 folded before Flop
Seat 2: Hero folded before Flop
Seat 3: 430a2799 (button) won (8,800)
Seat 4: ab2666fd (small blind) folded before Flop
Seat 5: b0ca98d3 (big blind) folded on the Flop
Seat 6: 5e577c39 folded before Flop
Seat 7: 22ce4c35 folded before Flop
Seat 8: d18146f2 folded before Flop


Poker Hand #TM2996484576: Tournament #128203816, Daily Big $20 Hold'em No Limit - Level15(600/1,200) - 2024/02/23 16:11:54
Table '41' 8-max Seat #2 is the button
Seat 1: bf317ea7 (16,125 in chips)
Seat 2: Hero (4,775 in chips)
Seat 3: 430a2799 (27,715 in chips)
Seat 4: ab2666fd (76,817 in chips)
Seat 5: b0ca98d3 (68,120 in chips)
Seat 6: 5e577c39 (73,381 in chips)
Seat 7: 22ce4c35 (35,835 in chips)
Seat 8: d18146f2 (29,325 in chips)
ab2666fd: posts the ante 150
Hero: posts the ante 150
b0ca98d3: posts the ante 150
22ce4c35: posts the ante 150
d18146f2: posts the ante 150
5e577c39: posts the ante 150
bf317ea7: posts the ante 150
430a2799: posts the ante 150
430a2799: posts small blind 600
ab2666fd: posts big blind 1,200
*** HOLE CARDS ***
Dealt to bf317ea7 
Dealt to Hero [Kd 6s]
Dealt to 430a2799 
Dealt to ab2666fd 
Dealt to b0ca98d3 
Dealt to 5e577c39 
Dealt to 22ce4c35 
Dealt to d18146f2 
b0ca98d3: raises 1,200 to 2,400
5e577c39: folds
22ce4c35: folds
d18146f2: folds
bf317ea7: folds
Hero: folds
430a2799: folds
ab2666fd: calls 1,200
*** FLOP *** [6h 5s 4h]
ab2666fd: checks
b0ca98d3: bets 1,650
ab2666fd: raises 4,950 to 6,600
b0ca98d3: calls 4,950
*** TURN *** [6h 5s 4h] [9c]
ab2666fd: bets 14,850
b0ca98d3: folds
Uncalled bet (14,850) returned to ab2666fd
*** SHOWDOWN ***
ab2666fd collected 19,800 from pot
*** SUMMARY ***
Total pot 19,800 | Rake 0 | Jackpot 0 | Bingo 0 | Fortune 0 | Tax 0
Board [6h 5s 4h 9c]
Seat 1: bf317ea7 folded before Flop
Seat 2: Hero (button) folded before Flop
Seat 3: 430a2799 (small blind) folded before Flop
Seat 4: ab2666fd (big blind) won (19,800)
Seat 5: b0ca98d3 folded on the Turn
Seat 6: 5e577c39 folded before Flop
Seat 7: 22ce4c35 folded before Flop
Seat 8: d18146f2 folded before Flop


Poker Hand #TM2996484481: Tournament #128203816, Daily Big $20 Hold'em No Limit - Level15(600/1,200) - 2024/02/23 16:11:04
Table '41' 8-max Seat #1 is the button
Seat 1: bf317ea7 (13,275 in chips)
Seat 2: Hero (5,525 in chips)
Seat 3: 430a2799 (29,065 in chips)
Seat 4: ab2666fd (76,967 in chips)
Seat 5: b0ca98d3 (68,270 in chips)
Seat 6: 5e577c39 (73,531 in chips)
Seat 7: 22ce4c35 (35,985 in chips)
Seat 8: d18146f2 (29,475 in chips)
ab2666fd: posts the ante 150
b0ca98d3: posts the ante 150
Hero: posts the ante 150
22ce4c35: posts the ante 150
d18146f2: posts the ante 150
5e577c39: posts the ante 150
bf317ea7: posts the ante 150
430a2799: posts the ante 150
Hero: posts small blind 600
430a2799: posts big blind 1,200
*** HOLE CARDS ***
Dealt to bf317ea7 
Dealt to Hero [Kh 5d]
Dealt to 430a2799 
Dealt to ab2666fd 
Dealt to b0ca98d3 
Dealt to 5e577c39 
Dealt to 22ce4c35 
Dealt to d18146f2 
ab2666fd: folds
b0ca98d3: folds
5e577c39: folds
22ce4c35: folds
d18146f2: folds
bf317ea7: raises 11,925 to 13,125 and is all-in
Hero: folds
430a2799: folds
Uncalled bet (11,925) returned to bf317ea7
*** SHOWDOWN ***
bf317ea7 collected 4,200 from pot
*** SUMMARY ***
Total pot 4,200 | Rake 0 | Jackpot 0 | Bingo 0 | Fortune 0 | Tax 0
Seat 1: bf317ea7 (button) collected (4,200)
Seat 2: Hero (small blind) folded before Flop
Seat 3: 430a2799 (big blind) folded before Flop
Seat 4: ab2666fd folded before Flop
Seat 5: b0ca98d3 folded before Flop
Seat 6: 5e577c39 folded before Flop
Seat 7: 22ce4c35 folded before Flop
Seat 8: d18146f2 folded before Flop


Poker Hand #TM2996484313: Tournament #128203816, Daily Big $20 Hold'em No Limit - Level15(600/1,200) - 2024/02/23 16:09:30
Table '41' 8-max Seat #8 is the button
Seat 1: bf317ea7 (14,025 in chips)
Seat 2: Hero (6,875 in chips)
Seat 3: 430a2799 (29,215 in chips)
Seat 4: ab2666fd (77,117 in chips)
Seat 5: b0ca98d3 (68,420 in chips)
Seat 6: 5e577c39 (76,081 in chips)
Seat 7: 22ce4c35 (30,735 in chips)
Seat 8: d18146f2 (29,625 in chips)
ab2666fd: posts the ante 150
b0ca98d3: posts the ante 150
Hero: posts the ante 150
22ce4c35: posts the ante 150
d18146f2: posts the ante 150
5e577c39: posts the ante 150
430a2799: posts the ante 150
bf317ea7: posts the ante 150
bf317ea7: posts small blind 600
Hero: posts big blind 1,200
*** HOLE CARDS ***
Dealt to bf317ea7 
Dealt to Hero [Qd 2s]
Dealt to 430a2799 
Dealt to ab2666fd 
Dealt to b0ca98d3 
Dealt to 5e577c39 
Dealt to 22ce4c35 
Dealt to d18146f2 
430a2799: folds
ab2666fd: folds
b0ca98d3: folds
5e577c39: raises 1,200 to 2,400
22ce4c35: raises 28,185 to 30,585 and is all-in
d18146f2: folds
bf317ea7: folds
Hero: folds
5e577c39: folds
Uncalled bet (28,185) returned to 22ce4c35
*** SHOWDOWN ***
22ce4c35 collected 7,800 from pot
*** SUMMARY ***
Total pot 7,800 | Rake 0 | Jackpot 0 | Bingo 0 | Fortune 0 | Tax 0
Seat 1: bf317ea7 (small blind) folded before Flop
Seat 2: Hero (big blind) folded before Flop
Seat 3: 430a2799 folded before Flop
Seat 4: ab2666fd folded before Flop
Seat 5: b0ca98d3 folded before Flop
Seat 6: 5e577c39 folded before Flop
Seat 7: 22ce4c35 collected (7,800)
Seat 8: d18146f2 (button) folded before Flop


Poker Hand #TM2996484262: Tournament #128203816, Daily Big $20 Hold'em No Limit - Level15(600/1,200) - 2024/02/23 16:08:51
Table '41' 8-max Seat #7 is the button
Seat 1: bf317ea7 (15,375 in chips)
Seat 2: Hero (7,025 in chips)
Seat 3: 430a2799 (29,365 in chips)
Seat 4: ab2666fd (77,267 in chips)
Seat 5: b0ca98d3 (68,570 in chips)
Seat 6: 5e577c39 (76,231 in chips)
Seat 7: 22ce4c35 (30,885 in chips)
Seat 8: d18146f2 (27,375 in chips)
ab2666fd: posts the ante 150
b0ca98d3: posts the ante 150
Hero: posts the ante 150
22ce4c35: posts the ante 150
5e577c39: posts the ante 150
d18146f2: posts the ante 150
430a2799: posts the ante 150
bf317ea7: posts the ante 150
d18146f2: posts small blind 600
bf317ea7: posts big blind 1,200
*** HOLE CARDS ***
Dealt to bf317ea7 
Dealt to Hero [Jd 4d]
Dealt to 430a2799 
Dealt to ab2666fd 
Dealt to b0ca98d3 
Dealt to 5e577c39 
Dealt to 22ce4c35 
Dealt to d18146f2 
Hero: folds
430a2799: folds
ab2666fd: folds
b0ca98d3: folds
5e577c39: folds
22ce4c35: folds
d18146f2: raises 26,025 to 27,225 and is all-in
bf317ea7: folds
Uncalled bet (26,025) returned to d18146f2
*** SHOWDOWN ***
d18146f2 collected 3,600 from pot
*** SUMMARY ***
Total pot 3,600 | Rake 0 | Jackpot 0 | Bingo 0 | Fortune 0 | Tax 0
Seat 1: bf317ea7 (big blind) folded before Flop
Seat 2: Hero folded before Flop
Seat 3: 430a2799 folded before Flop
Seat 4: ab2666fd folded before Flop
Seat 5: b0ca98d3 folded before Flop
Seat 6: 5e577c39 folded before Flop
Seat 7: 22ce4c35 (button) folded before Flop
Seat 8: d18146f2 (small blind) collected (3,600)


Poker Hand #TM2996484143: Tournament #128203816, Daily Big $20 Hold'em No Limit - Level15(600/1,200) - 2024/02/23 16:07:37
Table '41' 8-max Seat #6 is the button
Seat 1: bf317ea7 (15,525 in chips)
Seat 2: Hero (7,175 in chips)
Seat 3: 430a2799 (29,515 in chips)
Seat 4: ab2666fd (77,417 in chips)
Seat 5: b0ca98d3 (68,720 in chips)
Seat 6: 5e577c39 (76,381 in chips)
Seat 7: 22ce4c35 (32,235 in chips)
Seat 8: d18146f2 (25,125 in chips)
ab2666fd: posts the ante 150
b0ca98d3: posts the ante 150
Hero: posts the ante 150
22ce4c35: posts the ante 150
5e577c39: posts the ante 150
d18146f2: posts the ante 150
430a2799: posts the ante 150
bf317ea7: posts the ante 150
22ce4c35: posts small blind 600
d18146f2: posts big blind 1,200
*** HOLE CARDS ***
Dealt to bf317ea7 
Dealt to Hero [4d Ks]
Dealt to 430a2799 
Dealt to ab2666fd 
Dealt to b0ca98d3 
Dealt to 5e577c39 
Dealt to 22ce4c35 
Dealt to d18146f2 
bf317ea7: folds
Hero: folds
430a2799: folds
ab2666fd: folds
b0ca98d3: folds
5e577c39: folds
22ce4c35: calls 600
d18146f2: checks
*** FLOP *** [7d Kd Tc]
22ce4c35: checks
d18146f2: checks
*** TURN *** [7d Kd Tc] [As]
22ce4c35: checks
d18146f2: checks
*** RIVER *** [7d Kd Tc As] [Jc]
22ce4c35: checks
d18146f2: checks
22ce4c35: shows [3h 3s] (Pair of Treys)
d18146f2: shows [Td 4c] (Pair of Tens)
*** SHOWDOWN ***
d18146f2 collected 3,600 from pot
*** SUMMARY ***
Total pot 3,600 | Rake 0 | Jackpot 0 | Bingo 0 | Fortune 0 | Tax 0
Board [7d Kd Tc As Jc]
Seat 1: bf317ea7 folded before Flop
Seat 2: Hero folded before Flop
Seat 3: 430a2799 folded before Flop
Seat 4: ab2666fd folded before Flop
Seat 5: b0ca98d3 folded before Flop
Seat 6: 5e577c39 (button) folded before Flop
Seat 7: 22ce4c35 (small blind) showed [3h 3s] and lost with Pair of Treys
Seat 8: d18146f2 (big blind) showed [Td 4c] and won (3,600) with Pair of Tens


Poker Hand #TM2996484071: Tournament #128203816, Daily Big $20 Hold'em No Limit - Level15(600/1,200) - 2024/02/23 16:07:00
Table '41' 8-max Seat #5 is the button
Seat 1: bf317ea7 (15,675 in chips)
Seat 2: Hero (7,325 in chips)
Seat 3: 430a2799 (26,665 in chips)
Seat 4: ab2666fd (77,567 in chips)
Seat 5: b0ca98d3 (68,870 in chips)
Seat 6: 5e577c39 (77,131 in chips)
Seat 7: 22ce4c35 (33,585 in chips)
Seat 8: d18146f2 (25,275 in chips)
ab2666fd: posts the ante 150
b0ca98d3: posts the ante 150
Hero: posts the ante 150
22ce4c35: posts the ante 150
d18146f2: posts the ante 150
5e577c39: posts the ante 150
430a2799: posts the ante 150
bf317ea7: posts the ante 150
5e577c39: posts small blind 600
22ce4c35: posts big blind 1,200
*** HOLE CARDS ***
Dealt to bf317ea7 
Dealt to Hero [9s 4c]
Dealt to 430a2799 
Dealt to ab2666fd 
Dealt to b0ca98d3 
Dealt to 5e577c39 
Dealt to 22ce4c35 
Dealt to d18146f2 
d18146f2: folds
bf317ea7: folds
Hero: folds
430a2799: raises 1,200 to 2,400
ab2666fd: folds
b0ca98d3: folds
5e577c39: folds
22ce4c35: folds
Uncalled bet (1,200) returned to 430a2799
*** SHOWDOWN ***
430a2799 collected 4,200 from pot
*** SUMMARY ***
Total pot 4,200 | Rake 0 | Jackpot 0 | Bingo 0 | Fortune 0 | Tax 0
Seat 1: bf317ea7 folded before Flop
Seat 2: Hero folded before Flop
Seat 3: 430a2799 collected (4,200)
Seat 4: ab2666fd folded before Flop
Seat 5: b0ca98d3 (button) folded before Flop
Seat 6: 5e577c39 (small blind) folded before Flop
Seat 7: 22ce4c35 (big blind) folded before Flop
Seat 8: d18146f2 folded before Flop


Poker Hand #TM2996483949: Tournament #128203816, Daily Big $20 Hold'em No Limit - Level15(600/1,200) - 2024/02/23 16:05:41
Table '41' 8-max Seat #4 is the button
Seat 1: bf317ea7 (15,825 in chips)
Seat 2: Hero (7,475 in chips)
Seat 3: 430a2799 (26,815 in chips)
Seat 4: ab2666fd (71,339 in chips)
Seat 5: b0ca98d3 (69,620 in chips)
Seat 6: 5e577c39 (81,859 in chips)
Seat 7: 22ce4c35 (33,735 in chips)
Seat 8: d18146f2 (25,425 in chips)
ab2666fd: posts the ante 150
Hero: posts the ante 150
b0ca98d3: posts the ante 150
22ce4c35: posts the ante 150
d18146f2: posts the ante 150
5e577c39: posts the ante 150
430a2799: posts the ante 150
bf317ea7: posts the ante 150
b0ca98d3: posts small blind 600
5e577c39: posts big blind 1,200
*** HOLE CARDS ***
Dealt to bf317ea7 
Dealt to Hero [9c 7h]
Dealt to 430a2799 
Dealt to ab2666fd 
Dealt to b0ca98d3 
Dealt to 5e577c39 
Dealt to 22ce4c35 
Dealt to d18146f2 
22ce4c35: folds
d18146f2: folds
bf317ea7: folds
Hero: folds
430a2799: folds
ab2666fd: raises 1,200 to 2,400
b0ca98d3: folds
5e577c39: calls 1,200
*** FLOP *** [6d 7s Th]
5e577c39: checks
ab2666fd: bets 2,178
5e577c39: calls 2,178
*** TURN *** [6d 7s Th] [Kh]
5e577c39: checks
ab2666fd: bets 11,400
5e577c39: folds
Uncalled bet (11,400) returned to ab2666fd
*** SHOWDOWN ***
ab2666fd collected 10,956 from pot
*** SUMMARY ***
Total pot 10,956 | Rake 0 | Jackpot 0 | Bingo 0 | Fortune 0 | Tax 0
Board [6d 7s Th Kh]
Seat 1: bf317ea7 folded before Flop
Seat 2: Hero folded before Flop
Seat 3: 430a2799 folded before Flop
Seat 4: ab2666fd (button) won (10,956)
Seat 5: b0ca98d3 (small blind) folded before Flop
Seat 6: 5e577c39 (big blind) folded on the Turn
Seat 7: 22ce4c35 folded before Flop
Seat 8: d18146f2 folded before Flop


Poker Hand #TM2996483865: Tournament #128203816, Daily Big $20 Hold'em No Limit - Level15(600/1,200) - 2024/02/23 16:04:57
Table '41' 8-max Seat #3 is the button
Seat 1: bf317ea7 (12,975 in chips)
Seat 2: Hero (7,625 in chips)
Seat 3: 430a2799 (26,965 in chips)
Seat 4: ab2666fd (72,089 in chips)
Seat 5: b0ca98d3 (70,970 in chips)
Seat 6: 5e577c39 (82,009 in chips)
Seat 7: 22ce4c35 (33,885 in chips)
Seat 8: d18146f2 (25,575 in chips)
ab2666fd: posts the ante 150
Hero: posts the ante 150
b0ca98d3: posts the ante 150
22ce4c35: posts the ante 150
d18146f2: posts the ante 150
5e577c39: posts the ante 150
430a2799: posts the ante 150
bf317ea7: posts the ante 150
ab2666fd: posts small blind 600
b0ca98d3: posts big blind 1,200
*** HOLE CARDS ***
Dealt to bf317ea7 
Dealt to Hero [Kh 8s]
Dealt to 430a2799 
Dealt to ab2666fd 
Dealt to b0ca98d3 
Dealt to 5e577c39 
Dealt to 22ce4c35 
Dealt to d18146f2 
5e577c39: folds
22ce4c35: folds
d18146f2: folds
bf317ea7: raises 11,625 to 12,825 and is all-in
Hero: folds
430a2799: folds
ab2666fd: folds
b0ca98d3: folds
Uncalled bet (11,625) returned to bf317ea7
*** SHOWDOWN ***
bf317ea7 collected 4,200 from pot
*** SUMMARY ***
Total pot 4,200 | Rake 0 | Jackpot 0 | Bingo 0 | Fortune 0 | Tax 0
Seat 1: bf317ea7 collected (4,200)
Seat 2: Hero folded before Flop
Seat 3: 430a2799 (button) folded before Flop
Seat 4: ab2666fd (small blind) folded before Flop
Seat 5: b0ca98d3 (big blind) folded before Flop
Seat 6: 5e577c39 folded before Flop
Seat 7: 22ce4c35 folded before Flop
Seat 8: d18146f2 folded before Flop


Poker Hand #TM2996483742: Tournament #128203816, Daily Big $20 Hold'em No Limit - Level14(500/1,000) - 2024/02/23 16:03:39
Table '41' 8-max Seat #2 is the button
Seat 1: bf317ea7 (13,100 in chips)
Seat 2: Hero (7,750 in chips)
Seat 3: 430a2799 (27,590 in chips)
Seat 4: ab2666fd (75,589 in chips)
Seat 5: b0ca98d3 (66,220 in chips)
Seat 6: 5e577c39 (82,134 in chips)
Seat 7: 22ce4c35 (34,010 in chips)
Seat 8: d18146f2 (25,700 in chips)
ab2666fd: posts the ante 125
Hero: posts the ante 125
b0ca98d3: posts the ante 125
22ce4c35: posts the ante 125
d18146f2: posts the ante 125
5e577c39: posts the ante 125
bf317ea7: posts the ante 125
430a2799: posts the ante 125
430a2799: posts small blind 500
ab2666fd: posts big blind 1,000
*** HOLE CARDS ***
Dealt to bf317ea7 
Dealt to Hero [7d 6s]
Dealt to 430a2799 
Dealt to ab2666fd 
Dealt to b0ca98d3 
Dealt to 5e577c39 
Dealt to 22ce4c35 
Dealt to d18146f2 
b0ca98d3: raises 1,000 to 2,000
5e577c39: folds
22ce4c35: folds
d18146f2: folds
bf317ea7: folds
Hero: folds
430a2799: folds
ab2666fd: calls 1,000
*** FLOP *** [Td Tc 8s]
ab2666fd: checks
b0ca98d3: bets 1,375
ab2666fd: calls 1,375
*** TURN *** [Td Tc 8s] [4c]
ab2666fd: checks
b0ca98d3: bets 3,500
ab2666fd: folds
Uncalled bet (3,500) returned to b0ca98d3
*** SHOWDOWN ***
b0ca98d3 collected 8,250 from pot
*** SUMMARY ***
Total pot 8,250 | Rake 0 | Jackpot 0 | Bingo 0 | Fortune 0 | Tax 0
Board [Td Tc 8s 4c]
Seat 1: bf317ea7 folded before Flop
Seat 2: Hero (button) folded before Flop
Seat 3: 430a2799 (small blind) folded before Flop
Seat 4: ab2666fd (big blind) folded on the Turn
Seat 5: b0ca98d3 won (8,250)
Seat 6: 5e577c39 folded before Flop
Seat 7: 22ce4c35 folded before Flop
Seat 8: d18146f2 folded before Flop


Poker Hand #TM2996483675: Tournament #128203816, Daily Big $20 Hold'em No Limit - Level14(500/1,000) - 2024/02/23 16:02:53
Table '41' 8-max Seat #1 is the button
Seat 1: bf317ea7 (13,225 in chips)
Seat 2: Hero (8,375 in chips)
Seat 3: 430a2799 (28,715 in chips)
Seat 4: ab2666fd (75,714 in chips)
Seat 5: b0ca98d3 (63,845 in chips)
Seat 6: 5e577c39 (82,259 in chips)
Seat 7: 22ce4c35 (34,135 in chips)
Seat 8: d18146f2 (25,825 in chips)
ab2666fd: posts the ante 125
b0ca98d3: posts the ante 125
Hero: posts the ante 125
22ce4c35: posts the ante 125
d18146f2: posts the ante 125
5e577c39: posts the ante 125
bf317ea7: posts the ante 125
430a2799: posts the ante 125
Hero: posts small blind 500
430a2799: posts big blind 1,000
*** HOLE CARDS ***
Dealt to bf317ea7 
Dealt to Hero [3c Kd]
Dealt to 430a2799 
Dealt to ab2666fd 
Dealt to b0ca98d3 
Dealt to 5e577c39 
Dealt to 22ce4c35 
Dealt to d18146f2 
ab2666fd: folds
b0ca98d3: raises 1,100 to 2,100
5e577c39: folds
22ce4c35: folds
d18146f2: folds
bf317ea7: folds
Hero: folds
430a2799: folds
Uncalled bet (1,100) returned to b0ca98d3
*** SHOWDOWN ***
b0ca98d3 collected 3,500 from pot
*** SUMMARY ***
Total pot 3,500 | Rake 0 | Jackpot 0 | Bingo 0 | Fortune 0 | Tax 0
Seat 1: bf317ea7 (button) folded before Flop
Seat 2: Hero (small blind) folded before Flop
Seat 3: 430a2799 (big blind) folded before Flop
Seat 4: ab2666fd folded before Flop
Seat 5: b0ca98d3 collected (3,500)
Seat 6: 5e577c39 folded before Flop
Seat 7: 22ce4c35 folded before Flop
Seat 8: d18146f2 folded before Flop


Poker Hand #TM2996483574: Tournament #128203816, Daily Big $20 Hold'em No Limit - Level14(500/1,000) - 2024/02/23 16:02:07
Table '41' 8-max Seat #8 is the button
Seat 1: bf317ea7 (13,850 in chips)
Seat 2: Hero (9,500 in chips)
Seat 4: ab2666fd (75,839 in chips)
Seat 5: b0ca98d3 (63,970 in chips)
Seat 6: 5e577c39 (84,484 in chips)
Seat 7: 22ce4c35 (34,260 in chips)
Seat 8: d18146f2 (21,475 in chips)
ab2666fd: posts the ante 125
b0ca98d3: posts the ante 125
Hero: posts the ante 125
22ce4c35: posts the ante 125
d18146f2: posts the ante 125
5e577c39: posts the ante 125
bf317ea7: posts the ante 125
bf317ea7: posts small blind 500
Hero: posts big blind 1,000
*** HOLE CARDS ***
Dealt to bf317ea7 
Dealt to Hero [5d 3h]
Dealt to ab2666fd 
Dealt to b0ca98d3 
Dealt to 5e577c39 
Dealt to 22ce4c35 
Dealt to d18146f2 
ab2666fd: folds
b0ca98d3: folds
5e577c39: raises 1,100 to 2,100
22ce4c35: folds
d18146f2: raises 19,250 to 21,350 and is all-in
bf317ea7: folds
Hero: folds
5e577c39: folds
Uncalled bet (19,250) returned to d18146f2
*** SHOWDOWN ***
d18146f2 collected 6,575 from pot
*** SUMMARY ***
Total pot 6,575 | Rake 0 | Jackpot 0 | Bingo 0 | Fortune 0 | Tax 0
Seat 1: bf317ea7 (small blind) folded before Flop
Seat 2: Hero (big blind) folded before Flop
Seat 4: ab2666fd folded before Flop
Seat 5: b0ca98d3 folded before Flop
Seat 6: 5e577c39 folded before Flop
Seat 7: 22ce4c35 folded before Flop
Seat 8: d18146f2 (button) collected (6,575)


Poker Hand #TM2996483544: Tournament #128203816, Daily Big $20 Hold'em No Limit - Level14(500/1,000) - 2024/02/23 16:01:10
Table '41' 8-max Seat #7 is the button
Seat 1: bf317ea7 (14,975 in chips)
Seat 2: Hero (9,625 in chips)
Seat 3: 2ac73da5 (10,000 in chips)
Seat 4: ab2666fd (75,964 in chips)
Seat 5: b0ca98d3 (64,095 in chips)
Seat 6: 5e577c39 (72,234 in chips)
Seat 7: 22ce4c35 (34,385 in chips)
Seat 8: d18146f2 (22,100 in chips)
ab2666fd: posts the ante 125
b0ca98d3: posts the ante 125
Hero: posts the ante 125
22ce4c35: posts the ante 125
5e577c39: posts the ante 125
d18146f2: posts the ante 125
bf317ea7: posts the ante 125
2ac73da5: posts the ante 125
d18146f2: posts small blind 500
bf317ea7: posts big blind 1,000
*** HOLE CARDS ***
Dealt to bf317ea7 
Dealt to Hero [5d Jh]
Dealt to 2ac73da5 
Dealt to ab2666fd 
Dealt to b0ca98d3 
Dealt to 5e577c39 
Dealt to 22ce4c35 
Dealt to d18146f2 
Hero: folds
2ac73da5: raises 1,000 to 2,000
ab2666fd: folds
b0ca98d3: folds
5e577c39: calls 2,000
22ce4c35: folds
d18146f2: folds
bf317ea7: folds
*** FLOP *** [8d 3c Kc]
2ac73da5: bets 7,875 and is all-in
5e577c39: calls 7,875
2ac73da5: shows [Jc Ts] (King-High)
5e577c39: shows [Tc Ac] (Ace-High)
*** TURN *** [8d 3c Kc] [8s]
*** RIVER *** [8d 3c Kc 8s] [6s]
*** SHOWDOWN ***
5e577c39 collected 22,250 from pot
*** SUMMARY ***
Total pot 22,250 | Rake 0 | Jackpot 0 | Bingo 0 | Fortune 0 | Tax 0
Board [8d 3c Kc 8s 6s]
Seat 1: bf317ea7 (big blind) folded before Flop
Seat 2: Hero folded before Flop
Seat 3: 2ac73da5 showed [Jc Ts] and lost with Pair of Eights
Seat 4: ab2666fd folded before Flop
Seat 5: b0ca98d3 folded before Flop
Seat 6: 5e577c39 showed [Tc Ac] and won (22,250) with Pair of Eights
Seat 7: 22ce4c35 (button) folded before Flop
Seat 8: d18146f2 (small blind) folded before Flop


Poker Hand #TM2996483514: Tournament #128203816, Daily Big $20 Hold'em No Limit - Level14(500/1,000) - 2024/02/23 15:54:46
Table '41' 8-max Seat #6 is the button
Seat 1: bf317ea7 (15,100 in chips)
Seat 2: Hero (9,750 in chips)
Seat 4: ab2666fd (78,089 in chips)
Seat 5: b0ca98d3 (64,220 in chips)
Seat 6: 5e577c39 (72,359 in chips)
Seat 7: 22ce4c35 (30,635 in chips)
Seat 8: d18146f2 (23,225 in chips)
ab2666fd: posts the ante 125
b0ca98d3: posts the ante 125
Hero: posts the ante 125
22ce4c35: posts the ante 125
5e577c39: posts the ante 125
d18146f2: posts the ante 125
bf317ea7: posts the ante 125
22ce4c35: posts small blind 500
d18146f2: posts big blind 1,000
*** HOLE CARDS ***
Dealt to bf317ea7 
Dealt to Hero [Jd 8d]
Dealt to ab2666fd 
Dealt to b0ca98d3 
Dealt to 5e577c39 
Dealt to 22ce4c35 
Dealt to d18146f2 
bf317ea7: folds
Hero: folds
ab2666fd: raises 1,000 to 2,000
b0ca98d3: folds
5e577c39: folds
22ce4c35: raises 5,000 to 7,000
d18146f2: folds
ab2666fd: folds
Uncalled bet (5,000) returned to 22ce4c35
*** SHOWDOWN ***
22ce4c35 collected 5,875 from pot
*** SUMMARY ***
Total pot 5,875 | Rake 0 | Jackpot 0 | Bingo 0 | Fortune 0 | Tax 0
Seat 1: bf317ea7 folded before Flop
Seat 2: Hero folded before Flop
Seat 4: ab2666fd folded before Flop
Seat 5: b0ca98d3 folded before Flop
Seat 6: 5e577c39 (button) folded before Flop
Seat 7: 22ce4c35 (small blind) collected (5,875)
Seat 8: d18146f2 (big blind) folded before Flop


Poker Hand #TM2996483416: Tournament #128203816, Daily Big $20 Hold'em No Limit - Level14(500/1,000) - 2024/02/23 15:53:48
Table '41' 8-max Seat #5 is the button
Seat 1: bf317ea7 (15,225 in chips)
Seat 2: Hero (9,875 in chips)
Seat 3: af9c03cd (12,250 in chips)
Seat 4: ab2666fd (63,589 in chips)
Seat 5: b0ca98d3 (64,345 in chips)
Seat 6: 5e577c39 (72,984 in chips)
Seat 7: 22ce4c35 (31,760 in chips)
Seat 8: d18146f2 (23,350 in chips)
ab2666fd: posts the ante 125
af9c03cd: posts the ante 125
b0ca98d3: posts the ante 125
Hero: posts the ante 125
22ce4c35: posts the ante 125
d18146f2: posts the ante 125
5e577c39: posts the ante 125
bf317ea7: posts the ante 125
5e577c39: posts small blind 500
22ce4c35: posts big blind 1,000
*** HOLE CARDS ***
Dealt to bf317ea7 
Dealt to Hero [9d 2c]
Dealt to af9c03cd 
Dealt to ab2666fd 
Dealt to b0ca98d3 
Dealt to 5e577c39 
Dealt to 22ce4c35 
Dealt to d18146f2 
d18146f2: folds
bf317ea7: folds
Hero: folds
af9c03cd: raises 11,125 to 12,125 and is all-in
ab2666fd: calls 12,125
b0ca98d3: folds
5e577c39: folds
22ce4c35: folds
af9c03cd: shows [3c Ac]
ab2666fd: shows [7d 7s]
*** FLOP *** [3s 4s Jc]
*** TURN *** [3s 4s Jc] [6d]
*** RIVER *** [3s 4s Jc 6d] [9s]
*** SHOWDOWN ***
ab2666fd collected 26,750 from pot
*** SUMMARY ***
Total pot 26,750 | Rake 0 | Jackpot 0 | Bingo 0 | Fortune 0 | Tax 0
Board [3s 4s Jc 6d 9s]
Seat 1: bf317ea7 folded before Flop
Seat 2: Hero folded before Flop
Seat 3: af9c03cd showed [3c Ac] and lost with Pair of Treys
Seat 4: ab2666fd showed [7d 7s] and won (26,750) with Pair of Sevens
Seat 5: b0ca98d3 (button) folded before Flop
Seat 6: 5e577c39 (small blind) folded before Flop
Seat 7: 22ce4c35 (big blind) folded before Flop
Seat 8: d18146f2 folded before Flop


Poker Hand #TM2996483366: Tournament #128203816, Daily Big $20 Hold'em No Limit - Level14(500/1,000) - 2024/02/23 15:53:10
Table '41' 8-max Seat #4 is the button
Seat 1: bf317ea7 (15,350 in chips)
Seat 2: Hero (10,000 in chips)
Seat 3: af9c03cd (9,875 in chips)
Seat 4: ab2666fd (63,714 in chips)
Seat 5: b0ca98d3 (64,970 in chips)
Seat 6: 5e577c39 (74,109 in chips)
Seat 7: 22ce4c35 (31,885 in chips)
Seat 8: d18146f2 (23,475 in chips)
ab2666fd: posts the ante 125
af9c03cd: posts the ante 125
Hero: posts the ante 125
b0ca98d3: posts the ante 125
22ce4c35: posts the ante 125
d18146f2: posts the ante 125
5e577c39: posts the ante 125
bf317ea7: posts the ante 125
b0ca98d3: posts small blind 500
5e577c39: posts big blind 1,000
*** HOLE CARDS ***
Dealt to bf317ea7 
Dealt to Hero [8d Js]
Dealt to af9c03cd 
Dealt to ab2666fd 
Dealt to b0ca98d3 
Dealt to 5e577c39 
Dealt to 22ce4c35 
Dealt to d18146f2 
22ce4c35: folds
d18146f2: folds
bf317ea7: folds
Hero: folds
af9c03cd: raises 8,750 to 9,750 and is all-in
ab2666fd: folds
b0ca98d3: folds
5e577c39: folds
Uncalled bet (8,750) returned to af9c03cd
*** SHOWDOWN ***
af9c03cd collected 3,500 from pot
*** SUMMARY ***
Total pot 3,500 | Rake 0 | Jackpot 0 | Bingo 0 | Fortune 0 | Tax 0
Seat 1: bf317ea7 folded before Flop
Seat 2: Hero folded before Flop
Seat 3: af9c03cd collected (3,500)
Seat 4: ab2666fd (button) folded before Flop
Seat 5: b0ca98d3 (small blind) folded before Flop
Seat 6: 5e577c39 (big blind) folded before Flop
Seat 7: 22ce4c35 folded before Flop
Seat 8: d18146f2 folded before Flop


