Poker Hand #TM2937290411: Tournament #125496200, Daily Big $20 Hold'em No Limit - Level14(500/1,000) - 2024/02/07 15:50:45
Table '22' 8-max Seat #1 is the button
Seat 1: e6012d0e (16,072 in chips)
Seat 2: 22825105 (26,800 in chips)
Seat 3: 65efc515 (26,264 in chips)
Seat 4: e0ecdfb6 (14,511 in chips)
Seat 5: Hero (10,920 in chips)
Seat 6: 38bb9f48 (36,087 in chips)
Seat 7: cc8a783f (50,165 in chips)
Seat 8: cbb75f0d (16,555 in chips)
65efc515: posts the ante 125
cc8a783f: posts the ante 125
e6012d0e: posts the ante 125
cbb75f0d: posts the ante 125
Hero: posts the ante 125
22825105: posts the ante 125
e0ecdfb6: posts the ante 125
38bb9f48: posts the ante 125
22825105: posts small blind 500
65efc515: posts big blind 1,000
*** HOLE CARDS ***
Dealt to e6012d0e 
Dealt to 22825105 
Dealt to 65efc515 
Dealt to e0ecdfb6 
Dealt to Hero [Ac 9c]
Dealt to 38bb9f48 
Dealt to cc8a783f 
Dealt to cbb75f0d 
e0ecdfb6: folds
Hero: raises 9,795 to 10,795 and is all-in
38bb9f48: folds
cc8a783f: raises 39,245 to 50,040 and is all-in
cbb75f0d: folds
e6012d0e: folds
22825105: folds
65efc515: folds
Uncalled bet (39,245) returned to cc8a783f
cc8a783f: shows [Js Ah]
Hero: shows [Ac 9c]
*** FLOP *** [Th 7h 3s]
*** TURN *** [Th 7h 3s] [3d]
*** RIVER *** [Th 7h 3s 3d] [5d]
*** SHOWDOWN ***
cc8a783f collected 24,090 from pot
*** SUMMARY ***
Total pot 24,090 | Rake 0 | Jackpot 0 | Bingo 0 | Fortune 0 | Tax 0
Board [Th 7h 3s 3d 5d]
Seat 1: e6012d0e (button) folded before Flop
Seat 2: 22825105 (small blind) folded before Flop
Seat 3: 65efc515 (big blind) folded before Flop
Seat 4: e0ecdfb6 folded before Flop
Seat 5: Hero showed [Ac 9c] and lost with Pair of Treys
Seat 6: 38bb9f48 folded before Flop
Seat 7: cc8a783f showed [Js Ah] and won (24,090) with Pair of Treys
Seat 8: cbb75f0d folded before Flop


Poker Hand #TM2937290360: Tournament #125496200, Daily Big $20 Hold'em No Limit - Level13(400/800) - 2024/02/07 15:49:53
Table '22' 8-max Seat #8 is the button
Seat 1: e6012d0e (13,072 in chips)
Seat 2: 22825105 (27,700 in chips)
Seat 3: 65efc515 (26,364 in chips)
Seat 4: e0ecdfb6 (14,611 in chips)
Seat 5: Hero (12,620 in chips)
Seat 7: cc8a783f (50,265 in chips)
Seat 8: cbb75f0d (16,655 in chips)
65efc515: posts the ante 100
cc8a783f: posts the ante 100
cbb75f0d: posts the ante 100
e6012d0e: posts the ante 100
Hero: posts the ante 100
22825105: posts the ante 100
e0ecdfb6: posts the ante 100
e6012d0e: posts small blind 400
22825105: posts big blind 800
*** HOLE CARDS ***
Dealt to e6012d0e 
Dealt to 22825105 
Dealt to 65efc515 
Dealt to e0ecdfb6 
Dealt to Hero [9d Td]
Dealt to cc8a783f 
Dealt to cbb75f0d 
65efc515: folds
e0ecdfb6: folds
Hero: raises 800 to 1,600
cc8a783f: folds
cbb75f0d: folds
e6012d0e: raises 11,372 to 12,972 and is all-in
22825105: folds
Hero: folds
Uncalled bet (11,372) returned to e6012d0e
*** SHOWDOWN ***
e6012d0e collected 4,700 from pot
*** SUMMARY ***
Total pot 4,700 | Rake 0 | Jackpot 0 | Bingo 0 | Fortune 0 | Tax 0
Seat 1: e6012d0e (small blind) collected (4,700)
Seat 2: 22825105 (big blind) folded before Flop
Seat 3: 65efc515 folded before Flop
Seat 4: e0ecdfb6 folded before Flop
Seat 5: Hero folded before Flop
Seat 7: cc8a783f folded before Flop
Seat 8: cbb75f0d (button) folded before Flop


Poker Hand #TM2937290220: Tournament #125496200, Daily Big $20 Hold'em No Limit - Level13(400/800) - 2024/02/07 15:47:31
Table '22' 8-max Seat #7 is the button
Seat 1: e6012d0e (13,972 in chips)
Seat 2: 22825105 (27,800 in chips)
Seat 3: 65efc515 (26,464 in chips)
Seat 4: e0ecdfb6 (17,923 in chips)
Seat 5: Hero (12,720 in chips)
Seat 6: a2d4257e (25,745 in chips)
Seat 7: cc8a783f (45,153 in chips)
Seat 8: cbb75f0d (17,155 in chips)
65efc515: posts the ante 100
cc8a783f: posts the ante 100
e6012d0e: posts the ante 100
cbb75f0d: posts the ante 100
Hero: posts the ante 100
a2d4257e: posts the ante 100
22825105: posts the ante 100
e0ecdfb6: posts the ante 100
cbb75f0d: posts small blind 400
e6012d0e: posts big blind 800
*** HOLE CARDS ***
Dealt to e6012d0e 
Dealt to 22825105 
Dealt to 65efc515 
Dealt to e0ecdfb6 
Dealt to Hero [9s 2c]
Dealt to a2d4257e 
Dealt to cc8a783f 
Dealt to cbb75f0d 
22825105: folds
65efc515: folds
e0ecdfb6: raises 800 to 1,600
Hero: folds
a2d4257e: folds
cc8a783f: calls 1,600
cbb75f0d: folds
e6012d0e: folds
*** FLOP *** [7c Tc 7h]
e0ecdfb6: checks
cc8a783f: bets 1,612
e0ecdfb6: calls 1,612
*** TURN *** [7c Tc 7h] [9c]
e0ecdfb6: checks
cc8a783f: checks
*** RIVER *** [7c Tc 7h 9c] [4s]
e0ecdfb6: checks
cc8a783f: bets 2,612
e0ecdfb6: folds
Uncalled bet (2,612) returned to cc8a783f
*** SHOWDOWN ***
cc8a783f collected 8,424 from pot
*** SUMMARY ***
Total pot 8,424 | Rake 0 | Jackpot 0 | Bingo 0 | Fortune 0 | Tax 0
Board [7c Tc 7h 9c 4s]
Seat 1: e6012d0e (big blind) folded before Flop
Seat 2: 22825105 folded before Flop
Seat 3: 65efc515 folded before Flop
Seat 4: e0ecdfb6 folded on the River
Seat 5: Hero folded before Flop
Seat 6: a2d4257e folded before Flop
Seat 7: cc8a783f (button) won (8,424)
Seat 8: cbb75f0d (small blind) folded before Flop


Poker Hand #TM2937290176: Tournament #125496200, Daily Big $20 Hold'em No Limit - Level13(400/800) - 2024/02/07 15:46:52
Table '22' 8-max Seat #6 is the button
Seat 1: e6012d0e (12,072 in chips)
Seat 2: 22825105 (27,900 in chips)
Seat 3: 65efc515 (26,564 in chips)
Seat 4: e0ecdfb6 (18,023 in chips)
Seat 5: Hero (12,820 in chips)
Seat 6: a2d4257e (25,845 in chips)
Seat 7: cc8a783f (45,653 in chips)
Seat 8: cbb75f0d (18,055 in chips)
65efc515: posts the ante 100
cc8a783f: posts the ante 100
e6012d0e: posts the ante 100
cbb75f0d: posts the ante 100
Hero: posts the ante 100
a2d4257e: posts the ante 100
22825105: posts the ante 100
e0ecdfb6: posts the ante 100
cc8a783f: posts small blind 400
cbb75f0d: posts big blind 800
*** HOLE CARDS ***
Dealt to e6012d0e 
Dealt to 22825105 
Dealt to 65efc515 
Dealt to e0ecdfb6 
Dealt to Hero [7c 5c]
Dealt to a2d4257e 
Dealt to cc8a783f 
Dealt to cbb75f0d 
e6012d0e: raises 800 to 1,600
22825105: folds
65efc515: folds
e0ecdfb6: folds
Hero: folds
a2d4257e: folds
cc8a783f: folds
cbb75f0d: folds
Uncalled bet (800) returned to e6012d0e
*** SHOWDOWN ***
e6012d0e collected 2,800 from pot
*** SUMMARY ***
Total pot 2,800 | Rake 0 | Jackpot 0 | Bingo 0 | Fortune 0 | Tax 0
Seat 1: e6012d0e collected (2,800)
Seat 2: 22825105 folded before Flop
Seat 3: 65efc515 folded before Flop
Seat 4: e0ecdfb6 folded before Flop
Seat 5: Hero folded before Flop
Seat 6: a2d4257e (button) folded before Flop
Seat 7: cc8a783f (small blind) folded before Flop
Seat 8: cbb75f0d (big blind) folded before Flop


Poker Hand #TM2937290121: Tournament #125496200, Daily Big $20 Hold'em No Limit - Level13(400/800) - 2024/02/07 15:46:07
Table '22' 8-max Seat #5 is the button
Seat 1: e6012d0e (12,172 in chips)
Seat 2: 22825105 (28,000 in chips)
Seat 3: 65efc515 (26,664 in chips)
Seat 4: e0ecdfb6 (18,123 in chips)
Seat 5: Hero (10,920 in chips)
Seat 6: a2d4257e (26,345 in chips)
Seat 7: cc8a783f (46,553 in chips)
Seat 8: cbb75f0d (18,155 in chips)
65efc515: posts the ante 100
cc8a783f: posts the ante 100
e6012d0e: posts the ante 100
cbb75f0d: posts the ante 100
Hero: posts the ante 100
a2d4257e: posts the ante 100
22825105: posts the ante 100
e0ecdfb6: posts the ante 100
a2d4257e: posts small blind 400
cc8a783f: posts big blind 800
*** HOLE CARDS ***
Dealt to e6012d0e 
Dealt to 22825105 
Dealt to 65efc515 
Dealt to e0ecdfb6 
Dealt to Hero [Qh Kd]
Dealt to a2d4257e 
Dealt to cc8a783f 
Dealt to cbb75f0d 
cbb75f0d: folds
e6012d0e: folds
22825105: folds
65efc515: folds
e0ecdfb6: folds
Hero: raises 10,020 to 10,820 and is all-in
a2d4257e: folds
cc8a783f: folds
Uncalled bet (10,020) returned to Hero
*** SHOWDOWN ***
Hero collected 2,800 from pot
*** SUMMARY ***
Total pot 2,800 | Rake 0 | Jackpot 0 | Bingo 0 | Fortune 0 | Tax 0
Seat 1: e6012d0e folded before Flop
Seat 2: 22825105 folded before Flop
Seat 3: 65efc515 folded before Flop
Seat 4: e0ecdfb6 folded before Flop
Seat 5: Hero (button) collected (2,800)
Seat 6: a2d4257e (small blind) folded before Flop
Seat 7: cc8a783f (big blind) folded before Flop
Seat 8: cbb75f0d folded before Flop


Poker Hand #TM2937290084: Tournament #125496200, Daily Big $20 Hold'em No Limit - Level13(400/800) - 2024/02/07 15:45:26
Table '22' 8-max Seat #4 is the button
Seat 1: e6012d0e (12,272 in chips)
Seat 2: 22825105 (28,100 in chips)
Seat 3: 65efc515 (26,764 in chips)
Seat 4: e0ecdfb6 (19,823 in chips)
Seat 5: Hero (11,420 in chips)
Seat 6: a2d4257e (23,645 in chips)
Seat 7: cc8a783f (46,653 in chips)
Seat 8: cbb75f0d (18,255 in chips)
65efc515: posts the ante 100
cc8a783f: posts the ante 100
e6012d0e: posts the ante 100
cbb75f0d: posts the ante 100
Hero: posts the ante 100
a2d4257e: posts the ante 100
22825105: posts the ante 100
e0ecdfb6: posts the ante 100
Hero: posts small blind 400
a2d4257e: posts big blind 800
*** HOLE CARDS ***
Dealt to e6012d0e 
Dealt to 22825105 
Dealt to 65efc515 
Dealt to e0ecdfb6 
Dealt to Hero [4h Td]
Dealt to a2d4257e 
Dealt to cc8a783f 
Dealt to cbb75f0d 
cc8a783f: folds
cbb75f0d: folds
e6012d0e: folds
22825105: folds
65efc515: folds
e0ecdfb6: raises 800 to 1,600
Hero: folds
a2d4257e: raises 21,945 to 23,545 and is all-in
e0ecdfb6: folds
Uncalled bet (21,945) returned to a2d4257e
*** SHOWDOWN ***
a2d4257e collected 4,400 from pot
*** SUMMARY ***
Total pot 4,400 | Rake 0 | Jackpot 0 | Bingo 0 | Fortune 0 | Tax 0
Seat 1: e6012d0e folded before Flop
Seat 2: 22825105 folded before Flop
Seat 3: 65efc515 folded before Flop
Seat 4: e0ecdfb6 (button) folded before Flop
Seat 5: Hero (small blind) folded before Flop
Seat 6: a2d4257e (big blind) collected (4,400)
Seat 7: cc8a783f folded before Flop
Seat 8: cbb75f0d folded before Flop


Poker Hand #TM2937289983: Tournament #125496200, Daily Big $20 Hold'em No Limit - Level13(400/800) - 2024/02/07 15:43:55
Table '22' 8-max Seat #3 is the button
Seat 1: e6012d0e (12,372 in chips)
Seat 2: 22825105 (29,800 in chips)
Seat 3: 65efc515 (28,464 in chips)
Seat 4: e0ecdfb6 (20,323 in chips)
Seat 5: Hero (7,120 in chips)
Seat 6: a2d4257e (23,745 in chips)
Seat 7: cc8a783f (46,753 in chips)
Seat 8: cbb75f0d (18,355 in chips)
65efc515: posts the ante 100
cc8a783f: posts the ante 100
e6012d0e: posts the ante 100
cbb75f0d: posts the ante 100
Hero: posts the ante 100
a2d4257e: posts the ante 100
22825105: posts the ante 100
e0ecdfb6: posts the ante 100
e0ecdfb6: posts small blind 400
Hero: posts big blind 800
*** HOLE CARDS ***
Dealt to e6012d0e 
Dealt to 22825105 
Dealt to 65efc515 
Dealt to e0ecdfb6 
Dealt to Hero [6h 7h]
Dealt to a2d4257e 
Dealt to cc8a783f 
Dealt to cbb75f0d 
a2d4257e: folds
cc8a783f: folds
cbb75f0d: folds
e6012d0e: folds
22825105: raises 800 to 1,600
65efc515: calls 1,600
e0ecdfb6: folds
Hero: calls 800
*** FLOP *** [Ac 3s 9c]
Hero: checks
22825105: checks
65efc515: checks
*** TURN *** [Ac 3s 9c] [8s]
Hero: checks
22825105: checks
65efc515: checks
*** RIVER *** [Ac 3s 9c 8s] [5s]
Hero: bets 2,300
22825105: folds
65efc515: folds
Uncalled bet (2,300) returned to Hero
*** SHOWDOWN ***
Hero collected 6,000 from pot
*** SUMMARY ***
Total pot 6,000 | Rake 0 | Jackpot 0 | Bingo 0 | Fortune 0 | Tax 0
Board [Ac 3s 9c 8s 5s]
Seat 1: e6012d0e folded before Flop
Seat 2: 22825105 folded on the River
Seat 3: 65efc515 (button) folded on the River
Seat 4: e0ecdfb6 (small blind) folded before Flop
Seat 5: Hero (big blind) won (6,000)
Seat 6: a2d4257e folded before Flop
Seat 7: cc8a783f folded before Flop
Seat 8: cbb75f0d folded before Flop


Poker Hand #TM2937289936: Tournament #125496200, Daily Big $20 Hold'em No Limit - Level13(400/800) - 2024/02/07 15:43:10
Table '22' 8-max Seat #2 is the button
Seat 1: e6012d0e (12,472 in chips)
Seat 2: 22825105 (29,900 in chips)
Seat 3: 65efc515 (28,964 in chips)
Seat 4: e0ecdfb6 (16,023 in chips)
Seat 5: Hero (7,220 in chips)
Seat 6: a2d4257e (23,845 in chips)
Seat 7: cc8a783f (48,453 in chips)
Seat 8: cbb75f0d (20,055 in chips)
65efc515: posts the ante 100
cc8a783f: posts the ante 100
e6012d0e: posts the ante 100
cbb75f0d: posts the ante 100
Hero: posts the ante 100
a2d4257e: posts the ante 100
22825105: posts the ante 100
e0ecdfb6: posts the ante 100
65efc515: posts small blind 400
e0ecdfb6: posts big blind 800
*** HOLE CARDS ***
Dealt to e6012d0e 
Dealt to 22825105 
Dealt to 65efc515 
Dealt to e0ecdfb6 
Dealt to Hero [2h 7d]
Dealt to a2d4257e 
Dealt to cc8a783f 
Dealt to cbb75f0d 
Hero: folds
a2d4257e: folds
cc8a783f: raises 800 to 1,600
cbb75f0d: calls 1,600
e6012d0e: folds
22825105: folds
65efc515: folds
e0ecdfb6: raises 14,323 to 15,923 and is all-in
cc8a783f: folds
cbb75f0d: folds
Uncalled bet (14,323) returned to e0ecdfb6
*** SHOWDOWN ***
e0ecdfb6 collected 6,000 from pot
*** SUMMARY ***
Total pot 6,000 | Rake 0 | Jackpot 0 | Bingo 0 | Fortune 0 | Tax 0
Seat 1: e6012d0e folded before Flop
Seat 2: 22825105 (button) folded before Flop
Seat 3: 65efc515 (small blind) folded before Flop
Seat 4: e0ecdfb6 (big blind) collected (6,000)
Seat 5: Hero folded before Flop
Seat 6: a2d4257e folded before Flop
Seat 7: cc8a783f folded before Flop
Seat 8: cbb75f0d folded before Flop


Poker Hand #TM2937289916: Tournament #125496200, Daily Big $20 Hold'em No Limit - Level13(400/800) - 2024/02/07 15:42:47
Table '22' 8-max Seat #1 is the button
Seat 1: e6012d0e (12,572 in chips)
Seat 2: 22825105 (30,400 in chips)
Seat 3: 65efc515 (27,864 in chips)
Seat 4: e0ecdfb6 (16,123 in chips)
Seat 5: Hero (7,320 in chips)
Seat 6: a2d4257e (23,945 in chips)
Seat 7: cc8a783f (48,553 in chips)
Seat 8: cbb75f0d (20,155 in chips)
65efc515: posts the ante 100
cc8a783f: posts the ante 100
e6012d0e: posts the ante 100
cbb75f0d: posts the ante 100
Hero: posts the ante 100
a2d4257e: posts the ante 100
22825105: posts the ante 100
e0ecdfb6: posts the ante 100
22825105: posts small blind 400
65efc515: posts big blind 800
*** HOLE CARDS ***
Dealt to e6012d0e 
Dealt to 22825105 
Dealt to 65efc515 
Dealt to e0ecdfb6 
Dealt to Hero [5h As]
Dealt to a2d4257e 
Dealt to cc8a783f 
Dealt to cbb75f0d 
e0ecdfb6: folds
Hero: folds
a2d4257e: folds
cc8a783f: folds
cbb75f0d: folds
e6012d0e: folds
22825105: folds
Uncalled bet (400) returned to 65efc515
*** SHOWDOWN ***
65efc515 collected 1,600 from pot
*** SUMMARY ***
Total pot 1,600 | Rake 0 | Jackpot 0 | Bingo 0 | Fortune 0 | Tax 0
Seat 1: e6012d0e (button) folded before Flop
Seat 2: 22825105 (small blind) folded before Flop
Seat 3: 65efc515 (big blind) collected (1,600)
Seat 4: e0ecdfb6 folded before Flop
Seat 5: Hero folded before Flop
Seat 6: a2d4257e folded before Flop
Seat 7: cc8a783f folded before Flop
Seat 8: cbb75f0d folded before Flop


Poker Hand #TM2937289884: Tournament #125496200, Daily Big $20 Hold'em No Limit - Level13(400/800) - 2024/02/07 15:42:26
Table '22' 8-max Seat #8 is the button
Seat 1: e6012d0e (13,072 in chips)
Seat 2: 22825105 (31,300 in chips)
Seat 3: 65efc515 (25,964 in chips)
Seat 4: e0ecdfb6 (16,223 in chips)
Seat 5: Hero (7,420 in chips)
Seat 6: a2d4257e (24,045 in chips)
Seat 7: cc8a783f (48,653 in chips)
Seat 8: cbb75f0d (20,255 in chips)
65efc515: posts the ante 100
cc8a783f: posts the ante 100
cbb75f0d: posts the ante 100
e6012d0e: posts the ante 100
Hero: posts the ante 100
a2d4257e: posts the ante 100
22825105: posts the ante 100
e0ecdfb6: posts the ante 100
e6012d0e: posts small blind 400
22825105: posts big blind 800
*** HOLE CARDS ***
Dealt to e6012d0e 
Dealt to 22825105 
Dealt to 65efc515 
Dealt to e0ecdfb6 
Dealt to Hero [4h Jh]
Dealt to a2d4257e 
Dealt to cc8a783f 
Dealt to cbb75f0d 
65efc515: raises 880 to 1,680
e0ecdfb6: folds
Hero: folds
a2d4257e: folds
cc8a783f: folds
cbb75f0d: folds
e6012d0e: folds
22825105: folds
Uncalled bet (880) returned to 65efc515
*** SHOWDOWN ***
65efc515 collected 2,800 from pot
*** SUMMARY ***
Total pot 2,800 | Rake 0 | Jackpot 0 | Bingo 0 | Fortune 0 | Tax 0
Seat 1: e6012d0e (small blind) folded before Flop
Seat 2: 22825105 (big blind) folded before Flop
Seat 3: 65efc515 collected (2,800)
Seat 4: e0ecdfb6 folded before Flop
Seat 5: Hero folded before Flop
Seat 6: a2d4257e folded before Flop
Seat 7: cc8a783f folded before Flop
Seat 8: cbb75f0d (button) folded before Flop


Poker Hand #TM2937289815: Tournament #125496200, Daily Big $20 Hold'em No Limit - Level12(350/700) - 2024/02/07 15:41:19
Table '22' 8-max Seat #7 is the button
Seat 1: e6012d0e (14,557 in chips)
Seat 2: 22825105 (31,385 in chips)
Seat 3: 65efc515 (26,049 in chips)
Seat 4: e0ecdfb6 (19,434 in chips)
Seat 5: Hero (7,505 in chips)
Seat 6: a2d4257e (24,130 in chips)
Seat 7: cc8a783f (43,182 in chips)
Seat 8: cbb75f0d (20,690 in chips)
65efc515: posts the ante 85
cc8a783f: posts the ante 85
e6012d0e: posts the ante 85
cbb75f0d: posts the ante 85
Hero: posts the ante 85
a2d4257e: posts the ante 85
22825105: posts the ante 85
e0ecdfb6: posts the ante 85
cbb75f0d: posts small blind 350
e6012d0e: posts big blind 700
*** HOLE CARDS ***
Dealt to e6012d0e 
Dealt to 22825105 
Dealt to 65efc515 
Dealt to e0ecdfb6 
Dealt to Hero [4d 9d]
Dealt to a2d4257e 
Dealt to cc8a783f 
Dealt to cbb75f0d 
22825105: folds
65efc515: folds
e0ecdfb6: raises 700 to 1,400
Hero: folds
a2d4257e: folds
cc8a783f: calls 1,400
cbb75f0d: folds
e6012d0e: calls 700
*** FLOP *** [8c Jd 6d]
e6012d0e: checks
e0ecdfb6: bets 1,726
cc8a783f: raises 3,174 to 4,900
e6012d0e: folds
e0ecdfb6: folds
Uncalled bet (3,174) returned to cc8a783f
*** SHOWDOWN ***
cc8a783f collected 8,682 from pot
*** SUMMARY ***
Total pot 8,682 | Rake 0 | Jackpot 0 | Bingo 0 | Fortune 0 | Tax 0
Board [8c Jd 6d]
Seat 1: e6012d0e (big blind) folded on the Flop
Seat 2: 22825105 folded before Flop
Seat 3: 65efc515 folded before Flop
Seat 4: e0ecdfb6 folded on the Flop
Seat 5: Hero folded before Flop
Seat 6: a2d4257e folded before Flop
Seat 7: cc8a783f (button) won (8,682)
Seat 8: cbb75f0d (small blind) folded before Flop


Poker Hand #TM2937289743: Tournament #125496200, Daily Big $20 Hold'em No Limit - Level12(350/700) - 2024/02/07 15:40:16
Table '22' 8-max Seat #6 is the button
Seat 1: e6012d0e (14,642 in chips)
Seat 2: 22825105 (31,470 in chips)
Seat 3: 65efc515 (26,134 in chips)
Seat 4: e0ecdfb6 (19,519 in chips)
Seat 5: Hero (7,590 in chips)
Seat 6: a2d4257e (34,045 in chips)
Seat 7: cc8a783f (43,617 in chips)
Seat 8: cbb75f0d (9,915 in chips)
65efc515: posts the ante 85
cc8a783f: posts the ante 85
e6012d0e: posts the ante 85
cbb75f0d: posts the ante 85
Hero: posts the ante 85
a2d4257e: posts the ante 85
22825105: posts the ante 85
e0ecdfb6: posts the ante 85
cc8a783f: posts small blind 350
cbb75f0d: posts big blind 700
*** HOLE CARDS ***
Dealt to e6012d0e 
Dealt to 22825105 
Dealt to 65efc515 
Dealt to e0ecdfb6 
Dealt to Hero [4s 3d]
Dealt to a2d4257e 
Dealt to cc8a783f 
Dealt to cbb75f0d 
e6012d0e: folds
22825105: folds
65efc515: folds
e0ecdfb6: folds
Hero: folds
a2d4257e: raises 700 to 1,400
cc8a783f: folds
cbb75f0d: raises 8,430 to 9,830 and is all-in
a2d4257e: calls 8,430
cbb75f0d: shows [8h Ah]
a2d4257e: shows [4d 4h]
*** FLOP *** [Kc Kh As]
*** TURN *** [Kc Kh As] [2d]
*** RIVER *** [Kc Kh As 2d] [Js]
*** SHOWDOWN ***
cbb75f0d collected 20,690 from pot
*** SUMMARY ***
Total pot 20,690 | Rake 0 | Jackpot 0 | Bingo 0 | Fortune 0 | Tax 0
Board [Kc Kh As 2d Js]
Seat 1: e6012d0e folded before Flop
Seat 2: 22825105 folded before Flop
Seat 3: 65efc515 folded before Flop
Seat 4: e0ecdfb6 folded before Flop
Seat 5: Hero folded before Flop
Seat 6: a2d4257e (button) showed [4d 4h] and lost with Pair of Kings and Pair of Fours
Seat 7: cc8a783f (small blind) folded before Flop
Seat 8: cbb75f0d (big blind) showed [8h Ah] and won (20,690) with Pair of Aces and Pair of Kings


Poker Hand #TM2937289671: Tournament #125496200, Daily Big $20 Hold'em No Limit - Level12(350/700) - 2024/02/07 15:39:12
Table '22' 8-max Seat #5 is the button
Seat 1: e6012d0e (14,727 in chips)
Seat 3: 65efc515 (26,219 in chips)
Seat 4: e0ecdfb6 (19,604 in chips)
Seat 5: Hero (6,030 in chips)
Seat 6: a2d4257e (34,480 in chips)
Seat 7: cc8a783f (44,402 in chips)
Seat 8: cbb75f0d (10,000 in chips)
65efc515: posts the ante 85
cc8a783f: posts the ante 85
e6012d0e: posts the ante 85
cbb75f0d: posts the ante 85
Hero: posts the ante 85
a2d4257e: posts the ante 85
e0ecdfb6: posts the ante 85
a2d4257e: posts small blind 350
cc8a783f: posts big blind 700
*** HOLE CARDS ***
Dealt to e6012d0e 
Dealt to 65efc515 
Dealt to e0ecdfb6 
Dealt to Hero [Qh Td]
Dealt to a2d4257e 
Dealt to cc8a783f 
Dealt to cbb75f0d 
cbb75f0d: folds
e6012d0e: folds
65efc515: folds
e0ecdfb6: folds
Hero: raises 2,800 to 3,500
a2d4257e: folds
cc8a783f: folds
Uncalled bet (2,800) returned to Hero
*** SHOWDOWN ***
Hero collected 2,345 from pot
*** SUMMARY ***
Total pot 2,345 | Rake 0 | Jackpot 0 | Bingo 0 | Fortune 0 | Tax 0
Seat 1: e6012d0e folded before Flop
Seat 3: 65efc515 folded before Flop
Seat 4: e0ecdfb6 folded before Flop
Seat 5: Hero (button) collected (2,345)
Seat 6: a2d4257e (small blind) folded before Flop
Seat 7: cc8a783f (big blind) folded before Flop
Seat 8: cbb75f0d folded before Flop


Poker Hand #TM2937289584: Tournament #125496200, Daily Big $20 Hold'em No Limit - Level12(350/700) - 2024/02/07 15:37:46
Table '22' 8-max Seat #4 is the button
Seat 1: e6012d0e (14,812 in chips)
Seat 2: 71a527fe (10,000 in chips)
Seat 3: 65efc515 (26,304 in chips)
Seat 4: e0ecdfb6 (19,689 in chips)
Seat 5: Hero (6,465 in chips)
Seat 6: a2d4257e (20,905 in chips)
Seat 7: cc8a783f (47,287 in chips)
65efc515: posts the ante 85
cc8a783f: posts the ante 85
71a527fe: posts the ante 85
e6012d0e: posts the ante 85
Hero: posts the ante 85
a2d4257e: posts the ante 85
e0ecdfb6: posts the ante 85
Hero: posts small blind 350
a2d4257e: posts big blind 700
*** HOLE CARDS ***
Dealt to e6012d0e 
Dealt to 71a527fe 
Dealt to 65efc515 
Dealt to e0ecdfb6 
Dealt to Hero [7c Jh]
Dealt to a2d4257e 
Dealt to cc8a783f 
cc8a783f: raises 700 to 1,400
e6012d0e: folds
71a527fe: calls 1,400
65efc515: folds
e0ecdfb6: folds
Hero: folds
a2d4257e: calls 700
*** FLOP *** [3s Ks 2d]
a2d4257e: checks
cc8a783f: bets 1,400
71a527fe: raises 2,800 to 4,200
a2d4257e: raises 15,220 to 19,420 and is all-in
cc8a783f: folds
71a527fe: calls 4,315 and is all-in
Uncalled bet (10,905) returned to a2d4257e
a2d4257e: shows [As 4s] (Ace-High)
71a527fe: shows [Td Kc] (Pair of Kings)
*** TURN *** [3s Ks 2d] [3h]
*** RIVER *** [3s Ks 2d 3h] [5s]
*** SHOWDOWN ***
a2d4257e collected 23,575 from pot
*** SUMMARY ***
Total pot 23,575 | Rake 0 | Jackpot 0 | Bingo 0 | Fortune 0 | Tax 0
Board [3s Ks 2d 3h 5s]
Seat 1: e6012d0e folded before Flop
Seat 2: 71a527fe showed [Td Kc] and lost with Pair of Kings and Pair of Treys
Seat 3: 65efc515 folded before Flop
Seat 4: e0ecdfb6 (button) folded before Flop
Seat 5: Hero (small blind) folded before Flop
Seat 6: a2d4257e (big blind) showed [As 4s] and won (23,575) with Ace High Flush
Seat 7: cc8a783f folded on the Flop


Poker Hand #TM2937289516: Tournament #125496200, Daily Big $20 Hold'em No Limit - Level12(350/700) - 2024/02/07 15:36:45
Table '22' 8-max Seat #3 is the button
Seat 1: e6012d0e (14,897 in chips)
Seat 3: 65efc515 (29,925 in chips)
Seat 4: e0ecdfb6 (20,124 in chips)
Seat 5: Hero (7,250 in chips)
Seat 6: a2d4257e (6,505 in chips)
Seat 7: cc8a783f (47,372 in chips)
Seat 8: 1fa6e0f8 (9,389 in chips)
65efc515: posts the ante 85
cc8a783f: posts the ante 85
e6012d0e: posts the ante 85
Hero: posts the ante 85
a2d4257e: posts the ante 85
1fa6e0f8: posts the ante 85
e0ecdfb6: posts the ante 85
e0ecdfb6: posts small blind 350
Hero: posts big blind 700
*** HOLE CARDS ***
Dealt to e6012d0e 
Dealt to 65efc515 
Dealt to e0ecdfb6 
Dealt to Hero [Th Jd]
Dealt to a2d4257e 
Dealt to cc8a783f 
Dealt to 1fa6e0f8 
a2d4257e: raises 5,720 to 6,420 and is all-in
cc8a783f: folds
1fa6e0f8: raises 2,884 to 9,304 and is all-in
e6012d0e: folds
65efc515: raises 20,536 to 29,840 and is all-in
e0ecdfb6: folds
Hero: folds
Uncalled bet (20,536) returned to 65efc515
65efc515: shows [Ad Kc]
a2d4257e: shows [9c 9d]
1fa6e0f8: shows [Qd Ah]
*** FLOP *** [8d 6d 2d]
*** TURN *** [8d 6d 2d] [Tc]
*** RIVER *** [8d 6d 2d Tc] [8s]
*** SHOWDOWN ***
a2d4257e collected 20,905 from pot
65efc515 collected 5,768 from pot
*** SUMMARY ***
Total pot 26,673 | Rake 0 | Jackpot 0 | Bingo 0 | Fortune 0 | Tax 0
Board [8d 6d 2d Tc 8s]
Seat 1: e6012d0e folded before Flop
Seat 3: 65efc515 (button) showed [Ad Kc] and won (5,768) with Pair of Eights
Seat 4: e0ecdfb6 (small blind) folded before Flop
Seat 5: Hero (big blind) folded before Flop
Seat 6: a2d4257e showed [9c 9d] and won (20,905) with Pair of Nines and Pair of Eights
Seat 7: cc8a783f folded before Flop
Seat 8: 1fa6e0f8 showed [Qd Ah] and lost with Pair of Eights


Poker Hand #TM2937289462: Tournament #125496200, Daily Big $20 Hold'em No Limit - Level12(350/700) - 2024/02/07 15:35:55
Table '22' 8-max Seat #2 is the button
Seat 1: e6012d0e (14,982 in chips)
Seat 2: 986c7f92 (7,325 in chips)
Seat 3: 65efc515 (30,360 in chips)
Seat 4: e0ecdfb6 (11,939 in chips)
Seat 5: Hero (7,335 in chips)
Seat 6: a2d4257e (6,590 in chips)
Seat 7: cc8a783f (47,457 in chips)
Seat 8: 1fa6e0f8 (9,474 in chips)
65efc515: posts the ante 85
cc8a783f: posts the ante 85
e6012d0e: posts the ante 85
Hero: posts the ante 85
986c7f92: posts the ante 85
a2d4257e: posts the ante 85
1fa6e0f8: posts the ante 85
e0ecdfb6: posts the ante 85
65efc515: posts small blind 350
e0ecdfb6: posts big blind 700
*** HOLE CARDS ***
Dealt to e6012d0e 
Dealt to 986c7f92 
Dealt to 65efc515 
Dealt to e0ecdfb6 
Dealt to Hero [Kc 9s]
Dealt to a2d4257e 
Dealt to cc8a783f 
Dealt to 1fa6e0f8 
Hero: folds
a2d4257e: folds
cc8a783f: folds
1fa6e0f8: folds
e6012d0e: folds
986c7f92: raises 6,540 to 7,240 and is all-in
65efc515: folds
e0ecdfb6: calls 6,540
986c7f92: shows [Kh 7h]
e0ecdfb6: shows [Ah Ac]
*** FLOP *** [Ad 6s 7d]
*** TURN *** [Ad 6s 7d] [6c]
*** RIVER *** [Ad 6s 7d 6c] [4h]
*** SHOWDOWN ***
e0ecdfb6 collected 15,510 from pot
*** SUMMARY ***
Total pot 15,510 | Rake 0 | Jackpot 0 | Bingo 0 | Fortune 0 | Tax 0
Board [Ad 6s 7d 6c 4h]
Seat 1: e6012d0e folded before Flop
Seat 2: 986c7f92 (button) showed [Kh 7h] and lost with Pair of Sevens and Pair of Sixes
Seat 3: 65efc515 (small blind) folded before Flop
Seat 4: e0ecdfb6 (big blind) showed [Ah Ac] and won (15,510) with Aces Full over Sixes
Seat 5: Hero folded before Flop
Seat 6: a2d4257e folded before Flop
Seat 7: cc8a783f folded before Flop
Seat 8: 1fa6e0f8 folded before Flop


Poker Hand #TM2937289403: Tournament #125496200, Daily Big $20 Hold'em No Limit - Level12(350/700) - 2024/02/07 15:34:59
Table '22' 8-max Seat #1 is the button
Seat 1: e6012d0e (15,067 in chips)
Seat 2: 986c7f92 (7,760 in chips)
Seat 3: 65efc515 (31,145 in chips)
Seat 4: e0ecdfb6 (12,024 in chips)
Seat 5: Hero (7,420 in chips)
Seat 6: a2d4257e (6,675 in chips)
Seat 7: cc8a783f (45,812 in chips)
Seat 8: 1fa6e0f8 (9,559 in chips)
65efc515: posts the ante 85
cc8a783f: posts the ante 85
e6012d0e: posts the ante 85
Hero: posts the ante 85
a2d4257e: posts the ante 85
986c7f92: posts the ante 85
1fa6e0f8: posts the ante 85
e0ecdfb6: posts the ante 85
986c7f92: posts small blind 350
65efc515: posts big blind 700
*** HOLE CARDS ***
Dealt to e6012d0e 
Dealt to 986c7f92 
Dealt to 65efc515 
Dealt to e0ecdfb6 
Dealt to Hero [Qh 6s]
Dealt to a2d4257e 
Dealt to cc8a783f 
Dealt to 1fa6e0f8 
e0ecdfb6: folds
Hero: folds
a2d4257e: folds
cc8a783f: raises 700 to 1,400
1fa6e0f8: folds
e6012d0e: folds
986c7f92: folds
65efc515: folds
Uncalled bet (700) returned to cc8a783f
*** SHOWDOWN ***
cc8a783f collected 2,430 from pot
*** SUMMARY ***
Total pot 2,430 | Rake 0 | Jackpot 0 | Bingo 0 | Fortune 0 | Tax 0
Seat 1: e6012d0e (button) folded before Flop
Seat 2: 986c7f92 (small blind) folded before Flop
Seat 3: 65efc515 (big blind) folded before Flop
Seat 4: e0ecdfb6 folded before Flop
Seat 5: Hero folded before Flop
Seat 6: a2d4257e folded before Flop
Seat 7: cc8a783f collected (2,430)
Seat 8: 1fa6e0f8 folded before Flop


Poker Hand #TM2937289316: Tournament #125496200, Daily Big $20 Hold'em No Limit - Level11(300/600) - 2024/02/07 15:33:48
Table '22' 8-max Seat #8 is the button
Seat 1: e6012d0e (15,442 in chips)
Seat 2: 986c7f92 (8,435 in chips)
Seat 3: 65efc515 (31,220 in chips)
Seat 4: e0ecdfb6 (12,099 in chips)
Seat 5: Hero (7,495 in chips)
Seat 6: a2d4257e (6,750 in chips)
Seat 7: cc8a783f (47,087 in chips)
Seat 8: 1fa6e0f8 (6,934 in chips)
65efc515: posts the ante 75
cc8a783f: posts the ante 75
e6012d0e: posts the ante 75
Hero: posts the ante 75
a2d4257e: posts the ante 75
986c7f92: posts the ante 75
1fa6e0f8: posts the ante 75
e0ecdfb6: posts the ante 75
e6012d0e: posts small blind 300
986c7f92: posts big blind 600
*** HOLE CARDS ***
Dealt to e6012d0e 
Dealt to 986c7f92 
Dealt to 65efc515 
Dealt to e0ecdfb6 
Dealt to Hero [Ad 2h]
Dealt to a2d4257e 
Dealt to cc8a783f 
Dealt to 1fa6e0f8 
65efc515: folds
e0ecdfb6: folds
Hero: folds
a2d4257e: folds
cc8a783f: raises 600 to 1,200
1fa6e0f8: raises 5,659 to 6,859 and is all-in
e6012d0e: folds
986c7f92: folds
cc8a783f: folds
Uncalled bet (5,659) returned to 1fa6e0f8
*** SHOWDOWN ***
1fa6e0f8 collected 3,900 from pot
*** SUMMARY ***
Total pot 3,900 | Rake 0 | Jackpot 0 | Bingo 0 | Fortune 0 | Tax 0
Seat 1: e6012d0e (small blind) folded before Flop
Seat 2: 986c7f92 (big blind) folded before Flop
Seat 3: 65efc515 folded before Flop
Seat 4: e0ecdfb6 folded before Flop
Seat 5: Hero folded before Flop
Seat 6: a2d4257e folded before Flop
Seat 7: cc8a783f folded before Flop
Seat 8: 1fa6e0f8 (button) collected (3,900)


Poker Hand #TM2937289251: Tournament #125496200, Daily Big $20 Hold'em No Limit - Level11(300/600) - 2024/02/07 15:32:48
Table '22' 8-max Seat #7 is the button
Seat 1: e6012d0e (16,117 in chips)
Seat 2: 986c7f92 (8,510 in chips)
Seat 3: 65efc515 (31,295 in chips)
Seat 4: e0ecdfb6 (12,174 in chips)
Seat 5: Hero (7,570 in chips)
Seat 6: a2d4257e (6,825 in chips)
Seat 7: cc8a783f (50,029 in chips)
Seat 8: 1fa6e0f8 (2,942 in chips)
65efc515: posts the ante 75
cc8a783f: posts the ante 75
e6012d0e: posts the ante 75
Hero: posts the ante 75
a2d4257e: posts the ante 75
986c7f92: posts the ante 75
1fa6e0f8: posts the ante 75
e0ecdfb6: posts the ante 75
1fa6e0f8: posts small blind 300
e6012d0e: posts big blind 600
*** HOLE CARDS ***
Dealt to e6012d0e 
Dealt to 986c7f92 
Dealt to 65efc515 
Dealt to e0ecdfb6 
Dealt to Hero [3s Qd]
Dealt to a2d4257e 
Dealt to cc8a783f 
Dealt to 1fa6e0f8 
986c7f92: folds
65efc515: folds
e0ecdfb6: folds
Hero: folds
a2d4257e: folds
cc8a783f: raises 600 to 1,200
1fa6e0f8: raises 1,667 to 2,867 and is all-in
e6012d0e: folds
cc8a783f: calls 1,667
1fa6e0f8: shows [7h Kh]
cc8a783f: shows [Ad Qc]
*** FLOP *** [Ts 5c 7c]
*** TURN *** [Ts 5c 7c] [9s]
*** RIVER *** [Ts 5c 7c 9s] [2c]
*** SHOWDOWN ***
1fa6e0f8 collected 6,934 from pot
*** SUMMARY ***
Total pot 6,934 | Rake 0 | Jackpot 0 | Bingo 0 | Fortune 0 | Tax 0
Board [Ts 5c 7c 9s 2c]
Seat 1: e6012d0e (big blind) folded before Flop
Seat 2: 986c7f92 folded before Flop
Seat 3: 65efc515 folded before Flop
Seat 4: e0ecdfb6 folded before Flop
Seat 5: Hero folded before Flop
Seat 6: a2d4257e folded before Flop
Seat 7: cc8a783f (button) showed [Ad Qc] and lost with Ace-High
Seat 8: 1fa6e0f8 (small blind) showed [7h Kh] and won (6,934) with Pair of Sevens


Poker Hand #TM2937289179: Tournament #125496200, Daily Big $20 Hold'em No Limit - Level11(300/600) - 2024/02/07 15:31:50
Table '22' 8-max Seat #6 is the button
Seat 1: e6012d0e (17,392 in chips)
Seat 2: 986c7f92 (8,585 in chips)
Seat 3: 65efc515 (31,370 in chips)
Seat 4: e0ecdfb6 (12,249 in chips)
Seat 5: Hero (7,645 in chips)
Seat 6: a2d4257e (6,900 in chips)
Seat 7: cc8a783f (47,704 in chips)
Seat 8: 1fa6e0f8 (3,617 in chips)
65efc515: posts the ante 75
cc8a783f: posts the ante 75
e6012d0e: posts the ante 75
Hero: posts the ante 75
a2d4257e: posts the ante 75
986c7f92: posts the ante 75
1fa6e0f8: posts the ante 75
e0ecdfb6: posts the ante 75
cc8a783f: posts small blind 300
1fa6e0f8: posts big blind 600
*** HOLE CARDS ***
Dealt to e6012d0e 
Dealt to 986c7f92 
Dealt to 65efc515 
Dealt to e0ecdfb6 
Dealt to Hero [2s 3d]
Dealt to a2d4257e 
Dealt to cc8a783f 
Dealt to 1fa6e0f8 
e6012d0e: raises 600 to 1,200
986c7f92: folds
65efc515: folds
e0ecdfb6: folds
Hero: folds
a2d4257e: folds
cc8a783f: raises 3,000 to 4,200
1fa6e0f8: folds
e6012d0e: folds
Uncalled bet (3,000) returned to cc8a783f
*** SHOWDOWN ***
cc8a783f collected 3,600 from pot
*** SUMMARY ***
Total pot 3,600 | Rake 0 | Jackpot 0 | Bingo 0 | Fortune 0 | Tax 0
Seat 1: e6012d0e folded before Flop
Seat 2: 986c7f92 folded before Flop
Seat 3: 65efc515 folded before Flop
Seat 4: e0ecdfb6 folded before Flop
Seat 5: Hero folded before Flop
Seat 6: a2d4257e (button) folded before Flop
Seat 7: cc8a783f (small blind) collected (3,600)
Seat 8: 1fa6e0f8 (big blind) folded before Flop


Poker Hand #TM2937289097: Tournament #125496200, Daily Big $20 Hold'em No Limit - Level11(300/600) - 2024/02/07 15:30:33
Table '22' 8-max Seat #5 is the button
Seat 1: e6012d0e (12,832 in chips)
Seat 2: 986c7f92 (8,660 in chips)
Seat 3: 65efc515 (31,445 in chips)
Seat 4: e0ecdfb6 (14,859 in chips)
Seat 5: Hero (7,720 in chips)
Seat 6: a2d4257e (7,275 in chips)
Seat 7: cc8a783f (48,979 in chips)
Seat 8: 1fa6e0f8 (3,692 in chips)
65efc515: posts the ante 75
cc8a783f: posts the ante 75
e6012d0e: posts the ante 75
Hero: posts the ante 75
986c7f92: posts the ante 75
a2d4257e: posts the ante 75
1fa6e0f8: posts the ante 75
e0ecdfb6: posts the ante 75
a2d4257e: posts small blind 300
cc8a783f: posts big blind 600
*** HOLE CARDS ***
Dealt to e6012d0e 
Dealt to 986c7f92 
Dealt to 65efc515 
Dealt to e0ecdfb6 
Dealt to Hero [6h 4c]
Dealt to a2d4257e 
Dealt to cc8a783f 
Dealt to 1fa6e0f8 
1fa6e0f8: folds
e6012d0e: raises 600 to 1,200
986c7f92: folds
65efc515: folds
e0ecdfb6: calls 1,200
Hero: folds
a2d4257e: folds
cc8a783f: calls 600
*** FLOP *** [2c 5s Ac]
cc8a783f: checks
e6012d0e: checks
e0ecdfb6: bets 1,335
cc8a783f: folds
e6012d0e: raises 1,793 to 3,128
e0ecdfb6: folds
Uncalled bet (1,793) returned to e6012d0e
*** SHOWDOWN ***
e6012d0e collected 7,170 from pot
*** SUMMARY ***
Total pot 7,170 | Rake 0 | Jackpot 0 | Bingo 0 | Fortune 0 | Tax 0
Board [2c 5s Ac]
Seat 1: e6012d0e won (7,170)
Seat 2: 986c7f92 folded before Flop
Seat 3: 65efc515 folded before Flop
Seat 4: e0ecdfb6 folded on the Flop
Seat 5: Hero (button) folded before Flop
Seat 6: a2d4257e (small blind) folded before Flop
Seat 7: cc8a783f (big blind) folded on the Flop
Seat 8: 1fa6e0f8 folded before Flop


Poker Hand #TM2936759056: Tournament #125496200, Daily Big $20 Hold'em No Limit - Level11(300/600) - 2024/02/07 15:29:56
Table '22' 8-max Seat #4 is the button
Seat 1: e6012d0e (12,907 in chips)
Seat 2: 986c7f92 (8,735 in chips)
Seat 3: 65efc515 (31,520 in chips)
Seat 4: e0ecdfb6 (14,934 in chips)
Seat 5: Hero (8,995 in chips)
Seat 6: a2d4257e (5,550 in chips)
Seat 7: cc8a783f (49,054 in chips)
Seat 8: 1fa6e0f8 (3,767 in chips)
65efc515: posts the ante 75
cc8a783f: posts the ante 75
e6012d0e: posts the ante 75
Hero: posts the ante 75
986c7f92: posts the ante 75
a2d4257e: posts the ante 75
1fa6e0f8: posts the ante 75
e0ecdfb6: posts the ante 75
Hero: posts small blind 300
a2d4257e: posts big blind 600
*** HOLE CARDS ***
Dealt to e6012d0e 
Dealt to 986c7f92 
Dealt to 65efc515 
Dealt to e0ecdfb6 
Dealt to Hero [9s 3d]
Dealt to a2d4257e 
Dealt to cc8a783f 
Dealt to 1fa6e0f8 
cc8a783f: folds
1fa6e0f8: folds
e6012d0e: folds
986c7f92: folds
65efc515: folds
e0ecdfb6: folds
Hero: raises 600 to 1,200
a2d4257e: raises 4,275 to 5,475 and is all-in
Hero: folds
Uncalled bet (4,275) returned to a2d4257e
*** SHOWDOWN ***
a2d4257e collected 3,000 from pot
*** SUMMARY ***
Total pot 3,000 | Rake 0 | Jackpot 0 | Bingo 0 | Fortune 0 | Tax 0
Seat 1: e6012d0e folded before Flop
Seat 2: 986c7f92 folded before Flop
Seat 3: 65efc515 folded before Flop
Seat 4: e0ecdfb6 (button) folded before Flop
Seat 5: Hero (small blind) folded before Flop
Seat 6: a2d4257e (big blind) collected (3,000)
Seat 7: cc8a783f folded before Flop
Seat 8: 1fa6e0f8 folded before Flop


Poker Hand #TM2936759006: Tournament #125496200, Daily Big $20 Hold'em No Limit - Level11(300/600) - 2024/02/07 15:29:18
Table '22' 8-max Seat #3 is the button
Seat 1: e6012d0e (12,982 in chips)
Seat 2: 986c7f92 (8,810 in chips)
Seat 3: 65efc515 (32,795 in chips)
Seat 4: e0ecdfb6 (11,409 in chips)
Seat 5: Hero (9,670 in chips)
Seat 6: a2d4257e (5,625 in chips)
Seat 7: cc8a783f (50,329 in chips)
Seat 8: 1fa6e0f8 (3,842 in chips)
65efc515: posts the ante 75
cc8a783f: posts the ante 75
e6012d0e: posts the ante 75
Hero: posts the ante 75
986c7f92: posts the ante 75
a2d4257e: posts the ante 75
1fa6e0f8: posts the ante 75
e0ecdfb6: posts the ante 75
e0ecdfb6: posts small blind 300
Hero: posts big blind 600
*** HOLE CARDS ***
Dealt to e6012d0e 
Dealt to 986c7f92 
Dealt to 65efc515 
Dealt to e0ecdfb6 
Dealt to Hero [3d 2d]
Dealt to a2d4257e 
Dealt to cc8a783f 
Dealt to 1fa6e0f8 
a2d4257e: folds
cc8a783f: raises 600 to 1,200
1fa6e0f8: folds
e6012d0e: folds
986c7f92: folds
65efc515: calls 1,200
e0ecdfb6: raises 10,134 to 11,334 and is all-in
Hero: folds
cc8a783f: folds
65efc515: folds
Uncalled bet (10,134) returned to e0ecdfb6
*** SHOWDOWN ***
e0ecdfb6 collected 4,800 from pot
*** SUMMARY ***
Total pot 4,800 | Rake 0 | Jackpot 0 | Bingo 0 | Fortune 0 | Tax 0
Seat 1: e6012d0e folded before Flop
Seat 2: 986c7f92 folded before Flop
Seat 3: 65efc515 (button) folded before Flop
Seat 4: e0ecdfb6 (small blind) collected (4,800)
Seat 5: Hero (big blind) folded before Flop
Seat 6: a2d4257e folded before Flop
Seat 7: cc8a783f folded before Flop
Seat 8: 1fa6e0f8 folded before Flop


Poker Hand #TM2936758889: Tournament #125496200, Daily Big $20 Hold'em No Limit - Level11(300/600) - 2024/02/07 15:27:28
Table '22' 8-max Seat #2 is the button
Seat 1: e6012d0e (19,657 in chips)
Seat 2: 986c7f92 (8,885 in chips)
Seat 3: 65efc515 (25,070 in chips)
Seat 4: e0ecdfb6 (12,084 in chips)
Seat 5: Hero (9,745 in chips)
Seat 6: a2d4257e (5,700 in chips)
Seat 7: cc8a783f (50,404 in chips)
Seat 8: 1fa6e0f8 (3,917 in chips)
65efc515: posts the ante 75
cc8a783f: posts the ante 75
e6012d0e: posts the ante 75
Hero: posts the ante 75
986c7f92: posts the ante 75
a2d4257e: posts the ante 75
1fa6e0f8: posts the ante 75
e0ecdfb6: posts the ante 75
65efc515: posts small blind 300
e0ecdfb6: posts big blind 600
*** HOLE CARDS ***
Dealt to e6012d0e 
Dealt to 986c7f92 
Dealt to 65efc515 
Dealt to e0ecdfb6 
Dealt to Hero [6d As]
Dealt to a2d4257e 
Dealt to cc8a783f 
Dealt to 1fa6e0f8 
Hero: folds
a2d4257e: folds
cc8a783f: folds
1fa6e0f8: folds
e6012d0e: raises 600 to 1,200
986c7f92: folds
65efc515: raises 3,000 to 4,200
e0ecdfb6: folds
e6012d0e: calls 3,000
*** FLOP *** [Qc 6h 3d]
65efc515: bets 2,400
e6012d0e: calls 2,400
*** TURN *** [Qc 6h 3d] [7h]
65efc515: checks
e6012d0e: checks
*** RIVER *** [Qc 6h 3d 7h] [3c]
65efc515: bets 18,395 and is all-in
e6012d0e: folds
Uncalled bet (18,395) returned to 65efc515
*** SHOWDOWN ***
65efc515 collected 14,400 from pot
*** SUMMARY ***
Total pot 14,400 | Rake 0 | Jackpot 0 | Bingo 0 | Fortune 0 | Tax 0
Board [Qc 6h 3d 7h 3c]
Seat 1: e6012d0e folded on the River
Seat 2: 986c7f92 (button) folded before Flop
Seat 3: 65efc515 (small blind) won (14,400)
Seat 4: e0ecdfb6 (big blind) folded before Flop
Seat 5: Hero folded before Flop
Seat 6: a2d4257e folded before Flop
Seat 7: cc8a783f folded before Flop
Seat 8: 1fa6e0f8 folded before Flop


Poker Hand #TM2936758846: Tournament #125496200, Daily Big $20 Hold'em No Limit - Level11(300/600) - 2024/02/07 15:26:48
Table '22' 8-max Seat #1 is the button
Seat 1: e6012d0e (18,232 in chips)
Seat 2: 986c7f92 (9,260 in chips)
Seat 3: 65efc515 (25,745 in chips)
Seat 4: e0ecdfb6 (12,159 in chips)
Seat 5: Hero (9,820 in chips)
Seat 6: a2d4257e (5,775 in chips)
Seat 7: cc8a783f (50,479 in chips)
Seat 8: 1fa6e0f8 (3,992 in chips)
65efc515: posts the ante 75
cc8a783f: posts the ante 75
e6012d0e: posts the ante 75
Hero: posts the ante 75
a2d4257e: posts the ante 75
986c7f92: posts the ante 75
1fa6e0f8: posts the ante 75
e0ecdfb6: posts the ante 75
986c7f92: posts small blind 300
65efc515: posts big blind 600
*** HOLE CARDS ***
Dealt to e6012d0e 
Dealt to 986c7f92 
Dealt to 65efc515 
Dealt to e0ecdfb6 
Dealt to Hero [8d 5s]
Dealt to a2d4257e 
Dealt to cc8a783f 
Dealt to 1fa6e0f8 
e0ecdfb6: folds
Hero: folds
a2d4257e: folds
cc8a783f: folds
1fa6e0f8: folds
e6012d0e: raises 600 to 1,200
986c7f92: folds
65efc515: folds
Uncalled bet (600) returned to e6012d0e
*** SHOWDOWN ***
e6012d0e collected 2,100 from pot
*** SUMMARY ***
Total pot 2,100 | Rake 0 | Jackpot 0 | Bingo 0 | Fortune 0 | Tax 0
Seat 1: e6012d0e (button) collected (2,100)
Seat 2: 986c7f92 (small blind) folded before Flop
Seat 3: 65efc515 (big blind) folded before Flop
Seat 4: e0ecdfb6 folded before Flop
Seat 5: Hero folded before Flop
Seat 6: a2d4257e folded before Flop
Seat 7: cc8a783f folded before Flop
Seat 8: 1fa6e0f8 folded before Flop


Poker Hand #TM2936758792: Tournament #125496200, Daily Big $20 Hold'em No Limit - Level10(250/500) - 2024/02/07 15:26:09
Table '22' 8-max Seat #8 is the button
Seat 1: e6012d0e (18,542 in chips)
Seat 2: 986c7f92 (9,820 in chips)
Seat 3: 65efc515 (25,805 in chips)
Seat 4: e0ecdfb6 (12,219 in chips)
Seat 5: Hero (9,880 in chips)
Seat 6: a2d4257e (5,835 in chips)
Seat 7: cc8a783f (49,309 in chips)
Seat 8: 1fa6e0f8 (4,052 in chips)
65efc515: posts the ante 60
cc8a783f: posts the ante 60
e6012d0e: posts the ante 60
Hero: posts the ante 60
a2d4257e: posts the ante 60
986c7f92: posts the ante 60
1fa6e0f8: posts the ante 60
e0ecdfb6: posts the ante 60
e6012d0e: posts small blind 250
986c7f92: posts big blind 500
*** HOLE CARDS ***
Dealt to e6012d0e 
Dealt to 986c7f92 
Dealt to 65efc515 
Dealt to e0ecdfb6 
Dealt to Hero [Qc 8d]
Dealt to a2d4257e 
Dealt to cc8a783f 
Dealt to 1fa6e0f8 
65efc515: folds
e0ecdfb6: folds
Hero: folds
a2d4257e: folds
cc8a783f: raises 500 to 1,000
1fa6e0f8: folds
e6012d0e: folds
986c7f92: folds
Uncalled bet (500) returned to cc8a783f
*** SHOWDOWN ***
cc8a783f collected 1,730 from pot
*** SUMMARY ***
Total pot 1,730 | Rake 0 | Jackpot 0 | Bingo 0 | Fortune 0 | Tax 0
Seat 1: e6012d0e (small blind) folded before Flop
Seat 2: 986c7f92 (big blind) folded before Flop
Seat 3: 65efc515 folded before Flop
Seat 4: e0ecdfb6 folded before Flop
Seat 5: Hero folded before Flop
Seat 6: a2d4257e folded before Flop
Seat 7: cc8a783f collected (1,730)
Seat 8: 1fa6e0f8 (button) folded before Flop


Poker Hand #TM2936758767: Tournament #125496200, Daily Big $20 Hold'em No Limit - Level10(250/500) - 2024/02/07 15:25:46
Table '22' 8-max Seat #7 is the button
Seat 1: e6012d0e (17,872 in chips)
Seat 2: 986c7f92 (9,880 in chips)
Seat 3: 65efc515 (25,865 in chips)
Seat 4: e0ecdfb6 (12,279 in chips)
Seat 5: Hero (9,940 in chips)
Seat 6: a2d4257e (5,895 in chips)
Seat 7: cc8a783f (49,369 in chips)
Seat 8: 1fa6e0f8 (4,362 in chips)
65efc515: posts the ante 60
cc8a783f: posts the ante 60
e6012d0e: posts the ante 60
Hero: posts the ante 60
a2d4257e: posts the ante 60
986c7f92: posts the ante 60
1fa6e0f8: posts the ante 60
e0ecdfb6: posts the ante 60
1fa6e0f8: posts small blind 250
e6012d0e: posts big blind 500
*** HOLE CARDS ***
Dealt to e6012d0e 
Dealt to 986c7f92 
Dealt to 65efc515 
Dealt to e0ecdfb6 
Dealt to Hero [Tc 3h]
Dealt to a2d4257e 
Dealt to cc8a783f 
Dealt to 1fa6e0f8 
986c7f92: folds
65efc515: folds
e0ecdfb6: folds
Hero: folds
a2d4257e: folds
cc8a783f: folds
1fa6e0f8: folds
Uncalled bet (250) returned to e6012d0e
*** SHOWDOWN ***
e6012d0e collected 980 from pot
*** SUMMARY ***
Total pot 980 | Rake 0 | Jackpot 0 | Bingo 0 | Fortune 0 | Tax 0
Seat 1: e6012d0e (big blind) collected (980)
Seat 2: 986c7f92 folded before Flop
Seat 3: 65efc515 folded before Flop
Seat 4: e0ecdfb6 folded before Flop
Seat 5: Hero folded before Flop
Seat 6: a2d4257e folded before Flop
Seat 7: cc8a783f (button) folded before Flop
Seat 8: 1fa6e0f8 (small blind) folded before Flop


Poker Hand #TM2936758719: Tournament #125496200, Daily Big $20 Hold'em No Limit - Level10(250/500) - 2024/02/07 15:25:09
Table '22' 8-max Seat #6 is the button
Seat 1: e6012d0e (17,932 in chips)
Seat 2: 986c7f92 (9,940 in chips)
Seat 3: 65efc515 (25,925 in chips)
Seat 4: e0ecdfb6 (12,339 in chips)
Seat 5: Hero (10,000 in chips)
Seat 6: a2d4257e (5,955 in chips)
Seat 7: cc8a783f (48,449 in chips)
Seat 8: 1fa6e0f8 (4,922 in chips)
65efc515: posts the ante 60
cc8a783f: posts the ante 60
e6012d0e: posts the ante 60
Hero: posts the ante 60
a2d4257e: posts the ante 60
986c7f92: posts the ante 60
1fa6e0f8: posts the ante 60
e0ecdfb6: posts the ante 60
cc8a783f: posts small blind 250
1fa6e0f8: posts big blind 500
*** HOLE CARDS ***
Dealt to e6012d0e 
Dealt to 986c7f92 
Dealt to 65efc515 
Dealt to e0ecdfb6 
Dealt to Hero [8d 4s]
Dealt to a2d4257e 
Dealt to cc8a783f 
Dealt to 1fa6e0f8 
e6012d0e: folds
986c7f92: folds
65efc515: folds
e0ecdfb6: folds
Hero: folds
a2d4257e: folds
cc8a783f: raises 47,889 to 48,389 and is all-in
1fa6e0f8: folds
Uncalled bet (47,889) returned to cc8a783f
*** SHOWDOWN ***
cc8a783f collected 1,480 from pot
*** SUMMARY ***
Total pot 1,480 | Rake 0 | Jackpot 0 | Bingo 0 | Fortune 0 | Tax 0
Seat 1: e6012d0e folded before Flop
Seat 2: 986c7f92 folded before Flop
Seat 3: 65efc515 folded before Flop
Seat 4: e0ecdfb6 folded before Flop
Seat 5: Hero folded before Flop
Seat 6: a2d4257e (button) folded before Flop
Seat 7: cc8a783f (small blind) collected (1,480)
Seat 8: 1fa6e0f8 (big blind) folded before Flop


