Poker Hand #TM2980216115: Tournament #127673603, Sunday Hundred Grand $15, $100K Hold'em No Limit - Level17(600/1,200) - 2024/02/18 19:06:42
Table '660' 8-max Seat #1 is the button
Seat 1: c7436336 (15,040 in chips)
Seat 2: Hero (13,275 in chips)
Seat 3: dc6fe154 (64,609 in chips)
Seat 4: c1139ccc (31,898 in chips)
Seat 5: 50791b71 (25,225 in chips)
Seat 6: f946a64 (66,788 in chips)
Seat 7: 25042c9a (31,326 in chips)
Seat 8: 9a4a9a6f (9,758 in chips)
f946a64: posts the ante 150
50791b71: posts the ante 150
Hero: posts the ante 150
c1139ccc: posts the ante 150
dc6fe154: posts the ante 150
c7436336: posts the ante 150
25042c9a: posts the ante 150
9a4a9a6f: posts the ante 150
Hero: posts small blind 600
dc6fe154: posts big blind 1,200
*** HOLE CARDS ***
Dealt to c7436336 
Dealt to Hero [Qs Js]
Dealt to dc6fe154 
Dealt to c1139ccc 
Dealt to 50791b71 
Dealt to f946a64 
Dealt to 25042c9a 
Dealt to 9a4a9a6f 
c1139ccc: folds
50791b71: folds
f946a64: folds
25042c9a: folds
9a4a9a6f: folds
c7436336: folds
Hero: calls 600
dc6fe154: raises 63,259 to 64,459 and is all-in
Hero: calls 11,925 and is all-in
Uncalled bet (51,334) returned to dc6fe154
dc6fe154: shows [5d Ac]
Hero: shows [Qs Js]
*** FLOP *** [5s Ah As]
*** TURN *** [5s Ah As] [4c]
*** RIVER *** [5s Ah As 4c] [8h]
*** SHOWDOWN ***
dc6fe154 collected 27,450 from pot
*** SUMMARY ***
Total pot 27,450 | Rake 0 | Jackpot 0 | Bingo 0 | Fortune 0 | Tax 0
Board [5s Ah As 4c 8h]
Seat 1: c7436336 (button) folded before Flop
Seat 2: Hero (small blind) showed [Qs Js] and lost with Pair of Aces
Seat 3: dc6fe154 (big blind) showed [5d Ac] and won (27,450) with Aces Full over Fives
Seat 4: c1139ccc folded before Flop
Seat 5: 50791b71 folded before Flop
Seat 6: f946a64 folded before Flop
Seat 7: 25042c9a folded before Flop
Seat 8: 9a4a9a6f folded before Flop


Poker Hand #TM2980215960: Tournament #127673603, Sunday Hundred Grand $15, $100K Hold'em No Limit - Level17(600/1,200) - 2024/02/18 19:05:21
Table '660' 8-max Seat #8 is the button
Seat 1: c7436336 (15,790 in chips)
Seat 2: Hero (15,825 in chips)
Seat 3: dc6fe154 (60,559 in chips)
Seat 4: c1139ccc (32,048 in chips)
Seat 5: 50791b71 (25,375 in chips)
Seat 6: f946a64 (66,938 in chips)
Seat 7: 25042c9a (31,476 in chips)
Seat 8: 9a4a9a6f (9,908 in chips)
f946a64: posts the ante 150
50791b71: posts the ante 150
Hero: posts the ante 150
c1139ccc: posts the ante 150
dc6fe154: posts the ante 150
25042c9a: posts the ante 150
c7436336: posts the ante 150
9a4a9a6f: posts the ante 150
c7436336: posts small blind 600
Hero: posts big blind 1,200
*** HOLE CARDS ***
Dealt to c7436336 
Dealt to Hero [3s Ac]
Dealt to dc6fe154 
Dealt to c1139ccc 
Dealt to 50791b71 
Dealt to f946a64 
Dealt to 25042c9a 
Dealt to 9a4a9a6f 
dc6fe154: raises 1,200 to 2,400
c1139ccc: folds
50791b71: folds
f946a64: folds
25042c9a: folds
9a4a9a6f: folds
c7436336: folds
Hero: calls 1,200
*** FLOP *** [9h Qh 9s]
Hero: checks
dc6fe154: bets 2,178
Hero: folds
Uncalled bet (2,178) returned to dc6fe154
*** SHOWDOWN ***
dc6fe154 collected 6,600 from pot
*** SUMMARY ***
Total pot 6,600 | Rake 0 | Jackpot 0 | Bingo 0 | Fortune 0 | Tax 0
Board [9h Qh 9s]
Seat 1: c7436336 (small blind) folded before Flop
Seat 2: Hero (big blind) folded on the Flop
Seat 3: dc6fe154 won (6,600)
Seat 4: c1139ccc folded before Flop
Seat 5: 50791b71 folded before Flop
Seat 6: f946a64 folded before Flop
Seat 7: 25042c9a folded before Flop
Seat 8: 9a4a9a6f (button) folded before Flop


Poker Hand #TM2980215862: Tournament #127673603, Sunday Hundred Grand $15, $100K Hold'em No Limit - Level17(600/1,200) - 2024/02/18 19:04:36
Table '660' 8-max Seat #7 is the button
Seat 1: c7436336 (18,340 in chips)
Seat 2: Hero (15,975 in chips)
Seat 3: dc6fe154 (60,709 in chips)
Seat 5: 50791b71 (21,475 in chips)
Seat 6: f946a64 (67,088 in chips)
Seat 7: 25042c9a (31,626 in chips)
Seat 8: 9a4a9a6f (10,658 in chips)
f946a64: posts the ante 150
50791b71: posts the ante 150
Hero: posts the ante 150
dc6fe154: posts the ante 150
25042c9a: posts the ante 150
c7436336: posts the ante 150
9a4a9a6f: posts the ante 150
9a4a9a6f: posts small blind 600
c7436336: posts big blind 1,200
*** HOLE CARDS ***
Dealt to c7436336 
Dealt to Hero [Ac 2h]
Dealt to dc6fe154 
Dealt to 50791b71 
Dealt to f946a64 
Dealt to 25042c9a 
Dealt to 9a4a9a6f 
Hero: folds
dc6fe154: folds
50791b71: raises 1,200 to 2,400
f946a64: folds
25042c9a: folds
9a4a9a6f: folds
c7436336: calls 1,200
*** FLOP *** [9d 2s 7d]
c7436336: checks
50791b71: bets 2,322
c7436336: folds
Uncalled bet (2,322) returned to 50791b71
*** SHOWDOWN ***
50791b71 collected 6,450 from pot
*** SUMMARY ***
Total pot 6,450 | Rake 0 | Jackpot 0 | Bingo 0 | Fortune 0 | Tax 0
Board [9d 2s 7d]
Seat 1: c7436336 (big blind) folded on the Flop
Seat 2: Hero folded before Flop
Seat 3: dc6fe154 folded before Flop
Seat 5: 50791b71 won (6,450)
Seat 6: f946a64 folded before Flop
Seat 7: 25042c9a (button) folded before Flop
Seat 8: 9a4a9a6f (small blind) folded before Flop


Poker Hand #TM2980215738: Tournament #127673603, Sunday Hundred Grand $15, $100K Hold'em No Limit - Level17(600/1,200) - 2024/02/18 19:03:25
Table '660' 8-max Seat #6 is the button
Seat 1: c7436336 (18,490 in chips)
Seat 2: Hero (16,125 in chips)
Seat 3: dc6fe154 (45,207 in chips)
Seat 4: bfd37f6 (12,802 in chips)
Seat 5: 50791b71 (21,625 in chips)
Seat 6: f946a64 (67,238 in chips)
Seat 7: 25042c9a (32,376 in chips)
Seat 8: 9a4a9a6f (12,008 in chips)
f946a64: posts the ante 150
50791b71: posts the ante 150
Hero: posts the ante 150
bfd37f6: posts the ante 150
dc6fe154: posts the ante 150
c7436336: posts the ante 150
25042c9a: posts the ante 150
9a4a9a6f: posts the ante 150
25042c9a: posts small blind 600
9a4a9a6f: posts big blind 1,200
*** HOLE CARDS ***
Dealt to c7436336 
Dealt to Hero [7s Ad]
Dealt to dc6fe154 
Dealt to bfd37f6 
Dealt to 50791b71 
Dealt to f946a64 
Dealt to 25042c9a 
Dealt to 9a4a9a6f 
c7436336: folds
Hero: folds
dc6fe154: raises 1,200 to 2,400
bfd37f6: raises 10,252 to 12,652 and is all-in
50791b71: folds
f946a64: folds
25042c9a: folds
9a4a9a6f: folds
dc6fe154: calls 10,252
bfd37f6: shows [Jh Kd]
dc6fe154: shows [As Qs]
*** FLOP *** [9h 8d 4s]
*** TURN *** [9h 8d 4s] [4h]
*** RIVER *** [9h 8d 4s 4h] [Ts]
*** SHOWDOWN ***
dc6fe154 collected 28,304 from pot
*** SUMMARY ***
Total pot 28,304 | Rake 0 | Jackpot 0 | Bingo 0 | Fortune 0 | Tax 0
Board [9h 8d 4s 4h Ts]
Seat 1: c7436336 folded before Flop
Seat 2: Hero folded before Flop
Seat 3: dc6fe154 showed [As Qs] and won (28,304) with Pair of Fours
Seat 4: bfd37f6 showed [Jh Kd] and lost with Pair of Fours
Seat 5: 50791b71 folded before Flop
Seat 6: f946a64 (button) folded before Flop
Seat 7: 25042c9a (small blind) folded before Flop
Seat 8: 9a4a9a6f (big blind) folded before Flop


Poker Hand #TM2980215606: Tournament #127673603, Sunday Hundred Grand $15, $100K Hold'em No Limit - Level16(500/1,000) - 2024/02/18 19:02:11
Table '660' 8-max Seat #5 is the button
Seat 1: c7436336 (18,615 in chips)
Seat 2: Hero (16,250 in chips)
Seat 3: dc6fe154 (29,500 in chips)
Seat 4: bfd37f6 (12,927 in chips)
Seat 5: f334b769 (13,457 in chips)
Seat 6: f946a64 (67,863 in chips)
Seat 7: 25042c9a (33,501 in chips)
Seat 8: 9a4a9a6f (12,133 in chips)
f334b769: posts the ante 125
f946a64: posts the ante 125
Hero: posts the ante 125
bfd37f6: posts the ante 125
dc6fe154: posts the ante 125
c7436336: posts the ante 125
25042c9a: posts the ante 125
9a4a9a6f: posts the ante 125
f946a64: posts small blind 500
25042c9a: posts big blind 1,000
*** HOLE CARDS ***
Dealt to c7436336 
Dealt to Hero [6h 5c]
Dealt to dc6fe154 
Dealt to bfd37f6 
Dealt to f334b769 
Dealt to f946a64 
Dealt to 25042c9a 
Dealt to 9a4a9a6f 
9a4a9a6f: folds
c7436336: folds
Hero: folds
dc6fe154: raises 1,000 to 2,000
bfd37f6: folds
f334b769: raises 11,332 to 13,332 and is all-in
f946a64: folds
25042c9a: folds
dc6fe154: calls 11,332
f334b769: shows [Tc Ts]
dc6fe154: shows [Ah Qc]
*** FLOP *** [As 9d 9c]
*** TURN *** [As 9d 9c] [Kd]
*** RIVER *** [As 9d 9c Kd] [Ks]
*** SHOWDOWN ***
dc6fe154 collected 29,164 from pot
*** SUMMARY ***
Total pot 29,164 | Rake 0 | Jackpot 0 | Bingo 0 | Fortune 0 | Tax 0
Board [As 9d 9c Kd Ks]
Seat 1: c7436336 folded before Flop
Seat 2: Hero folded before Flop
Seat 3: dc6fe154 showed [Ah Qc] and won (29,164) with Pair of Aces and Pair of Kings
Seat 4: bfd37f6 folded before Flop
Seat 5: f334b769 (button) showed [Tc Ts] and lost with Pair of Kings and Pair of Tens
Seat 6: f946a64 (small blind) folded before Flop
Seat 7: 25042c9a (big blind) folded before Flop
Seat 8: 9a4a9a6f folded before Flop


Poker Hand #TM2980215528: Tournament #127673603, Sunday Hundred Grand $15, $100K Hold'em No Limit - Level16(500/1,000) - 2024/02/18 18:54:46
Table '660' 8-max Seat #4 is the button
Seat 2: Hero (16,375 in chips)
Seat 3: 21edcdc7 (23,625 in chips)
Seat 4: bfd37f6 (13,052 in chips)
Seat 5: f334b769 (14,082 in chips)
Seat 6: f946a64 (43,113 in chips)
Seat 7: 25042c9a (33,626 in chips)
Seat 8: 9a4a9a6f (12,258 in chips)
f334b769: posts the ante 125
f946a64: posts the ante 125
21edcdc7: posts the ante 125
Hero: posts the ante 125
bfd37f6: posts the ante 125
25042c9a: posts the ante 125
9a4a9a6f: posts the ante 125
f334b769: posts small blind 500
f946a64: posts big blind 1,000
*** HOLE CARDS ***
Dealt to Hero [Qc 8s]
Dealt to 21edcdc7 
Dealt to bfd37f6 
Dealt to f334b769 
Dealt to f946a64 
Dealt to 25042c9a 
Dealt to 9a4a9a6f 
25042c9a: folds
9a4a9a6f: folds
Hero: folds
21edcdc7: raises 1,000 to 2,000
bfd37f6: folds
f334b769: folds
f946a64: raises 4,000 to 6,000
21edcdc7: raises 17,500 to 23,500 and is all-in
f946a64: calls 17,500
21edcdc7: shows [Jh Ks]
f946a64: shows [Kd Kh]
*** FLOP *** [7d 2d As]
*** TURN *** [7d 2d As] [5h]
*** RIVER *** [7d 2d As 5h] [9c]
*** SHOWDOWN ***
f946a64 collected 48,375 from pot
*** SUMMARY ***
Total pot 48,375 | Rake 0 | Jackpot 0 | Bingo 0 | Fortune 0 | Tax 0
Board [7d 2d As 5h 9c]
Seat 2: Hero folded before Flop
Seat 3: 21edcdc7 showed [Jh Ks] and lost with Ace-High
Seat 4: bfd37f6 (button) folded before Flop
Seat 5: f334b769 (small blind) folded before Flop
Seat 6: f946a64 (big blind) showed [Kd Kh] and won (48,375) with Pair of Kings
Seat 7: 25042c9a folded before Flop
Seat 8: 9a4a9a6f folded before Flop


Poker Hand #TM2980215391: Tournament #127673603, Sunday Hundred Grand $15, $100K Hold'em No Limit - Level16(500/1,000) - 2024/02/18 18:53:41
Table '660' 8-max Seat #3 is the button
Seat 1: b152d056 (1,000 in chips)
Seat 2: Hero (16,500 in chips)
Seat 3: 21edcdc7 (23,750 in chips)
Seat 4: bfd37f6 (13,677 in chips)
Seat 5: f334b769 (17,907 in chips)
Seat 6: f946a64 (43,238 in chips)
Seat 7: 25042c9a (27,676 in chips)
Seat 8: 9a4a9a6f (12,383 in chips)
f334b769: posts the ante 125
f946a64: posts the ante 125
21edcdc7: posts the ante 125
Hero: posts the ante 125
b152d056: posts the ante 125
bfd37f6: posts the ante 125
25042c9a: posts the ante 125
9a4a9a6f: posts the ante 125
bfd37f6: posts small blind 500
f334b769: posts big blind 1,000
*** HOLE CARDS ***
Dealt to b152d056 
Dealt to Hero [9c 2d]
Dealt to 21edcdc7 
Dealt to bfd37f6 
Dealt to f334b769 
Dealt to f946a64 
Dealt to 25042c9a 
Dealt to 9a4a9a6f 
f946a64: folds
25042c9a: raises 1,200 to 2,200
9a4a9a6f: folds
b152d056: calls 875 and is all-in
Hero: folds
21edcdc7: folds
bfd37f6: folds
f334b769: calls 1,200
*** FLOP *** [2h 3s Ac]
f334b769: checks
25042c9a: bets 1,500
f334b769: calls 1,500
*** TURN *** [2h 3s Ac] [3c]
f334b769: checks
25042c9a: bets 2,500
f334b769: folds
Uncalled bet (2,500) returned to 25042c9a
25042c9a: shows [Th As] (Pair of Aces and Pair of Treys)
b152d056: shows [Js 9h] (Pair of Treys)
*** RIVER *** [2h 3s Ac 3c] [Ts]
*** SHOWDOWN ***
25042c9a collected 4,125 from pot
25042c9a collected 5,650 from pot
*** SUMMARY ***
Total pot 9,775 | Rake 0 | Jackpot 0 | Bingo 0 | Fortune 0 | Tax 0
Board [2h 3s Ac 3c Ts]
Seat 1: b152d056 showed [Js 9h] and lost with Pair of Treys
Seat 2: Hero folded before Flop
Seat 3: 21edcdc7 (button) folded before Flop
Seat 4: bfd37f6 (small blind) folded before Flop
Seat 5: f334b769 (big blind) folded on the Turn
Seat 6: f946a64 folded before Flop
Seat 7: 25042c9a showed [Th As] and won (9,775) with Pair of Aces and Pair of Tens
Seat 8: 9a4a9a6f folded before Flop


Poker Hand #TM2980215250: Tournament #127673603, Sunday Hundred Grand $15, $100K Hold'em No Limit - Level16(500/1,000) - 2024/02/18 18:52:35
Table '660' 8-max Seat #2 is the button
Seat 1: b152d056 (8,125 in chips)
Seat 2: Hero (7,125 in chips)
Seat 3: 21edcdc7 (24,375 in chips)
Seat 4: bfd37f6 (14,802 in chips)
Seat 5: f334b769 (18,032 in chips)
Seat 6: f946a64 (43,363 in chips)
Seat 7: 25042c9a (27,801 in chips)
Seat 8: 9a4a9a6f (12,508 in chips)
f334b769: posts the ante 125
f946a64: posts the ante 125
21edcdc7: posts the ante 125
Hero: posts the ante 125
b152d056: posts the ante 125
bfd37f6: posts the ante 125
25042c9a: posts the ante 125
9a4a9a6f: posts the ante 125
21edcdc7: posts small blind 500
bfd37f6: posts big blind 1,000
*** HOLE CARDS ***
Dealt to b152d056 
Dealt to Hero [9c Ad]
Dealt to 21edcdc7 
Dealt to bfd37f6 
Dealt to f334b769 
Dealt to f946a64 
Dealt to 25042c9a 
Dealt to 9a4a9a6f 
f334b769: folds
f946a64: folds
25042c9a: folds
9a4a9a6f: folds
b152d056: raises 7,000 to 8,000 and is all-in
Hero: calls 7,000 and is all-in
21edcdc7: folds
bfd37f6: folds
Uncalled bet (1,000) returned to b152d056
b152d056: shows [Qc 8c]
Hero: shows [9c Ad]
*** FLOP *** [6h 6d 8h]
*** TURN *** [6h 6d 8h] [9s]
*** RIVER *** [6h 6d 8h 9s] [5h]
*** SHOWDOWN ***
Hero collected 16,500 from pot
*** SUMMARY ***
Total pot 16,500 | Rake 0 | Jackpot 0 | Bingo 0 | Fortune 0 | Tax 0
Board [6h 6d 8h 9s 5h]
Seat 1: b152d056 showed [Qc 8c] and lost with Pair of Eights and Pair of Sixes
Seat 2: Hero (button) showed [9c Ad] and won (16,500) with Pair of Nines and Pair of Sixes
Seat 3: 21edcdc7 (small blind) folded before Flop
Seat 4: bfd37f6 (big blind) folded before Flop
Seat 5: f334b769 folded before Flop
Seat 6: f946a64 folded before Flop
Seat 7: 25042c9a folded before Flop
Seat 8: 9a4a9a6f folded before Flop


Poker Hand #TM2980215195: Tournament #127673603, Sunday Hundred Grand $15, $100K Hold'em No Limit - Level16(500/1,000) - 2024/02/18 18:52:06
Table '660' 8-max Seat #1 is the button
Seat 1: b152d056 (8,250 in chips)
Seat 2: Hero (7,750 in chips)
Seat 3: 21edcdc7 (25,500 in chips)
Seat 4: bfd37f6 (14,927 in chips)
Seat 5: f334b769 (20,257 in chips)
Seat 6: f946a64 (38,888 in chips)
Seat 7: 25042c9a (27,926 in chips)
Seat 8: 9a4a9a6f (12,633 in chips)
f334b769: posts the ante 125
f946a64: posts the ante 125
21edcdc7: posts the ante 125
Hero: posts the ante 125
b152d056: posts the ante 125
bfd37f6: posts the ante 125
25042c9a: posts the ante 125
9a4a9a6f: posts the ante 125
Hero: posts small blind 500
21edcdc7: posts big blind 1,000
*** HOLE CARDS ***
Dealt to b152d056 
Dealt to Hero [2h Kd]
Dealt to 21edcdc7 
Dealt to bfd37f6 
Dealt to f334b769 
Dealt to f946a64 
Dealt to 25042c9a 
Dealt to 9a4a9a6f 
bfd37f6: folds
f334b769: raises 1,100 to 2,100
f946a64: raises 36,663 to 38,763 and is all-in
25042c9a: folds
9a4a9a6f: folds
b152d056: folds
Hero: folds
21edcdc7: folds
f334b769: folds
Uncalled bet (36,663) returned to f946a64
*** SHOWDOWN ***
f946a64 collected 6,700 from pot
*** SUMMARY ***
Total pot 6,700 | Rake 0 | Jackpot 0 | Bingo 0 | Fortune 0 | Tax 0
Seat 1: b152d056 (button) folded before Flop
Seat 2: Hero (small blind) folded before Flop
Seat 3: 21edcdc7 (big blind) folded before Flop
Seat 4: bfd37f6 folded before Flop
Seat 5: f334b769 folded before Flop
Seat 6: f946a64 collected (6,700)
Seat 7: 25042c9a folded before Flop
Seat 8: 9a4a9a6f folded before Flop


Poker Hand #TM2980215050: Tournament #127673603, Sunday Hundred Grand $15, $100K Hold'em No Limit - Level16(500/1,000) - 2024/02/18 18:50:55
Table '660' 8-max Seat #8 is the button
Seat 1: b152d056 (8,875 in chips)
Seat 2: Hero (9,875 in chips)
Seat 3: 21edcdc7 (22,250 in chips)
Seat 5: f334b769 (20,382 in chips)
Seat 6: f946a64 (39,013 in chips)
Seat 7: 25042c9a (28,051 in chips)
Seat 8: 9a4a9a6f (12,758 in chips)
f334b769: posts the ante 125
f946a64: posts the ante 125
21edcdc7: posts the ante 125
Hero: posts the ante 125
b152d056: posts the ante 125
25042c9a: posts the ante 125
9a4a9a6f: posts the ante 125
b152d056: posts small blind 500
Hero: posts big blind 1,000
*** HOLE CARDS ***
Dealt to b152d056 
Dealt to Hero [Ah 6h]
Dealt to 21edcdc7 
Dealt to f334b769 
Dealt to f946a64 
Dealt to 25042c9a 
Dealt to 9a4a9a6f 
21edcdc7: raises 1,000 to 2,000
f334b769: folds
f946a64: folds
25042c9a: folds
9a4a9a6f: folds
b152d056: folds
Hero: calls 1,000
*** FLOP *** [Kd Qc 7c]
Hero: checks
21edcdc7: bets 1,000
Hero: folds
Uncalled bet (1,000) returned to 21edcdc7
*** SHOWDOWN ***
21edcdc7 collected 5,375 from pot
*** SUMMARY ***
Total pot 5,375 | Rake 0 | Jackpot 0 | Bingo 0 | Fortune 0 | Tax 0
Board [Kd Qc 7c]
Seat 1: b152d056 (small blind) folded before Flop
Seat 2: Hero (big blind) folded on the Flop
Seat 3: 21edcdc7 won (5,375)
Seat 5: f334b769 folded before Flop
Seat 6: f946a64 folded before Flop
Seat 7: 25042c9a folded before Flop
Seat 8: 9a4a9a6f (button) folded before Flop


Poker Hand #TM2980214886: Tournament #127673603, Sunday Hundred Grand $15, $100K Hold'em No Limit - Level16(500/1,000) - 2024/02/18 18:49:38
Table '660' 8-max Seat #7 is the button
Seat 1: b152d056 (10,000 in chips)
Seat 2: Hero (10,000 in chips)
Seat 3: 21edcdc7 (10,000 in chips)
Seat 4: a1ffad3c (10,000 in chips)
Seat 5: f334b769 (20,507 in chips)
Seat 6: f946a64 (39,138 in chips)
Seat 7: 25042c9a (28,176 in chips)
Seat 8: 9a4a9a6f (13,383 in chips)
f334b769: posts the ante 125
f946a64: posts the ante 125
a1ffad3c: posts the ante 125
21edcdc7: posts the ante 125
Hero: posts the ante 125
b152d056: posts the ante 125
25042c9a: posts the ante 125
9a4a9a6f: posts the ante 125
9a4a9a6f: posts small blind 500
b152d056: posts big blind 1,000
*** HOLE CARDS ***
Dealt to b152d056 
Dealt to Hero [Th 7s]
Dealt to 21edcdc7 
Dealt to a1ffad3c 
Dealt to f334b769 
Dealt to f946a64 
Dealt to 25042c9a 
Dealt to 9a4a9a6f 
Hero: folds
21edcdc7: raises 8,875 to 9,875 and is all-in
a1ffad3c: calls 9,875 and is all-in
f334b769: folds
f946a64: folds
25042c9a: folds
9a4a9a6f: folds
b152d056: folds
21edcdc7: shows [Ac 5c]
a1ffad3c: shows [Ad Qh]
*** FLOP *** [Kh Ks 5d]
*** TURN *** [Kh Ks 5d] [9s]
*** RIVER *** [Kh Ks 5d 9s] [6h]
*** SHOWDOWN ***
21edcdc7 collected 22,250 from pot
*** SUMMARY ***
Total pot 22,250 | Rake 0 | Jackpot 0 | Bingo 0 | Fortune 0 | Tax 0
Board [Kh Ks 5d 9s 6h]
Seat 1: b152d056 (big blind) folded before Flop
Seat 2: Hero folded before Flop
Seat 3: 21edcdc7 showed [Ac 5c] and won (22,250) with Pair of Kings and Pair of Fives
Seat 4: a1ffad3c showed [Ad Qh] and lost with Pair of Kings
Seat 5: f334b769 folded before Flop
Seat 6: f946a64 folded before Flop
Seat 7: 25042c9a (button) folded before Flop
Seat 8: 9a4a9a6f (small blind) folded before Flop


