Poker Hand #TM2996071554: Tournament #128186288, Daily Big $15 Hold'em No Limit - Level15(600/1,200) - 2024/02/23 14:05:32
Table '29' 8-max Seat #2 is the button
Seat 1: 1f5ab5ae (12,100 in chips)
Seat 2: 5f4db25b (32,705 in chips)
Seat 3: Hero (5,515 in chips)
Seat 4: db5424f8 (20,919 in chips)
Seat 5: 6e1cc2cf (21,225 in chips)
Seat 6: 106a7e1a (15,545 in chips)
Seat 7: 2aeffaec (10,350 in chips)
Seat 8: c649cc40 (11,262 in chips)
db5424f8: posts the ante 150
Hero: posts the ante 150
5f4db25b: posts the ante 150
1f5ab5ae: posts the ante 150
6e1cc2cf: posts the ante 150
c649cc40: posts the ante 150
106a7e1a: posts the ante 150
2aeffaec: posts the ante 150
Hero: posts small blind 600
db5424f8: posts big blind 1,200
*** HOLE CARDS ***
Dealt to 1f5ab5ae 
Dealt to 5f4db25b 
Dealt to Hero [Td Ac]
Dealt to db5424f8 
Dealt to 6e1cc2cf 
Dealt to 106a7e1a 
Dealt to 2aeffaec 
Dealt to c649cc40 
6e1cc2cf: folds
106a7e1a: folds
2aeffaec: folds
c649cc40: folds
1f5ab5ae: raises 1,200 to 2,400
5f4db25b: folds
Hero: raises 2,965 to 5,365 and is all-in
db5424f8: raises 7,835 to 13,200
1f5ab5ae: calls 9,550 and is all-in
Uncalled bet (1,250) returned to db5424f8
db5424f8: shows [4h Ah]
1f5ab5ae: shows [Kd Kc]
Hero: shows [Td Ac]
*** FLOP *** [Qs Qc Js]
*** TURN *** [Qs Qc Js] [4d]
*** RIVER *** [Qs Qc Js 4d] [7s]
*** SHOWDOWN ***
1f5ab5ae collected 17,295 from pot
1f5ab5ae collected 13,170 from pot
*** SUMMARY ***
Total pot 30,465 | Rake 0 | Jackpot 0 | Bingo 0 | Fortune 0 | Tax 0
Board [Qs Qc Js 4d 7s]
Seat 1: 1f5ab5ae showed [Kd Kc] and won (30,465) with Pair of Kings and Pair of Queens
Seat 2: 5f4db25b (button) folded before Flop
Seat 3: Hero (small blind) showed [Td Ac] and lost with Pair of Queens
Seat 4: db5424f8 (big blind) showed [4h Ah] and lost with Pair of Queens and Pair of Fours
Seat 5: 6e1cc2cf folded before Flop
Seat 6: 106a7e1a folded before Flop
Seat 7: 2aeffaec folded before Flop
Seat 8: c649cc40 folded before Flop


Poker Hand #TM2996071506: Tournament #128186288, Daily Big $15 Hold'em No Limit - Level15(600/1,200) - 2024/02/23 14:04:53
Table '29' 8-max Seat #1 is the button
Seat 1: 1f5ab5ae (12,250 in chips)
Seat 2: 5f4db25b (33,455 in chips)
Seat 3: Hero (6,865 in chips)
Seat 4: db5424f8 (21,069 in chips)
Seat 5: 6e1cc2cf (18,375 in chips)
Seat 6: 106a7e1a (15,695 in chips)
Seat 7: 2aeffaec (10,500 in chips)
Seat 8: c649cc40 (11,412 in chips)
db5424f8: posts the ante 150
Hero: posts the ante 150
1f5ab5ae: posts the ante 150
6e1cc2cf: posts the ante 150
5f4db25b: posts the ante 150
c649cc40: posts the ante 150
106a7e1a: posts the ante 150
2aeffaec: posts the ante 150
5f4db25b: posts small blind 600
Hero: posts big blind 1,200
*** HOLE CARDS ***
Dealt to 1f5ab5ae 
Dealt to 5f4db25b 
Dealt to Hero [7s Qd]
Dealt to db5424f8 
Dealt to 6e1cc2cf 
Dealt to 106a7e1a 
Dealt to 2aeffaec 
Dealt to c649cc40 
db5424f8: folds
6e1cc2cf: raises 1,200 to 2,400
106a7e1a: folds
2aeffaec: folds
c649cc40: folds
1f5ab5ae: folds
5f4db25b: folds
Hero: folds
Uncalled bet (1,200) returned to 6e1cc2cf
*** SHOWDOWN ***
6e1cc2cf collected 4,200 from pot
*** SUMMARY ***
Total pot 4,200 | Rake 0 | Jackpot 0 | Bingo 0 | Fortune 0 | Tax 0
Seat 1: 1f5ab5ae (button) folded before Flop
Seat 2: 5f4db25b (small blind) folded before Flop
Seat 3: Hero (big blind) folded before Flop
Seat 4: db5424f8 folded before Flop
Seat 5: 6e1cc2cf collected (4,200)
Seat 6: 106a7e1a folded before Flop
Seat 7: 2aeffaec folded before Flop
Seat 8: c649cc40 folded before Flop


Poker Hand #TM2996071465: Tournament #128186288, Daily Big $15 Hold'em No Limit - Level14(500/1,000) - 2024/02/23 14:04:13
Table '29' 8-max Seat #8 is the button
Seat 1: 1f5ab5ae (8,375 in chips)
Seat 2: 5f4db25b (34,580 in chips)
Seat 3: Hero (6,990 in chips)
Seat 4: db5424f8 (21,194 in chips)
Seat 5: 6e1cc2cf (18,500 in chips)
Seat 6: 106a7e1a (15,820 in chips)
Seat 7: 2aeffaec (10,625 in chips)
Seat 8: c649cc40 (13,537 in chips)
db5424f8: posts the ante 125
Hero: posts the ante 125
6e1cc2cf: posts the ante 125
5f4db25b: posts the ante 125
1f5ab5ae: posts the ante 125
c649cc40: posts the ante 125
106a7e1a: posts the ante 125
2aeffaec: posts the ante 125
1f5ab5ae: posts small blind 500
5f4db25b: posts big blind 1,000
*** HOLE CARDS ***
Dealt to 1f5ab5ae 
Dealt to 5f4db25b 
Dealt to Hero [7d Qc]
Dealt to db5424f8 
Dealt to 6e1cc2cf 
Dealt to 106a7e1a 
Dealt to 2aeffaec 
Dealt to c649cc40 
Hero: folds
db5424f8: folds
6e1cc2cf: folds
106a7e1a: folds
2aeffaec: folds
c649cc40: raises 1,000 to 2,000
1f5ab5ae: raises 6,250 to 8,250 and is all-in
5f4db25b: folds
c649cc40: folds
Uncalled bet (6,250) returned to 1f5ab5ae
*** SHOWDOWN ***
1f5ab5ae collected 6,000 from pot
*** SUMMARY ***
Total pot 6,000 | Rake 0 | Jackpot 0 | Bingo 0 | Fortune 0 | Tax 0
Seat 1: 1f5ab5ae (small blind) collected (6,000)
Seat 2: 5f4db25b (big blind) folded before Flop
Seat 3: Hero folded before Flop
Seat 4: db5424f8 folded before Flop
Seat 5: 6e1cc2cf folded before Flop
Seat 6: 106a7e1a folded before Flop
Seat 7: 2aeffaec folded before Flop
Seat 8: c649cc40 (button) folded before Flop


Poker Hand #TM2996071420: Tournament #128186288, Daily Big $15 Hold'em No Limit - Level14(500/1,000) - 2024/02/23 14:03:34
Table '29' 8-max Seat #7 is the button
Seat 1: 1f5ab5ae (9,500 in chips)
Seat 2: 5f4db25b (34,705 in chips)
Seat 3: Hero (7,115 in chips)
Seat 4: db5424f8 (21,319 in chips)
Seat 5: 6e1cc2cf (18,625 in chips)
Seat 6: 106a7e1a (15,945 in chips)
Seat 7: 2aeffaec (8,250 in chips)
Seat 8: c649cc40 (14,162 in chips)
db5424f8: posts the ante 125
Hero: posts the ante 125
6e1cc2cf: posts the ante 125
5f4db25b: posts the ante 125
1f5ab5ae: posts the ante 125
106a7e1a: posts the ante 125
c649cc40: posts the ante 125
2aeffaec: posts the ante 125
c649cc40: posts small blind 500
1f5ab5ae: posts big blind 1,000
*** HOLE CARDS ***
Dealt to 1f5ab5ae 
Dealt to 5f4db25b 
Dealt to Hero [7c Qh]
Dealt to db5424f8 
Dealt to 6e1cc2cf 
Dealt to 106a7e1a 
Dealt to 2aeffaec 
Dealt to c649cc40 
5f4db25b: folds
Hero: folds
db5424f8: folds
6e1cc2cf: folds
106a7e1a: folds
2aeffaec: raises 7,125 to 8,125 and is all-in
c649cc40: folds
1f5ab5ae: folds
Uncalled bet (7,125) returned to 2aeffaec
*** SHOWDOWN ***
2aeffaec collected 3,500 from pot
*** SUMMARY ***
Total pot 3,500 | Rake 0 | Jackpot 0 | Bingo 0 | Fortune 0 | Tax 0
Seat 1: 1f5ab5ae (big blind) folded before Flop
Seat 2: 5f4db25b folded before Flop
Seat 3: Hero folded before Flop
Seat 4: db5424f8 folded before Flop
Seat 5: 6e1cc2cf folded before Flop
Seat 6: 106a7e1a folded before Flop
Seat 7: 2aeffaec (button) collected (3,500)
Seat 8: c649cc40 (small blind) folded before Flop


Poker Hand #TM2996071344: Tournament #128186288, Daily Big $15 Hold'em No Limit - Level14(500/1,000) - 2024/02/23 14:02:32
Table '29' 8-max Seat #6 is the button
Seat 1: 1f5ab5ae (9,625 in chips)
Seat 2: 5f4db25b (34,830 in chips)
Seat 3: Hero (7,240 in chips)
Seat 4: db5424f8 (21,444 in chips)
Seat 5: 6e1cc2cf (18,750 in chips)
Seat 6: 106a7e1a (22,401 in chips)
Seat 7: 2aeffaec (8,875 in chips)
Seat 8: c649cc40 (6,456 in chips)
db5424f8: posts the ante 125
Hero: posts the ante 125
6e1cc2cf: posts the ante 125
5f4db25b: posts the ante 125
1f5ab5ae: posts the ante 125
106a7e1a: posts the ante 125
c649cc40: posts the ante 125
2aeffaec: posts the ante 125
2aeffaec: posts small blind 500
c649cc40: posts big blind 1,000
*** HOLE CARDS ***
Dealt to 1f5ab5ae 
Dealt to 5f4db25b 
Dealt to Hero [7d 6c]
Dealt to db5424f8 
Dealt to 6e1cc2cf 
Dealt to 106a7e1a 
Dealt to 2aeffaec 
Dealt to c649cc40 
1f5ab5ae: folds
5f4db25b: folds
Hero: folds
db5424f8: folds
6e1cc2cf: folds
106a7e1a: raises 21,276 to 22,276 and is all-in
2aeffaec: folds
c649cc40: calls 5,331 and is all-in
Uncalled bet (15,945) returned to 106a7e1a
106a7e1a: shows [Js Qd]
c649cc40: shows [8h Kh]
*** FLOP *** [7s Jh Ks]
*** TURN *** [7s Jh Ks] [6d]
*** RIVER *** [7s Jh Ks 6d] [8s]
*** SHOWDOWN ***
c649cc40 collected 14,162 from pot
*** SUMMARY ***
Total pot 14,162 | Rake 0 | Jackpot 0 | Bingo 0 | Fortune 0 | Tax 0
Board [7s Jh Ks 6d 8s]
Seat 1: 1f5ab5ae folded before Flop
Seat 2: 5f4db25b folded before Flop
Seat 3: Hero folded before Flop
Seat 4: db5424f8 folded before Flop
Seat 5: 6e1cc2cf folded before Flop
Seat 6: 106a7e1a (button) showed [Js Qd] and lost with Pair of Jacks
Seat 7: 2aeffaec (small blind) folded before Flop
Seat 8: c649cc40 (big blind) showed [8h Kh] and won (14,162) with Pair of Kings and Pair of Eights


Poker Hand #TM2996071299: Tournament #128186288, Daily Big $15 Hold'em No Limit - Level14(500/1,000) - 2024/02/23 14:01:17
Table '29' 8-max Seat #5 is the button
Seat 1: 1f5ab5ae (9,750 in chips)
Seat 2: 5f4db25b (34,955 in chips)
Seat 3: Hero (7,365 in chips)
Seat 4: db5424f8 (21,569 in chips)
Seat 5: 6e1cc2cf (8,250 in chips)
Seat 6: 106a7e1a (23,026 in chips)
Seat 7: 2aeffaec (10,000 in chips)
Seat 8: c649cc40 (14,706 in chips)
db5424f8: posts the ante 125
Hero: posts the ante 125
6e1cc2cf: posts the ante 125
5f4db25b: posts the ante 125
1f5ab5ae: posts the ante 125
c649cc40: posts the ante 125
106a7e1a: posts the ante 125
2aeffaec: posts the ante 125
106a7e1a: posts small blind 500
2aeffaec: posts big blind 1,000
*** HOLE CARDS ***
Dealt to 1f5ab5ae 
Dealt to 5f4db25b 
Dealt to Hero [9s 3s]
Dealt to db5424f8 
Dealt to 6e1cc2cf 
Dealt to 106a7e1a 
Dealt to 2aeffaec 
Dealt to c649cc40 
c649cc40: raises 1,000 to 2,000
1f5ab5ae: folds
5f4db25b: folds
Hero: folds
db5424f8: folds
6e1cc2cf: raises 6,125 to 8,125 and is all-in
106a7e1a: folds
2aeffaec: folds
c649cc40: calls 6,125
6e1cc2cf: shows [Qd Ah]
c649cc40: shows [Ks Ad]
*** FLOP *** [Qh Qc Tc]
*** TURN *** [Qh Qc Tc] [6c]
*** RIVER *** [Qh Qc Tc 6c] [3h]
*** SHOWDOWN ***
6e1cc2cf collected 18,750 from pot
*** SUMMARY ***
Total pot 18,750 | Rake 0 | Jackpot 0 | Bingo 0 | Fortune 0 | Tax 0
Board [Qh Qc Tc 6c 3h]
Seat 1: 1f5ab5ae folded before Flop
Seat 2: 5f4db25b folded before Flop
Seat 3: Hero folded before Flop
Seat 4: db5424f8 folded before Flop
Seat 5: 6e1cc2cf (button) showed [Qd Ah] and won (18,750) with Three Queens
Seat 6: 106a7e1a (small blind) folded before Flop
Seat 7: 2aeffaec (big blind) folded before Flop
Seat 8: c649cc40 showed [Ks Ad] and lost with Pair of Queens


Poker Hand #TM2996071258: Tournament #128186288, Daily Big $15 Hold'em No Limit - Level14(500/1,000) - 2024/02/23 13:54:38
Table '29' 8-max Seat #4 is the button
Seat 1: 1f5ab5ae (9,875 in chips)
Seat 2: 5f4db25b (35,080 in chips)
Seat 3: Hero (7,490 in chips)
Seat 4: db5424f8 (21,694 in chips)
Seat 5: 6e1cc2cf (8,875 in chips)
Seat 6: 106a7e1a (15,057 in chips)
Seat 8: c649cc40 (21,550 in chips)
db5424f8: posts the ante 125
Hero: posts the ante 125
5f4db25b: posts the ante 125
1f5ab5ae: posts the ante 125
6e1cc2cf: posts the ante 125
c649cc40: posts the ante 125
106a7e1a: posts the ante 125
6e1cc2cf: posts small blind 500
106a7e1a: posts big blind 1,000
*** HOLE CARDS ***
Dealt to 1f5ab5ae 
Dealt to 5f4db25b 
Dealt to Hero [2h 4h]
Dealt to db5424f8 
Dealt to 6e1cc2cf 
Dealt to 106a7e1a 
Dealt to c649cc40 
c649cc40: raises 1,000 to 2,000
1f5ab5ae: folds
5f4db25b: folds
Hero: folds
db5424f8: folds
6e1cc2cf: folds
106a7e1a: calls 1,000
*** FLOP *** [Ac 3h 7h]
106a7e1a: checks
c649cc40: bets 1,774
106a7e1a: calls 1,774
*** TURN *** [Ac 3h 7h] [4c]
106a7e1a: checks
c649cc40: bets 2,945
106a7e1a: calls 2,945
*** RIVER *** [Ac 3h 7h 4c] [Th]
106a7e1a: checks
c649cc40: checks
106a7e1a: shows [As 5s] (Pair of Aces)
c649cc40: shows [3d Qd] (Pair of Treys)
*** SHOWDOWN ***
106a7e1a collected 14,813 from pot
*** SUMMARY ***
Total pot 14,813 | Rake 0 | Jackpot 0 | Bingo 0 | Fortune 0 | Tax 0
Board [Ac 3h 7h 4c Th]
Seat 1: 1f5ab5ae folded before Flop
Seat 2: 5f4db25b folded before Flop
Seat 3: Hero folded before Flop
Seat 4: db5424f8 (button) folded before Flop
Seat 5: 6e1cc2cf (small blind) folded before Flop
Seat 6: 106a7e1a (big blind) showed [As 5s] and won (14,813) with Pair of Aces
Seat 8: c649cc40 showed [3d Qd] and lost with Pair of Treys


Poker Hand #TM2996071219: Tournament #128186288, Daily Big $15 Hold'em No Limit - Level14(500/1,000) - 2024/02/23 13:54:11
Table '29' 8-max Seat #3 is the button
Seat 1: 1f5ab5ae (10,000 in chips)
Seat 2: 5f4db25b (35,205 in chips)
Seat 3: Hero (7,615 in chips)
Seat 4: db5424f8 (22,319 in chips)
Seat 5: 6e1cc2cf (10,000 in chips)
Seat 6: 106a7e1a (15,182 in chips)
Seat 7: 85a4b365 (6,204 in chips)
Seat 8: c649cc40 (21,675 in chips)
db5424f8: posts the ante 125
Hero: posts the ante 125
5f4db25b: posts the ante 125
1f5ab5ae: posts the ante 125
6e1cc2cf: posts the ante 125
85a4b365: posts the ante 125
c649cc40: posts the ante 125
106a7e1a: posts the ante 125
db5424f8: posts small blind 500
6e1cc2cf: posts big blind 1,000
*** HOLE CARDS ***
Dealt to 1f5ab5ae 
Dealt to 5f4db25b 
Dealt to Hero [4d 2c]
Dealt to db5424f8 
Dealt to 6e1cc2cf 
Dealt to 106a7e1a 
Dealt to 85a4b365 
Dealt to c649cc40 
106a7e1a: folds
85a4b365: raises 5,079 to 6,079 and is all-in
c649cc40: folds
1f5ab5ae: folds
5f4db25b: folds
Hero: folds
db5424f8: folds
6e1cc2cf: folds
Uncalled bet (5,079) returned to 85a4b365
*** SHOWDOWN ***
85a4b365 collected 3,500 from pot
*** SUMMARY ***
Total pot 3,500 | Rake 0 | Jackpot 0 | Bingo 0 | Fortune 0 | Tax 0
Seat 1: 1f5ab5ae folded before Flop
Seat 2: 5f4db25b folded before Flop
Seat 3: Hero (button) folded before Flop
Seat 4: db5424f8 (small blind) folded before Flop
Seat 5: 6e1cc2cf (big blind) folded before Flop
Seat 6: 106a7e1a folded before Flop
Seat 7: 85a4b365 collected (3,500)
Seat 8: c649cc40 folded before Flop


Poker Hand #TM2996071173: Tournament #128186288, Daily Big $15 Hold'em No Limit - Level14(500/1,000) - 2024/02/23 13:53:28
Table '29' 8-max Seat #2 is the button
Seat 2: 5f4db25b (35,330 in chips)
Seat 3: Hero (8,240 in chips)
Seat 4: db5424f8 (11,444 in chips)
Seat 5: b6c480e2 (9,750 in chips)
Seat 6: 106a7e1a (15,307 in chips)
Seat 7: 85a4b365 (6,329 in chips)
Seat 8: c649cc40 (21,800 in chips)
db5424f8: posts the ante 125
Hero: posts the ante 125
b6c480e2: posts the ante 125
5f4db25b: posts the ante 125
85a4b365: posts the ante 125
c649cc40: posts the ante 125
106a7e1a: posts the ante 125
Hero: posts small blind 500
db5424f8: posts big blind 1,000
*** HOLE CARDS ***
Dealt to 5f4db25b 
Dealt to Hero [3s 9h]
Dealt to db5424f8 
Dealt to b6c480e2 
Dealt to 106a7e1a 
Dealt to 85a4b365 
Dealt to c649cc40 
b6c480e2: raises 8,625 to 9,625 and is all-in
106a7e1a: folds
85a4b365: folds
c649cc40: folds
5f4db25b: folds
Hero: folds
db5424f8: calls 8,625
b6c480e2: shows [8s Ad]
db5424f8: shows [Ac 7c]
*** FLOP *** [4c Ts 3c]
*** TURN *** [4c Ts 3c] [Kc]
*** RIVER *** [4c Ts 3c Kc] [6h]
*** SHOWDOWN ***
db5424f8 collected 20,625 from pot
*** SUMMARY ***
Total pot 20,625 | Rake 0 | Jackpot 0 | Bingo 0 | Fortune 0 | Tax 0
Board [4c Ts 3c Kc 6h]
Seat 2: 5f4db25b (button) folded before Flop
Seat 3: Hero (small blind) folded before Flop
Seat 4: db5424f8 (big blind) showed [Ac 7c] and won (20,625) with Ace High Flush
Seat 5: b6c480e2 showed [8s Ad] and lost with Ace-High
Seat 6: 106a7e1a folded before Flop
Seat 7: 85a4b365 folded before Flop
Seat 8: c649cc40 folded before Flop


Poker Hand #TM2995912857: Tournament #128186288, Daily Big $15 Hold'em No Limit - Level14(500/1,000) - 2024/02/23 13:52:36
Table '20' 8-max Seat #7 is the button
Seat 1: c3f97a3b (15,510 in chips)
Seat 2: Hero (8,365 in chips)
Seat 3: e03cab9e (36,839 in chips)
Seat 4: 909fa6cc (21,070 in chips)
Seat 5: af851b0d (34,309 in chips)
Seat 6: 5e523694 (14,203 in chips)
Seat 7: 4e6b9e27 (13,050 in chips)
Seat 8: 6a567e15 (9,350 in chips)
e03cab9e: posts the ante 125
af851b0d: posts the ante 125
Hero: posts the ante 125
6a567e15: posts the ante 125
5e523694: posts the ante 125
909fa6cc: posts the ante 125
4e6b9e27: posts the ante 125
c3f97a3b: posts the ante 125
6a567e15: posts small blind 500
c3f97a3b: posts big blind 1,000
*** HOLE CARDS ***
Dealt to c3f97a3b 
Dealt to Hero [Jc 6c]
Dealt to e03cab9e 
Dealt to 909fa6cc 
Dealt to af851b0d 
Dealt to 5e523694 
Dealt to 4e6b9e27 
Dealt to 6a567e15 
Hero: folds
e03cab9e: folds
909fa6cc: folds
af851b0d: folds
5e523694: folds
4e6b9e27: folds
6a567e15: folds
Uncalled bet (500) returned to c3f97a3b
*** SHOWDOWN ***
c3f97a3b collected 2,000 from pot
*** SUMMARY ***
Total pot 2,000 | Rake 0 | Jackpot 0 | Bingo 0 | Fortune 0 | Tax 0
Seat 1: c3f97a3b (big blind) collected (2,000)
Seat 2: Hero folded before Flop
Seat 3: e03cab9e folded before Flop
Seat 4: 909fa6cc folded before Flop
Seat 5: af851b0d folded before Flop
Seat 6: 5e523694 folded before Flop
Seat 7: 4e6b9e27 (button) folded before Flop
Seat 8: 6a567e15 (small blind) folded before Flop


Poker Hand #TM2995912810: Tournament #128186288, Daily Big $15 Hold'em No Limit - Level14(500/1,000) - 2024/02/23 13:51:51
Table '20' 8-max Seat #6 is the button
Seat 1: c3f97a3b (15,635 in chips)
Seat 2: Hero (8,490 in chips)
Seat 3: e03cab9e (36,964 in chips)
Seat 4: 909fa6cc (21,195 in chips)
Seat 5: af851b0d (34,434 in chips)
Seat 6: 5e523694 (16,328 in chips)
Seat 7: 4e6b9e27 (9,175 in chips)
Seat 8: 6a567e15 (10,475 in chips)
e03cab9e: posts the ante 125
af851b0d: posts the ante 125
Hero: posts the ante 125
6a567e15: posts the ante 125
5e523694: posts the ante 125
909fa6cc: posts the ante 125
4e6b9e27: posts the ante 125
c3f97a3b: posts the ante 125
4e6b9e27: posts small blind 500
6a567e15: posts big blind 1,000
*** HOLE CARDS ***
Dealt to c3f97a3b 
Dealt to Hero [5s Ac]
Dealt to e03cab9e 
Dealt to 909fa6cc 
Dealt to af851b0d 
Dealt to 5e523694 
Dealt to 4e6b9e27 
Dealt to 6a567e15 
c3f97a3b: folds
Hero: folds
e03cab9e: folds
909fa6cc: folds
af851b0d: folds
5e523694: raises 1,000 to 2,000
4e6b9e27: raises 7,050 to 9,050 and is all-in
6a567e15: folds
5e523694: folds
Uncalled bet (7,050) returned to 4e6b9e27
*** SHOWDOWN ***
4e6b9e27 collected 6,000 from pot
*** SUMMARY ***
Total pot 6,000 | Rake 0 | Jackpot 0 | Bingo 0 | Fortune 0 | Tax 0
Seat 1: c3f97a3b folded before Flop
Seat 2: Hero folded before Flop
Seat 3: e03cab9e folded before Flop
Seat 4: 909fa6cc folded before Flop
Seat 5: af851b0d folded before Flop
Seat 6: 5e523694 (button) folded before Flop
Seat 7: 4e6b9e27 (small blind) collected (6,000)
Seat 8: 6a567e15 (big blind) folded before Flop


Poker Hand #TM2995912757: Tournament #128186288, Daily Big $15 Hold'em No Limit - Level14(500/1,000) - 2024/02/23 13:51:02
Table '20' 8-max Seat #5 is the button
Seat 1: c3f97a3b (15,760 in chips)
Seat 2: Hero (8,615 in chips)
Seat 3: e03cab9e (37,089 in chips)
Seat 4: 909fa6cc (18,820 in chips)
Seat 5: af851b0d (34,559 in chips)
Seat 6: 5e523694 (16,953 in chips)
Seat 7: 4e6b9e27 (10,300 in chips)
Seat 8: 6a567e15 (10,600 in chips)
e03cab9e: posts the ante 125
af851b0d: posts the ante 125
Hero: posts the ante 125
6a567e15: posts the ante 125
909fa6cc: posts the ante 125
5e523694: posts the ante 125
4e6b9e27: posts the ante 125
c3f97a3b: posts the ante 125
5e523694: posts small blind 500
4e6b9e27: posts big blind 1,000
*** HOLE CARDS ***
Dealt to c3f97a3b 
Dealt to Hero [8d Qs]
Dealt to e03cab9e 
Dealt to 909fa6cc 
Dealt to af851b0d 
Dealt to 5e523694 
Dealt to 4e6b9e27 
Dealt to 6a567e15 
6a567e15: folds
c3f97a3b: folds
Hero: folds
e03cab9e: folds
909fa6cc: raises 1,000 to 2,000
af851b0d: folds
5e523694: folds
4e6b9e27: folds
Uncalled bet (1,000) returned to 909fa6cc
*** SHOWDOWN ***
909fa6cc collected 3,500 from pot
*** SUMMARY ***
Total pot 3,500 | Rake 0 | Jackpot 0 | Bingo 0 | Fortune 0 | Tax 0
Seat 1: c3f97a3b folded before Flop
Seat 2: Hero folded before Flop
Seat 3: e03cab9e folded before Flop
Seat 4: 909fa6cc collected (3,500)
Seat 5: af851b0d (button) folded before Flop
Seat 6: 5e523694 (small blind) folded before Flop
Seat 7: 4e6b9e27 (big blind) folded before Flop
Seat 8: 6a567e15 folded before Flop


Poker Hand #TM2995912653: Tournament #128186288, Daily Big $15 Hold'em No Limit - Level13(400/800) - 2024/02/23 13:49:37
Table '20' 8-max Seat #4 is the button
Seat 1: c3f97a3b (15,860 in chips)
Seat 2: Hero (8,715 in chips)
Seat 3: e03cab9e (37,189 in chips)
Seat 4: 909fa6cc (18,920 in chips)
Seat 5: af851b0d (35,459 in chips)
Seat 6: 5e523694 (17,853 in chips)
Seat 7: 4e6b9e27 (8,000 in chips)
Seat 8: 6a567e15 (10,700 in chips)
e03cab9e: posts the ante 100
af851b0d: posts the ante 100
Hero: posts the ante 100
6a567e15: posts the ante 100
909fa6cc: posts the ante 100
5e523694: posts the ante 100
4e6b9e27: posts the ante 100
c3f97a3b: posts the ante 100
af851b0d: posts small blind 400
5e523694: posts big blind 800
*** HOLE CARDS ***
Dealt to c3f97a3b 
Dealt to Hero [6c 9h]
Dealt to e03cab9e 
Dealt to 909fa6cc 
Dealt to af851b0d 
Dealt to 5e523694 
Dealt to 4e6b9e27 
Dealt to 6a567e15 
4e6b9e27: calls 800
6a567e15: folds
c3f97a3b: folds
Hero: folds
e03cab9e: folds
909fa6cc: folds
af851b0d: calls 400
5e523694: checks
*** FLOP *** [9d 8c 2d]
af851b0d: checks
5e523694: checks
4e6b9e27: bets 7,100 and is all-in
af851b0d: folds
5e523694: folds
Uncalled bet (7,100) returned to 4e6b9e27
*** SHOWDOWN ***
4e6b9e27 collected 3,200 from pot
*** SUMMARY ***
Total pot 3,200 | Rake 0 | Jackpot 0 | Bingo 0 | Fortune 0 | Tax 0
Board [9d 8c 2d]
Seat 1: c3f97a3b folded before Flop
Seat 2: Hero folded before Flop
Seat 3: e03cab9e folded before Flop
Seat 4: 909fa6cc (button) folded before Flop
Seat 5: af851b0d (small blind) folded on the Flop
Seat 6: 5e523694 (big blind) folded on the Flop
Seat 7: 4e6b9e27 won (3,200)
Seat 8: 6a567e15 folded before Flop


Poker Hand #TM2995912597: Tournament #128186288, Daily Big $15 Hold'em No Limit - Level13(400/800) - 2024/02/23 13:48:47
Table '20' 8-max Seat #3 is the button
Seat 1: c3f97a3b (15,960 in chips)
Seat 2: Hero (8,815 in chips)
Seat 3: e03cab9e (34,489 in chips)
Seat 4: 909fa6cc (19,420 in chips)
Seat 5: af851b0d (37,159 in chips)
Seat 6: 5e523694 (17,953 in chips)
Seat 7: 4e6b9e27 (8,100 in chips)
Seat 8: 6a567e15 (10,800 in chips)
e03cab9e: posts the ante 100
af851b0d: posts the ante 100
Hero: posts the ante 100
6a567e15: posts the ante 100
5e523694: posts the ante 100
909fa6cc: posts the ante 100
4e6b9e27: posts the ante 100
c3f97a3b: posts the ante 100
909fa6cc: posts small blind 400
af851b0d: posts big blind 800
*** HOLE CARDS ***
Dealt to c3f97a3b 
Dealt to Hero [9h 2h]
Dealt to e03cab9e 
Dealt to 909fa6cc 
Dealt to af851b0d 
Dealt to 5e523694 
Dealt to 4e6b9e27 
Dealt to 6a567e15 
5e523694: folds
4e6b9e27: folds
6a567e15: folds
c3f97a3b: folds
Hero: folds
e03cab9e: raises 800 to 1,600
909fa6cc: folds
af851b0d: calls 800
*** FLOP *** [As Kd 9d]
af851b0d: checks
e03cab9e: bets 1,364
af851b0d: folds
Uncalled bet (1,364) returned to e03cab9e
*** SHOWDOWN ***
e03cab9e collected 4,400 from pot
*** SUMMARY ***
Total pot 4,400 | Rake 0 | Jackpot 0 | Bingo 0 | Fortune 0 | Tax 0
Board [As Kd 9d]
Seat 1: c3f97a3b folded before Flop
Seat 2: Hero folded before Flop
Seat 3: e03cab9e (button) won (4,400)
Seat 4: 909fa6cc (small blind) folded before Flop
Seat 5: af851b0d (big blind) folded on the Flop
Seat 6: 5e523694 folded before Flop
Seat 7: 4e6b9e27 folded before Flop
Seat 8: 6a567e15 folded before Flop


Poker Hand #TM2995912555: Tournament #128186288, Daily Big $15 Hold'em No Limit - Level13(400/800) - 2024/02/23 13:48:14
Table '20' 8-max Seat #2 is the button
Seat 1: c3f97a3b (16,060 in chips)
Seat 2: Hero (8,915 in chips)
Seat 3: e03cab9e (34,989 in chips)
Seat 4: 909fa6cc (20,320 in chips)
Seat 5: af851b0d (37,259 in chips)
Seat 6: 5e523694 (18,053 in chips)
Seat 7: 4e6b9e27 (8,200 in chips)
Seat 8: 6a567e15 (8,900 in chips)
e03cab9e: posts the ante 100
af851b0d: posts the ante 100
Hero: posts the ante 100
6a567e15: posts the ante 100
5e523694: posts the ante 100
909fa6cc: posts the ante 100
4e6b9e27: posts the ante 100
c3f97a3b: posts the ante 100
e03cab9e: posts small blind 400
909fa6cc: posts big blind 800
*** HOLE CARDS ***
Dealt to c3f97a3b 
Dealt to Hero [Kc 6s]
Dealt to e03cab9e 
Dealt to 909fa6cc 
Dealt to af851b0d 
Dealt to 5e523694 
Dealt to 4e6b9e27 
Dealt to 6a567e15 
af851b0d: folds
5e523694: folds
4e6b9e27: folds
6a567e15: raises 8,000 to 8,800 and is all-in
c3f97a3b: folds
Hero: folds
e03cab9e: folds
909fa6cc: folds
Uncalled bet (8,000) returned to 6a567e15
*** SHOWDOWN ***
6a567e15 collected 2,800 from pot
*** SUMMARY ***
Total pot 2,800 | Rake 0 | Jackpot 0 | Bingo 0 | Fortune 0 | Tax 0
Seat 1: c3f97a3b folded before Flop
Seat 2: Hero (button) folded before Flop
Seat 3: e03cab9e (small blind) folded before Flop
Seat 4: 909fa6cc (big blind) folded before Flop
Seat 5: af851b0d folded before Flop
Seat 6: 5e523694 folded before Flop
Seat 7: 4e6b9e27 folded before Flop
Seat 8: 6a567e15 collected (2,800)


Poker Hand #TM2995912499: Tournament #128186288, Daily Big $15 Hold'em No Limit - Level13(400/800) - 2024/02/23 13:47:28
Table '20' 8-max Seat #1 is the button
Seat 1: c3f97a3b (16,160 in chips)
Seat 2: Hero (10,615 in chips)
Seat 3: e03cab9e (35,889 in chips)
Seat 4: 909fa6cc (15,620 in chips)
Seat 5: af851b0d (37,359 in chips)
Seat 6: 5e523694 (18,153 in chips)
Seat 7: 4e6b9e27 (9,900 in chips)
Seat 8: 6a567e15 (9,000 in chips)
e03cab9e: posts the ante 100
af851b0d: posts the ante 100
6a567e15: posts the ante 100
Hero: posts the ante 100
5e523694: posts the ante 100
909fa6cc: posts the ante 100
4e6b9e27: posts the ante 100
c3f97a3b: posts the ante 100
Hero: posts small blind 400
e03cab9e: posts big blind 800
*** HOLE CARDS ***
Dealt to c3f97a3b 
Dealt to Hero [Tc Qc]
Dealt to e03cab9e 
Dealt to 909fa6cc 
Dealt to af851b0d 
Dealt to 5e523694 
Dealt to 4e6b9e27 
Dealt to 6a567e15 
909fa6cc: raises 800 to 1,600
af851b0d: folds
5e523694: folds
4e6b9e27: calls 1,600
6a567e15: folds
c3f97a3b: folds
Hero: calls 1,200
e03cab9e: folds
*** FLOP *** [5h Kc 3h]
Hero: checks
909fa6cc: bets 800
4e6b9e27: folds
Hero: folds
Uncalled bet (800) returned to 909fa6cc
*** SHOWDOWN ***
909fa6cc collected 6,400 from pot
*** SUMMARY ***
Total pot 6,400 | Rake 0 | Jackpot 0 | Bingo 0 | Fortune 0 | Tax 0
Board [5h Kc 3h]
Seat 1: c3f97a3b (button) folded before Flop
Seat 2: Hero (small blind) folded on the Flop
Seat 3: e03cab9e (big blind) folded before Flop
Seat 4: 909fa6cc won (6,400)
Seat 5: af851b0d folded before Flop
Seat 6: 5e523694 folded before Flop
Seat 7: 4e6b9e27 folded on the Flop
Seat 8: 6a567e15 folded before Flop


Poker Hand #TM2995912430: Tournament #128186288, Daily Big $15 Hold'em No Limit - Level13(400/800) - 2024/02/23 13:46:33
Table '20' 8-max Seat #8 is the button
Seat 1: c3f97a3b (16,660 in chips)
Seat 2: Hero (11,515 in chips)
Seat 3: e03cab9e (35,989 in chips)
Seat 4: 909fa6cc (17,320 in chips)
Seat 5: af851b0d (37,459 in chips)
Seat 6: 5e523694 (14,653 in chips)
Seat 7: 4e6b9e27 (10,000 in chips)
Seat 8: 6a567e15 (9,100 in chips)
e03cab9e: posts the ante 100
af851b0d: posts the ante 100
6a567e15: posts the ante 100
Hero: posts the ante 100
5e523694: posts the ante 100
909fa6cc: posts the ante 100
4e6b9e27: posts the ante 100
c3f97a3b: posts the ante 100
c3f97a3b: posts small blind 400
Hero: posts big blind 800
*** HOLE CARDS ***
Dealt to c3f97a3b 
Dealt to Hero [8d Qd]
Dealt to e03cab9e 
Dealt to 909fa6cc 
Dealt to af851b0d 
Dealt to 5e523694 
Dealt to 4e6b9e27 
Dealt to 6a567e15 
e03cab9e: folds
909fa6cc: raises 800 to 1,600
af851b0d: folds
5e523694: raises 12,953 to 14,553 and is all-in
4e6b9e27: folds
6a567e15: folds
c3f97a3b: folds
Hero: folds
909fa6cc: folds
Uncalled bet (12,953) returned to 5e523694
5e523694: shows [9c 9s]
*** SHOWDOWN ***
5e523694 collected 5,200 from pot
*** SUMMARY ***
Total pot 5,200 | Rake 0 | Jackpot 0 | Bingo 0 | Fortune 0 | Tax 0
Seat 1: c3f97a3b (small blind) folded before Flop
Seat 2: Hero (big blind) folded before Flop
Seat 3: e03cab9e folded before Flop
Seat 4: 909fa6cc folded before Flop
Seat 5: af851b0d folded before Flop
Seat 6: 5e523694 showed [9c 9s] and collected (5,200)
Seat 7: 4e6b9e27 folded before Flop
Seat 8: 6a567e15 (button) folded before Flop


Poker Hand #TM2995912337: Tournament #128186288, Daily Big $15 Hold'em No Limit - Level13(400/800) - 2024/02/23 13:45:18
Table '20' 8-max Seat #6 is the button
Seat 1: c3f97a3b (16,760 in chips)
Seat 2: Hero (11,615 in chips)
Seat 3: e03cab9e (20,369 in chips)
Seat 4: 909fa6cc (17,420 in chips)
Seat 5: af851b0d (37,559 in chips)
Seat 6: 5e523694 (14,753 in chips)
Seat 7: 512f56bf (14,220 in chips)
Seat 8: 6a567e15 (10,000 in chips)
e03cab9e: posts the ante 100
af851b0d: posts the ante 100
512f56bf: posts the ante 100
Hero: posts the ante 100
6a567e15: posts the ante 100
5e523694: posts the ante 100
909fa6cc: posts the ante 100
c3f97a3b: posts the ante 100
512f56bf: posts small blind 400
6a567e15: posts big blind 800
*** HOLE CARDS ***
Dealt to c3f97a3b 
Dealt to Hero [5s 9s]
Dealt to e03cab9e 
Dealt to 909fa6cc 
Dealt to af851b0d 
Dealt to 5e523694 
Dealt to 512f56bf 
Dealt to 6a567e15 
c3f97a3b: folds
Hero: folds
e03cab9e: raises 800 to 1,600
909fa6cc: folds
af851b0d: folds
5e523694: folds
512f56bf: raises 12,520 to 14,120 and is all-in
6a567e15: folds
e03cab9e: calls 12,520
512f56bf: shows [7s 7d]
e03cab9e: shows [Ah Kc]
*** FLOP *** [Ac 4d 3d]
*** TURN *** [Ac 4d 3d] [Jc]
*** RIVER *** [Ac 4d 3d Jc] [5d]
*** SHOWDOWN ***
e03cab9e collected 29,840 from pot
*** SUMMARY ***
Total pot 29,840 | Rake 0 | Jackpot 0 | Bingo 0 | Fortune 0 | Tax 0
Board [Ac 4d 3d Jc 5d]
Seat 1: c3f97a3b folded before Flop
Seat 2: Hero folded before Flop
Seat 3: e03cab9e showed [Ah Kc] and won (29,840) with Pair of Aces
Seat 4: 909fa6cc folded before Flop
Seat 5: af851b0d folded before Flop
Seat 6: 5e523694 (button) folded before Flop
Seat 7: 512f56bf (small blind) showed [7s 7d] and lost with Pair of Sevens
Seat 8: 6a567e15 (big blind) folded before Flop


Poker Hand #TM2995912249: Tournament #128186288, Daily Big $15 Hold'em No Limit - Level13(400/800) - 2024/02/23 13:44:05
Table '20' 8-max Seat #5 is the button
Seat 1: c3f97a3b (16,860 in chips)
Seat 2: Hero (11,715 in chips)
Seat 3: e03cab9e (28,229 in chips)
Seat 4: 909fa6cc (7,860 in chips)
Seat 5: af851b0d (37,659 in chips)
Seat 6: 5e523694 (15,253 in chips)
Seat 7: 512f56bf (15,120 in chips)
e03cab9e: posts the ante 100
af851b0d: posts the ante 100
512f56bf: posts the ante 100
Hero: posts the ante 100
909fa6cc: posts the ante 100
5e523694: posts the ante 100
c3f97a3b: posts the ante 100
5e523694: posts small blind 400
512f56bf: posts big blind 800
*** HOLE CARDS ***
Dealt to c3f97a3b 
Dealt to Hero [9s 7s]
Dealt to e03cab9e 
Dealt to 909fa6cc 
Dealt to af851b0d 
Dealt to 5e523694 
Dealt to 512f56bf 
c3f97a3b: folds
Hero: folds
e03cab9e: raises 800 to 1,600
909fa6cc: raises 6,160 to 7,760 and is all-in
af851b0d: folds
5e523694: folds
512f56bf: folds
e03cab9e: calls 6,160
909fa6cc: shows [Js Ad]
e03cab9e: shows [9h 8h]
*** FLOP *** [2h Jc 3c]
*** TURN *** [2h Jc 3c] [Ah]
*** RIVER *** [2h Jc 3c Ah] [3s]
*** SHOWDOWN ***
909fa6cc collected 17,420 from pot
*** SUMMARY ***
Total pot 17,420 | Rake 0 | Jackpot 0 | Bingo 0 | Fortune 0 | Tax 0
Board [2h Jc 3c Ah 3s]
Seat 1: c3f97a3b folded before Flop
Seat 2: Hero folded before Flop
Seat 3: e03cab9e showed [9h 8h] and lost with Pair of Treys
Seat 4: 909fa6cc showed [Js Ad] and won (17,420) with Pair of Aces and Pair of Jacks
Seat 5: af851b0d (button) folded before Flop
Seat 6: 5e523694 (small blind) folded before Flop
Seat 7: 512f56bf (big blind) folded before Flop


Poker Hand #TM2995912183: Tournament #128186288, Daily Big $15 Hold'em No Limit - Level13(400/800) - 2024/02/23 13:43:13
Table '20' 8-max Seat #4 is the button
Seat 1: c3f97a3b (16,960 in chips)
Seat 2: Hero (9,915 in chips)
Seat 3: e03cab9e (28,329 in chips)
Seat 4: 909fa6cc (7,960 in chips)
Seat 5: af851b0d (38,159 in chips)
Seat 6: 5e523694 (16,153 in chips)
Seat 7: 512f56bf (15,220 in chips)
e03cab9e: posts the ante 100
af851b0d: posts the ante 100
512f56bf: posts the ante 100
Hero: posts the ante 100
909fa6cc: posts the ante 100
5e523694: posts the ante 100
c3f97a3b: posts the ante 100
af851b0d: posts small blind 400
5e523694: posts big blind 800
*** HOLE CARDS ***
Dealt to c3f97a3b 
Dealt to Hero [7d Kd]
Dealt to e03cab9e 
Dealt to 909fa6cc 
Dealt to af851b0d 
Dealt to 5e523694 
Dealt to 512f56bf 
512f56bf: folds
c3f97a3b: folds
Hero: raises 800 to 1,600
e03cab9e: folds
909fa6cc: folds
af851b0d: folds
5e523694: folds
Uncalled bet (800) returned to Hero
*** SHOWDOWN ***
Hero collected 2,700 from pot
*** SUMMARY ***
Total pot 2,700 | Rake 0 | Jackpot 0 | Bingo 0 | Fortune 0 | Tax 0
Seat 1: c3f97a3b folded before Flop
Seat 2: Hero collected (2,700)
Seat 3: e03cab9e folded before Flop
Seat 4: 909fa6cc (button) folded before Flop
Seat 5: af851b0d (small blind) folded before Flop
Seat 6: 5e523694 (big blind) folded before Flop
Seat 7: 512f56bf folded before Flop


Poker Hand #TM2995912102: Tournament #128186288, Daily Big $15 Hold'em No Limit - Level12(350/700) - 2024/02/23 13:42:02
Table '20' 8-max Seat #3 is the button
Seat 1: c3f97a3b (17,045 in chips)
Seat 2: Hero (10,000 in chips)
Seat 3: e03cab9e (28,414 in chips)
Seat 4: 909fa6cc (8,745 in chips)
Seat 5: af851b0d (36,864 in chips)
Seat 6: 5e523694 (16,238 in chips)
Seat 7: 512f56bf (15,305 in chips)
Seat 8: 4a0f630d (23,379 in chips)
e03cab9e: posts the ante 85
af851b0d: posts the ante 85
512f56bf: posts the ante 85
Hero: posts the ante 85
5e523694: posts the ante 85
909fa6cc: posts the ante 85
4a0f630d: posts the ante 85
c3f97a3b: posts the ante 85
909fa6cc: posts small blind 350
af851b0d: posts big blind 700
*** HOLE CARDS ***
Dealt to c3f97a3b 
Dealt to Hero [3h 2h]
Dealt to e03cab9e 
Dealt to 909fa6cc 
Dealt to af851b0d 
Dealt to 5e523694 
Dealt to 512f56bf 
Dealt to 4a0f630d 
5e523694: folds
512f56bf: folds
4a0f630d: folds
c3f97a3b: folds
Hero: folds
e03cab9e: folds
909fa6cc: calls 350
af851b0d: raises 1,400 to 2,100
909fa6cc: folds
Uncalled bet (1,400) returned to af851b0d
*** SHOWDOWN ***
af851b0d collected 2,080 from pot
*** SUMMARY ***
Total pot 2,080 | Rake 0 | Jackpot 0 | Bingo 0 | Fortune 0 | Tax 0
Seat 1: c3f97a3b folded before Flop
Seat 2: Hero folded before Flop
Seat 3: e03cab9e (button) folded before Flop
Seat 4: 909fa6cc (small blind) folded before Flop
Seat 5: af851b0d (big blind) collected (2,080)
Seat 6: 5e523694 folded before Flop
Seat 7: 512f56bf folded before Flop
Seat 8: 4a0f630d folded before Flop


