Poker Hand #TM3010392682: Tournament #128772585, Daily Turbo $10 Hold'em No Limit - Level21(2,000/4,000) - 2024/02/26 20:06:59
Table '37' 8-max Seat #8 is the button
Seat 1: adca93c4 (14,020 in chips)
Seat 2: 94f609e9 (32,440 in chips)
Seat 3: 6436cbd6 (64,986 in chips)
Seat 4: bf3ce207 (91,516 in chips)
Seat 5: 51e1a047 (95,454 in chips)
Seat 6: 8106c914 (101,782 in chips)
Seat 7: Hero (24,756 in chips)
Seat 8: 66924a6d (26,865 in chips)
6436cbd6: posts the ante 500
66924a6d: posts the ante 500
Hero: posts the ante 500
bf3ce207: posts the ante 500
adca93c4: posts the ante 500
51e1a047: posts the ante 500
8106c914: posts the ante 500
94f609e9: posts the ante 500
adca93c4: posts small blind 2,000
94f609e9: posts big blind 4,000
*** HOLE CARDS ***
Dealt to adca93c4 
Dealt to 94f609e9 
Dealt to 6436cbd6 
Dealt to bf3ce207 
Dealt to 51e1a047 
Dealt to 8106c914 
Dealt to Hero [Jd Kc]
Dealt to 66924a6d 
6436cbd6: folds
bf3ce207: folds
51e1a047: folds
8106c914: folds
Hero: raises 20,000 to 24,000
66924a6d: folds
adca93c4: folds
94f609e9: raises 7,940 to 31,940 and is all-in
Hero: calls 256 and is all-in
Uncalled bet (7,684) returned to 94f609e9
94f609e9: shows [Ah Kd]
Hero: shows [Jd Kc]
*** FLOP *** [4c 6h 3h]
*** TURN *** [4c 6h 3h] [6d]
*** RIVER *** [4c 6h 3h 6d] [Td]
*** SHOWDOWN ***
94f609e9 collected 54,512 from pot
*** SUMMARY ***
Total pot 54,512 | Rake 0 | Jackpot 0 | Bingo 0 | Fortune 0 | Tax 0
Board [4c 6h 3h 6d Td]
Seat 1: adca93c4 (small blind) folded before Flop
Seat 2: 94f609e9 (big blind) showed [Ah Kd] and won (54,512) with Pair of Sixes
Seat 3: 6436cbd6 folded before Flop
Seat 4: bf3ce207 folded before Flop
Seat 5: 51e1a047 folded before Flop
Seat 6: 8106c914 folded before Flop
Seat 7: Hero showed [Jd Kc] and lost with Pair of Sixes
Seat 8: 66924a6d (button) folded before Flop


Poker Hand #TM3010392654: Tournament #128772585, Daily Turbo $10 Hold'em No Limit - Level20(1,600/3,200) - 2024/02/26 20:06:03
Table '37' 8-max Seat #7 is the button
Seat 1: adca93c4 (20,820 in chips)
Seat 2: 94f609e9 (32,840 in chips)
Seat 3: 6436cbd6 (65,386 in chips)
Seat 4: bf3ce207 (91,916 in chips)
Seat 5: 51e1a047 (84,654 in chips)
Seat 6: 8106c914 (102,182 in chips)
Seat 7: Hero (25,156 in chips)
Seat 8: 66924a6d (28,865 in chips)
6436cbd6: posts the ante 400
Hero: posts the ante 400
bf3ce207: posts the ante 400
adca93c4: posts the ante 400
66924a6d: posts the ante 400
51e1a047: posts the ante 400
8106c914: posts the ante 400
94f609e9: posts the ante 400
66924a6d: posts small blind 1,600
adca93c4: posts big blind 3,200
*** HOLE CARDS ***
Dealt to adca93c4 
Dealt to 94f609e9 
Dealt to 6436cbd6 
Dealt to bf3ce207 
Dealt to 51e1a047 
Dealt to 8106c914 
Dealt to Hero [7d 2d]
Dealt to 66924a6d 
94f609e9: folds
6436cbd6: folds
bf3ce207: folds
51e1a047: raises 3,200 to 6,400
8106c914: folds
Hero: folds
66924a6d: folds
adca93c4: calls 3,200
*** FLOP *** [3h 2s Ad]
adca93c4: checks
51e1a047: bets 4,800
adca93c4: folds
Uncalled bet (4,800) returned to 51e1a047
*** SHOWDOWN ***
51e1a047 collected 17,600 from pot
*** SUMMARY ***
Total pot 17,600 | Rake 0 | Jackpot 0 | Bingo 0 | Fortune 0 | Tax 0
Board [3h 2s Ad]
Seat 1: adca93c4 (big blind) folded on the Flop
Seat 2: 94f609e9 folded before Flop
Seat 3: 6436cbd6 folded before Flop
Seat 4: bf3ce207 folded before Flop
Seat 5: 51e1a047 won (17,600)
Seat 6: 8106c914 folded before Flop
Seat 7: Hero (button) folded before Flop
Seat 8: 66924a6d (small blind) folded before Flop


Poker Hand #TM3010392616: Tournament #128772585, Daily Turbo $10 Hold'em No Limit - Level20(1,600/3,200) - 2024/02/26 20:04:58
Table '37' 8-max Seat #6 is the button
Seat 1: adca93c4 (21,220 in chips)
Seat 2: 94f609e9 (33,240 in chips)
Seat 3: 6436cbd6 (48,778 in chips)
Seat 4: bf3ce207 (92,316 in chips)
Seat 5: 51e1a047 (85,054 in chips)
Seat 6: 8106c914 (102,582 in chips)
Seat 7: Hero (27,156 in chips)
Seat 8: 66924a6d (41,473 in chips)
6436cbd6: posts the ante 400
bf3ce207: posts the ante 400
adca93c4: posts the ante 400
66924a6d: posts the ante 400
Hero: posts the ante 400
51e1a047: posts the ante 400
8106c914: posts the ante 400
94f609e9: posts the ante 400
Hero: posts small blind 1,600
66924a6d: posts big blind 3,200
*** HOLE CARDS ***
Dealt to adca93c4 
Dealt to 94f609e9 
Dealt to 6436cbd6 
Dealt to bf3ce207 
Dealt to 51e1a047 
Dealt to 8106c914 
Dealt to Hero [2c Qd]
Dealt to 66924a6d 
adca93c4: folds
94f609e9: folds
6436cbd6: raises 3,200 to 6,400
bf3ce207: folds
51e1a047: folds
8106c914: folds
Hero: folds
66924a6d: calls 3,200
*** FLOP *** [4s 7s 3h]
66924a6d: checks
6436cbd6: checks
*** TURN *** [4s 7s 3h] [Js]
66924a6d: checks
6436cbd6: bets 5,808
66924a6d: calls 5,808
*** RIVER *** [4s 7s 3h Js] [Kh]
66924a6d: checks
6436cbd6: checks
66924a6d: shows [Jc 8c] (Pair of Jacks)
6436cbd6: shows [Jh Ad] (Pair of Jacks)
*** SHOWDOWN ***
6436cbd6 collected 29,216 from pot
*** SUMMARY ***
Total pot 29,216 | Rake 0 | Jackpot 0 | Bingo 0 | Fortune 0 | Tax 0
Board [4s 7s 3h Js Kh]
Seat 1: adca93c4 folded before Flop
Seat 2: 94f609e9 folded before Flop
Seat 3: 6436cbd6 showed [Jh Ad] and won (29,216) with Pair of Jacks
Seat 4: bf3ce207 folded before Flop
Seat 5: 51e1a047 folded before Flop
Seat 6: 8106c914 (button) folded before Flop
Seat 7: Hero (small blind) folded before Flop
Seat 8: 66924a6d (big blind) showed [Jc 8c] and lost with Pair of Jacks


Poker Hand #TM3010392592: Tournament #128772585, Daily Turbo $10 Hold'em No Limit - Level20(1,600/3,200) - 2024/02/26 20:04:12
Table '37' 8-max Seat #5 is the button
Seat 1: adca93c4 (21,620 in chips)
Seat 2: 94f609e9 (33,640 in chips)
Seat 3: 6436cbd6 (49,178 in chips)
Seat 4: bf3ce207 (92,716 in chips)
Seat 5: 51e1a047 (85,454 in chips)
Seat 6: 8106c914 (104,582 in chips)
Seat 7: Hero (30,756 in chips)
Seat 8: 66924a6d (33,873 in chips)
6436cbd6: posts the ante 400
bf3ce207: posts the ante 400
adca93c4: posts the ante 400
66924a6d: posts the ante 400
Hero: posts the ante 400
51e1a047: posts the ante 400
8106c914: posts the ante 400
94f609e9: posts the ante 400
8106c914: posts small blind 1,600
Hero: posts big blind 3,200
*** HOLE CARDS ***
Dealt to adca93c4 
Dealt to 94f609e9 
Dealt to 6436cbd6 
Dealt to bf3ce207 
Dealt to 51e1a047 
Dealt to 8106c914 
Dealt to Hero [8h Jc]
Dealt to 66924a6d 
66924a6d: raises 30,273 to 33,473 and is all-in
adca93c4: folds
94f609e9: folds
6436cbd6: folds
bf3ce207: folds
51e1a047: folds
8106c914: folds
Hero: folds
Uncalled bet (30,273) returned to 66924a6d
*** SHOWDOWN ***
66924a6d collected 11,200 from pot
*** SUMMARY ***
Total pot 11,200 | Rake 0 | Jackpot 0 | Bingo 0 | Fortune 0 | Tax 0
Seat 1: adca93c4 folded before Flop
Seat 2: 94f609e9 folded before Flop
Seat 3: 6436cbd6 folded before Flop
Seat 4: bf3ce207 folded before Flop
Seat 5: 51e1a047 (button) folded before Flop
Seat 6: 8106c914 (small blind) folded before Flop
Seat 7: Hero (big blind) folded before Flop
Seat 8: 66924a6d collected (11,200)


Poker Hand #TM3010392531: Tournament #128772585, Daily Turbo $10 Hold'em No Limit - Level20(1,600/3,200) - 2024/02/26 20:02:20
Table '37' 8-max Seat #4 is the button
Seat 1: adca93c4 (22,020 in chips)
Seat 2: 94f609e9 (34,040 in chips)
Seat 3: 6436cbd6 (49,578 in chips)
Seat 4: bf3ce207 (93,116 in chips)
Seat 5: 51e1a047 (100,254 in chips)
Seat 6: 8106c914 (87,382 in chips)
Seat 7: Hero (31,156 in chips)
Seat 8: 66924a6d (34,273 in chips)
6436cbd6: posts the ante 400
bf3ce207: posts the ante 400
adca93c4: posts the ante 400
66924a6d: posts the ante 400
Hero: posts the ante 400
51e1a047: posts the ante 400
8106c914: posts the ante 400
94f609e9: posts the ante 400
51e1a047: posts small blind 1,600
8106c914: posts big blind 3,200
*** HOLE CARDS ***
Dealt to adca93c4 
Dealt to 94f609e9 
Dealt to 6436cbd6 
Dealt to bf3ce207 
Dealt to 51e1a047 
Dealt to 8106c914 
Dealt to Hero [6s Qd]
Dealt to 66924a6d 
Hero: folds
66924a6d: folds
adca93c4: folds
94f609e9: folds
6436cbd6: folds
bf3ce207: folds
51e1a047: raises 6,400 to 9,600
8106c914: calls 6,400
*** FLOP *** [8c 9c Qh]
51e1a047: bets 4,800
8106c914: calls 4,800
*** TURN *** [8c 9c Qh] [Tc]
51e1a047: checks
8106c914: bets 10,560
51e1a047: folds
Uncalled bet (10,560) returned to 8106c914
*** SHOWDOWN ***
8106c914 collected 32,000 from pot
*** SUMMARY ***
Total pot 32,000 | Rake 0 | Jackpot 0 | Bingo 0 | Fortune 0 | Tax 0
Board [8c 9c Qh Tc]
Seat 1: adca93c4 folded before Flop
Seat 2: 94f609e9 folded before Flop
Seat 3: 6436cbd6 folded before Flop
Seat 4: bf3ce207 (button) folded before Flop
Seat 5: 51e1a047 (small blind) folded on the Turn
Seat 6: 8106c914 (big blind) won (32,000)
Seat 7: Hero folded before Flop
Seat 8: 66924a6d folded before Flop


Poker Hand #TM3010461896: Tournament #128772585, Daily Turbo $10 Hold'em No Limit - Level19(1,400/2,800) - 2024/02/26 20:01:15
Table '45' 8-max Seat #8 is the button
Seat 1: 6304e1a9 (43,761 in chips)
Seat 2: a627d346 (30,049 in chips)
Seat 3: 3f47bab9 (61,550 in chips)
Seat 5: 808189d (61,225 in chips)
Seat 6: 751b801d (25,415 in chips)
Seat 7: Hero (31,506 in chips)
Seat 8: fd87cc27 (34,323 in chips)
6304e1a9: posts the ante 350
808189d: posts the ante 350
3f47bab9: posts the ante 350
Hero: posts the ante 350
a627d346: posts the ante 350
fd87cc27: posts the ante 350
751b801d: posts the ante 350
6304e1a9: posts small blind 1,400
a627d346: posts big blind 2,800
*** HOLE CARDS ***
Dealt to 6304e1a9 
Dealt to a627d346 
Dealt to 3f47bab9 
Dealt to 808189d 
Dealt to 751b801d 
Dealt to Hero [4c 4d]
Dealt to fd87cc27 
3f47bab9: folds
808189d: raises 58,075 to 60,875 and is all-in
751b801d: folds
Hero: folds
fd87cc27: calls 33,973 and is all-in
6304e1a9: folds
a627d346: folds
Uncalled bet (26,902) returned to 808189d
808189d: shows [6s 6d]
fd87cc27: shows [Ah Kh]
*** FLOP *** [Js 6h 6c]
*** TURN *** [Js 6h 6c] [2s]
*** RIVER *** [Js 6h 6c 2s] [Jh]
6304e1a9: shows [Qs As] (Pair of Jacks and Pair of Sixes)
*** SHOWDOWN ***
808189d collected 74,596 from pot
*** SUMMARY ***
Total pot 74,596 | Rake 0 | Jackpot 0 | Bingo 0 | Fortune 0 | Tax 0
Board [Js 6h 6c 2s Jh]
Seat 1: 6304e1a9 (small blind) folded before Flop
Seat 2: a627d346 (big blind) folded before Flop
Seat 3: 3f47bab9 folded before Flop
Seat 5: 808189d showed [6s 6d] and won (74,596) with Four Sixes
Seat 6: 751b801d folded before Flop
Seat 7: Hero folded before Flop
Seat 8: fd87cc27 (button) showed [Ah Kh] and lost with Pair of Jacks and Pair of Sixes


Poker Hand #TM3010461883: Tournament #128772585, Daily Turbo $10 Hold'em No Limit - Level19(1,400/2,800) - 2024/02/26 20:00:20
Table '45' 8-max Seat #7 is the button
Seat 1: 6304e1a9 (46,911 in chips)
Seat 2: a627d346 (30,399 in chips)
Seat 3: 3f47bab9 (67,500 in chips)
Seat 5: 808189d (49,325 in chips)
Seat 6: 751b801d (25,765 in chips)
Seat 7: Hero (31,856 in chips)
Seat 8: fd87cc27 (36,073 in chips)
6304e1a9: posts the ante 350
808189d: posts the ante 350
3f47bab9: posts the ante 350
Hero: posts the ante 350
a627d346: posts the ante 350
751b801d: posts the ante 350
fd87cc27: posts the ante 350
fd87cc27: posts small blind 1,400
6304e1a9: posts big blind 2,800
*** HOLE CARDS ***
Dealt to 6304e1a9 
Dealt to a627d346 
Dealt to 3f47bab9 
Dealt to 808189d 
Dealt to 751b801d 
Dealt to Hero [2c 3h]
Dealt to fd87cc27 
a627d346: folds
3f47bab9: raises 2,800 to 5,600
808189d: raises 43,375 to 48,975 and is all-in
751b801d: folds
Hero: folds
fd87cc27: folds
6304e1a9: folds
3f47bab9: folds
Uncalled bet (43,375) returned to 808189d
*** SHOWDOWN ***
808189d collected 17,850 from pot
*** SUMMARY ***
Total pot 17,850 | Rake 0 | Jackpot 0 | Bingo 0 | Fortune 0 | Tax 0
Seat 1: 6304e1a9 (big blind) folded before Flop
Seat 2: a627d346 folded before Flop
Seat 3: 3f47bab9 folded before Flop
Seat 5: 808189d collected (17,850)
Seat 6: 751b801d folded before Flop
Seat 7: Hero (button) folded before Flop
Seat 8: fd87cc27 (small blind) folded before Flop


Poker Hand #TM3010461870: Tournament #128772585, Daily Turbo $10 Hold'em No Limit - Level19(1,400/2,800) - 2024/02/26 19:54:33
Table '45' 8-max Seat #6 is the button
Seat 1: 6304e1a9 (47,261 in chips)
Seat 2: a627d346 (30,749 in chips)
Seat 3: 3f47bab9 (61,200 in chips)
Seat 5: 808189d (49,675 in chips)
Seat 6: 751b801d (26,115 in chips)
Seat 7: Hero (33,606 in chips)
Seat 8: fd87cc27 (39,223 in chips)
6304e1a9: posts the ante 350
808189d: posts the ante 350
3f47bab9: posts the ante 350
Hero: posts the ante 350
a627d346: posts the ante 350
751b801d: posts the ante 350
fd87cc27: posts the ante 350
Hero: posts small blind 1,400
fd87cc27: posts big blind 2,800
*** HOLE CARDS ***
Dealt to 6304e1a9 
Dealt to a627d346 
Dealt to 3f47bab9 
Dealt to 808189d 
Dealt to 751b801d 
Dealt to Hero [4d 9c]
Dealt to fd87cc27 
6304e1a9: folds
a627d346: folds
3f47bab9: raises 2,800 to 5,600
808189d: folds
751b801d: folds
Hero: folds
fd87cc27: folds
Uncalled bet (2,800) returned to 3f47bab9
*** SHOWDOWN ***
3f47bab9 collected 9,450 from pot
*** SUMMARY ***
Total pot 9,450 | Rake 0 | Jackpot 0 | Bingo 0 | Fortune 0 | Tax 0
Seat 1: 6304e1a9 folded before Flop
Seat 2: a627d346 folded before Flop
Seat 3: 3f47bab9 collected (9,450)
Seat 5: 808189d folded before Flop
Seat 6: 751b801d (button) folded before Flop
Seat 7: Hero (small blind) folded before Flop
Seat 8: fd87cc27 (big blind) folded before Flop


Poker Hand #TM3010461831: Tournament #128772585, Daily Turbo $10 Hold'em No Limit - Level19(1,400/2,800) - 2024/02/26 19:53:25
Table '45' 8-max Seat #5 is the button
Seat 1: 6304e1a9 (47,611 in chips)
Seat 2: a627d346 (31,099 in chips)
Seat 3: 3f47bab9 (61,550 in chips)
Seat 5: 808189d (40,575 in chips)
Seat 6: 751b801d (27,865 in chips)
Seat 7: Hero (39,556 in chips)
Seat 8: fd87cc27 (39,573 in chips)
6304e1a9: posts the ante 350
808189d: posts the ante 350
3f47bab9: posts the ante 350
Hero: posts the ante 350
a627d346: posts the ante 350
fd87cc27: posts the ante 350
751b801d: posts the ante 350
751b801d: posts small blind 1,400
Hero: posts big blind 2,800
*** HOLE CARDS ***
Dealt to 6304e1a9 
Dealt to a627d346 
Dealt to 3f47bab9 
Dealt to 808189d 
Dealt to 751b801d 
Dealt to Hero [Kh 8h]
Dealt to fd87cc27 
fd87cc27: folds
6304e1a9: folds
a627d346: folds
3f47bab9: folds
808189d: raises 2,800 to 5,600
751b801d: folds
Hero: calls 2,800
*** FLOP *** [As 2s 5c]
Hero: checks
808189d: bets 4,816
Hero: folds
Uncalled bet (4,816) returned to 808189d
*** SHOWDOWN ***
808189d collected 15,050 from pot
*** SUMMARY ***
Total pot 15,050 | Rake 0 | Jackpot 0 | Bingo 0 | Fortune 0 | Tax 0
Board [As 2s 5c]
Seat 1: 6304e1a9 folded before Flop
Seat 2: a627d346 folded before Flop
Seat 3: 3f47bab9 folded before Flop
Seat 5: 808189d (button) won (15,050)
Seat 6: 751b801d (small blind) folded before Flop
Seat 7: Hero (big blind) folded on the Flop
Seat 8: fd87cc27 folded before Flop


Poker Hand #TM3010461807: Tournament #128772585, Daily Turbo $10 Hold'em No Limit - Level19(1,400/2,800) - 2024/02/26 19:52:43
Table '45' 8-max Seat #3 is the button
Seat 1: 6304e1a9 (47,961 in chips)
Seat 2: a627d346 (31,449 in chips)
Seat 3: 3f47bab9 (61,900 in chips)
Seat 5: 808189d (42,325 in chips)
Seat 6: 751b801d (31,015 in chips)
Seat 7: Hero (33,256 in chips)
Seat 8: fd87cc27 (39,923 in chips)
6304e1a9: posts the ante 350
808189d: posts the ante 350
3f47bab9: posts the ante 350
Hero: posts the ante 350
a627d346: posts the ante 350
fd87cc27: posts the ante 350
751b801d: posts the ante 350
808189d: posts small blind 1,400
751b801d: posts big blind 2,800
*** HOLE CARDS ***
Dealt to 6304e1a9 
Dealt to a627d346 
Dealt to 3f47bab9 
Dealt to 808189d 
Dealt to 751b801d 
Dealt to Hero [Ad 5d]
Dealt to fd87cc27 
Hero: raises 2,800 to 5,600
fd87cc27: folds
6304e1a9: folds
a627d346: folds
3f47bab9: folds
808189d: folds
751b801d: folds
Uncalled bet (2,800) returned to Hero
*** SHOWDOWN ***
Hero collected 9,450 from pot
*** SUMMARY ***
Total pot 9,450 | Rake 0 | Jackpot 0 | Bingo 0 | Fortune 0 | Tax 0
Seat 1: 6304e1a9 folded before Flop
Seat 2: a627d346 folded before Flop
Seat 3: 3f47bab9 (button) folded before Flop
Seat 5: 808189d (small blind) folded before Flop
Seat 6: 751b801d (big blind) folded before Flop
Seat 7: Hero collected (9,450)
Seat 8: fd87cc27 folded before Flop


Poker Hand #TM3010461781: Tournament #128772585, Daily Turbo $10 Hold'em No Limit - Level19(1,400/2,800) - 2024/02/26 19:51:52
Table '45' 8-max Seat #2 is the button
Seat 1: 6304e1a9 (31,075 in chips)
Seat 2: a627d346 (31,799 in chips)
Seat 3: 3f47bab9 (63,650 in chips)
Seat 4: a5144881 (13,386 in chips)
Seat 5: 808189d (42,675 in chips)
Seat 6: 751b801d (31,365 in chips)
Seat 7: Hero (33,606 in chips)
Seat 8: fd87cc27 (40,273 in chips)
6304e1a9: posts the ante 350
808189d: posts the ante 350
3f47bab9: posts the ante 350
Hero: posts the ante 350
a627d346: posts the ante 350
a5144881: posts the ante 350
fd87cc27: posts the ante 350
751b801d: posts the ante 350
3f47bab9: posts small blind 1,400
a5144881: posts big blind 2,800
*** HOLE CARDS ***
Dealt to 6304e1a9 
Dealt to a627d346 
Dealt to 3f47bab9 
Dealt to a5144881 
Dealt to 808189d 
Dealt to 751b801d 
Dealt to Hero [7s 4c]
Dealt to fd87cc27 
808189d: folds
751b801d: folds
Hero: folds
fd87cc27: folds
6304e1a9: raises 27,925 to 30,725 and is all-in
a627d346: folds
3f47bab9: folds
a5144881: calls 10,236 and is all-in
Uncalled bet (17,689) returned to 6304e1a9
6304e1a9: shows [2h Ad]
a5144881: shows [9c 8c]
*** FLOP *** [Kc Tc 3s]
*** TURN *** [Kc Tc 3s] [6d]
*** RIVER *** [Kc Tc 3s 6d] [5s]
*** SHOWDOWN ***
6304e1a9 collected 30,272 from pot
*** SUMMARY ***
Total pot 30,272 | Rake 0 | Jackpot 0 | Bingo 0 | Fortune 0 | Tax 0
Board [Kc Tc 3s 6d 5s]
Seat 1: 6304e1a9 showed [2h Ad] and won (30,272) with Ace-High
Seat 2: a627d346 (button) folded before Flop
Seat 3: 3f47bab9 (small blind) folded before Flop
Seat 4: a5144881 (big blind) showed [9c 8c] and lost with King-High
Seat 5: 808189d folded before Flop
Seat 6: 751b801d folded before Flop
Seat 7: Hero folded before Flop
Seat 8: fd87cc27 folded before Flop


Poker Hand #TM3010461759: Tournament #128772585, Daily Turbo $10 Hold'em No Limit - Level19(1,400/2,800) - 2024/02/26 19:51:17
Table '45' 8-max Seat #1 is the button
Seat 1: 6304e1a9 (24,425 in chips)
Seat 2: a627d346 (33,549 in chips)
Seat 3: 3f47bab9 (66,800 in chips)
Seat 4: a5144881 (13,736 in chips)
Seat 5: 808189d (43,025 in chips)
Seat 6: 751b801d (31,715 in chips)
Seat 7: Hero (33,956 in chips)
Seat 8: fd87cc27 (40,623 in chips)
6304e1a9: posts the ante 350
808189d: posts the ante 350
3f47bab9: posts the ante 350
Hero: posts the ante 350
a627d346: posts the ante 350
a5144881: posts the ante 350
fd87cc27: posts the ante 350
751b801d: posts the ante 350
a627d346: posts small blind 1,400
3f47bab9: posts big blind 2,800
*** HOLE CARDS ***
Dealt to 6304e1a9 
Dealt to a627d346 
Dealt to 3f47bab9 
Dealt to a5144881 
Dealt to 808189d 
Dealt to 751b801d 
Dealt to Hero [Jc 3h]
Dealt to fd87cc27 
a5144881: folds
808189d: folds
751b801d: folds
Hero: folds
fd87cc27: folds
6304e1a9: raises 21,275 to 24,075 and is all-in
a627d346: folds
3f47bab9: folds
Uncalled bet (21,275) returned to 6304e1a9
*** SHOWDOWN ***
6304e1a9 collected 9,800 from pot
*** SUMMARY ***
Total pot 9,800 | Rake 0 | Jackpot 0 | Bingo 0 | Fortune 0 | Tax 0
Seat 1: 6304e1a9 (button) collected (9,800)
Seat 2: a627d346 (small blind) folded before Flop
Seat 3: 3f47bab9 (big blind) folded before Flop
Seat 4: a5144881 folded before Flop
Seat 5: 808189d folded before Flop
Seat 6: 751b801d folded before Flop
Seat 7: Hero folded before Flop
Seat 8: fd87cc27 folded before Flop


Poker Hand #TM3010461731: Tournament #128772585, Daily Turbo $10 Hold'em No Limit - Level18(1,200/2,400) - 2024/02/26 19:50:30
Table '45' 8-max Seat #8 is the button
Seat 1: 6304e1a9 (19,925 in chips)
Seat 2: a627d346 (36,249 in chips)
Seat 3: 3f47bab9 (67,100 in chips)
Seat 4: a5144881 (14,036 in chips)
Seat 5: 808189d (43,325 in chips)
Seat 6: 751b801d (32,015 in chips)
Seat 7: Hero (34,256 in chips)
Seat 8: fd87cc27 (40,923 in chips)
6304e1a9: posts the ante 300
808189d: posts the ante 300
3f47bab9: posts the ante 300
Hero: posts the ante 300
a627d346: posts the ante 300
a5144881: posts the ante 300
fd87cc27: posts the ante 300
751b801d: posts the ante 300
6304e1a9: posts small blind 1,200
a627d346: posts big blind 2,400
*** HOLE CARDS ***
Dealt to 6304e1a9 
Dealt to a627d346 
Dealt to 3f47bab9 
Dealt to a5144881 
Dealt to 808189d 
Dealt to 751b801d 
Dealt to Hero [4d 5d]
Dealt to fd87cc27 
3f47bab9: folds
a5144881: folds
808189d: folds
751b801d: folds
Hero: folds
fd87cc27: folds
6304e1a9: raises 17,225 to 19,625 and is all-in
a627d346: folds
Uncalled bet (17,225) returned to 6304e1a9
*** SHOWDOWN ***
6304e1a9 collected 7,200 from pot
*** SUMMARY ***
Total pot 7,200 | Rake 0 | Jackpot 0 | Bingo 0 | Fortune 0 | Tax 0
Seat 1: 6304e1a9 (small blind) collected (7,200)
Seat 2: a627d346 (big blind) folded before Flop
Seat 3: 3f47bab9 folded before Flop
Seat 4: a5144881 folded before Flop
Seat 5: 808189d folded before Flop
Seat 6: 751b801d folded before Flop
Seat 7: Hero folded before Flop
Seat 8: fd87cc27 (button) folded before Flop


Poker Hand #TM3010461690: Tournament #128772585, Daily Turbo $10 Hold'em No Limit - Level18(1,200/2,400) - 2024/02/26 19:49:27
Table '45' 8-max Seat #7 is the button
Seat 1: 6304e1a9 (22,625 in chips)
Seat 2: a627d346 (36,549 in chips)
Seat 3: 3f47bab9 (67,400 in chips)
Seat 4: a5144881 (14,336 in chips)
Seat 5: 808189d (43,625 in chips)
Seat 6: 751b801d (26,315 in chips)
Seat 7: Hero (34,556 in chips)
Seat 8: fd87cc27 (42,423 in chips)
6304e1a9: posts the ante 300
808189d: posts the ante 300
3f47bab9: posts the ante 300
Hero: posts the ante 300
a627d346: posts the ante 300
a5144881: posts the ante 300
751b801d: posts the ante 300
fd87cc27: posts the ante 300
fd87cc27: posts small blind 1,200
6304e1a9: posts big blind 2,400
*** HOLE CARDS ***
Dealt to 6304e1a9 
Dealt to a627d346 
Dealt to 3f47bab9 
Dealt to a5144881 
Dealt to 808189d 
Dealt to 751b801d 
Dealt to Hero [As 2d]
Dealt to fd87cc27 
a627d346: folds
3f47bab9: folds
a5144881: folds
808189d: folds
751b801d: raises 19,200 to 21,600
Hero: folds
fd87cc27: folds
6304e1a9: folds
Uncalled bet (19,200) returned to 751b801d
*** SHOWDOWN ***
751b801d collected 8,400 from pot
*** SUMMARY ***
Total pot 8,400 | Rake 0 | Jackpot 0 | Bingo 0 | Fortune 0 | Tax 0
Seat 1: 6304e1a9 (big blind) folded before Flop
Seat 2: a627d346 folded before Flop
Seat 3: 3f47bab9 folded before Flop
Seat 4: a5144881 folded before Flop
Seat 5: 808189d folded before Flop
Seat 6: 751b801d collected (8,400)
Seat 7: Hero (button) folded before Flop
Seat 8: fd87cc27 (small blind) folded before Flop


Poker Hand #TM3010461661: Tournament #128772585, Daily Turbo $10 Hold'em No Limit - Level18(1,200/2,400) - 2024/02/26 19:48:52
Table '45' 8-max Seat #6 is the button
Seat 1: 6304e1a9 (16,925 in chips)
Seat 2: a627d346 (36,849 in chips)
Seat 3: 3f47bab9 (67,700 in chips)
Seat 4: a5144881 (14,636 in chips)
Seat 5: 808189d (43,925 in chips)
Seat 6: 751b801d (26,615 in chips)
Seat 7: Hero (36,056 in chips)
Seat 8: fd87cc27 (45,123 in chips)
6304e1a9: posts the ante 300
808189d: posts the ante 300
3f47bab9: posts the ante 300
Hero: posts the ante 300
a627d346: posts the ante 300
a5144881: posts the ante 300
751b801d: posts the ante 300
fd87cc27: posts the ante 300
Hero: posts small blind 1,200
fd87cc27: posts big blind 2,400
*** HOLE CARDS ***
Dealt to 6304e1a9 
Dealt to a627d346 
Dealt to 3f47bab9 
Dealt to a5144881 
Dealt to 808189d 
Dealt to 751b801d 
Dealt to Hero [Qd 5s]
Dealt to fd87cc27 
6304e1a9: raises 14,225 to 16,625 and is all-in
a627d346: folds
3f47bab9: folds
a5144881: folds
808189d: folds
751b801d: folds
Hero: folds
fd87cc27: folds
Uncalled bet (14,225) returned to 6304e1a9
*** SHOWDOWN ***
6304e1a9 collected 8,400 from pot
*** SUMMARY ***
Total pot 8,400 | Rake 0 | Jackpot 0 | Bingo 0 | Fortune 0 | Tax 0
Seat 1: 6304e1a9 collected (8,400)
Seat 2: a627d346 folded before Flop
Seat 3: 3f47bab9 folded before Flop
Seat 4: a5144881 folded before Flop
Seat 5: 808189d folded before Flop
Seat 6: 751b801d (button) folded before Flop
Seat 7: Hero (small blind) folded before Flop
Seat 8: fd87cc27 (big blind) folded before Flop


Poker Hand #TM3010461644: Tournament #128772585, Daily Turbo $10 Hold'em No Limit - Level18(1,200/2,400) - 2024/02/26 19:48:19
Table '45' 8-max Seat #5 is the button
Seat 1: 6304e1a9 (17,225 in chips)
Seat 2: a627d346 (31,149 in chips)
Seat 3: 3f47bab9 (68,000 in chips)
Seat 4: a5144881 (14,936 in chips)
Seat 5: 808189d (44,225 in chips)
Seat 6: 751b801d (28,115 in chips)
Seat 7: Hero (38,756 in chips)
Seat 8: fd87cc27 (45,423 in chips)
6304e1a9: posts the ante 300
808189d: posts the ante 300
3f47bab9: posts the ante 300
Hero: posts the ante 300
a627d346: posts the ante 300
a5144881: posts the ante 300
fd87cc27: posts the ante 300
751b801d: posts the ante 300
751b801d: posts small blind 1,200
Hero: posts big blind 2,400
*** HOLE CARDS ***
Dealt to 6304e1a9 
Dealt to a627d346 
Dealt to 3f47bab9 
Dealt to a5144881 
Dealt to 808189d 
Dealt to 751b801d 
Dealt to Hero [7d 8c]
Dealt to fd87cc27 
fd87cc27: folds
6304e1a9: folds
a627d346: raises 2,400 to 4,800
3f47bab9: folds
a5144881: folds
808189d: folds
751b801d: folds
Hero: folds
Uncalled bet (2,400) returned to a627d346
*** SHOWDOWN ***
a627d346 collected 8,400 from pot
*** SUMMARY ***
Total pot 8,400 | Rake 0 | Jackpot 0 | Bingo 0 | Fortune 0 | Tax 0
Seat 1: 6304e1a9 folded before Flop
Seat 2: a627d346 collected (8,400)
Seat 3: 3f47bab9 folded before Flop
Seat 4: a5144881 folded before Flop
Seat 5: 808189d (button) folded before Flop
Seat 6: 751b801d (small blind) folded before Flop
Seat 7: Hero (big blind) folded before Flop
Seat 8: fd87cc27 folded before Flop


Poker Hand #TM3010461615: Tournament #128772585, Daily Turbo $10 Hold'em No Limit - Level18(1,200/2,400) - 2024/02/26 19:47:44
Table '45' 8-max Seat #4 is the button
Seat 1: 6304e1a9 (17,525 in chips)
Seat 2: a627d346 (31,449 in chips)
Seat 3: 3f47bab9 (62,300 in chips)
Seat 4: a5144881 (15,236 in chips)
Seat 5: 808189d (45,725 in chips)
Seat 6: 751b801d (30,815 in chips)
Seat 7: Hero (39,056 in chips)
Seat 8: fd87cc27 (45,723 in chips)
6304e1a9: posts the ante 300
808189d: posts the ante 300
3f47bab9: posts the ante 300
Hero: posts the ante 300
a627d346: posts the ante 300
a5144881: posts the ante 300
fd87cc27: posts the ante 300
751b801d: posts the ante 300
808189d: posts small blind 1,200
751b801d: posts big blind 2,400
*** HOLE CARDS ***
Dealt to 6304e1a9 
Dealt to a627d346 
Dealt to 3f47bab9 
Dealt to a5144881 
Dealt to 808189d 
Dealt to 751b801d 
Dealt to Hero [7d 6h]
Dealt to fd87cc27 
Hero: folds
fd87cc27: folds
6304e1a9: folds
a627d346: folds
3f47bab9: raises 59,600 to 62,000 and is all-in
a5144881: folds
808189d: folds
751b801d: folds
Uncalled bet (59,600) returned to 3f47bab9
*** SHOWDOWN ***
3f47bab9 collected 8,400 from pot
*** SUMMARY ***
Total pot 8,400 | Rake 0 | Jackpot 0 | Bingo 0 | Fortune 0 | Tax 0
Seat 1: 6304e1a9 folded before Flop
Seat 2: a627d346 folded before Flop
Seat 3: 3f47bab9 collected (8,400)
Seat 4: a5144881 (button) folded before Flop
Seat 5: 808189d (small blind) folded before Flop
Seat 6: 751b801d (big blind) folded before Flop
Seat 7: Hero folded before Flop
Seat 8: fd87cc27 folded before Flop


Poker Hand #TM3010461600: Tournament #128772585, Daily Turbo $10 Hold'em No Limit - Level18(1,200/2,400) - 2024/02/26 19:47:16
Table '45' 8-max Seat #3 is the button
Seat 1: 6304e1a9 (11,825 in chips)
Seat 2: a627d346 (31,749 in chips)
Seat 3: 3f47bab9 (62,600 in chips)
Seat 4: a5144881 (16,736 in chips)
Seat 5: 808189d (48,425 in chips)
Seat 6: 751b801d (31,115 in chips)
Seat 7: Hero (39,356 in chips)
Seat 8: fd87cc27 (46,023 in chips)
6304e1a9: posts the ante 300
808189d: posts the ante 300
3f47bab9: posts the ante 300
Hero: posts the ante 300
a627d346: posts the ante 300
a5144881: posts the ante 300
fd87cc27: posts the ante 300
751b801d: posts the ante 300
a5144881: posts small blind 1,200
808189d: posts big blind 2,400
*** HOLE CARDS ***
Dealt to 6304e1a9 
Dealt to a627d346 
Dealt to 3f47bab9 
Dealt to a5144881 
Dealt to 808189d 
Dealt to 751b801d 
Dealt to Hero [3d 9d]
Dealt to fd87cc27 
751b801d: folds
Hero: folds
fd87cc27: folds
6304e1a9: raises 9,125 to 11,525 and is all-in
a627d346: folds
3f47bab9: folds
a5144881: folds
808189d: folds
Uncalled bet (9,125) returned to 6304e1a9
*** SHOWDOWN ***
6304e1a9 collected 8,400 from pot
*** SUMMARY ***
Total pot 8,400 | Rake 0 | Jackpot 0 | Bingo 0 | Fortune 0 | Tax 0
Seat 1: 6304e1a9 collected (8,400)
Seat 2: a627d346 folded before Flop
Seat 3: 3f47bab9 (button) folded before Flop
Seat 4: a5144881 (small blind) folded before Flop
Seat 5: 808189d (big blind) folded before Flop
Seat 6: 751b801d folded before Flop
Seat 7: Hero folded before Flop
Seat 8: fd87cc27 folded before Flop


Poker Hand #TM3010461569: Tournament #128772585, Daily Turbo $10 Hold'em No Limit - Level18(1,200/2,400) - 2024/02/26 19:46:33
Table '45' 8-max Seat #2 is the button
Seat 2: a627d346 (32,049 in chips)
Seat 3: 3f47bab9 (64,100 in chips)
Seat 4: a5144881 (19,436 in chips)
Seat 5: 808189d (48,725 in chips)
Seat 6: 751b801d (25,715 in chips)
Seat 7: Hero (39,656 in chips)
Seat 8: fd87cc27 (46,323 in chips)
808189d: posts the ante 300
3f47bab9: posts the ante 300
Hero: posts the ante 300
a627d346: posts the ante 300
a5144881: posts the ante 300
fd87cc27: posts the ante 300
751b801d: posts the ante 300
3f47bab9: posts small blind 1,200
a5144881: posts big blind 2,400
*** HOLE CARDS ***
Dealt to a627d346 
Dealt to 3f47bab9 
Dealt to a5144881 
Dealt to 808189d 
Dealt to 751b801d 
Dealt to Hero [Ah 5c]
Dealt to fd87cc27 
808189d: folds
751b801d: raises 2,400 to 4,800
Hero: folds
fd87cc27: folds
a627d346: folds
3f47bab9: folds
a5144881: folds
Uncalled bet (2,400) returned to 751b801d
*** SHOWDOWN ***
751b801d collected 8,100 from pot
*** SUMMARY ***
Total pot 8,100 | Rake 0 | Jackpot 0 | Bingo 0 | Fortune 0 | Tax 0
Seat 2: a627d346 (button) folded before Flop
Seat 3: 3f47bab9 (small blind) folded before Flop
Seat 4: a5144881 (big blind) folded before Flop
Seat 5: 808189d folded before Flop
Seat 6: 751b801d collected (8,100)
Seat 7: Hero folded before Flop
Seat 8: fd87cc27 folded before Flop


Poker Hand #TM3010461519: Tournament #128772585, Daily Turbo $10 Hold'em No Limit - Level17(1,000/2,000) - 2024/02/26 19:45:23
Table '45' 8-max Seat #8 is the button
Seat 1: 2fb9ff8e (18,157 in chips)
Seat 2: a627d346 (26,016 in chips)
Seat 3: 3f47bab9 (64,350 in chips)
Seat 4: a5144881 (6,062 in chips)
Seat 5: 808189d (48,975 in chips)
Seat 6: 751b801d (25,965 in chips)
Seat 7: Hero (39,906 in chips)
Seat 8: fd87cc27 (46,573 in chips)
808189d: posts the ante 250
3f47bab9: posts the ante 250
Hero: posts the ante 250
2fb9ff8e: posts the ante 250
a627d346: posts the ante 250
a5144881: posts the ante 250
fd87cc27: posts the ante 250
751b801d: posts the ante 250
2fb9ff8e: posts small blind 1,000
a627d346: posts big blind 2,000
*** HOLE CARDS ***
Dealt to 2fb9ff8e 
Dealt to a627d346 
Dealt to 3f47bab9 
Dealt to a5144881 
Dealt to 808189d 
Dealt to 751b801d 
Dealt to Hero [5d 9d]
Dealt to fd87cc27 
3f47bab9: folds
a5144881: raises 3,812 to 5,812 and is all-in
808189d: folds
751b801d: folds
Hero: folds
fd87cc27: folds
2fb9ff8e: calls 4,812
a627d346: calls 3,812
*** FLOP *** [Qd 2c 3h]
2fb9ff8e: bets 12,095 and is all-in
a627d346: calls 12,095
2fb9ff8e: shows [Ad 5h] (Ace-High)
a627d346: shows [Qh As] (Pair of Queens)
a5144881: shows [Th Jd] (Queen-High)
*** TURN *** [Qd 2c 3h] [8c]
*** RIVER *** [Qd 2c 3h 8c] [9h]
*** SHOWDOWN ***
a5144881 collected 19,436 from pot
a627d346 collected 24,190 from pot
*** SUMMARY ***
Total pot 43,626 | Rake 0 | Jackpot 0 | Bingo 0 | Fortune 0 | Tax 0
Board [Qd 2c 3h 8c 9h]
Seat 1: 2fb9ff8e (small blind) showed [Ad 5h] and lost with Ace-High
Seat 2: a627d346 (big blind) showed [Qh As] and won (24,190) with Pair of Queens
Seat 3: 3f47bab9 folded before Flop
Seat 4: a5144881 showed [Th Jd] and won (19,436) with Queens-High Straight
Seat 5: 808189d folded before Flop
Seat 6: 751b801d folded before Flop
Seat 7: Hero folded before Flop
Seat 8: fd87cc27 (button) folded before Flop


Poker Hand #TM3010590482: Tournament #128772585, Daily Turbo $10 Hold'em No Limit - Level17(1,000/2,000) - 2024/02/26 19:43:55
Table '38' 8-max Seat #8 is the button
Seat 1: 8ded38a8 (24,876 in chips)
Seat 2: 51e1a047 (60,384 in chips)
Seat 3: f639492 (56,906 in chips)
Seat 4: 48765c0c (39,553 in chips)
Seat 5: 6304e1a9 (12,575 in chips)
Seat 6: Hero (40,156 in chips)
Seat 7: 8544a681 (21,010 in chips)
Seat 8: f5326245 (18,680 in chips)
6304e1a9: posts the ante 250
Hero: posts the ante 250
51e1a047: posts the ante 250
8ded38a8: posts the ante 250
48765c0c: posts the ante 250
f5326245: posts the ante 250
8544a681: posts the ante 250
f639492: posts the ante 250
8ded38a8: posts small blind 1,000
51e1a047: posts big blind 2,000
*** HOLE CARDS ***
Dealt to 8ded38a8 
Dealt to 51e1a047 
Dealt to f639492 
Dealt to 48765c0c 
Dealt to 6304e1a9 
Dealt to Hero [9c 7c]
Dealt to 8544a681 
Dealt to f5326245 
f639492: folds
48765c0c: raises 2,000 to 4,000
6304e1a9: folds
Hero: folds
8544a681: folds
f5326245: folds
8ded38a8: raises 20,626 to 24,626 and is all-in
51e1a047: folds
48765c0c: calls 20,626
8ded38a8: shows [Qh Ad]
48765c0c: shows [8s 8h]
*** FLOP *** [6d 2c 2h]
*** TURN *** [6d 2c 2h] [5s]
*** RIVER *** [6d 2c 2h 5s] [3s]
*** SHOWDOWN ***
48765c0c collected 53,252 from pot
*** SUMMARY ***
Total pot 53,252 | Rake 0 | Jackpot 0 | Bingo 0 | Fortune 0 | Tax 0
Board [6d 2c 2h 5s 3s]
Seat 1: 8ded38a8 (small blind) showed [Qh Ad] and lost with Pair of Twos
Seat 2: 51e1a047 (big blind) folded before Flop
Seat 3: f639492 folded before Flop
Seat 4: 48765c0c showed [8s 8h] and won (53,252) with Pair of Eights and Pair of Twos
Seat 5: 6304e1a9 folded before Flop
Seat 6: Hero folded before Flop
Seat 7: 8544a681 folded before Flop
Seat 8: f5326245 (button) folded before Flop


Poker Hand #TM3010590465: Tournament #128772585, Daily Turbo $10 Hold'em No Limit - Level17(1,000/2,000) - 2024/02/26 19:43:30
Table '38' 8-max Seat #7 is the button
Seat 1: 8ded38a8 (27,126 in chips)
Seat 2: 51e1a047 (60,634 in chips)
Seat 3: f639492 (57,156 in chips)
Seat 4: 48765c0c (34,803 in chips)
Seat 5: 6304e1a9 (12,825 in chips)
Seat 6: Hero (40,406 in chips)
Seat 7: 8544a681 (21,260 in chips)
Seat 8: f5326245 (19,930 in chips)
6304e1a9: posts the ante 250
Hero: posts the ante 250
51e1a047: posts the ante 250
8ded38a8: posts the ante 250
48765c0c: posts the ante 250
8544a681: posts the ante 250
f5326245: posts the ante 250
f639492: posts the ante 250
f5326245: posts small blind 1,000
8ded38a8: posts big blind 2,000
*** HOLE CARDS ***
Dealt to 8ded38a8 
Dealt to 51e1a047 
Dealt to f639492 
Dealt to 48765c0c 
Dealt to 6304e1a9 
Dealt to Hero [Ac 2s]
Dealt to 8544a681 
Dealt to f5326245 
51e1a047: folds
f639492: folds
48765c0c: raises 2,000 to 4,000
6304e1a9: folds
Hero: folds
8544a681: folds
f5326245: folds
8ded38a8: folds
Uncalled bet (2,000) returned to 48765c0c
*** SHOWDOWN ***
48765c0c collected 7,000 from pot
*** SUMMARY ***
Total pot 7,000 | Rake 0 | Jackpot 0 | Bingo 0 | Fortune 0 | Tax 0
Seat 1: 8ded38a8 (big blind) folded before Flop
Seat 2: 51e1a047 folded before Flop
Seat 3: f639492 folded before Flop
Seat 4: 48765c0c collected (7,000)
Seat 5: 6304e1a9 folded before Flop
Seat 6: Hero folded before Flop
Seat 7: 8544a681 (button) folded before Flop
Seat 8: f5326245 (small blind) folded before Flop


Poker Hand #TM3010590430: Tournament #128772585, Daily Turbo $10 Hold'em No Limit - Level17(1,000/2,000) - 2024/02/26 19:42:33
Table '38' 8-max Seat #6 is the button
Seat 1: 8ded38a8 (27,376 in chips)
Seat 2: 51e1a047 (60,884 in chips)
Seat 3: f639492 (57,406 in chips)
Seat 4: 48765c0c (43,683 in chips)
Seat 5: 6304e1a9 (13,075 in chips)
Seat 6: Hero (40,656 in chips)
Seat 7: 8544a681 (8,880 in chips)
Seat 8: f5326245 (22,180 in chips)
6304e1a9: posts the ante 250
Hero: posts the ante 250
51e1a047: posts the ante 250
8ded38a8: posts the ante 250
48765c0c: posts the ante 250
f5326245: posts the ante 250
8544a681: posts the ante 250
f639492: posts the ante 250
8544a681: posts small blind 1,000
f5326245: posts big blind 2,000
*** HOLE CARDS ***
Dealt to 8ded38a8 
Dealt to 51e1a047 
Dealt to f639492 
Dealt to 48765c0c 
Dealt to 6304e1a9 
Dealt to Hero [2c 3h]
Dealt to 8544a681 
Dealt to f5326245 
8ded38a8: folds
51e1a047: folds
f639492: folds
48765c0c: raises 41,433 to 43,433 and is all-in
6304e1a9: folds
Hero: folds
8544a681: calls 7,630 and is all-in
f5326245: folds
Uncalled bet (34,803) returned to 48765c0c
48765c0c: shows [9c 9s]
8544a681: shows [Ks As]
*** FLOP *** [6d Kh Tc]
*** TURN *** [6d Kh Tc] [6h]
*** RIVER *** [6d Kh Tc 6h] [6c]
*** SHOWDOWN ***
8544a681 collected 21,260 from pot
*** SUMMARY ***
Total pot 21,260 | Rake 0 | Jackpot 0 | Bingo 0 | Fortune 0 | Tax 0
Board [6d Kh Tc 6h 6c]
Seat 1: 8ded38a8 folded before Flop
Seat 2: 51e1a047 folded before Flop
Seat 3: f639492 folded before Flop
Seat 4: 48765c0c showed [9c 9s] and lost with Sixes Full over Nines
Seat 5: 6304e1a9 folded before Flop
Seat 6: Hero (button) folded before Flop
Seat 7: 8544a681 (small blind) showed [Ks As] and won (21,260) with Sixes Full over Kings
Seat 8: f5326245 (big blind) folded before Flop


Poker Hand #TM3010590379: Tournament #128772585, Daily Turbo $10 Hold'em No Limit - Level17(1,000/2,000) - 2024/02/26 19:41:18
Table '38' 8-max Seat #5 is the button
Seat 1: 8ded38a8 (27,626 in chips)
Seat 2: 51e1a047 (61,134 in chips)
Seat 3: f639492 (26,953 in chips)
Seat 4: 48765c0c (43,933 in chips)
Seat 5: 6304e1a9 (13,325 in chips)
Seat 6: Hero (67,609 in chips)
Seat 7: 8544a681 (11,130 in chips)
Seat 8: f5326245 (22,430 in chips)
6304e1a9: posts the ante 250
Hero: posts the ante 250
51e1a047: posts the ante 250
8ded38a8: posts the ante 250
48765c0c: posts the ante 250
f5326245: posts the ante 250
8544a681: posts the ante 250
f639492: posts the ante 250
Hero: posts small blind 1,000
8544a681: posts big blind 2,000
*** HOLE CARDS ***
Dealt to 8ded38a8 
Dealt to 51e1a047 
Dealt to f639492 
Dealt to 48765c0c 
Dealt to 6304e1a9 
Dealt to Hero [9s Ks]
Dealt to 8544a681 
Dealt to f5326245 
f5326245: folds
8ded38a8: folds
51e1a047: folds
f639492: raises 2,000 to 4,000
48765c0c: folds
6304e1a9: folds
Hero: raises 63,359 to 67,359 and is all-in
8544a681: folds
f639492: calls 22,703 and is all-in
Uncalled bet (40,656) returned to Hero
Hero: shows [9s Ks]
f639492: shows [8d 8h]
*** FLOP *** [Qc Ah 8s]
*** TURN *** [Qc Ah 8s] [Jd]
*** RIVER *** [Qc Ah 8s Jd] [3c]
*** SHOWDOWN ***
f639492 collected 57,406 from pot
*** SUMMARY ***
Total pot 57,406 | Rake 0 | Jackpot 0 | Bingo 0 | Fortune 0 | Tax 0
Board [Qc Ah 8s Jd 3c]
Seat 1: 8ded38a8 folded before Flop
Seat 2: 51e1a047 folded before Flop
Seat 3: f639492 showed [8d 8h] and won (57,406) with Three Eights
Seat 4: 48765c0c folded before Flop
Seat 5: 6304e1a9 (button) folded before Flop
Seat 6: Hero (small blind) showed [9s Ks] and lost with Ace-High
Seat 7: 8544a681 (big blind) folded before Flop
Seat 8: f5326245 folded before Flop


Poker Hand #TM3010590362: Tournament #128772585, Daily Turbo $10 Hold'em No Limit - Level16(800/1,600) - 2024/02/26 19:40:55
Table '38' 8-max Seat #4 is the button
Seat 1: 8ded38a8 (27,826 in chips)
Seat 2: 51e1a047 (61,334 in chips)
Seat 3: f639492 (27,153 in chips)
Seat 4: 48765c0c (44,133 in chips)
Seat 5: 6304e1a9 (14,325 in chips)
Seat 6: Hero (69,409 in chips)
Seat 7: 8544a681 (11,330 in chips)
Seat 8: f5326245 (18,630 in chips)
6304e1a9: posts the ante 200
Hero: posts the ante 200
51e1a047: posts the ante 200
8ded38a8: posts the ante 200
48765c0c: posts the ante 200
f5326245: posts the ante 200
8544a681: posts the ante 200
f639492: posts the ante 200
6304e1a9: posts small blind 800
Hero: posts big blind 1,600
*** HOLE CARDS ***
Dealt to 8ded38a8 
Dealt to 51e1a047 
Dealt to f639492 
Dealt to 48765c0c 
Dealt to 6304e1a9 
Dealt to Hero [8c 5d]
Dealt to 8544a681 
Dealt to f5326245 
8544a681: folds
f5326245: raises 16,830 to 18,430 and is all-in
8ded38a8: folds
51e1a047: folds
f639492: folds
48765c0c: folds
6304e1a9: folds
Hero: folds
Uncalled bet (16,830) returned to f5326245
*** SHOWDOWN ***
f5326245 collected 5,600 from pot
*** SUMMARY ***
Total pot 5,600 | Rake 0 | Jackpot 0 | Bingo 0 | Fortune 0 | Tax 0
Seat 1: 8ded38a8 folded before Flop
Seat 2: 51e1a047 folded before Flop
Seat 3: f639492 folded before Flop
Seat 4: 48765c0c (button) folded before Flop
Seat 5: 6304e1a9 (small blind) folded before Flop
Seat 6: Hero (big blind) folded before Flop
Seat 7: 8544a681 folded before Flop
Seat 8: f5326245 collected (5,600)


Poker Hand #TM3010590333: Tournament #128772585, Daily Turbo $10 Hold'em No Limit - Level16(800/1,600) - 2024/02/26 19:40:21
Table '38' 8-max Seat #3 is the button
Seat 1: 8ded38a8 (28,026 in chips)
Seat 2: 51e1a047 (64,734 in chips)
Seat 3: f639492 (20,153 in chips)
Seat 4: 48765c0c (45,133 in chips)
Seat 5: 6304e1a9 (16,125 in chips)
Seat 6: Hero (69,609 in chips)
Seat 7: 8544a681 (11,530 in chips)
Seat 8: f5326245 (18,830 in chips)
6304e1a9: posts the ante 200
Hero: posts the ante 200
51e1a047: posts the ante 200
8ded38a8: posts the ante 200
48765c0c: posts the ante 200
f5326245: posts the ante 200
8544a681: posts the ante 200
f639492: posts the ante 200
48765c0c: posts small blind 800
6304e1a9: posts big blind 1,600
*** HOLE CARDS ***
Dealt to 8ded38a8 
Dealt to 51e1a047 
Dealt to f639492 
Dealt to 48765c0c 
Dealt to 6304e1a9 
Dealt to Hero [7c Qh]
Dealt to 8544a681 
Dealt to f5326245 
Hero: folds
8544a681: folds
f5326245: folds
8ded38a8: folds
51e1a047: raises 1,600 to 3,200
f639492: raises 16,753 to 19,953 and is all-in
48765c0c: folds
6304e1a9: folds
51e1a047: folds
Uncalled bet (16,753) returned to f639492
*** SHOWDOWN ***
f639492 collected 10,400 from pot
*** SUMMARY ***
Total pot 10,400 | Rake 0 | Jackpot 0 | Bingo 0 | Fortune 0 | Tax 0
Seat 1: 8ded38a8 folded before Flop
Seat 2: 51e1a047 folded before Flop
Seat 3: f639492 (button) collected (10,400)
Seat 4: 48765c0c (small blind) folded before Flop
Seat 5: 6304e1a9 (big blind) folded before Flop
Seat 6: Hero folded before Flop
Seat 7: 8544a681 folded before Flop
Seat 8: f5326245 folded before Flop


Poker Hand #TM3010590313: Tournament #128772585, Daily Turbo $10 Hold'em No Limit - Level16(800/1,600) - 2024/02/26 19:39:47
Table '38' 8-max Seat #2 is the button
Seat 1: 8ded38a8 (28,226 in chips)
Seat 2: 51e1a047 (64,934 in chips)
Seat 3: f639492 (21,953 in chips)
Seat 4: 48765c0c (42,133 in chips)
Seat 5: 6304e1a9 (16,325 in chips)
Seat 6: Hero (69,809 in chips)
Seat 7: 8544a681 (11,730 in chips)
Seat 8: f5326245 (19,030 in chips)
6304e1a9: posts the ante 200
Hero: posts the ante 200
51e1a047: posts the ante 200
8ded38a8: posts the ante 200
48765c0c: posts the ante 200
f5326245: posts the ante 200
8544a681: posts the ante 200
f639492: posts the ante 200
f639492: posts small blind 800
48765c0c: posts big blind 1,600
*** HOLE CARDS ***
Dealt to 8ded38a8 
Dealt to 51e1a047 
Dealt to f639492 
Dealt to 48765c0c 
Dealt to 6304e1a9 
Dealt to Hero [Kd 6c]
Dealt to 8544a681 
Dealt to f5326245 
6304e1a9: folds
Hero: folds
8544a681: folds
f5326245: folds
8ded38a8: folds
51e1a047: folds
f639492: calls 800
48765c0c: raises 40,333 to 41,933 and is all-in
f639492: folds
Uncalled bet (40,333) returned to 48765c0c
*** SHOWDOWN ***
48765c0c collected 4,800 from pot
*** SUMMARY ***
Total pot 4,800 | Rake 0 | Jackpot 0 | Bingo 0 | Fortune 0 | Tax 0
Seat 1: 8ded38a8 folded before Flop
Seat 2: 51e1a047 (button) folded before Flop
Seat 3: f639492 (small blind) folded before Flop
Seat 4: 48765c0c (big blind) collected (4,800)
Seat 5: 6304e1a9 folded before Flop
Seat 6: Hero folded before Flop
Seat 7: 8544a681 folded before Flop
Seat 8: f5326245 folded before Flop


Poker Hand #TM3010391857: Tournament #128772585, Daily Turbo $10 Hold'em No Limit - Level16(800/1,600) - 2024/02/26 19:38:14
Table '20' 8-max Seat #6 is the button
Seat 1: 42e120f2 (27,933 in chips)
Seat 2: Hero (40,076 in chips)
Seat 3: a86b6c98 (20,224 in chips)
Seat 4: aa82a857 (25,200 in chips)
Seat 5: 6c3b33ff (28,575 in chips)
Seat 6: 1a407703 (34,280 in chips)
Seat 8: 47bc22 (69,418 in chips)
42e120f2: posts the ante 200
6c3b33ff: posts the ante 200
47bc22: posts the ante 200
Hero: posts the ante 200
1a407703: posts the ante 200
a86b6c98: posts the ante 200
aa82a857: posts the ante 200
47bc22: posts small blind 800
42e120f2: posts big blind 1,600
*** HOLE CARDS ***
Dealt to 42e120f2 
Dealt to Hero [Ac Qs]
Dealt to a86b6c98 
Dealt to aa82a857 
Dealt to 6c3b33ff 
Dealt to 1a407703 
Dealt to 47bc22 
Hero: raises 1,600 to 3,200
a86b6c98: folds
aa82a857: folds
6c3b33ff: folds
1a407703: folds
47bc22: folds
42e120f2: raises 24,533 to 27,733 and is all-in
Hero: calls 24,533
42e120f2: shows [Ks Kh]
Hero: shows [Ac Qs]
*** FLOP *** [4h 3c Qc]
*** TURN *** [4h 3c Qc] [Td]
*** RIVER *** [4h 3c Qc Td] [As]
*** SHOWDOWN ***
Hero collected 57,666 from pot
*** SUMMARY ***
Total pot 57,666 | Rake 0 | Jackpot 0 | Bingo 0 | Fortune 0 | Tax 0
Board [4h 3c Qc Td As]
Seat 1: 42e120f2 (big blind) showed [Ks Kh] and lost with Pair of Kings
Seat 2: Hero showed [Ac Qs] and won (57,666) with Pair of Aces and Pair of Queens
Seat 3: a86b6c98 folded before Flop
Seat 4: aa82a857 folded before Flop
Seat 5: 6c3b33ff folded before Flop
Seat 6: 1a407703 (button) folded before Flop
Seat 8: 47bc22 (small blind) folded before Flop


Poker Hand #TM3010391789: Tournament #128772585, Daily Turbo $10 Hold'em No Limit - Level16(800/1,600) - 2024/02/26 19:36:55
Table '20' 8-max Seat #5 is the button
Seat 1: 42e120f2 (28,133 in chips)
Seat 2: Hero (48,206 in chips)
Seat 3: a86b6c98 (20,424 in chips)
Seat 4: aa82a857 (25,400 in chips)
Seat 5: 6c3b33ff (28,775 in chips)
Seat 6: 1a407703 (35,280 in chips)
Seat 8: 47bc22 (59,488 in chips)
42e120f2: posts the ante 200
6c3b33ff: posts the ante 200
47bc22: posts the ante 200
Hero: posts the ante 200
1a407703: posts the ante 200
a86b6c98: posts the ante 200
aa82a857: posts the ante 200
1a407703: posts small blind 800
47bc22: posts big blind 1,600
*** HOLE CARDS ***
Dealt to 42e120f2 
Dealt to Hero [Ts Jd]
Dealt to a86b6c98 
Dealt to aa82a857 
Dealt to 6c3b33ff 
Dealt to 1a407703 
Dealt to 47bc22 
42e120f2: folds
Hero: raises 1,600 to 3,200
a86b6c98: folds
aa82a857: folds
6c3b33ff: folds
1a407703: folds
47bc22: calls 1,600
*** FLOP *** [3d 7s 6c]
47bc22: checks
Hero: bets 4,730
47bc22: raises 9,030 to 13,760
Hero: folds
Uncalled bet (9,030) returned to 47bc22
*** SHOWDOWN ***
47bc22 collected 18,060 from pot
*** SUMMARY ***
Total pot 18,060 | Rake 0 | Jackpot 0 | Bingo 0 | Fortune 0 | Tax 0
Board [3d 7s 6c]
Seat 1: 42e120f2 folded before Flop
Seat 2: Hero folded on the Flop
Seat 3: a86b6c98 folded before Flop
Seat 4: aa82a857 folded before Flop
Seat 5: 6c3b33ff (button) folded before Flop
Seat 6: 1a407703 (small blind) folded before Flop
Seat 8: 47bc22 (big blind) won (18,060)


Poker Hand #TM3010391757: Tournament #128772585, Daily Turbo $10 Hold'em No Limit - Level16(800/1,600) - 2024/02/26 19:36:14
Table '20' 8-max Seat #4 is the button
Seat 1: 42e120f2 (28,333 in chips)
Seat 2: Hero (48,406 in chips)
Seat 3: a86b6c98 (20,624 in chips)
Seat 4: aa82a857 (21,600 in chips)
Seat 5: 6c3b33ff (29,775 in chips)
Seat 6: 1a407703 (37,080 in chips)
Seat 7: 90b846b6 (28,879 in chips)
Seat 8: 47bc22 (59,688 in chips)
42e120f2: posts the ante 200
47bc22: posts the ante 200
6c3b33ff: posts the ante 200
Hero: posts the ante 200
1a407703: posts the ante 200
a86b6c98: posts the ante 200
90b846b6: posts the ante 200
aa82a857: posts the ante 200
6c3b33ff: posts small blind 800
1a407703: posts big blind 1,600
*** HOLE CARDS ***
Dealt to 42e120f2 
Dealt to Hero [3d 5h]
Dealt to a86b6c98 
Dealt to aa82a857 
Dealt to 6c3b33ff 
Dealt to 1a407703 
Dealt to 90b846b6 
Dealt to 47bc22 
90b846b6: folds
47bc22: folds
42e120f2: folds
Hero: folds
a86b6c98: folds
aa82a857: raises 19,800 to 21,400 and is all-in
6c3b33ff: folds
1a407703: folds
Uncalled bet (19,800) returned to aa82a857
*** SHOWDOWN ***
aa82a857 collected 5,600 from pot
*** SUMMARY ***
Total pot 5,600 | Rake 0 | Jackpot 0 | Bingo 0 | Fortune 0 | Tax 0
Seat 1: 42e120f2 folded before Flop
Seat 2: Hero folded before Flop
Seat 3: a86b6c98 folded before Flop
Seat 4: aa82a857 (button) collected (5,600)
Seat 5: 6c3b33ff (small blind) folded before Flop
Seat 6: 1a407703 (big blind) folded before Flop
Seat 7: 90b846b6 folded before Flop
Seat 8: 47bc22 folded before Flop


Poker Hand #TM3010391726: Tournament #128772585, Daily Turbo $10 Hold'em No Limit - Level15(700/1,400) - 2024/02/26 19:35:37
Table '20' 8-max Seat #3 is the button
Seat 1: 42e120f2 (28,508 in chips)
Seat 2: Hero (48,581 in chips)
Seat 3: a86b6c98 (20,799 in chips)
Seat 4: aa82a857 (18,975 in chips)
Seat 5: 6c3b33ff (31,350 in chips)
Seat 6: 1a407703 (37,255 in chips)
Seat 7: 90b846b6 (29,054 in chips)
Seat 8: 47bc22 (59,863 in chips)
42e120f2: posts the ante 175
47bc22: posts the ante 175
6c3b33ff: posts the ante 175
Hero: posts the ante 175
1a407703: posts the ante 175
a86b6c98: posts the ante 175
90b846b6: posts the ante 175
aa82a857: posts the ante 175
aa82a857: posts small blind 700
6c3b33ff: posts big blind 1,400
*** HOLE CARDS ***
Dealt to 42e120f2 
Dealt to Hero [6d 8s]
Dealt to a86b6c98 
Dealt to aa82a857 
Dealt to 6c3b33ff 
Dealt to 1a407703 
Dealt to 90b846b6 
Dealt to 47bc22 
1a407703: folds
90b846b6: folds
47bc22: folds
42e120f2: folds
Hero: folds
a86b6c98: folds
aa82a857: raises 17,400 to 18,800 and is all-in
6c3b33ff: folds
Uncalled bet (17,400) returned to aa82a857
*** SHOWDOWN ***
aa82a857 collected 4,200 from pot
*** SUMMARY ***
Total pot 4,200 | Rake 0 | Jackpot 0 | Bingo 0 | Fortune 0 | Tax 0
Seat 1: 42e120f2 folded before Flop
Seat 2: Hero folded before Flop
Seat 3: a86b6c98 (button) folded before Flop
Seat 4: aa82a857 (small blind) collected (4,200)
Seat 5: 6c3b33ff (big blind) folded before Flop
Seat 6: 1a407703 folded before Flop
Seat 7: 90b846b6 folded before Flop
Seat 8: 47bc22 folded before Flop


Poker Hand #TM3010391690: Tournament #128772585, Daily Turbo $10 Hold'em No Limit - Level15(700/1,400) - 2024/02/26 19:34:55
Table '20' 8-max Seat #2 is the button
Seat 1: 42e120f2 (28,683 in chips)
Seat 2: Hero (45,256 in chips)
Seat 3: a86b6c98 (21,674 in chips)
Seat 4: aa82a857 (20,550 in chips)
Seat 5: 6c3b33ff (31,525 in chips)
Seat 6: 1a407703 (37,430 in chips)
Seat 7: 90b846b6 (29,229 in chips)
Seat 8: 47bc22 (60,038 in chips)
42e120f2: posts the ante 175
47bc22: posts the ante 175
6c3b33ff: posts the ante 175
Hero: posts the ante 175
1a407703: posts the ante 175
a86b6c98: posts the ante 175
90b846b6: posts the ante 175
aa82a857: posts the ante 175
a86b6c98: posts small blind 700
aa82a857: posts big blind 1,400
*** HOLE CARDS ***
Dealt to 42e120f2 
Dealt to Hero [Tc Qh]
Dealt to a86b6c98 
Dealt to aa82a857 
Dealt to 6c3b33ff 
Dealt to 1a407703 
Dealt to 90b846b6 
Dealt to 47bc22 
6c3b33ff: folds
1a407703: folds
90b846b6: folds
47bc22: folds
42e120f2: folds
Hero: raises 43,681 to 45,081 and is all-in
a86b6c98: folds
aa82a857: folds
Uncalled bet (43,681) returned to Hero
*** SHOWDOWN ***
Hero collected 4,900 from pot
*** SUMMARY ***
Total pot 4,900 | Rake 0 | Jackpot 0 | Bingo 0 | Fortune 0 | Tax 0
Seat 1: 42e120f2 folded before Flop
Seat 2: Hero (button) collected (4,900)
Seat 3: a86b6c98 (small blind) folded before Flop
Seat 4: aa82a857 (big blind) folded before Flop
Seat 5: 6c3b33ff folded before Flop
Seat 6: 1a407703 folded before Flop
Seat 7: 90b846b6 folded before Flop
Seat 8: 47bc22 folded before Flop


Poker Hand #TM3010391637: Tournament #128772585, Daily Turbo $10 Hold'em No Limit - Level15(700/1,400) - 2024/02/26 19:33:47
Table '20' 8-max Seat #1 is the button
Seat 1: 42e120f2 (22,558 in chips)
Seat 2: Hero (46,131 in chips)
Seat 3: a86b6c98 (26,049 in chips)
Seat 4: aa82a857 (20,725 in chips)
Seat 5: 6c3b33ff (31,700 in chips)
Seat 6: 1a407703 (37,605 in chips)
Seat 7: 90b846b6 (29,404 in chips)
Seat 8: 47bc22 (60,213 in chips)
42e120f2: posts the ante 175
47bc22: posts the ante 175
6c3b33ff: posts the ante 175
Hero: posts the ante 175
1a407703: posts the ante 175
a86b6c98: posts the ante 175
90b846b6: posts the ante 175
aa82a857: posts the ante 175
Hero: posts small blind 700
a86b6c98: posts big blind 1,400
*** HOLE CARDS ***
Dealt to 42e120f2 
Dealt to Hero [9d Jc]
Dealt to a86b6c98 
Dealt to aa82a857 
Dealt to 6c3b33ff 
Dealt to 1a407703 
Dealt to 90b846b6 
Dealt to 47bc22 
aa82a857: folds
6c3b33ff: folds
1a407703: folds
90b846b6: folds
47bc22: folds
42e120f2: raises 1,400 to 2,800
Hero: folds
a86b6c98: calls 1,400
*** FLOP *** [3s Ks 8s]
a86b6c98: checks
42e120f2: bets 1,400
a86b6c98: calls 1,400
*** TURN *** [3s Ks 8s] [3h]
a86b6c98: checks
42e120f2: bets 5,635
a86b6c98: folds
Uncalled bet (5,635) returned to 42e120f2
*** SHOWDOWN ***
42e120f2 collected 10,500 from pot
*** SUMMARY ***
Total pot 10,500 | Rake 0 | Jackpot 0 | Bingo 0 | Fortune 0 | Tax 0
Board [3s Ks 8s 3h]
Seat 1: 42e120f2 (button) won (10,500)
Seat 2: Hero (small blind) folded before Flop
Seat 3: a86b6c98 (big blind) folded on the Turn
Seat 4: aa82a857 folded before Flop
Seat 5: 6c3b33ff folded before Flop
Seat 6: 1a407703 folded before Flop
Seat 7: 90b846b6 folded before Flop
Seat 8: 47bc22 folded before Flop


Poker Hand #TM3010391612: Tournament #128772585, Daily Turbo $10 Hold'em No Limit - Level15(700/1,400) - 2024/02/26 19:33:15
Table '20' 8-max Seat #8 is the button
Seat 1: 42e120f2 (23,433 in chips)
Seat 2: Hero (47,706 in chips)
Seat 3: a86b6c98 (22,724 in chips)
Seat 4: aa82a857 (20,900 in chips)
Seat 5: 6c3b33ff (31,875 in chips)
Seat 6: 1a407703 (37,780 in chips)
Seat 7: 90b846b6 (29,579 in chips)
Seat 8: 47bc22 (60,388 in chips)
42e120f2: posts the ante 175
47bc22: posts the ante 175
6c3b33ff: posts the ante 175
Hero: posts the ante 175
1a407703: posts the ante 175
a86b6c98: posts the ante 175
90b846b6: posts the ante 175
aa82a857: posts the ante 175
42e120f2: posts small blind 700
Hero: posts big blind 1,400
*** HOLE CARDS ***
Dealt to 42e120f2 
Dealt to Hero [Jh 3d]
Dealt to a86b6c98 
Dealt to aa82a857 
Dealt to 6c3b33ff 
Dealt to 1a407703 
Dealt to 90b846b6 
Dealt to 47bc22 
a86b6c98: raises 1,540 to 2,940
aa82a857: folds
6c3b33ff: folds
1a407703: folds
90b846b6: folds
47bc22: folds
42e120f2: folds
Hero: folds
Uncalled bet (1,540) returned to a86b6c98
*** SHOWDOWN ***
a86b6c98 collected 4,900 from pot
*** SUMMARY ***
Total pot 4,900 | Rake 0 | Jackpot 0 | Bingo 0 | Fortune 0 | Tax 0
Seat 1: 42e120f2 (small blind) folded before Flop
Seat 2: Hero (big blind) folded before Flop
Seat 3: a86b6c98 collected (4,900)
Seat 4: aa82a857 folded before Flop
Seat 5: 6c3b33ff folded before Flop
Seat 6: 1a407703 folded before Flop
Seat 7: 90b846b6 folded before Flop
Seat 8: 47bc22 (button) folded before Flop


Poker Hand #TM3010391571: Tournament #128772585, Daily Turbo $10 Hold'em No Limit - Level15(700/1,400) - 2024/02/26 19:32:27
Table '20' 8-max Seat #7 is the button
Seat 1: 42e120f2 (25,008 in chips)
Seat 2: Hero (47,881 in chips)
Seat 3: a86b6c98 (22,899 in chips)
Seat 5: 6c3b33ff (32,050 in chips)
Seat 6: 1a407703 (40,755 in chips)
Seat 7: 90b846b6 (23,629 in chips)
Seat 8: 47bc22 (61,263 in chips)
42e120f2: posts the ante 175
6c3b33ff: posts the ante 175
47bc22: posts the ante 175
Hero: posts the ante 175
1a407703: posts the ante 175
a86b6c98: posts the ante 175
90b846b6: posts the ante 175
47bc22: posts small blind 700
42e120f2: posts big blind 1,400
*** HOLE CARDS ***
Dealt to 42e120f2 
Dealt to Hero [Kc 2c]
Dealt to a86b6c98 
Dealt to 6c3b33ff 
Dealt to 1a407703 
Dealt to 90b846b6 
Dealt to 47bc22 
Hero: folds
a86b6c98: folds
6c3b33ff: folds
1a407703: raises 1,400 to 2,800
90b846b6: raises 20,654 to 23,454 and is all-in
47bc22: folds
42e120f2: folds
1a407703: folds
Uncalled bet (20,654) returned to 90b846b6
*** SHOWDOWN ***
90b846b6 collected 8,925 from pot
*** SUMMARY ***
Total pot 8,925 | Rake 0 | Jackpot 0 | Bingo 0 | Fortune 0 | Tax 0
Seat 1: 42e120f2 (big blind) folded before Flop
Seat 2: Hero folded before Flop
Seat 3: a86b6c98 folded before Flop
Seat 5: 6c3b33ff folded before Flop
Seat 6: 1a407703 folded before Flop
Seat 7: 90b846b6 (button) collected (8,925)
Seat 8: 47bc22 (small blind) folded before Flop


Poker Hand #TM3010391536: Tournament #128772585, Daily Turbo $10 Hold'em No Limit - Level15(700/1,400) - 2024/02/26 19:31:42
Table '20' 8-max Seat #5 is the button
Seat 1: 42e120f2 (25,183 in chips)
Seat 2: Hero (48,056 in chips)
Seat 3: a86b6c98 (23,074 in chips)
Seat 4: f763f0c1 (4,660 in chips)
Seat 5: 6c3b33ff (32,225 in chips)
Seat 7: 90b846b6 (24,504 in chips)
Seat 8: 47bc22 (55,028 in chips)
f763f0c1: posts the ante 175
42e120f2: posts the ante 175
6c3b33ff: posts the ante 175
47bc22: posts the ante 175
Hero: posts the ante 175
a86b6c98: posts the ante 175
90b846b6: posts the ante 175
90b846b6: posts small blind 700
47bc22: posts big blind 1,400
*** HOLE CARDS ***
Dealt to 42e120f2 
Dealt to Hero [9h 7s]
Dealt to a86b6c98 
Dealt to f763f0c1 
Dealt to 6c3b33ff 
Dealt to 90b846b6 
Dealt to 47bc22 
42e120f2: folds
Hero: folds
a86b6c98: folds
f763f0c1: raises 3,085 to 4,485 and is all-in
6c3b33ff: folds
90b846b6: folds
47bc22: calls 3,085
f763f0c1: shows [Qs Ac]
47bc22: shows [6d 5h]
*** FLOP *** [Kh Js 5d]
*** TURN *** [Kh Js 5d] [9c]
*** RIVER *** [Kh Js 5d 9c] [7d]
*** SHOWDOWN ***
47bc22 collected 10,895 from pot
*** SUMMARY ***
Total pot 10,895 | Rake 0 | Jackpot 0 | Bingo 0 | Fortune 0 | Tax 0
Board [Kh Js 5d 9c 7d]
Seat 1: 42e120f2 folded before Flop
Seat 2: Hero folded before Flop
Seat 3: a86b6c98 folded before Flop
Seat 4: f763f0c1 showed [Qs Ac] and lost with Ace-High
Seat 5: 6c3b33ff (button) folded before Flop
Seat 7: 90b846b6 (small blind) folded before Flop
Seat 8: 47bc22 (big blind) showed [6d 5h] and won (10,895) with Pair of Fives


Poker Hand #TM3010391492: Tournament #128772585, Daily Turbo $10 Hold'em No Limit - Level14(600/1,200) - 2024/02/26 19:30:53
Table '20' 8-max Seat #3 is the button
Seat 1: 42e120f2 (25,333 in chips)
Seat 2: Hero (48,206 in chips)
Seat 3: a86b6c98 (23,224 in chips)
Seat 4: 49fcf480 (10,088 in chips)
Seat 5: 6c3b33ff (33,575 in chips)
Seat 7: 90b846b6 (24,654 in chips)
Seat 8: 47bc22 (42,990 in chips)
42e120f2: posts the ante 150
47bc22: posts the ante 150
6c3b33ff: posts the ante 150
Hero: posts the ante 150
49fcf480: posts the ante 150
a86b6c98: posts the ante 150
90b846b6: posts the ante 150
49fcf480: posts small blind 600
6c3b33ff: posts big blind 1,200
*** HOLE CARDS ***
Dealt to 42e120f2 
Dealt to Hero [2d 7h]
Dealt to a86b6c98 
Dealt to 49fcf480 
Dealt to 6c3b33ff 
Dealt to 90b846b6 
Dealt to 47bc22 
90b846b6: folds
47bc22: raises 1,200 to 2,400
42e120f2: folds
Hero: folds
a86b6c98: folds
49fcf480: raises 7,538 to 9,938 and is all-in
6c3b33ff: folds
47bc22: calls 7,538
49fcf480: shows [Ks Qh]
47bc22: shows [As Ad]
*** FLOP *** [7d 3s 3h]
*** TURN *** [7d 3s 3h] [9d]
*** RIVER *** [7d 3s 3h 9d] [Ah]
*** SHOWDOWN ***
47bc22 collected 22,126 from pot
*** SUMMARY ***
Total pot 22,126 | Rake 0 | Jackpot 0 | Bingo 0 | Fortune 0 | Tax 0
Board [7d 3s 3h 9d Ah]
Seat 1: 42e120f2 folded before Flop
Seat 2: Hero folded before Flop
Seat 3: a86b6c98 (button) folded before Flop
Seat 4: 49fcf480 (small blind) showed [Ks Qh] and lost with Pair of Treys
Seat 5: 6c3b33ff (big blind) folded before Flop
Seat 7: 90b846b6 folded before Flop
Seat 8: 47bc22 showed [As Ad] and won (22,126) with Aces Full over Treys


Poker Hand #TM3009775425: Tournament #128772585, Daily Turbo $10 Hold'em No Limit - Level14(600/1,200) - 2024/02/26 19:29:30
Table '26' 8-max Seat #3 is the button
Seat 1: b4e89bb5 (20,721 in chips)
Seat 2: 661b00a8 (41,563 in chips)
Seat 3: 4381902 (21,725 in chips)
Seat 6: Hero (48,956 in chips)
Seat 7: 6436cbd6 (60,818 in chips)
Seat 8: 4e9a2c0f (14,735 in chips)
6436cbd6: posts the ante 150
b4e89bb5: posts the ante 150
Hero: posts the ante 150
661b00a8: posts the ante 150
4381902: posts the ante 150
4e9a2c0f: posts the ante 150
Hero: posts small blind 600
6436cbd6: posts big blind 1,200
*** HOLE CARDS ***
Dealt to b4e89bb5 
Dealt to 661b00a8 
Dealt to 4381902 
Dealt to Hero [4d Ac]
Dealt to 6436cbd6 
Dealt to 4e9a2c0f 
4e9a2c0f: raises 13,385 to 14,585 and is all-in
b4e89bb5: raises 5,986 to 20,571 and is all-in
661b00a8: folds
4381902: folds
Hero: folds
6436cbd6: folds
Uncalled bet (5,986) returned to b4e89bb5
b4e89bb5: shows [Tc Td]
4e9a2c0f: shows [9d 9s]
*** FLOP *** [4h 5h 7d]
*** TURN *** [4h 5h 7d] [Ks]
*** RIVER *** [4h 5h 7d Ks] [8s]
*** SHOWDOWN ***
b4e89bb5 collected 31,870 from pot
*** SUMMARY ***
Total pot 31,870 | Rake 0 | Jackpot 0 | Bingo 0 | Fortune 0 | Tax 0
Board [4h 5h 7d Ks 8s]
Seat 1: b4e89bb5 showed [Tc Td] and won (31,870) with Pair of Tens
Seat 2: 661b00a8 folded before Flop
Seat 3: 4381902 (button) folded before Flop
Seat 6: Hero (small blind) folded before Flop
Seat 7: 6436cbd6 (big blind) folded before Flop
Seat 8: 4e9a2c0f showed [9d 9s] and lost with Pair of Nines


Poker Hand #TM3009775377: Tournament #128772585, Daily Turbo $10 Hold'em No Limit - Level14(600/1,200) - 2024/02/26 19:28:29
Table '26' 8-max Seat #1 is the button
Seat 1: b4e89bb5 (23,271 in chips)
Seat 3: 4381902 (22,475 in chips)
Seat 4: 818a041e (20,559 in chips)
Seat 6: Hero (49,106 in chips)
Seat 7: 6436cbd6 (36,659 in chips)
Seat 8: 4e9a2c0f (14,885 in chips)
6436cbd6: posts the ante 150
b4e89bb5: posts the ante 150
Hero: posts the ante 150
818a041e: posts the ante 150
4e9a2c0f: posts the ante 150
4381902: posts the ante 150
4381902: posts small blind 600
818a041e: posts big blind 1,200
*** HOLE CARDS ***
Dealt to b4e89bb5 
Dealt to 4381902 
Dealt to 818a041e 
Dealt to Hero [Ks 6d]
Dealt to 6436cbd6 
Dealt to 4e9a2c0f 
Hero: folds
6436cbd6: raises 1,200 to 2,400
4e9a2c0f: folds
b4e89bb5: calls 2,400
4381902: folds
818a041e: calls 1,200
*** FLOP *** [2c 8s 3c]
818a041e: bets 4,350
6436cbd6: raises 29,759 to 34,109 and is all-in
b4e89bb5: folds
818a041e: calls 13,659 and is all-in
Uncalled bet (16,100) returned to 6436cbd6
6436cbd6: shows [Qc Qs] (Pair of Queens)
818a041e: shows [8c 7h] (Pair of Eights)
*** TURN *** [2c 8s 3c] [Jh]
*** RIVER *** [2c 8s 3c Jh] [9c]
*** SHOWDOWN ***
6436cbd6 collected 44,718 from pot
*** SUMMARY ***
Total pot 44,718 | Rake 0 | Jackpot 0 | Bingo 0 | Fortune 0 | Tax 0
Board [2c 8s 3c Jh 9c]
Seat 1: b4e89bb5 (button) folded on the Flop
Seat 3: 4381902 (small blind) folded before Flop
Seat 4: 818a041e (big blind) showed [8c 7h] and lost with Pair of Eights
Seat 6: Hero folded before Flop
Seat 7: 6436cbd6 showed [Qc Qs] and won (44,718) with Pair of Queens
Seat 8: 4e9a2c0f folded before Flop


Poker Hand #TM3009775326: Tournament #128772585, Daily Turbo $10 Hold'em No Limit - Level14(600/1,200) - 2024/02/26 19:27:29
Table '26' 8-max Seat #8 is the button
Seat 1: b4e89bb5 (24,021 in chips)
Seat 3: 4381902 (23,825 in chips)
Seat 4: 818a041e (20,709 in chips)
Seat 5: 7adce305 (17,614 in chips)
Seat 6: Hero (28,942 in chips)
Seat 7: 6436cbd6 (36,809 in chips)
Seat 8: 4e9a2c0f (15,035 in chips)
6436cbd6: posts the ante 150
b4e89bb5: posts the ante 150
7adce305: posts the ante 150
Hero: posts the ante 150
818a041e: posts the ante 150
4e9a2c0f: posts the ante 150
4381902: posts the ante 150
b4e89bb5: posts small blind 600
4381902: posts big blind 1,200
*** HOLE CARDS ***
Dealt to b4e89bb5 
Dealt to 4381902 
Dealt to 818a041e 
Dealt to 7adce305 
Dealt to Hero [Kc As]
Dealt to 6436cbd6 
Dealt to 4e9a2c0f 
818a041e: folds
7adce305: raises 1,200 to 2,400
Hero: raises 3,600 to 6,000
6436cbd6: folds
4e9a2c0f: folds
b4e89bb5: folds
4381902: folds
7adce305: raises 11,464 to 17,464 and is all-in
Hero: calls 11,464
7adce305: shows [Ts Tc]
Hero: shows [Kc As]
*** FLOP *** [Qc Kh 5s]
*** TURN *** [Qc Kh 5s] [Ad]
*** RIVER *** [Qc Kh 5s Ad] [2d]
*** SHOWDOWN ***
Hero collected 37,778 from pot
*** SUMMARY ***
Total pot 37,778 | Rake 0 | Jackpot 0 | Bingo 0 | Fortune 0 | Tax 0
Board [Qc Kh 5s Ad 2d]
Seat 1: b4e89bb5 (small blind) folded before Flop
Seat 3: 4381902 (big blind) folded before Flop
Seat 4: 818a041e folded before Flop
Seat 5: 7adce305 showed [Ts Tc] and lost with Pair of Tens
Seat 6: Hero showed [Kc As] and won (37,778) with Pair of Aces and Pair of Kings
Seat 7: 6436cbd6 folded before Flop
Seat 8: 4e9a2c0f (button) folded before Flop


Poker Hand #TM3009775274: Tournament #128772585, Daily Turbo $10 Hold'em No Limit - Level14(600/1,200) - 2024/02/26 19:26:30
Table '26' 8-max Seat #7 is the button
Seat 1: b4e89bb5 (7,557 in chips)
Seat 2: 296e0d2e (10,150 in chips)
Seat 3: 4381902 (23,975 in chips)
Seat 4: 818a041e (25,673 in chips)
Seat 5: 7adce305 (17,764 in chips)
Seat 6: Hero (29,092 in chips)
Seat 7: 6436cbd6 (36,959 in chips)
Seat 8: 4e9a2c0f (15,785 in chips)
6436cbd6: posts the ante 150
b4e89bb5: posts the ante 150
7adce305: posts the ante 150
Hero: posts the ante 150
818a041e: posts the ante 150
296e0d2e: posts the ante 150
4381902: posts the ante 150
4e9a2c0f: posts the ante 150
4e9a2c0f: posts small blind 600
b4e89bb5: posts big blind 1,200
*** HOLE CARDS ***
Dealt to b4e89bb5 
Dealt to 296e0d2e 
Dealt to 4381902 
Dealt to 818a041e 
Dealt to 7adce305 
Dealt to Hero [9c 9s]
Dealt to 6436cbd6 
Dealt to 4e9a2c0f 
296e0d2e: raises 8,800 to 10,000 and is all-in
4381902: folds
818a041e: raises 15,523 to 25,523 and is all-in
7adce305: folds
Hero: folds
6436cbd6: folds
4e9a2c0f: folds
b4e89bb5: calls 6,207 and is all-in
Uncalled bet (15,523) returned to 818a041e
818a041e: shows [Qh Qs]
b4e89bb5: shows [3d 4d]
296e0d2e: shows [Jd Qc]
*** FLOP *** [8c 6c 4c]
*** TURN *** [8c 6c 4c] [3s]
*** RIVER *** [8c 6c 4c 3s] [Ks]
*** SHOWDOWN ***
b4e89bb5 collected 24,021 from pot
818a041e collected 5,186 from pot
*** SUMMARY ***
Total pot 29,207 | Rake 0 | Jackpot 0 | Bingo 0 | Fortune 0 | Tax 0
Board [8c 6c 4c 3s Ks]
Seat 1: b4e89bb5 (big blind) showed [3d 4d] and won (24,021) with Pair of Fours and Pair of Treys
Seat 2: 296e0d2e showed [Jd Qc] and lost with King-High
Seat 3: 4381902 folded before Flop
Seat 4: 818a041e showed [Qh Qs] and won (5,186) with Pair of Queens
Seat 5: 7adce305 folded before Flop
Seat 6: Hero folded before Flop
Seat 7: 6436cbd6 (button) folded before Flop
Seat 8: 4e9a2c0f (small blind) folded before Flop


Poker Hand #TM3009775219: Tournament #128772585, Daily Turbo $10 Hold'em No Limit - Level13(500/1,000) - 2024/02/26 19:25:28
Table '26' 8-max Seat #6 is the button
Seat 1: b4e89bb5 (7,682 in chips)
Seat 2: 296e0d2e (10,275 in chips)
Seat 3: 4381902 (24,100 in chips)
Seat 4: 818a041e (25,798 in chips)
Seat 5: 7adce305 (31,185 in chips)
Seat 6: Hero (13,421 in chips)
Seat 7: 6436cbd6 (37,584 in chips)
Seat 8: 4e9a2c0f (16,910 in chips)
6436cbd6: posts the ante 125
b4e89bb5: posts the ante 125
7adce305: posts the ante 125
Hero: posts the ante 125
818a041e: posts the ante 125
296e0d2e: posts the ante 125
4381902: posts the ante 125
4e9a2c0f: posts the ante 125
6436cbd6: posts small blind 500
4e9a2c0f: posts big blind 1,000
*** HOLE CARDS ***
Dealt to b4e89bb5 
Dealt to 296e0d2e 
Dealt to 4381902 
Dealt to 818a041e 
Dealt to 7adce305 
Dealt to Hero [5s 5h]
Dealt to 6436cbd6 
Dealt to 4e9a2c0f 
b4e89bb5: folds
296e0d2e: folds
4381902: folds
818a041e: folds
7adce305: raises 1,000 to 2,000
Hero: raises 11,296 to 13,296 and is all-in
6436cbd6: folds
4e9a2c0f: folds
7adce305: calls 11,296
Hero: shows [5s 5h]
7adce305: shows [9d As]
*** FLOP *** [Kd 7s 4s]
*** TURN *** [Kd 7s 4s] [Qc]
*** RIVER *** [Kd 7s 4s Qc] [6h]
*** SHOWDOWN ***
Hero collected 29,092 from pot
*** SUMMARY ***
Total pot 29,092 | Rake 0 | Jackpot 0 | Bingo 0 | Fortune 0 | Tax 0
Board [Kd 7s 4s Qc 6h]
Seat 1: b4e89bb5 folded before Flop
Seat 2: 296e0d2e folded before Flop
Seat 3: 4381902 folded before Flop
Seat 4: 818a041e folded before Flop
Seat 5: 7adce305 showed [9d As] and lost with Ace-High
Seat 6: Hero (button) showed [5s 5h] and won (29,092) with Pair of Fives
Seat 7: 6436cbd6 (small blind) folded before Flop
Seat 8: 4e9a2c0f (big blind) folded before Flop


Poker Hand #TM3009775181: Tournament #128772585, Daily Turbo $10 Hold'em No Limit - Level13(500/1,000) - 2024/02/26 19:24:45
Table '26' 8-max Seat #5 is the button
Seat 1: b4e89bb5 (7,807 in chips)
Seat 2: 296e0d2e (7,900 in chips)
Seat 3: 4381902 (24,225 in chips)
Seat 4: 818a041e (25,923 in chips)
Seat 5: 7adce305 (31,310 in chips)
Seat 6: Hero (14,046 in chips)
Seat 7: 6436cbd6 (38,709 in chips)
Seat 8: 4e9a2c0f (17,035 in chips)
6436cbd6: posts the ante 125
b4e89bb5: posts the ante 125
7adce305: posts the ante 125
Hero: posts the ante 125
818a041e: posts the ante 125
296e0d2e: posts the ante 125
4381902: posts the ante 125
4e9a2c0f: posts the ante 125
Hero: posts small blind 500
6436cbd6: posts big blind 1,000
*** HOLE CARDS ***
Dealt to b4e89bb5 
Dealt to 296e0d2e 
Dealt to 4381902 
Dealt to 818a041e 
Dealt to 7adce305 
Dealt to Hero [Qh 3d]
Dealt to 6436cbd6 
Dealt to 4e9a2c0f 
4e9a2c0f: folds
b4e89bb5: folds
296e0d2e: raises 6,775 to 7,775 and is all-in
4381902: folds
818a041e: folds
7adce305: folds
Hero: folds
6436cbd6: folds
Uncalled bet (6,775) returned to 296e0d2e
*** SHOWDOWN ***
296e0d2e collected 3,500 from pot
*** SUMMARY ***
Total pot 3,500 | Rake 0 | Jackpot 0 | Bingo 0 | Fortune 0 | Tax 0
Seat 1: b4e89bb5 folded before Flop
Seat 2: 296e0d2e collected (3,500)
Seat 3: 4381902 folded before Flop
Seat 4: 818a041e folded before Flop
Seat 5: 7adce305 (button) folded before Flop
Seat 6: Hero (small blind) folded before Flop
Seat 7: 6436cbd6 (big blind) folded before Flop
Seat 8: 4e9a2c0f folded before Flop


Poker Hand #TM3009775157: Tournament #128772585, Daily Turbo $10 Hold'em No Limit - Level13(500/1,000) - 2024/02/26 19:24:16
Table '26' 8-max Seat #3 is the button
Seat 1: b4e89bb5 (7,932 in chips)
Seat 2: 296e0d2e (8,025 in chips)
Seat 3: 4381902 (19,975 in chips)
Seat 5: 7adce305 (31,935 in chips)
Seat 6: Hero (15,171 in chips)
Seat 7: 6436cbd6 (40,834 in chips)
Seat 8: 4e9a2c0f (17,160 in chips)
6436cbd6: posts the ante 125
b4e89bb5: posts the ante 125
7adce305: posts the ante 125
Hero: posts the ante 125
296e0d2e: posts the ante 125
4381902: posts the ante 125
4e9a2c0f: posts the ante 125
7adce305: posts small blind 500
Hero: posts big blind 1,000
*** HOLE CARDS ***
Dealt to b4e89bb5 
Dealt to 296e0d2e 
Dealt to 4381902 
Dealt to 7adce305 
Dealt to Hero [6c 3c]
Dealt to 6436cbd6 
Dealt to 4e9a2c0f 
6436cbd6: raises 1,000 to 2,000
4e9a2c0f: folds
b4e89bb5: folds
296e0d2e: folds
4381902: raises 17,850 to 19,850 and is all-in
7adce305: folds
Hero: folds
6436cbd6: folds
Uncalled bet (17,850) returned to 4381902
*** SHOWDOWN ***
4381902 collected 6,375 from pot
*** SUMMARY ***
Total pot 6,375 | Rake 0 | Jackpot 0 | Bingo 0 | Fortune 0 | Tax 0
Seat 1: b4e89bb5 folded before Flop
Seat 2: 296e0d2e folded before Flop
Seat 3: 4381902 (button) collected (6,375)
Seat 5: 7adce305 (small blind) folded before Flop
Seat 6: Hero (big blind) folded before Flop
Seat 7: 6436cbd6 folded before Flop
Seat 8: 4e9a2c0f folded before Flop


Poker Hand #TM3009775126: Tournament #128772585, Daily Turbo $10 Hold'em No Limit - Level13(500/1,000) - 2024/02/26 19:23:38
Table '26' 8-max Seat #2 is the button
Seat 1: b4e89bb5 (8,057 in chips)
Seat 2: 296e0d2e (8,150 in chips)
Seat 3: 4381902 (20,600 in chips)
Seat 5: 7adce305 (28,185 in chips)
Seat 6: Hero (15,296 in chips)
Seat 7: 6436cbd6 (40,959 in chips)
Seat 8: 4e9a2c0f (19,785 in chips)
6436cbd6: posts the ante 125
b4e89bb5: posts the ante 125
7adce305: posts the ante 125
Hero: posts the ante 125
296e0d2e: posts the ante 125
4e9a2c0f: posts the ante 125
4381902: posts the ante 125
4381902: posts small blind 500
7adce305: posts big blind 1,000
*** HOLE CARDS ***
Dealt to b4e89bb5 
Dealt to 296e0d2e 
Dealt to 4381902 
Dealt to 7adce305 
Dealt to Hero [8s 2d]
Dealt to 6436cbd6 
Dealt to 4e9a2c0f 
Hero: folds
6436cbd6: folds
4e9a2c0f: raises 1,500 to 2,500
b4e89bb5: folds
296e0d2e: folds
4381902: folds
7adce305: raises 25,560 to 28,060 and is all-in
4e9a2c0f: folds
Uncalled bet (25,560) returned to 7adce305
*** SHOWDOWN ***
7adce305 collected 6,375 from pot
*** SUMMARY ***
Total pot 6,375 | Rake 0 | Jackpot 0 | Bingo 0 | Fortune 0 | Tax 0
Seat 1: b4e89bb5 folded before Flop
Seat 2: 296e0d2e (button) folded before Flop
Seat 3: 4381902 (small blind) folded before Flop
Seat 5: 7adce305 (big blind) collected (6,375)
Seat 6: Hero folded before Flop
Seat 7: 6436cbd6 folded before Flop
Seat 8: 4e9a2c0f folded before Flop


Poker Hand #TM3009775064: Tournament #128772585, Daily Turbo $10 Hold'em No Limit - Level13(500/1,000) - 2024/02/26 19:22:29
Table '26' 8-max Seat #1 is the button
Seat 1: b4e89bb5 (8,182 in chips)
Seat 2: 296e0d2e (8,775 in chips)
Seat 3: 4381902 (9,675 in chips)
Seat 4: b8c5de2b (9,066 in chips)
Seat 5: 7adce305 (28,310 in chips)
Seat 6: Hero (24,971 in chips)
Seat 7: 6436cbd6 (41,084 in chips)
Seat 8: 4e9a2c0f (19,910 in chips)
6436cbd6: posts the ante 125
b4e89bb5: posts the ante 125
7adce305: posts the ante 125
Hero: posts the ante 125
b8c5de2b: posts the ante 125
296e0d2e: posts the ante 125
4e9a2c0f: posts the ante 125
4381902: posts the ante 125
296e0d2e: posts small blind 500
4381902: posts big blind 1,000
*** HOLE CARDS ***
Dealt to b4e89bb5 
Dealt to 296e0d2e 
Dealt to 4381902 
Dealt to b8c5de2b 
Dealt to 7adce305 
Dealt to Hero [Kc Ah]
Dealt to 6436cbd6 
Dealt to 4e9a2c0f 
b8c5de2b: folds
7adce305: folds
Hero: raises 1,000 to 2,000
6436cbd6: folds
4e9a2c0f: folds
b4e89bb5: folds
296e0d2e: folds
4381902: calls 1,000
*** FLOP *** [4c Jh 3c]
4381902: checks
Hero: bets 1,000
4381902: raises 2,000 to 3,000
Hero: calls 2,000
*** TURN *** [4c Jh 3c] [Qs]
4381902: bets 4,550 and is all-in
Hero: calls 4,550
4381902: shows [Js 8c] (Pair of Jacks)
Hero: shows [Kc Ah] (Ace-High)
*** RIVER *** [4c Jh 3c Qs] [9s]
*** SHOWDOWN ***
4381902 collected 20,600 from pot
*** SUMMARY ***
Total pot 20,600 | Rake 0 | Jackpot 0 | Bingo 0 | Fortune 0 | Tax 0
Board [4c Jh 3c Qs 9s]
Seat 1: b4e89bb5 (button) folded before Flop
Seat 2: 296e0d2e (small blind) folded before Flop
Seat 3: 4381902 (big blind) showed [Js 8c] and won (20,600) with Pair of Jacks
Seat 4: b8c5de2b folded before Flop
Seat 5: 7adce305 folded before Flop
Seat 6: Hero showed [Kc Ah] and lost with Ace-High
Seat 7: 6436cbd6 folded before Flop
Seat 8: 4e9a2c0f folded before Flop


Poker Hand #TM3009775007: Tournament #128772585, Daily Turbo $10 Hold'em No Limit - Level13(500/1,000) - 2024/02/26 19:21:33
Table '26' 8-max Seat #8 is the button
Seat 1: b4e89bb5 (17,262 in chips)
Seat 2: 296e0d2e (9,900 in chips)
Seat 3: 4381902 (9,800 in chips)
Seat 4: b8c5de2b (9,191 in chips)
Seat 5: 7adce305 (28,435 in chips)
Seat 6: Hero (25,096 in chips)
Seat 7: 6436cbd6 (41,209 in chips)
Seat 8: 4e9a2c0f (9,080 in chips)
6436cbd6: posts the ante 125
b4e89bb5: posts the ante 125
7adce305: posts the ante 125
Hero: posts the ante 125
b8c5de2b: posts the ante 125
296e0d2e: posts the ante 125
4e9a2c0f: posts the ante 125
4381902: posts the ante 125
b4e89bb5: posts small blind 500
296e0d2e: posts big blind 1,000
*** HOLE CARDS ***
Dealt to b4e89bb5 
Dealt to 296e0d2e 
Dealt to 4381902 
Dealt to b8c5de2b 
Dealt to 7adce305 
Dealt to Hero [Kh 9c]
Dealt to 6436cbd6 
Dealt to 4e9a2c0f 
4381902: folds
b8c5de2b: folds
7adce305: folds
Hero: folds
6436cbd6: folds
4e9a2c0f: raises 3,500 to 4,500
b4e89bb5: raises 12,637 to 17,137 and is all-in
296e0d2e: folds
4e9a2c0f: calls 4,455 and is all-in
Uncalled bet (8,182) returned to b4e89bb5
b4e89bb5: shows [Ah 5h]
4e9a2c0f: shows [8d Ad]
*** FLOP *** [4d Qd Qs]
*** TURN *** [4d Qd Qs] [7s]
*** RIVER *** [4d Qd Qs 7s] [3h]
*** SHOWDOWN ***
4e9a2c0f collected 19,910 from pot
*** SUMMARY ***
Total pot 19,910 | Rake 0 | Jackpot 0 | Bingo 0 | Fortune 0 | Tax 0
Board [4d Qd Qs 7s 3h]
Seat 1: b4e89bb5 (small blind) showed [Ah 5h] and lost with Pair of Queens
Seat 2: 296e0d2e (big blind) folded before Flop
Seat 3: 4381902 folded before Flop
Seat 4: b8c5de2b folded before Flop
Seat 5: 7adce305 folded before Flop
Seat 6: Hero folded before Flop
Seat 7: 6436cbd6 folded before Flop
Seat 8: 4e9a2c0f (button) showed [8d Ad] and won (19,910) with Pair of Queens


Poker Hand #TM3009774972: Tournament #128772585, Daily Turbo $10 Hold'em No Limit - Level12(400/800) - 2024/02/26 19:20:49
Table '26' 8-max Seat #7 is the button
Seat 1: b4e89bb5 (18,962 in chips)
Seat 2: 296e0d2e (10,000 in chips)
Seat 3: 4381902 (9,900 in chips)
Seat 4: b8c5de2b (9,291 in chips)
Seat 5: 7adce305 (28,535 in chips)
Seat 6: Hero (22,396 in chips)
Seat 7: 6436cbd6 (41,309 in chips)
Seat 8: 4e9a2c0f (9,580 in chips)
6436cbd6: posts the ante 100
b4e89bb5: posts the ante 100
7adce305: posts the ante 100
Hero: posts the ante 100
b8c5de2b: posts the ante 100
296e0d2e: posts the ante 100
4381902: posts the ante 100
4e9a2c0f: posts the ante 100
4e9a2c0f: posts small blind 400
b4e89bb5: posts big blind 800
*** HOLE CARDS ***
Dealt to b4e89bb5 
Dealt to 296e0d2e 
Dealt to 4381902 
Dealt to b8c5de2b 
Dealt to 7adce305 
Dealt to Hero [6d Ac]
Dealt to 6436cbd6 
Dealt to 4e9a2c0f 
296e0d2e: folds
4381902: folds
b8c5de2b: folds
7adce305: folds
Hero: raises 800 to 1,600
6436cbd6: folds
4e9a2c0f: folds
b4e89bb5: calls 800
*** FLOP *** [2s Jd 3h]
b4e89bb5: checks
Hero: bets 1,100
b4e89bb5: folds
Uncalled bet (1,100) returned to Hero
*** SHOWDOWN ***
Hero collected 4,400 from pot
*** SUMMARY ***
Total pot 4,400 | Rake 0 | Jackpot 0 | Bingo 0 | Fortune 0 | Tax 0
Board [2s Jd 3h]
Seat 1: b4e89bb5 (big blind) folded on the Flop
Seat 2: 296e0d2e folded before Flop
Seat 3: 4381902 folded before Flop
Seat 4: b8c5de2b folded before Flop
Seat 5: 7adce305 folded before Flop
Seat 6: Hero won (4,400)
Seat 7: 6436cbd6 (button) folded before Flop
Seat 8: 4e9a2c0f (small blind) folded before Flop


Poker Hand #TM3009774939: Tournament #128772585, Daily Turbo $10 Hold'em No Limit - Level12(400/800) - 2024/02/26 19:20:11
Table '26' 8-max Seat #6 is the button
Seat 1: b4e89bb5 (19,062 in chips)
Seat 3: 4381902 (10,000 in chips)
Seat 4: b8c5de2b (9,391 in chips)
Seat 5: 7adce305 (28,635 in chips)
Seat 6: Hero (22,496 in chips)
Seat 7: 6436cbd6 (41,059 in chips)
Seat 8: 4e9a2c0f (9,330 in chips)
6436cbd6: posts the ante 100
b4e89bb5: posts the ante 100
7adce305: posts the ante 100
Hero: posts the ante 100
b8c5de2b: posts the ante 100
4381902: posts the ante 100
4e9a2c0f: posts the ante 100
6436cbd6: posts small blind 400
4e9a2c0f: posts big blind 800
*** HOLE CARDS ***
Dealt to b4e89bb5 
Dealt to 4381902 
Dealt to b8c5de2b 
Dealt to 7adce305 
Dealt to Hero [9s 3c]
Dealt to 6436cbd6 
Dealt to 4e9a2c0f 
b4e89bb5: folds
4381902: folds
b8c5de2b: folds
7adce305: folds
Hero: folds
6436cbd6: raises 40,159 to 40,959 and is all-in
4e9a2c0f: calls 8,430 and is all-in
Uncalled bet (31,729) returned to 6436cbd6
6436cbd6: shows [9h As]
4e9a2c0f: shows [Ad 9c]
*** FLOP *** [7s 6h Jc]
*** TURN *** [7s 6h Jc] [4d]
*** RIVER *** [7s 6h Jc 4d] [Qh]
*** SHOWDOWN ***
4e9a2c0f collected 9,580 from pot
6436cbd6 collected 9,580 from pot
*** SUMMARY ***
Total pot 19,160 | Rake 0 | Jackpot 0 | Bingo 0 | Fortune 0 | Tax 0
Board [7s 6h Jc 4d Qh]
Seat 1: b4e89bb5 folded before Flop
Seat 3: 4381902 folded before Flop
Seat 4: b8c5de2b folded before Flop
Seat 5: 7adce305 folded before Flop
Seat 6: Hero (button) folded before Flop
Seat 7: 6436cbd6 (small blind) showed [9h As] and won (9,580) with Ace-High
Seat 8: 4e9a2c0f (big blind) showed [Ad 9c] and won (9,580) with Ace-High


Poker Hand #TM3009774862: Tournament #128772585, Daily Turbo $10 Hold'em No Limit - Level12(400/800) - 2024/02/26 19:18:50
Table '26' 8-max Seat #5 is the button
Seat 1: b4e89bb5 (19,162 in chips)
Seat 2: e942ce41 (21,889 in chips)
Seat 4: b8c5de2b (9,491 in chips)
Seat 5: 7adce305 (20,810 in chips)
Seat 6: Hero (22,996 in chips)
Seat 7: 6436cbd6 (47,984 in chips)
Seat 8: 4e9a2c0f (9,430 in chips)
6436cbd6: posts the ante 100
b4e89bb5: posts the ante 100
7adce305: posts the ante 100
Hero: posts the ante 100
e942ce41: posts the ante 100
b8c5de2b: posts the ante 100
4e9a2c0f: posts the ante 100
Hero: posts small blind 400
6436cbd6: posts big blind 800
*** HOLE CARDS ***
Dealt to b4e89bb5 
Dealt to e942ce41 
Dealt to b8c5de2b 
Dealt to 7adce305 
Dealt to Hero [Jh 3d]
Dealt to 6436cbd6 
Dealt to 4e9a2c0f 
4e9a2c0f: folds
b4e89bb5: folds
e942ce41: folds
b8c5de2b: folds
7adce305: raises 800 to 1,600
Hero: folds
6436cbd6: calls 800
*** FLOP *** [5s 9h 9s]
6436cbd6: checks
7adce305: bets 800
6436cbd6: calls 800
*** TURN *** [5s 9h 9s] [4c]
6436cbd6: checks
7adce305: checks
*** RIVER *** [5s 9h 9s 4c] [Js]
6436cbd6: checks
7adce305: bets 4,425
6436cbd6: calls 4,425
7adce305: shows [Qs Qd] (Pair of Queens and Pair of Nines)
6436cbd6: shows [Ah 6s] (Pair of Nines)
*** SHOWDOWN ***
7adce305 collected 14,750 from pot
*** SUMMARY ***
Total pot 14,750 | Rake 0 | Jackpot 0 | Bingo 0 | Fortune 0 | Tax 0
Board [5s 9h 9s 4c Js]
Seat 1: b4e89bb5 folded before Flop
Seat 2: e942ce41 folded before Flop
Seat 4: b8c5de2b folded before Flop
Seat 5: 7adce305 (button) showed [Qs Qd] and won (14,750) with Pair of Queens and Pair of Nines
Seat 6: Hero (small blind) folded before Flop
Seat 7: 6436cbd6 (big blind) showed [Ah 6s] and lost with Pair of Nines
Seat 8: 4e9a2c0f folded before Flop


Poker Hand #TM3009774830: Tournament #128772585, Daily Turbo $10 Hold'em No Limit - Level12(400/800) - 2024/02/26 19:18:08
Table '26' 8-max Seat #4 is the button
Seat 1: b4e89bb5 (19,262 in chips)
Seat 2: e942ce41 (21,989 in chips)
Seat 3: c81f5951 (8,700 in chips)
Seat 4: b8c5de2b (9,591 in chips)
Seat 5: 7adce305 (21,310 in chips)
Seat 6: Hero (13,396 in chips)
Seat 7: 6436cbd6 (48,084 in chips)
6436cbd6: posts the ante 100
b4e89bb5: posts the ante 100
7adce305: posts the ante 100
Hero: posts the ante 100
c81f5951: posts the ante 100
e942ce41: posts the ante 100
b8c5de2b: posts the ante 100
7adce305: posts small blind 400
Hero: posts big blind 800
*** HOLE CARDS ***
Dealt to b4e89bb5 
Dealt to e942ce41 
Dealt to c81f5951 
Dealt to b8c5de2b 
Dealt to 7adce305 
Dealt to Hero [8s Ah]
Dealt to 6436cbd6 
6436cbd6: folds
b4e89bb5: folds
e942ce41: folds
c81f5951: raises 7,800 to 8,600 and is all-in
b8c5de2b: folds
7adce305: folds
Hero: calls 7,800
c81f5951: shows [Jh Td]
Hero: shows [8s Ah]
*** FLOP *** [5c Ac 7s]
*** TURN *** [5c Ac 7s] [2d]
*** RIVER *** [5c Ac 7s 2d] [7c]
*** SHOWDOWN ***
Hero collected 18,300 from pot
*** SUMMARY ***
Total pot 18,300 | Rake 0 | Jackpot 0 | Bingo 0 | Fortune 0 | Tax 0
Board [5c Ac 7s 2d 7c]
Seat 1: b4e89bb5 folded before Flop
Seat 2: e942ce41 folded before Flop
Seat 3: c81f5951 showed [Jh Td] and lost with Pair of Sevens
Seat 4: b8c5de2b (button) folded before Flop
Seat 5: 7adce305 (small blind) folded before Flop
Seat 6: Hero (big blind) showed [8s Ah] and won (18,300) with Pair of Aces and Pair of Sevens
Seat 7: 6436cbd6 folded before Flop


Poker Hand #TM3009774793: Tournament #128772585, Daily Turbo $10 Hold'em No Limit - Level12(400/800) - 2024/02/26 19:17:26
Table '26' 8-max Seat #3 is the button
Seat 1: b4e89bb5 (19,362 in chips)
Seat 2: e942ce41 (22,089 in chips)
Seat 3: c81f5951 (8,800 in chips)
Seat 4: b8c5de2b (10,091 in chips)
Seat 5: 7adce305 (11,975 in chips)
Seat 6: Hero (13,496 in chips)
Seat 7: 6436cbd6 (48,184 in chips)
Seat 8: 720d21a2 (8,335 in chips)
6436cbd6: posts the ante 100
b4e89bb5: posts the ante 100
7adce305: posts the ante 100
Hero: posts the ante 100
c81f5951: posts the ante 100
e942ce41: posts the ante 100
720d21a2: posts the ante 100
b8c5de2b: posts the ante 100
b8c5de2b: posts small blind 400
7adce305: posts big blind 800
*** HOLE CARDS ***
Dealt to b4e89bb5 
Dealt to e942ce41 
Dealt to c81f5951 
Dealt to b8c5de2b 
Dealt to 7adce305 
Dealt to Hero [9d Kh]
Dealt to 6436cbd6 
Dealt to 720d21a2 
Hero: folds
6436cbd6: folds
720d21a2: raises 7,435 to 8,235 and is all-in
b4e89bb5: folds
e942ce41: folds
c81f5951: folds
b8c5de2b: folds
7adce305: calls 7,435
720d21a2: shows [7h 7d]
7adce305: shows [Kd Qd]
*** FLOP *** [4d Qh Ad]
*** TURN *** [4d Qh Ad] [2d]
*** RIVER *** [4d Qh Ad 2d] [Ah]
*** SHOWDOWN ***
7adce305 collected 17,670 from pot
*** SUMMARY ***
Total pot 17,670 | Rake 0 | Jackpot 0 | Bingo 0 | Fortune 0 | Tax 0
Board [4d Qh Ad 2d Ah]
Seat 1: b4e89bb5 folded before Flop
Seat 2: e942ce41 folded before Flop
Seat 3: c81f5951 (button) folded before Flop
Seat 4: b8c5de2b (small blind) folded before Flop
Seat 5: 7adce305 (big blind) showed [Kd Qd] and won (17,670) with Ace High Flush
Seat 6: Hero folded before Flop
Seat 7: 6436cbd6 folded before Flop
Seat 8: 720d21a2 showed [7h 7d] and lost with Pair of Aces and Pair of Sevens


Poker Hand #TM3009774774: Tournament #128772585, Daily Turbo $10 Hold'em No Limit - Level12(400/800) - 2024/02/26 19:17:00
Table '26' 8-max Seat #2 is the button
Seat 1: b4e89bb5 (19,462 in chips)
Seat 2: e942ce41 (22,189 in chips)
Seat 3: c81f5951 (9,300 in chips)
Seat 4: b8c5de2b (10,991 in chips)
Seat 5: 7adce305 (12,075 in chips)
Seat 6: Hero (13,596 in chips)
Seat 7: 6436cbd6 (48,284 in chips)
Seat 8: 720d21a2 (6,435 in chips)
6436cbd6: posts the ante 100
b4e89bb5: posts the ante 100
7adce305: posts the ante 100
Hero: posts the ante 100
c81f5951: posts the ante 100
e942ce41: posts the ante 100
720d21a2: posts the ante 100
b8c5de2b: posts the ante 100
c81f5951: posts small blind 400
b8c5de2b: posts big blind 800
*** HOLE CARDS ***
Dealt to b4e89bb5 
Dealt to e942ce41 
Dealt to c81f5951 
Dealt to b8c5de2b 
Dealt to 7adce305 
Dealt to Hero [8c 7c]
Dealt to 6436cbd6 
Dealt to 720d21a2 
7adce305: folds
Hero: folds
6436cbd6: folds
720d21a2: raises 5,535 to 6,335 and is all-in
b4e89bb5: folds
e942ce41: folds
c81f5951: folds
b8c5de2b: folds
Uncalled bet (5,535) returned to 720d21a2
*** SHOWDOWN ***
720d21a2 collected 2,800 from pot
*** SUMMARY ***
Total pot 2,800 | Rake 0 | Jackpot 0 | Bingo 0 | Fortune 0 | Tax 0
Seat 1: b4e89bb5 folded before Flop
Seat 2: e942ce41 (button) folded before Flop
Seat 3: c81f5951 (small blind) folded before Flop
Seat 4: b8c5de2b (big blind) folded before Flop
Seat 5: 7adce305 folded before Flop
Seat 6: Hero folded before Flop
Seat 7: 6436cbd6 folded before Flop
Seat 8: 720d21a2 collected (2,800)


Poker Hand #TM3009774698: Tournament #128772585, Daily Turbo $10 Hold'em No Limit - Level11(350/700) - 2024/02/26 19:15:34
Table '26' 8-max Seat #8 is the button
Seat 2: e942ce41 (18,555 in chips)
Seat 3: c81f5951 (10,085 in chips)
Seat 4: b8c5de2b (11,076 in chips)
Seat 5: 7adce305 (12,160 in chips)
Seat 6: Hero (16,105 in chips)
Seat 7: 6436cbd6 (48,369 in chips)
Seat 8: 720d21a2 (6,520 in chips)
6436cbd6: posts the ante 85
7adce305: posts the ante 85
Hero: posts the ante 85
c81f5951: posts the ante 85
720d21a2: posts the ante 85
e942ce41: posts the ante 85
b8c5de2b: posts the ante 85
e942ce41: posts small blind 350
c81f5951: posts big blind 700
*** HOLE CARDS ***
Dealt to e942ce41 
Dealt to c81f5951 
Dealt to b8c5de2b 
Dealt to 7adce305 
Dealt to Hero [Kh Tc]
Dealt to 6436cbd6 
Dealt to 720d21a2 
b8c5de2b: folds
7adce305: folds
Hero: raises 700 to 1,400
6436cbd6: folds
720d21a2: folds
e942ce41: calls 1,050
c81f5951: folds
*** FLOP *** [3d 6c 2h]
e942ce41: checks
Hero: bets 1,024
e942ce41: calls 1,024
*** TURN *** [3d 6c 2h] [5s]
e942ce41: checks
Hero: checks
*** RIVER *** [3d 6c 2h 5s] [3h]
e942ce41: bets 2,028
Hero: folds
Uncalled bet (2,028) returned to e942ce41
*** SHOWDOWN ***
e942ce41 collected 6,143 from pot
*** SUMMARY ***
Total pot 6,143 | Rake 0 | Jackpot 0 | Bingo 0 | Fortune 0 | Tax 0
Board [3d 6c 2h 5s 3h]
Seat 2: e942ce41 (small blind) won (6,143)
Seat 3: c81f5951 (big blind) folded before Flop
Seat 4: b8c5de2b folded before Flop
Seat 5: 7adce305 folded before Flop
Seat 6: Hero folded on the River
Seat 7: 6436cbd6 folded before Flop
Seat 8: 720d21a2 (button) folded before Flop


Poker Hand #TM3009774643: Tournament #128772585, Daily Turbo $10 Hold'em No Limit - Level11(350/700) - 2024/02/26 19:14:38
Table '26' 8-max Seat #7 is the button
Seat 1: 2963597 (9,505 in chips)
Seat 2: e942ce41 (18,640 in chips)
Seat 3: c81f5951 (10,170 in chips)
Seat 4: b8c5de2b (11,161 in chips)
Seat 5: 7adce305 (12,245 in chips)
Seat 6: Hero (16,190 in chips)
Seat 7: 6436cbd6 (38,004 in chips)
Seat 8: 720d21a2 (6,955 in chips)
6436cbd6: posts the ante 85
7adce305: posts the ante 85
Hero: posts the ante 85
c81f5951: posts the ante 85
2963597: posts the ante 85
e942ce41: posts the ante 85
720d21a2: posts the ante 85
b8c5de2b: posts the ante 85
720d21a2: posts small blind 350
2963597: posts big blind 700
*** HOLE CARDS ***
Dealt to 2963597 
Dealt to e942ce41 
Dealt to c81f5951 
Dealt to b8c5de2b 
Dealt to 7adce305 
Dealt to Hero [3s 6h]
Dealt to 6436cbd6 
Dealt to 720d21a2 
e942ce41: folds
c81f5951: folds
b8c5de2b: folds
7adce305: folds
Hero: folds
6436cbd6: raises 700 to 1,400
720d21a2: folds
2963597: calls 700
*** FLOP *** [Qd 7s 3d]
2963597: checks
6436cbd6: bets 1,264
2963597: raises 6,756 to 8,020 and is all-in
6436cbd6: calls 6,756
2963597: shows [2d 8d] (Queen-High)
6436cbd6: shows [Kc Qs] (Pair of Queens)
*** TURN *** [Qd 7s 3d] [4c]
*** RIVER *** [Qd 7s 3d 4c] [Kh]
*** SHOWDOWN ***
6436cbd6 collected 19,870 from pot
*** SUMMARY ***
Total pot 19,870 | Rake 0 | Jackpot 0 | Bingo 0 | Fortune 0 | Tax 0
Board [Qd 7s 3d 4c Kh]
Seat 1: 2963597 (big blind) showed [2d 8d] and lost with King-High
Seat 2: e942ce41 folded before Flop
Seat 3: c81f5951 folded before Flop
Seat 4: b8c5de2b folded before Flop
Seat 5: 7adce305 folded before Flop
Seat 6: Hero folded before Flop
Seat 7: 6436cbd6 (button) showed [Kc Qs] and won (19,870) with Pair of Kings and Pair of Queens
Seat 8: 720d21a2 (small blind) folded before Flop


Poker Hand #TM3009774600: Tournament #128772585, Daily Turbo $10 Hold'em No Limit - Level11(350/700) - 2024/02/26 19:13:53
Table '26' 8-max Seat #6 is the button
Seat 1: 2963597 (9,590 in chips)
Seat 2: e942ce41 (18,725 in chips)
Seat 3: c81f5951 (10,255 in chips)
Seat 4: b8c5de2b (11,246 in chips)
Seat 5: 7adce305 (10,600 in chips)
Seat 6: Hero (16,275 in chips)
Seat 7: 6436cbd6 (38,439 in chips)
Seat 8: 720d21a2 (7,740 in chips)
6436cbd6: posts the ante 85
7adce305: posts the ante 85
Hero: posts the ante 85
c81f5951: posts the ante 85
2963597: posts the ante 85
e942ce41: posts the ante 85
720d21a2: posts the ante 85
b8c5de2b: posts the ante 85
6436cbd6: posts small blind 350
720d21a2: posts big blind 700
*** HOLE CARDS ***
Dealt to 2963597 
Dealt to e942ce41 
Dealt to c81f5951 
Dealt to b8c5de2b 
Dealt to 7adce305 
Dealt to Hero [2c 9s]
Dealt to 6436cbd6 
Dealt to 720d21a2 
2963597: folds
e942ce41: folds
c81f5951: folds
b8c5de2b: folds
7adce305: raises 9,815 to 10,515 and is all-in
Hero: folds
6436cbd6: folds
720d21a2: folds
Uncalled bet (9,815) returned to 7adce305
*** SHOWDOWN ***
7adce305 collected 2,430 from pot
*** SUMMARY ***
Total pot 2,430 | Rake 0 | Jackpot 0 | Bingo 0 | Fortune 0 | Tax 0
Seat 1: 2963597 folded before Flop
Seat 2: e942ce41 folded before Flop
Seat 3: c81f5951 folded before Flop
Seat 4: b8c5de2b folded before Flop
Seat 5: 7adce305 collected (2,430)
Seat 6: Hero (button) folded before Flop
Seat 7: 6436cbd6 (small blind) folded before Flop
Seat 8: 720d21a2 (big blind) folded before Flop


Poker Hand #TM3009774479: Tournament #128772585, Daily Turbo $10 Hold'em No Limit - Level11(350/700) - 2024/02/26 19:11:24
Table '26' 8-max Seat #5 is the button
Seat 1: 2963597 (9,675 in chips)
Seat 2: e942ce41 (18,810 in chips)
Seat 3: c81f5951 (17,855 in chips)
Seat 4: b8c5de2b (14,131 in chips)
Seat 5: 7adce305 (10,685 in chips)
Seat 6: Hero (16,710 in chips)
Seat 7: 6436cbd6 (27,179 in chips)
Seat 8: 720d21a2 (7,825 in chips)
6436cbd6: posts the ante 85
7adce305: posts the ante 85
Hero: posts the ante 85
c81f5951: posts the ante 85
2963597: posts the ante 85
e942ce41: posts the ante 85
720d21a2: posts the ante 85
b8c5de2b: posts the ante 85
Hero: posts small blind 350
6436cbd6: posts big blind 700
*** HOLE CARDS ***
Dealt to 2963597 
Dealt to e942ce41 
Dealt to c81f5951 
Dealt to b8c5de2b 
Dealt to 7adce305 
Dealt to Hero [8s Ks]
Dealt to 6436cbd6 
Dealt to 720d21a2 
720d21a2: folds
2963597: folds
e942ce41: folds
c81f5951: raises 700 to 1,400
b8c5de2b: calls 1,400
7adce305: folds
Hero: folds
6436cbd6: calls 700
*** FLOP *** [As Ad 7s]
6436cbd6: checks
c81f5951: bets 1,400
b8c5de2b: calls 1,400
6436cbd6: calls 1,400
*** TURN *** [As Ad 7s] [Tc]
6436cbd6: checks
c81f5951: checks
b8c5de2b: checks
*** RIVER *** [As Ad 7s Tc] [3s]
6436cbd6: bets 4,715
c81f5951: calls 4,715
b8c5de2b: folds
6436cbd6: shows [Js Qs] (Ace High Flush)
c81f5951: shows [Ah Qd] (Three Aces)
*** SHOWDOWN ***
6436cbd6 collected 18,860 from pot
*** SUMMARY ***
Total pot 18,860 | Rake 0 | Jackpot 0 | Bingo 0 | Fortune 0 | Tax 0
Board [As Ad 7s Tc 3s]
Seat 1: 2963597 folded before Flop
Seat 2: e942ce41 folded before Flop
Seat 3: c81f5951 showed [Ah Qd] and lost with Three Aces
Seat 4: b8c5de2b folded on the River
Seat 5: 7adce305 (button) folded before Flop
Seat 6: Hero (small blind) folded before Flop
Seat 7: 6436cbd6 (big blind) showed [Js Qs] and won (18,860) with Ace High Flush
Seat 8: 720d21a2 folded before Flop


Poker Hand #TM3009774460: Tournament #128772585, Daily Turbo $10 Hold'em No Limit - Level10(300/600) - 2024/02/26 19:11:04
Table '26' 8-max Seat #4 is the button
Seat 1: 2963597 (9,750 in chips)
Seat 2: e942ce41 (18,885 in chips)
Seat 3: c81f5951 (17,930 in chips)
Seat 4: b8c5de2b (14,206 in chips)
Seat 5: 7adce305 (11,060 in chips)
Seat 6: Hero (15,885 in chips)
Seat 7: 6436cbd6 (27,254 in chips)
Seat 8: 720d21a2 (7,900 in chips)
6436cbd6: posts the ante 75
7adce305: posts the ante 75
Hero: posts the ante 75
c81f5951: posts the ante 75
2963597: posts the ante 75
e942ce41: posts the ante 75
720d21a2: posts the ante 75
b8c5de2b: posts the ante 75
7adce305: posts small blind 300
Hero: posts big blind 600
*** HOLE CARDS ***
Dealt to 2963597 
Dealt to e942ce41 
Dealt to c81f5951 
Dealt to b8c5de2b 
Dealt to 7adce305 
Dealt to Hero [Ks Js]
Dealt to 6436cbd6 
Dealt to 720d21a2 
6436cbd6: folds
720d21a2: folds
2963597: folds
e942ce41: folds
c81f5951: folds
b8c5de2b: folds
7adce305: folds
Uncalled bet (300) returned to Hero
*** SHOWDOWN ***
Hero collected 1,200 from pot
*** SUMMARY ***
Total pot 1,200 | Rake 0 | Jackpot 0 | Bingo 0 | Fortune 0 | Tax 0
Seat 1: 2963597 folded before Flop
Seat 2: e942ce41 folded before Flop
Seat 3: c81f5951 folded before Flop
Seat 4: b8c5de2b (button) folded before Flop
Seat 5: 7adce305 (small blind) folded before Flop
Seat 6: Hero (big blind) collected (1,200)
Seat 7: 6436cbd6 folded before Flop
Seat 8: 720d21a2 folded before Flop


Poker Hand #TM3009774389: Tournament #128772585, Daily Turbo $10 Hold'em No Limit - Level10(300/600) - 2024/02/26 19:09:32
Table '26' 8-max Seat #3 is the button
Seat 1: 2963597 (9,825 in chips)
Seat 2: e942ce41 (18,960 in chips)
Seat 3: c81f5951 (18,005 in chips)
Seat 4: b8c5de2b (24,906 in chips)
Seat 5: 7adce305 (10,700 in chips)
Seat 6: Hero (5,170 in chips)
Seat 7: 6436cbd6 (27,329 in chips)
Seat 8: 720d21a2 (7,975 in chips)
6436cbd6: posts the ante 75
7adce305: posts the ante 75
Hero: posts the ante 75
c81f5951: posts the ante 75
2963597: posts the ante 75
e942ce41: posts the ante 75
720d21a2: posts the ante 75
b8c5de2b: posts the ante 75
b8c5de2b: posts small blind 300
7adce305: posts big blind 600
*** HOLE CARDS ***
Dealt to 2963597 
Dealt to e942ce41 
Dealt to c81f5951 
Dealt to b8c5de2b 
Dealt to 7adce305 
Dealt to Hero [Qc Qh]
Dealt to 6436cbd6 
Dealt to 720d21a2 
Hero: raises 4,495 to 5,095 and is all-in
6436cbd6: folds
720d21a2: folds
2963597: folds
e942ce41: folds
c81f5951: folds
b8c5de2b: calls 4,795
7adce305: raises 5,530 to 10,625 and is all-in
b8c5de2b: calls 5,530
7adce305: shows [Js Jh]
Hero: shows [Qc Qh]
b8c5de2b: shows [As Ts]
*** FLOP *** [4s Kd 7h]
*** TURN *** [4s Kd 7h] [4h]
*** RIVER *** [4s Kd 7h 4h] [Qd]
*** SHOWDOWN ***
Hero collected 15,885 from pot
7adce305 collected 11,060 from pot
*** SUMMARY ***
Total pot 26,945 | Rake 0 | Jackpot 0 | Bingo 0 | Fortune 0 | Tax 0
Board [4s Kd 7h 4h Qd]
Seat 1: 2963597 folded before Flop
Seat 2: e942ce41 folded before Flop
Seat 3: c81f5951 (button) folded before Flop
Seat 4: b8c5de2b (small blind) showed [As Ts] and lost with Pair of Fours
Seat 5: 7adce305 (big blind) showed [Js Jh] and won (11,060) with Pair of Jacks and Pair of Fours
Seat 6: Hero showed [Qc Qh] and won (15,885) with Queens Full over Fours
Seat 7: 6436cbd6 folded before Flop
Seat 8: 720d21a2 folded before Flop


Poker Hand #TM3009774371: Tournament #128772585, Daily Turbo $10 Hold'em No Limit - Level10(300/600) - 2024/02/26 19:09:07
Table '26' 8-max Seat #2 is the button
Seat 1: 2963597 (8,400 in chips)
Seat 2: e942ce41 (19,035 in chips)
Seat 3: c81f5951 (18,380 in chips)
Seat 4: b8c5de2b (25,581 in chips)
Seat 5: 7adce305 (10,775 in chips)
Seat 6: Hero (5,245 in chips)
Seat 7: 6436cbd6 (27,404 in chips)
Seat 8: 720d21a2 (8,050 in chips)
6436cbd6: posts the ante 75
7adce305: posts the ante 75
Hero: posts the ante 75
c81f5951: posts the ante 75
2963597: posts the ante 75
e942ce41: posts the ante 75
720d21a2: posts the ante 75
b8c5de2b: posts the ante 75
c81f5951: posts small blind 300
b8c5de2b: posts big blind 600
*** HOLE CARDS ***
Dealt to 2963597 
Dealt to e942ce41 
Dealt to c81f5951 
Dealt to b8c5de2b 
Dealt to 7adce305 
Dealt to Hero [Td 7s]
Dealt to 6436cbd6 
Dealt to 720d21a2 
7adce305: folds
Hero: folds
6436cbd6: folds
720d21a2: folds
2963597: raises 7,725 to 8,325 and is all-in
e942ce41: folds
c81f5951: folds
b8c5de2b: folds
Uncalled bet (7,725) returned to 2963597
*** SHOWDOWN ***
2963597 collected 2,100 from pot
*** SUMMARY ***
Total pot 2,100 | Rake 0 | Jackpot 0 | Bingo 0 | Fortune 0 | Tax 0
Seat 1: 2963597 collected (2,100)
Seat 2: e942ce41 (button) folded before Flop
Seat 3: c81f5951 (small blind) folded before Flop
Seat 4: b8c5de2b (big blind) folded before Flop
Seat 5: 7adce305 folded before Flop
Seat 6: Hero folded before Flop
Seat 7: 6436cbd6 folded before Flop
Seat 8: 720d21a2 folded before Flop


Poker Hand #TM3009774354: Tournament #128772585, Daily Turbo $10 Hold'em No Limit - Level10(300/600) - 2024/02/26 19:08:43
Table '26' 8-max Seat #1 is the button
Seat 1: 2963597 (8,475 in chips)
Seat 2: e942ce41 (19,410 in chips)
Seat 3: c81f5951 (19,055 in chips)
Seat 4: b8c5de2b (25,656 in chips)
Seat 5: 7adce305 (10,850 in chips)
Seat 6: Hero (3,820 in chips)
Seat 7: 6436cbd6 (27,479 in chips)
Seat 8: 720d21a2 (8,125 in chips)
6436cbd6: posts the ante 75
7adce305: posts the ante 75
Hero: posts the ante 75
c81f5951: posts the ante 75
2963597: posts the ante 75
720d21a2: posts the ante 75
e942ce41: posts the ante 75
b8c5de2b: posts the ante 75
e942ce41: posts small blind 300
c81f5951: posts big blind 600
*** HOLE CARDS ***
Dealt to 2963597 
Dealt to e942ce41 
Dealt to c81f5951 
Dealt to b8c5de2b 
Dealt to 7adce305 
Dealt to Hero [8h 8c]
Dealt to 6436cbd6 
Dealt to 720d21a2 
b8c5de2b: folds
7adce305: folds
Hero: raises 3,145 to 3,745 and is all-in
6436cbd6: folds
720d21a2: folds
2963597: folds
e942ce41: folds
c81f5951: folds
Uncalled bet (3,145) returned to Hero
*** SHOWDOWN ***
Hero collected 2,100 from pot
*** SUMMARY ***
Total pot 2,100 | Rake 0 | Jackpot 0 | Bingo 0 | Fortune 0 | Tax 0
Seat 1: 2963597 (button) folded before Flop
Seat 2: e942ce41 (small blind) folded before Flop
Seat 3: c81f5951 (big blind) folded before Flop
Seat 4: b8c5de2b folded before Flop
Seat 5: 7adce305 folded before Flop
Seat 6: Hero collected (2,100)
Seat 7: 6436cbd6 folded before Flop
Seat 8: 720d21a2 folded before Flop


Poker Hand #TM3009774272: Tournament #128772585, Daily Turbo $10 Hold'em No Limit - Level10(300/600) - 2024/02/26 19:06:20
Table '26' 8-max Seat #8 is the button
Seat 1: 2963597 (8,850 in chips)
Seat 2: e942ce41 (11,610 in chips)
Seat 3: c81f5951 (19,130 in chips)
Seat 4: b8c5de2b (25,731 in chips)
Seat 5: 7adce305 (10,925 in chips)
Seat 6: Hero (10,870 in chips)
Seat 7: 6436cbd6 (27,554 in chips)
Seat 8: 720d21a2 (8,200 in chips)
6436cbd6: posts the ante 75
7adce305: posts the ante 75
Hero: posts the ante 75
c81f5951: posts the ante 75
2963597: posts the ante 75
720d21a2: posts the ante 75
e942ce41: posts the ante 75
b8c5de2b: posts the ante 75
2963597: posts small blind 300
e942ce41: posts big blind 600
*** HOLE CARDS ***
Dealt to 2963597 
Dealt to e942ce41 
Dealt to c81f5951 
Dealt to b8c5de2b 
Dealt to 7adce305 
Dealt to Hero [Qc Kh]
Dealt to 6436cbd6 
Dealt to 720d21a2 
c81f5951: folds
b8c5de2b: folds
7adce305: folds
Hero: raises 600 to 1,200
6436cbd6: folds
720d21a2: folds
2963597: folds
e942ce41: calls 600
*** FLOP *** [Jh 3c 6h]
e942ce41: checks
Hero: bets 825
e942ce41: calls 825
*** TURN *** [Jh 3c 6h] [Ts]
e942ce41: bets 4,950
Hero: calls 4,950
*** RIVER *** [Jh 3c 6h Ts] [5c]
e942ce41: bets 4,560 and is all-in
Hero: folds
Uncalled bet (4,560) returned to e942ce41
*** SHOWDOWN ***
e942ce41 collected 14,850 from pot
*** SUMMARY ***
Total pot 14,850 | Rake 0 | Jackpot 0 | Bingo 0 | Fortune 0 | Tax 0
Board [Jh 3c 6h Ts 5c]
Seat 1: 2963597 (small blind) folded before Flop
Seat 2: e942ce41 (big blind) won (14,850)
Seat 3: c81f5951 folded before Flop
Seat 4: b8c5de2b folded before Flop
Seat 5: 7adce305 folded before Flop
Seat 6: Hero folded on the River
Seat 7: 6436cbd6 folded before Flop
Seat 8: 720d21a2 (button) folded before Flop


Poker Hand #TM3009774225: Tournament #128772585, Daily Turbo $10 Hold'em No Limit - Level9(250/500) - 2024/02/26 19:05:18
Table '26' 8-max Seat #7 is the button
Seat 1: 2963597 (9,410 in chips)
Seat 2: e942ce41 (11,670 in chips)
Seat 3: c81f5951 (19,190 in chips)
Seat 4: b8c5de2b (25,791 in chips)
Seat 5: 7adce305 (10,985 in chips)
Seat 6: Hero (8,950 in chips)
Seat 7: 6436cbd6 (27,614 in chips)
Seat 8: 720d21a2 (9,260 in chips)
6436cbd6: posts the ante 60
7adce305: posts the ante 60
Hero: posts the ante 60
c81f5951: posts the ante 60
2963597: posts the ante 60
e942ce41: posts the ante 60
720d21a2: posts the ante 60
b8c5de2b: posts the ante 60
720d21a2: posts small blind 250
2963597: posts big blind 500
*** HOLE CARDS ***
Dealt to 2963597 
Dealt to e942ce41 
Dealt to c81f5951 
Dealt to b8c5de2b 
Dealt to 7adce305 
Dealt to Hero [Qd Qh]
Dealt to 6436cbd6 
Dealt to 720d21a2 
e942ce41: folds
c81f5951: folds
b8c5de2b: folds
7adce305: folds
Hero: raises 500 to 1,000
6436cbd6: folds
720d21a2: calls 750
2963597: folds
*** FLOP *** [5h As 2s]
720d21a2: checks
Hero: bets 745
720d21a2: folds
Uncalled bet (745) returned to Hero
*** SHOWDOWN ***
Hero collected 2,980 from pot
*** SUMMARY ***
Total pot 2,980 | Rake 0 | Jackpot 0 | Bingo 0 | Fortune 0 | Tax 0
Board [5h As 2s]
Seat 1: 2963597 (big blind) folded before Flop
Seat 2: e942ce41 folded before Flop
Seat 3: c81f5951 folded before Flop
Seat 4: b8c5de2b folded before Flop
Seat 5: 7adce305 folded before Flop
Seat 6: Hero won (2,980)
Seat 7: 6436cbd6 (button) folded before Flop
Seat 8: 720d21a2 (small blind) folded on the Flop


Poker Hand #TM3009774197: Tournament #128772585, Daily Turbo $10 Hold'em No Limit - Level9(250/500) - 2024/02/26 19:04:26
Table '26' 8-max Seat #6 is the button
Seat 1: 77265be2 (690 in chips)
Seat 2: e942ce41 (11,730 in chips)
Seat 3: c81f5951 (19,250 in chips)
Seat 4: b8c5de2b (23,991 in chips)
Seat 5: 7adce305 (11,045 in chips)
Seat 6: Hero (9,010 in chips)
Seat 7: 6436cbd6 (27,924 in chips)
Seat 8: 720d21a2 (9,820 in chips)
6436cbd6: posts the ante 60
7adce305: posts the ante 60
Hero: posts the ante 60
c81f5951: posts the ante 60
77265be2: posts the ante 60
e942ce41: posts the ante 60
720d21a2: posts the ante 60
b8c5de2b: posts the ante 60
6436cbd6: posts small blind 250
720d21a2: posts big blind 500
*** HOLE CARDS ***
Dealt to 77265be2 
Dealt to e942ce41 
Dealt to c81f5951 
Dealt to b8c5de2b 
Dealt to 7adce305 
Dealt to Hero [Jh Ts]
Dealt to 6436cbd6 
Dealt to 720d21a2 
77265be2: raises 130 to 630 and is all-in
e942ce41: folds
c81f5951: folds
b8c5de2b: raises 500 to 1,130
7adce305: folds
Hero: folds
6436cbd6: folds
720d21a2: folds
Uncalled bet (500) returned to b8c5de2b
b8c5de2b: shows [8d 8s]
77265be2: shows [7c 6s]
*** FLOP *** [9c Th 9d]
*** TURN *** [9c Th 9d] [3s]
*** RIVER *** [9c Th 9d 3s] [7s]
*** SHOWDOWN ***
b8c5de2b collected 2,490 from pot
*** SUMMARY ***
Total pot 2,490 | Rake 0 | Jackpot 0 | Bingo 0 | Fortune 0 | Tax 0
Board [9c Th 9d 3s 7s]
Seat 1: 77265be2 showed [7c 6s] and lost with Pair of Nines and Pair of Sevens
Seat 2: e942ce41 folded before Flop
Seat 3: c81f5951 folded before Flop
Seat 4: b8c5de2b showed [8d 8s] and won (2,490) with Pair of Nines and Pair of Eights
Seat 5: 7adce305 folded before Flop
Seat 6: Hero (button) folded before Flop
Seat 7: 6436cbd6 (small blind) folded before Flop
Seat 8: 720d21a2 (big blind) folded before Flop


Poker Hand #TM3009774157: Tournament #128772585, Daily Turbo $10 Hold'em No Limit - Level9(250/500) - 2024/02/26 19:03:21
Table '26' 8-max Seat #5 is the button
Seat 1: 77265be2 (750 in chips)
Seat 2: e942ce41 (11,790 in chips)
Seat 3: c81f5951 (19,310 in chips)
Seat 4: b8c5de2b (25,051 in chips)
Seat 5: 7adce305 (10,240 in chips)
Seat 6: Hero (9,320 in chips)
Seat 7: 6436cbd6 (27,119 in chips)
Seat 8: 720d21a2 (9,880 in chips)
6436cbd6: posts the ante 60
7adce305: posts the ante 60
Hero: posts the ante 60
c81f5951: posts the ante 60
77265be2: posts the ante 60
e942ce41: posts the ante 60
720d21a2: posts the ante 60
b8c5de2b: posts the ante 60
Hero: posts small blind 250
6436cbd6: posts big blind 500
*** HOLE CARDS ***
Dealt to 77265be2 
Dealt to e942ce41 
Dealt to c81f5951 
Dealt to b8c5de2b 
Dealt to 7adce305 
Dealt to Hero [7d 6c]
Dealt to 6436cbd6 
Dealt to 720d21a2 
720d21a2: folds
77265be2: folds
e942ce41: folds
c81f5951: folds
b8c5de2b: raises 500 to 1,000
7adce305: raises 9,180 to 10,180 and is all-in
Hero: folds
6436cbd6: raises 16,879 to 27,059 and is all-in
b8c5de2b: folds
Uncalled bet (16,879) returned to 6436cbd6
6436cbd6: shows [Ac Qd]
7adce305: shows [As Qc]
*** FLOP *** [9h 7h 4d]
*** TURN *** [9h 7h 4d] [5h]
*** RIVER *** [9h 7h 4d 5h] [9c]
*** SHOWDOWN ***
6436cbd6 collected 11,045 from pot
7adce305 collected 11,045 from pot
*** SUMMARY ***
Total pot 22,090 | Rake 0 | Jackpot 0 | Bingo 0 | Fortune 0 | Tax 0
Board [9h 7h 4d 5h 9c]
Seat 1: 77265be2 folded before Flop
Seat 2: e942ce41 folded before Flop
Seat 3: c81f5951 folded before Flop
Seat 4: b8c5de2b folded before Flop
Seat 5: 7adce305 (button) showed [As Qc] and won (11,045) with Pair of Nines
Seat 6: Hero (small blind) folded before Flop
Seat 7: 6436cbd6 (big blind) showed [Ac Qd] and won (11,045) with Pair of Nines
Seat 8: 720d21a2 folded before Flop


Poker Hand #TM3009774130: Tournament #128772585, Daily Turbo $10 Hold'em No Limit - Level9(250/500) - 2024/02/26 19:02:23
Table '26' 8-max Seat #3 is the button
Seat 1: 77265be2 (9,880 in chips)
Seat 2: e942ce41 (11,850 in chips)
Seat 3: c81f5951 (9,130 in chips)
Seat 5: 7adce305 (10,550 in chips)
Seat 6: Hero (9,880 in chips)
Seat 7: c99f6ff0 (9,880 in chips)
Seat 8: 720d21a2 (9,940 in chips)
7adce305: posts the ante 60
Hero: posts the ante 60
c81f5951: posts the ante 60
77265be2: posts the ante 60
c99f6ff0: posts the ante 60
e942ce41: posts the ante 60
720d21a2: posts the ante 60
7adce305: posts small blind 250
Hero: posts big blind 500
*** HOLE CARDS ***
Dealt to 77265be2 
Dealt to e942ce41 
Dealt to c81f5951 
Dealt to 7adce305 
Dealt to Hero [Qd 7h]
Dealt to c99f6ff0 
Dealt to 720d21a2 
c99f6ff0: folds
720d21a2: folds
77265be2: raises 750 to 1,250
e942ce41: folds
c81f5951: raises 7,820 to 9,070 and is all-in
7adce305: folds
Hero: folds
77265be2: calls 7,820
c81f5951: shows [8c 8d]
77265be2: shows [Td As]
*** FLOP *** [4h Jc 3s]
*** TURN *** [4h Jc 3s] [6s]
*** RIVER *** [4h Jc 3s 6s] [2h]
*** SHOWDOWN ***
c81f5951 collected 19,310 from pot
*** SUMMARY ***
Total pot 19,310 | Rake 0 | Jackpot 0 | Bingo 0 | Fortune 0 | Tax 0
Board [4h Jc 3s 6s 2h]
Seat 1: 77265be2 showed [Td As] and lost with Ace-High
Seat 2: e942ce41 folded before Flop
Seat 3: c81f5951 (button) showed [8c 8d] and won (19,310) with Pair of Eights
Seat 5: 7adce305 (small blind) folded before Flop
Seat 6: Hero (big blind) folded before Flop
Seat 7: c99f6ff0 folded before Flop
Seat 8: 720d21a2 folded before Flop


Poker Hand #TM3009774101: Tournament #128772585, Daily Turbo $10 Hold'em No Limit - Level9(250/500) - 2024/02/26 19:01:51
Table '26' 8-max Seat #2 is the button
Seat 1: 77265be2 (9,940 in chips)
Seat 2: e942ce41 (11,910 in chips)
Seat 3: c81f5951 (9,440 in chips)
Seat 5: 7adce305 (9,940 in chips)
Seat 6: Hero (9,940 in chips)
Seat 7: c99f6ff0 (9,940 in chips)
Seat 8: 720d21a2 (10,000 in chips)
7adce305: posts the ante 60
Hero: posts the ante 60
c81f5951: posts the ante 60
77265be2: posts the ante 60
c99f6ff0: posts the ante 60
e942ce41: posts the ante 60
720d21a2: posts the ante 60
c81f5951: posts small blind 250
7adce305: posts big blind 500
*** HOLE CARDS ***
Dealt to 77265be2 
Dealt to e942ce41 
Dealt to c81f5951 
Dealt to 7adce305 
Dealt to Hero [Ks 2s]
Dealt to c99f6ff0 
Dealt to 720d21a2 
Hero: folds
c99f6ff0: folds
720d21a2: folds
77265be2: folds
e942ce41: folds
c81f5951: folds
Uncalled bet (250) returned to 7adce305
*** SHOWDOWN ***
7adce305 collected 920 from pot
*** SUMMARY ***
Total pot 920 | Rake 0 | Jackpot 0 | Bingo 0 | Fortune 0 | Tax 0
Seat 1: 77265be2 folded before Flop
Seat 2: e942ce41 (button) folded before Flop
Seat 3: c81f5951 (small blind) folded before Flop
Seat 5: 7adce305 (big blind) collected (920)
Seat 6: Hero folded before Flop
Seat 7: c99f6ff0 folded before Flop
Seat 8: 720d21a2 folded before Flop


Poker Hand #TM3009774091: Tournament #128772585, Daily Turbo $10 Hold'em No Limit - Level9(250/500) - 2024/02/26 19:01:14
Table '26' 8-max Seat #1 is the button
Seat 1: 77265be2 (10,000 in chips)
Seat 2: e942ce41 (10,000 in chips)
Seat 3: c81f5951 (10,000 in chips)
Seat 4: f39f77f8 (10,000 in chips)
Seat 5: 7adce305 (10,000 in chips)
Seat 6: Hero (10,000 in chips)
Seat 7: c99f6ff0 (10,000 in chips)
7adce305: posts the ante 60
Hero: posts the ante 60
c81f5951: posts the ante 60
f39f77f8: posts the ante 60
77265be2: posts the ante 60
c99f6ff0: posts the ante 60
e942ce41: posts the ante 60
e942ce41: posts small blind 250
c81f5951: posts big blind 500
*** HOLE CARDS ***
Dealt to 77265be2 
Dealt to e942ce41 
Dealt to c81f5951 
Dealt to f39f77f8 
Dealt to 7adce305 
Dealt to Hero [8h 6s]
Dealt to c99f6ff0 
f39f77f8: raises 550 to 1,050
7adce305: folds
Hero: folds
c99f6ff0: folds
77265be2: folds
e942ce41: raises 8,890 to 9,940 and is all-in
c81f5951: folds
f39f77f8: folds
Uncalled bet (8,890) returned to e942ce41
*** SHOWDOWN ***
e942ce41 collected 3,020 from pot
*** SUMMARY ***
Total pot 3,020 | Rake 0 | Jackpot 0 | Bingo 0 | Fortune 0 | Tax 0
Seat 1: 77265be2 (button) folded before Flop
Seat 2: e942ce41 (small blind) collected (3,020)
Seat 3: c81f5951 (big blind) folded before Flop
Seat 4: f39f77f8 folded before Flop
Seat 5: 7adce305 folded before Flop
Seat 6: Hero folded before Flop
Seat 7: c99f6ff0 folded before Flop


