Poker Hand #TM3010129606: Tournament #128173636, Global MILLION$, $1M GTD [Day 1] Hold'em No Limit - Level10(350/700) - 2024/02/26 17:51:30
Table '1' 8-max Seat #1 is the button
Seat 1: 6e5c4ccb (21,652 in chips)
Seat 2: a0ba95ac (21,656 in chips)
Seat 3: 8662676a (45,838 in chips)
Seat 4: 10ed3076 (33,139 in chips)
Seat 5: 39f41f4f (30,920 in chips)
Seat 6: be78247 (28,775 in chips)
Seat 7: c4d3d767 (9,915 in chips)
Seat 8: Hero (22,509 in chips)
Hero: posts the ante 85
a0ba95ac: posts the ante 85
8662676a: posts the ante 85
be78247: posts the ante 85
10ed3076: posts the ante 85
39f41f4f: posts the ante 85
6e5c4ccb: posts the ante 85
c4d3d767: posts the ante 85
a0ba95ac: posts small blind 350
8662676a: posts big blind 700
*** HOLE CARDS ***
Dealt to 6e5c4ccb 
Dealt to a0ba95ac 
Dealt to 8662676a 
Dealt to 10ed3076 
Dealt to 39f41f4f 
Dealt to be78247 
Dealt to c4d3d767 
Dealt to Hero [Ad Kh]
10ed3076: folds
39f41f4f: folds
be78247: folds
c4d3d767: folds
Hero: raises 700 to 1,400
6e5c4ccb: folds
a0ba95ac: calls 1,050
8662676a: raises 44,353 to 45,753 and is all-in
Hero: calls 21,024 and is all-in
a0ba95ac: folds
Uncalled bet (23,329) returned to 8662676a
8662676a: shows [9h 9d]
Hero: shows [Ad Kh]
*** FLOP *** [6c Ks 8s]
*** TURN *** [6c Ks 8s] [5d]
*** RIVER *** [6c Ks 8s 5d] [9s]
*** SHOWDOWN ***
8662676a collected 46,928 from pot
*** SUMMARY ***
Total pot 46,928 | Rake 0 | Jackpot 0 | Bingo 0 | Fortune 0 | Tax 0
Board [6c Ks 8s 5d 9s]
Seat 1: 6e5c4ccb (button) folded before Flop
Seat 2: a0ba95ac (small blind) folded before Flop
Seat 3: 8662676a (big blind) showed [9h 9d] and won (46,928) with Three Nines
Seat 4: 10ed3076 folded before Flop
Seat 5: 39f41f4f folded before Flop
Seat 6: be78247 folded before Flop
Seat 7: c4d3d767 folded before Flop
Seat 8: Hero showed [Ad Kh] and lost with Pair of Kings


Poker Hand #TM3010129595: Tournament #128173636, Global MILLION$, $1M GTD [Day 1] Hold'em No Limit - Level10(350/700) - 2024/02/26 17:50:28
Table '1' 8-max Seat #8 is the button
Seat 1: 6e5c4ccb (22,087 in chips)
Seat 2: a0ba95ac (22,441 in chips)
Seat 3: 8662676a (45,923 in chips)
Seat 4: 10ed3076 (33,224 in chips)
Seat 5: 39f41f4f (31,005 in chips)
Seat 6: be78247 (33,046 in chips)
Seat 7: c4d3d767 (10,000 in chips)
Seat 8: Hero (16,678 in chips)
Hero: posts the ante 85
a0ba95ac: posts the ante 85
8662676a: posts the ante 85
be78247: posts the ante 85
10ed3076: posts the ante 85
39f41f4f: posts the ante 85
c4d3d767: posts the ante 85
6e5c4ccb: posts the ante 85
6e5c4ccb: posts small blind 350
a0ba95ac: posts big blind 700
*** HOLE CARDS ***
Dealt to 6e5c4ccb 
Dealt to a0ba95ac 
Dealt to 8662676a 
Dealt to 10ed3076 
Dealt to 39f41f4f 
Dealt to be78247 
Dealt to c4d3d767 
Dealt to Hero [9c 9s]
8662676a: folds
10ed3076: folds
39f41f4f: folds
be78247: raises 840 to 1,540
c4d3d767: folds
Hero: raises 2,646 to 4,186
6e5c4ccb: folds
a0ba95ac: folds
be78247: calls 2,646
*** FLOP *** [6h 4d 6d]
be78247: checks
Hero: bets 2,526
be78247: folds
Uncalled bet (2,526) returned to Hero
*** SHOWDOWN ***
Hero collected 10,102 from pot
*** SUMMARY ***
Total pot 10,102 | Rake 0 | Jackpot 0 | Bingo 0 | Fortune 0 | Tax 0
Board [6h 4d 6d]
Seat 1: 6e5c4ccb (small blind) folded before Flop
Seat 2: a0ba95ac (big blind) folded before Flop
Seat 3: 8662676a folded before Flop
Seat 4: 10ed3076 folded before Flop
Seat 5: 39f41f4f folded before Flop
Seat 6: be78247 folded on the Flop
Seat 7: c4d3d767 folded before Flop
Seat 8: Hero (button) won (10,102)


Poker Hand #TM3010129588: Tournament #128173636, Global MILLION$, $1M GTD [Day 1] Hold'em No Limit - Level10(350/700) - 2024/02/26 17:49:59
Table '1' 8-max Seat #6 is the button
Seat 1: 6e5c4ccb (22,872 in chips)
Seat 2: a0ba95ac (22,526 in chips)
Seat 3: 8662676a (46,008 in chips)
Seat 4: 10ed3076 (33,309 in chips)
Seat 5: 39f41f4f (29,445 in chips)
Seat 6: be78247 (33,131 in chips)
Seat 8: Hero (17,113 in chips)
Hero: posts the ante 85
a0ba95ac: posts the ante 85
8662676a: posts the ante 85
be78247: posts the ante 85
10ed3076: posts the ante 85
39f41f4f: posts the ante 85
6e5c4ccb: posts the ante 85
Hero: posts small blind 350
6e5c4ccb: posts big blind 700
*** HOLE CARDS ***
Dealt to 6e5c4ccb 
Dealt to a0ba95ac 
Dealt to 8662676a 
Dealt to 10ed3076 
Dealt to 39f41f4f 
Dealt to be78247 
Dealt to Hero [8c 2h]
a0ba95ac: folds
8662676a: folds
10ed3076: folds
39f41f4f: raises 770 to 1,470
be78247: folds
Hero: folds
6e5c4ccb: folds
Uncalled bet (770) returned to 39f41f4f
*** SHOWDOWN ***
39f41f4f collected 2,345 from pot
*** SUMMARY ***
Total pot 2,345 | Rake 0 | Jackpot 0 | Bingo 0 | Fortune 0 | Tax 0
Seat 1: 6e5c4ccb (big blind) folded before Flop
Seat 2: a0ba95ac folded before Flop
Seat 3: 8662676a folded before Flop
Seat 4: 10ed3076 folded before Flop
Seat 5: 39f41f4f collected (2,345)
Seat 6: be78247 (button) folded before Flop
Seat 8: Hero (small blind) folded before Flop


Poker Hand #TM3010129583: Tournament #128173636, Global MILLION$, $1M GTD [Day 1] Hold'em No Limit - Level10(350/700) - 2024/02/26 17:49:39
Table '1' 8-max Seat #5 is the button
Seat 1: 6e5c4ccb (22,957 in chips)
Seat 2: a0ba95ac (22,611 in chips)
Seat 3: 8662676a (44,448 in chips)
Seat 4: 10ed3076 (33,394 in chips)
Seat 5: 39f41f4f (29,530 in chips)
Seat 6: be78247 (33,566 in chips)
Seat 8: Hero (17,898 in chips)
Hero: posts the ante 85
a0ba95ac: posts the ante 85
8662676a: posts the ante 85
be78247: posts the ante 85
10ed3076: posts the ante 85
39f41f4f: posts the ante 85
6e5c4ccb: posts the ante 85
be78247: posts small blind 350
Hero: posts big blind 700
*** HOLE CARDS ***
Dealt to 6e5c4ccb 
Dealt to a0ba95ac 
Dealt to 8662676a 
Dealt to 10ed3076 
Dealt to 39f41f4f 
Dealt to be78247 
Dealt to Hero [6s 2c]
6e5c4ccb: folds
a0ba95ac: folds
8662676a: raises 1,400 to 2,100
10ed3076: folds
39f41f4f: folds
be78247: folds
Hero: folds
Uncalled bet (1,400) returned to 8662676a
*** SHOWDOWN ***
8662676a collected 2,345 from pot
*** SUMMARY ***
Total pot 2,345 | Rake 0 | Jackpot 0 | Bingo 0 | Fortune 0 | Tax 0
Seat 1: 6e5c4ccb folded before Flop
Seat 2: a0ba95ac folded before Flop
Seat 3: 8662676a collected (2,345)
Seat 4: 10ed3076 folded before Flop
Seat 5: 39f41f4f (button) folded before Flop
Seat 6: be78247 (small blind) folded before Flop
Seat 8: Hero (big blind) folded before Flop


Poker Hand #TM3010129574: Tournament #128173636, Global MILLION$, $1M GTD [Day 1] Hold'em No Limit - Level10(350/700) - 2024/02/26 17:48:49
Table '1' 8-max Seat #4 is the button
Seat 1: 6e5c4ccb (23,042 in chips)
Seat 3: 8662676a (44,533 in chips)
Seat 4: 10ed3076 (49,832 in chips)
Seat 5: 39f41f4f (29,965 in chips)
Seat 6: be78247 (16,438 in chips)
Seat 8: Hero (17,983 in chips)
Hero: posts the ante 85
8662676a: posts the ante 85
be78247: posts the ante 85
10ed3076: posts the ante 85
39f41f4f: posts the ante 85
6e5c4ccb: posts the ante 85
39f41f4f: posts small blind 350
be78247: posts big blind 700
*** HOLE CARDS ***
Dealt to 6e5c4ccb 
Dealt to 8662676a 
Dealt to 10ed3076 
Dealt to 39f41f4f 
Dealt to be78247 
Dealt to Hero [7s 3c]
Hero: folds
6e5c4ccb: folds
8662676a: folds
10ed3076: raises 1,400 to 2,100
39f41f4f: folds
be78247: raises 14,253 to 16,353 and is all-in
10ed3076: calls 14,253
be78247: shows [8h As]
10ed3076: shows [Ah Kd]
*** FLOP *** [6d Tc Ts]
*** TURN *** [6d Tc Ts] [3h]
*** RIVER *** [6d Tc Ts 3h] [8c]
*** SHOWDOWN ***
be78247 collected 33,566 from pot
*** SUMMARY ***
Total pot 33,566 | Rake 0 | Jackpot 0 | Bingo 0 | Fortune 0 | Tax 0
Board [6d Tc Ts 3h 8c]
Seat 1: 6e5c4ccb folded before Flop
Seat 3: 8662676a folded before Flop
Seat 4: 10ed3076 (button) showed [Ah Kd] and lost with Pair of Tens
Seat 5: 39f41f4f (small blind) folded before Flop
Seat 6: be78247 (big blind) showed [8h As] and won (33,566) with Pair of Tens and Pair of Eights
Seat 8: Hero folded before Flop


Poker Hand #TM3010129564: Tournament #128173636, Global MILLION$, $1M GTD [Day 1] Hold'em No Limit - Level10(350/700) - 2024/02/26 17:47:57
Table '1' 8-max Seat #3 is the button
Seat 1: 6e5c4ccb (23,127 in chips)
Seat 3: 8662676a (44,618 in chips)
Seat 4: 10ed3076 (50,267 in chips)
Seat 5: 39f41f4f (17,360 in chips)
Seat 6: be78247 (16,523 in chips)
Seat 7: ad24418e (11,830 in chips)
Seat 8: Hero (18,068 in chips)
Hero: posts the ante 85
8662676a: posts the ante 85
be78247: posts the ante 85
10ed3076: posts the ante 85
ad24418e: posts the ante 85
39f41f4f: posts the ante 85
6e5c4ccb: posts the ante 85
10ed3076: posts small blind 350
39f41f4f: posts big blind 700
*** HOLE CARDS ***
Dealt to 6e5c4ccb 
Dealt to 8662676a 
Dealt to 10ed3076 
Dealt to 39f41f4f 
Dealt to be78247 
Dealt to ad24418e 
Dealt to Hero [Qc 4s]
be78247: folds
ad24418e: raises 700 to 1,400
Hero: folds
6e5c4ccb: folds
8662676a: folds
10ed3076: folds
39f41f4f: calls 700
*** FLOP *** [2h 8d 3s]
39f41f4f: checks
ad24418e: bets 937
39f41f4f: raises 14,938 to 15,875 and is all-in
ad24418e: calls 9,408 and is all-in
Uncalled bet (5,530) returned to 39f41f4f
39f41f4f: shows [8s Qh] (Pair of Eights)
ad24418e: shows [8h Jh] (Pair of Eights)
*** TURN *** [2h 8d 3s] [3h]
*** RIVER *** [2h 8d 3s 3h] [5d]
*** SHOWDOWN ***
39f41f4f collected 24,435 from pot
*** SUMMARY ***
Total pot 24,435 | Rake 0 | Jackpot 0 | Bingo 0 | Fortune 0 | Tax 0
Board [2h 8d 3s 3h 5d]
Seat 1: 6e5c4ccb folded before Flop
Seat 3: 8662676a (button) folded before Flop
Seat 4: 10ed3076 (small blind) folded before Flop
Seat 5: 39f41f4f (big blind) showed [8s Qh] and won (24,435) with Pair of Eights and Pair of Treys
Seat 6: be78247 folded before Flop
Seat 7: ad24418e showed [8h Jh] and lost with Pair of Eights and Pair of Treys
Seat 8: Hero folded before Flop


Poker Hand #TM3010129550: Tournament #128173636, Global MILLION$, $1M GTD [Day 1] Hold'em No Limit - Level9(300/600) - 2024/02/26 17:46:46
Table '1' 8-max Seat #1 is the button
Seat 1: 6e5c4ccb (23,202 in chips)
Seat 3: 8662676a (40,116 in chips)
Seat 4: 10ed3076 (54,394 in chips)
Seat 5: 39f41f4f (17,435 in chips)
Seat 6: be78247 (16,598 in chips)
Seat 7: ad24418e (11,905 in chips)
Seat 8: Hero (18,143 in chips)
Hero: posts the ante 75
8662676a: posts the ante 75
be78247: posts the ante 75
10ed3076: posts the ante 75
ad24418e: posts the ante 75
39f41f4f: posts the ante 75
6e5c4ccb: posts the ante 75
8662676a: posts small blind 300
10ed3076: posts big blind 600
*** HOLE CARDS ***
Dealt to 6e5c4ccb 
Dealt to 8662676a 
Dealt to 10ed3076 
Dealt to 39f41f4f 
Dealt to be78247 
Dealt to ad24418e 
Dealt to Hero [4h 5d]
39f41f4f: folds
be78247: folds
ad24418e: folds
Hero: folds
6e5c4ccb: folds
8662676a: calls 300
10ed3076: checks
*** FLOP *** [4d Qs 8s]
8662676a: checks
10ed3076: checks
*** TURN *** [4d Qs 8s] [8c]
8662676a: bets 863
10ed3076: calls 863
*** RIVER *** [4d Qs 8s 8c] [3d]
8662676a: bets 2,589
10ed3076: calls 2,589
8662676a: shows [Jc As] (Pair of Eights)
10ed3076: shows [Ad Td] (Pair of Eights)
*** SHOWDOWN ***
8662676a collected 8,629 from pot
*** SUMMARY ***
Total pot 8,629 | Rake 0 | Jackpot 0 | Bingo 0 | Fortune 0 | Tax 0
Board [4d Qs 8s 8c 3d]
Seat 1: 6e5c4ccb (button) folded before Flop
Seat 3: 8662676a (small blind) showed [Jc As] and won (8,629) with Pair of Eights
Seat 4: 10ed3076 (big blind) showed [Ad Td] and lost with Pair of Eights
Seat 5: 39f41f4f folded before Flop
Seat 6: be78247 folded before Flop
Seat 7: ad24418e folded before Flop
Seat 8: Hero folded before Flop


Poker Hand #TM3010129537: Tournament #128173636, Global MILLION$, $1M GTD [Day 1] Hold'em No Limit - Level9(300/600) - 2024/02/26 17:45:43
Table '1' 8-max Seat #8 is the button
Seat 1: 6e5c4ccb (23,577 in chips)
Seat 2: 72f97d44 (1,620 in chips)
Seat 3: 8662676a (40,191 in chips)
Seat 4: 10ed3076 (54,469 in chips)
Seat 5: 39f41f4f (17,510 in chips)
Seat 6: be78247 (16,673 in chips)
Seat 7: ad24418e (9,535 in chips)
Seat 8: Hero (18,218 in chips)
Hero: posts the ante 75
8662676a: posts the ante 75
be78247: posts the ante 75
10ed3076: posts the ante 75
ad24418e: posts the ante 75
39f41f4f: posts the ante 75
72f97d44: posts the ante 75
6e5c4ccb: posts the ante 75
6e5c4ccb: posts small blind 300
72f97d44: posts big blind 600
*** HOLE CARDS ***
Dealt to 6e5c4ccb 
Dealt to 72f97d44 
Dealt to 8662676a 
Dealt to 10ed3076 
Dealt to 39f41f4f 
Dealt to be78247 
Dealt to ad24418e 
Dealt to Hero [2c Tc]
8662676a: folds
10ed3076: folds
39f41f4f: folds
be78247: folds
ad24418e: raises 600 to 1,200
Hero: folds
6e5c4ccb: folds
72f97d44: raises 345 to 1,545 and is all-in
ad24418e: calls 345
72f97d44: shows [Ah 8c]
ad24418e: shows [9h 9s]
*** FLOP *** [9d 5s 4s]
*** TURN *** [9d 5s 4s] [Qd]
*** RIVER *** [9d 5s 4s Qd] [Js]
*** SHOWDOWN ***
ad24418e collected 3,990 from pot
*** SUMMARY ***
Total pot 3,990 | Rake 0 | Jackpot 0 | Bingo 0 | Fortune 0 | Tax 0
Board [9d 5s 4s Qd Js]
Seat 1: 6e5c4ccb (small blind) folded before Flop
Seat 2: 72f97d44 (big blind) showed [Ah 8c] and lost with Ace-High
Seat 3: 8662676a folded before Flop
Seat 4: 10ed3076 folded before Flop
Seat 5: 39f41f4f folded before Flop
Seat 6: be78247 folded before Flop
Seat 7: ad24418e showed [9h 9s] and won (3,990) with Three Nines
Seat 8: Hero (button) folded before Flop


Poker Hand #TM3010129530: Tournament #128173636, Global MILLION$, $1M GTD [Day 1] Hold'em No Limit - Level9(300/600) - 2024/02/26 17:44:52
Table '1' 8-max Seat #7 is the button
Seat 1: 6e5c4ccb (24,252 in chips)
Seat 2: 72f97d44 (9,700 in chips)
Seat 3: 8662676a (40,266 in chips)
Seat 4: 10ed3076 (54,544 in chips)
Seat 5: 39f41f4f (8,080 in chips)
Seat 6: be78247 (16,748 in chips)
Seat 7: ad24418e (9,610 in chips)
Seat 8: Hero (18,593 in chips)
Hero: posts the ante 75
8662676a: posts the ante 75
be78247: posts the ante 75
10ed3076: posts the ante 75
ad24418e: posts the ante 75
39f41f4f: posts the ante 75
72f97d44: posts the ante 75
6e5c4ccb: posts the ante 75
Hero: posts small blind 300
6e5c4ccb: posts big blind 600
*** HOLE CARDS ***
Dealt to 6e5c4ccb 
Dealt to 72f97d44 
Dealt to 8662676a 
Dealt to 10ed3076 
Dealt to 39f41f4f 
Dealt to be78247 
Dealt to ad24418e 
Dealt to Hero [Kd 9c]
72f97d44: raises 600 to 1,200
8662676a: folds
10ed3076: folds
39f41f4f: raises 6,805 to 8,005 and is all-in
be78247: folds
ad24418e: folds
Hero: folds
6e5c4ccb: folds
72f97d44: calls 6,805
39f41f4f: shows [Jh Ac]
72f97d44: shows [Qs Ks]
*** FLOP *** [7d Tc Jc]
*** TURN *** [7d Tc Jc] [5d]
*** RIVER *** [7d Tc Jc 5d] [5c]
*** SHOWDOWN ***
39f41f4f collected 17,510 from pot
*** SUMMARY ***
Total pot 17,510 | Rake 0 | Jackpot 0 | Bingo 0 | Fortune 0 | Tax 0
Board [7d Tc Jc 5d 5c]
Seat 1: 6e5c4ccb (big blind) folded before Flop
Seat 2: 72f97d44 showed [Qs Ks] and lost with Pair of Fives
Seat 3: 8662676a folded before Flop
Seat 4: 10ed3076 folded before Flop
Seat 5: 39f41f4f showed [Jh Ac] and won (17,510) with Pair of Jacks and Pair of Fives
Seat 6: be78247 folded before Flop
Seat 7: ad24418e (button) folded before Flop
Seat 8: Hero (small blind) folded before Flop


Poker Hand #TM3010129525: Tournament #128173636, Global MILLION$, $1M GTD [Day 1] Hold'em No Limit - Level9(300/600) - 2024/02/26 17:44:37
Table '1' 8-max Seat #6 is the button
Seat 1: 6e5c4ccb (24,327 in chips)
Seat 2: 72f97d44 (9,775 in chips)
Seat 3: 8662676a (40,341 in chips)
Seat 4: 10ed3076 (54,619 in chips)
Seat 5: 39f41f4f (8,155 in chips)
Seat 6: be78247 (16,823 in chips)
Seat 7: ad24418e (9,985 in chips)
Seat 8: Hero (17,768 in chips)
Hero: posts the ante 75
8662676a: posts the ante 75
be78247: posts the ante 75
10ed3076: posts the ante 75
ad24418e: posts the ante 75
39f41f4f: posts the ante 75
72f97d44: posts the ante 75
6e5c4ccb: posts the ante 75
ad24418e: posts small blind 300
Hero: posts big blind 600
*** HOLE CARDS ***
Dealt to 6e5c4ccb 
Dealt to 72f97d44 
Dealt to 8662676a 
Dealt to 10ed3076 
Dealt to 39f41f4f 
Dealt to be78247 
Dealt to ad24418e 
Dealt to Hero [Qs 9d]
6e5c4ccb: folds
72f97d44: folds
8662676a: folds
10ed3076: folds
39f41f4f: folds
be78247: folds
ad24418e: folds
Uncalled bet (300) returned to Hero
*** SHOWDOWN ***
Hero collected 1,200 from pot
*** SUMMARY ***
Total pot 1,200 | Rake 0 | Jackpot 0 | Bingo 0 | Fortune 0 | Tax 0
Seat 1: 6e5c4ccb folded before Flop
Seat 2: 72f97d44 folded before Flop
Seat 3: 8662676a folded before Flop
Seat 4: 10ed3076 folded before Flop
Seat 5: 39f41f4f folded before Flop
Seat 6: be78247 (button) folded before Flop
Seat 7: ad24418e (small blind) folded before Flop
Seat 8: Hero (big blind) collected (1,200)


Poker Hand #TM3010129514: Tournament #128173636, Global MILLION$, $1M GTD [Day 1] Hold'em No Limit - Level9(300/600) - 2024/02/26 17:43:36
Table '1' 8-max Seat #5 is the button
Seat 1: 6e5c4ccb (24,402 in chips)
Seat 2: 72f97d44 (9,850 in chips)
Seat 3: 8662676a (30,328 in chips)
Seat 4: 10ed3076 (63,282 in chips)
Seat 5: 39f41f4f (8,230 in chips)
Seat 6: be78247 (17,198 in chips)
Seat 7: ad24418e (10,660 in chips)
Seat 8: Hero (17,843 in chips)
Hero: posts the ante 75
8662676a: posts the ante 75
be78247: posts the ante 75
10ed3076: posts the ante 75
ad24418e: posts the ante 75
39f41f4f: posts the ante 75
72f97d44: posts the ante 75
6e5c4ccb: posts the ante 75
be78247: posts small blind 300
ad24418e: posts big blind 600
*** HOLE CARDS ***
Dealt to 6e5c4ccb 
Dealt to 72f97d44 
Dealt to 8662676a 
Dealt to 10ed3076 
Dealt to 39f41f4f 
Dealt to be78247 
Dealt to ad24418e 
Dealt to Hero [5d 8h]
Hero: folds
6e5c4ccb: folds
72f97d44: folds
8662676a: raises 900 to 1,500
10ed3076: raises 3,375 to 4,875
39f41f4f: folds
be78247: folds
ad24418e: folds
8662676a: calls 3,375
*** FLOP *** [3h 4d As]
8662676a: checks
10ed3076: bets 3,713
8662676a: calls 3,713
*** TURN *** [3h 4d As] [4h]
8662676a: checks
10ed3076: checks
*** RIVER *** [3h 4d As 4h] [Tc]
8662676a: checks
10ed3076: checks
8662676a: shows [Ah Qs] (Pair of Aces and Pair of Fours)
10ed3076: shows [Qd Qh] (Pair of Queens and Pair of Fours)
*** SHOWDOWN ***
8662676a collected 18,676 from pot
*** SUMMARY ***
Total pot 18,676 | Rake 0 | Jackpot 0 | Bingo 0 | Fortune 0 | Tax 0
Board [3h 4d As 4h Tc]
Seat 1: 6e5c4ccb folded before Flop
Seat 2: 72f97d44 folded before Flop
Seat 3: 8662676a showed [Ah Qs] and won (18,676) with Pair of Aces and Pair of Fours
Seat 4: 10ed3076 showed [Qd Qh] and lost with Pair of Queens and Pair of Fours
Seat 5: 39f41f4f (button) folded before Flop
Seat 6: be78247 (small blind) folded before Flop
Seat 7: ad24418e (big blind) folded before Flop
Seat 8: Hero folded before Flop


Poker Hand #TM3010129502: Tournament #128173636, Global MILLION$, $1M GTD [Day 1] Hold'em No Limit - Level9(300/600) - 2024/02/26 17:42:11
Table '1' 8-max Seat #4 is the button
Seat 1: 6e5c4ccb (24,477 in chips)
Seat 2: 72f97d44 (9,925 in chips)
Seat 3: 8662676a (30,403 in chips)
Seat 4: 10ed3076 (52,573 in chips)
Seat 5: 39f41f4f (8,605 in chips)
Seat 6: be78247 (27,157 in chips)
Seat 7: ad24418e (10,735 in chips)
Seat 8: Hero (17,918 in chips)
Hero: posts the ante 75
8662676a: posts the ante 75
be78247: posts the ante 75
10ed3076: posts the ante 75
ad24418e: posts the ante 75
72f97d44: posts the ante 75
39f41f4f: posts the ante 75
6e5c4ccb: posts the ante 75
39f41f4f: posts small blind 300
be78247: posts big blind 600
*** HOLE CARDS ***
Dealt to 6e5c4ccb 
Dealt to 72f97d44 
Dealt to 8662676a 
Dealt to 10ed3076 
Dealt to 39f41f4f 
Dealt to be78247 
Dealt to ad24418e 
Dealt to Hero [9h 3s]
ad24418e: folds
Hero: folds
6e5c4ccb: folds
72f97d44: folds
8662676a: folds
10ed3076: raises 1,200 to 1,800
39f41f4f: folds
be78247: raises 3,975 to 5,775
10ed3076: calls 3,975
*** FLOP *** [9s 4s Ac]
be78247: bets 4,109
10ed3076: raises 6,821 to 10,930
be78247: folds
Uncalled bet (6,821) returned to 10ed3076
*** SHOWDOWN ***
10ed3076 collected 20,668 from pot
*** SUMMARY ***
Total pot 20,668 | Rake 0 | Jackpot 0 | Bingo 0 | Fortune 0 | Tax 0
Board [9s 4s Ac]
Seat 1: 6e5c4ccb folded before Flop
Seat 2: 72f97d44 folded before Flop
Seat 3: 8662676a folded before Flop
Seat 4: 10ed3076 (button) won (20,668)
Seat 5: 39f41f4f (small blind) folded before Flop
Seat 6: be78247 (big blind) folded on the Flop
Seat 7: ad24418e folded before Flop
Seat 8: Hero folded before Flop


Poker Hand #TM3010129489: Tournament #128173636, Global MILLION$, $1M GTD [Day 1] Hold'em No Limit - Level9(300/600) - 2024/02/26 17:41:02
Table '1' 8-max Seat #3 is the button
Seat 1: 6e5c4ccb (24,552 in chips)
Seat 2: 72f97d44 (10,000 in chips)
Seat 3: 8662676a (30,478 in chips)
Seat 4: 10ed3076 (52,948 in chips)
Seat 5: 39f41f4f (9,880 in chips)
Seat 6: be78247 (25,132 in chips)
Seat 7: ad24418e (10,810 in chips)
Seat 8: Hero (17,993 in chips)
Hero: posts the ante 75
8662676a: posts the ante 75
be78247: posts the ante 75
10ed3076: posts the ante 75
ad24418e: posts the ante 75
72f97d44: posts the ante 75
39f41f4f: posts the ante 75
6e5c4ccb: posts the ante 75
10ed3076: posts small blind 300
39f41f4f: posts big blind 600
*** HOLE CARDS ***
Dealt to 6e5c4ccb 
Dealt to 72f97d44 
Dealt to 8662676a 
Dealt to 10ed3076 
Dealt to 39f41f4f 
Dealt to be78247 
Dealt to ad24418e 
Dealt to Hero [9s Kd]
be78247: raises 600 to 1,200
ad24418e: folds
Hero: folds
6e5c4ccb: folds
72f97d44: folds
8662676a: folds
10ed3076: folds
39f41f4f: calls 600
*** FLOP *** [2d 5s 7s]
39f41f4f: checks
be78247: bets 23,857 and is all-in
39f41f4f: folds
Uncalled bet (23,857) returned to be78247
*** SHOWDOWN ***
be78247 collected 3,300 from pot
*** SUMMARY ***
Total pot 3,300 | Rake 0 | Jackpot 0 | Bingo 0 | Fortune 0 | Tax 0
Board [2d 5s 7s]
Seat 1: 6e5c4ccb folded before Flop
Seat 2: 72f97d44 folded before Flop
Seat 3: 8662676a (button) folded before Flop
Seat 4: 10ed3076 (small blind) folded before Flop
Seat 5: 39f41f4f (big blind) folded on the Flop
Seat 6: be78247 won (3,300)
Seat 7: ad24418e folded before Flop
Seat 8: Hero folded before Flop


Poker Hand #TM3010129471: Tournament #128173636, Global MILLION$, $1M GTD [Day 1] Hold'em No Limit - Level8(250/500) - 2024/02/26 17:39:34
Table '1' 8-max Seat #8 is the button
Seat 3: 8662676a (30,788 in chips)
Seat 4: 10ed3076 (54,661 in chips)
Seat 5: 39f41f4f (9,940 in chips)
Seat 6: be78247 (25,192 in chips)
Seat 7: ad24418e (10,870 in chips)
Seat 8: Hero (15,790 in chips)
Hero: posts the ante 60
8662676a: posts the ante 60
be78247: posts the ante 60
10ed3076: posts the ante 60
ad24418e: posts the ante 60
39f41f4f: posts the ante 60
8662676a: posts small blind 250
10ed3076: posts big blind 500
*** HOLE CARDS ***
Dealt to 8662676a 
Dealt to 10ed3076 
Dealt to 39f41f4f 
Dealt to be78247 
Dealt to ad24418e 
Dealt to Hero [6d Ad]
39f41f4f: folds
be78247: folds
ad24418e: folds
Hero: raises 500 to 1,000
8662676a: folds
10ed3076: calls 500
*** FLOP *** [Qs 3s 2d]
10ed3076: checks
Hero: bets 653
10ed3076: calls 653
*** TURN *** [Qs 3s 2d] [Qh]
10ed3076: checks
Hero: checks
*** RIVER *** [Qs 3s 2d Qh] [Ks]
10ed3076: checks
Hero: checks
10ed3076: shows [4h 9d] (Pair of Queens)
Hero: shows [6d Ad] (Pair of Queens)
*** SHOWDOWN ***
Hero collected 3,916 from pot
*** SUMMARY ***
Total pot 3,916 | Rake 0 | Jackpot 0 | Bingo 0 | Fortune 0 | Tax 0
Board [Qs 3s 2d Qh Ks]
Seat 3: 8662676a (small blind) folded before Flop
Seat 4: 10ed3076 (big blind) showed [4h 9d] and lost with Pair of Queens
Seat 5: 39f41f4f folded before Flop
Seat 6: be78247 folded before Flop
Seat 7: ad24418e folded before Flop
Seat 8: Hero (button) showed [6d Ad] and won (3,916) with Pair of Queens


Poker Hand #TM3010129461: Tournament #128173636, Global MILLION$, $1M GTD [Day 1] Hold'em No Limit - Level8(250/500) - 2024/02/26 17:38:36
Table '1' 8-max Seat #7 is the button
Seat 2: 65f49a72 (5,860 in chips)
Seat 3: 8662676a (23,628 in chips)
Seat 4: 10ed3076 (54,721 in chips)
Seat 5: 39f41f4f (10,000 in chips)
Seat 6: be78247 (25,252 in chips)
Seat 7: ad24418e (10,930 in chips)
Seat 8: Hero (16,850 in chips)
Hero: posts the ante 60
8662676a: posts the ante 60
be78247: posts the ante 60
10ed3076: posts the ante 60
ad24418e: posts the ante 60
39f41f4f: posts the ante 60
65f49a72: posts the ante 60
Hero: posts small blind 250
65f49a72: posts big blind 500
*** HOLE CARDS ***
Dealt to 65f49a72 
Dealt to 8662676a 
Dealt to 10ed3076 
Dealt to 39f41f4f 
Dealt to be78247 
Dealt to ad24418e 
Dealt to Hero [Ah 5h]
8662676a: raises 500 to 1,000
10ed3076: folds
39f41f4f: folds
be78247: folds
ad24418e: folds
Hero: calls 750
65f49a72: raises 4,800 to 5,800 and is all-in
8662676a: raises 17,768 to 23,568 and is all-in
Hero: folds
Uncalled bet (17,768) returned to 8662676a
8662676a: shows [Kc As]
65f49a72: shows [8s 8c]
*** FLOP *** [2c Ks Qh]
*** TURN *** [2c Ks Qh] [2h]
*** RIVER *** [2c Ks Qh 2h] [3d]
*** SHOWDOWN ***
8662676a collected 13,020 from pot
*** SUMMARY ***
Total pot 13,020 | Rake 0 | Jackpot 0 | Bingo 0 | Fortune 0 | Tax 0
Board [2c Ks Qh 2h 3d]
Seat 2: 65f49a72 (big blind) showed [8s 8c] and lost with Pair of Eights and Pair of Twos
Seat 3: 8662676a showed [Kc As] and won (13,020) with Pair of Kings and Pair of Twos
Seat 4: 10ed3076 folded before Flop
Seat 5: 39f41f4f folded before Flop
Seat 6: be78247 folded before Flop
Seat 7: ad24418e (button) folded before Flop
Seat 8: Hero (small blind) folded before Flop


Poker Hand #TM3010129445: Tournament #128173636, Global MILLION$, $1M GTD [Day 1] Hold'em No Limit - Level8(250/500) - 2024/02/26 17:37:28
Table '1' 8-max Seat #6 is the button
Seat 1: 6cee6316 (2,828 in chips)
Seat 2: 65f49a72 (5,920 in chips)
Seat 3: 8662676a (23,688 in chips)
Seat 4: 10ed3076 (50,843 in chips)
Seat 6: be78247 (25,312 in chips)
Seat 7: ad24418e (11,240 in chips)
Seat 8: Hero (17,410 in chips)
Hero: posts the ante 60
8662676a: posts the ante 60
be78247: posts the ante 60
10ed3076: posts the ante 60
ad24418e: posts the ante 60
65f49a72: posts the ante 60
6cee6316: posts the ante 60
ad24418e: posts small blind 250
Hero: posts big blind 500
*** HOLE CARDS ***
Dealt to 6cee6316 
Dealt to 65f49a72 
Dealt to 8662676a 
Dealt to 10ed3076 
Dealt to be78247 
Dealt to ad24418e 
Dealt to Hero [Ad 8d]
6cee6316: raises 1,670 to 2,170
65f49a72: folds
8662676a: folds
10ed3076: raises 1,819 to 3,989
be78247: folds
ad24418e: folds
Hero: folds
6cee6316: calls 598 and is all-in
Uncalled bet (1,221) returned to 10ed3076
10ed3076: shows [As 8s]
6cee6316: shows [Kc 9h]
*** FLOP *** [4d Jc 2s]
*** TURN *** [4d Jc 2s] [Qc]
*** RIVER *** [4d Jc 2s Qc] [8h]
*** SHOWDOWN ***
10ed3076 collected 6,706 from pot
*** SUMMARY ***
Total pot 6,706 | Rake 0 | Jackpot 0 | Bingo 0 | Fortune 0 | Tax 0
Board [4d Jc 2s Qc 8h]
Seat 1: 6cee6316 showed [Kc 9h] and lost with King-High
Seat 2: 65f49a72 folded before Flop
Seat 3: 8662676a folded before Flop
Seat 4: 10ed3076 showed [As 8s] and won (6,706) with Pair of Eights
Seat 6: be78247 (button) folded before Flop
Seat 7: ad24418e (small blind) folded before Flop
Seat 8: Hero (big blind) folded before Flop


Poker Hand #TM3010129436: Tournament #128173636, Global MILLION$, $1M GTD [Day 1] Hold'em No Limit - Level8(250/500) - 2024/02/26 17:36:57
Table '1' 8-max Seat #4 is the button
Seat 1: 6cee6316 (2,888 in chips)
Seat 2: 65f49a72 (4,810 in chips)
Seat 3: 8662676a (23,748 in chips)
Seat 4: 10ed3076 (50,903 in chips)
Seat 6: be78247 (25,622 in chips)
Seat 7: ad24418e (11,800 in chips)
Seat 8: Hero (17,470 in chips)
Hero: posts the ante 60
8662676a: posts the ante 60
be78247: posts the ante 60
10ed3076: posts the ante 60
ad24418e: posts the ante 60
65f49a72: posts the ante 60
6cee6316: posts the ante 60
be78247: posts small blind 250
ad24418e: posts big blind 500
*** HOLE CARDS ***
Dealt to 6cee6316 
Dealt to 65f49a72 
Dealt to 8662676a 
Dealt to 10ed3076 
Dealt to be78247 
Dealt to ad24418e 
Dealt to Hero [7s 8c]
Hero: folds
6cee6316: folds
65f49a72: raises 4,250 to 4,750 and is all-in
8662676a: folds
10ed3076: folds
be78247: folds
ad24418e: folds
Uncalled bet (4,250) returned to 65f49a72
*** SHOWDOWN ***
65f49a72 collected 1,670 from pot
*** SUMMARY ***
Total pot 1,670 | Rake 0 | Jackpot 0 | Bingo 0 | Fortune 0 | Tax 0
Seat 1: 6cee6316 folded before Flop
Seat 2: 65f49a72 collected (1,670)
Seat 3: 8662676a folded before Flop
Seat 4: 10ed3076 (button) folded before Flop
Seat 6: be78247 (small blind) folded before Flop
Seat 7: ad24418e (big blind) folded before Flop
Seat 8: Hero folded before Flop


Poker Hand #TM3010129424: Tournament #128173636, Global MILLION$, $1M GTD [Day 1] Hold'em No Limit - Level8(250/500) - 2024/02/26 17:35:54
Table '1' 8-max Seat #3 is the button
Seat 1: 6cee6316 (2,948 in chips)
Seat 2: 65f49a72 (4,870 in chips)
Seat 3: 8662676a (23,808 in chips)
Seat 4: 10ed3076 (40,543 in chips)
Seat 5: 5d98da4b (10,000 in chips)
Seat 6: be78247 (25,682 in chips)
Seat 7: ad24418e (11,860 in chips)
Seat 8: Hero (17,530 in chips)
Hero: posts the ante 60
8662676a: posts the ante 60
be78247: posts the ante 60
10ed3076: posts the ante 60
ad24418e: posts the ante 60
65f49a72: posts the ante 60
6cee6316: posts the ante 60
5d98da4b: posts the ante 60
10ed3076: posts small blind 250
5d98da4b: posts big blind 500
*** HOLE CARDS ***
Dealt to 6cee6316 
Dealt to 65f49a72 
Dealt to 8662676a 
Dealt to 10ed3076 
Dealt to 5d98da4b 
Dealt to be78247 
Dealt to ad24418e 
Dealt to Hero [6c 3h]
be78247: folds
ad24418e: folds
Hero: folds
6cee6316: folds
65f49a72: folds
8662676a: folds
10ed3076: raises 1,000 to 1,500
5d98da4b: raises 8,440 to 9,940 and is all-in
10ed3076: calls 8,440
5d98da4b: shows [Ac 7s]
10ed3076: shows [Qd Ad]
*** FLOP *** [Th 2s Td]
*** TURN *** [Th 2s Td] [3s]
*** RIVER *** [Th 2s Td 3s] [5s]
*** SHOWDOWN ***
10ed3076 collected 20,360 from pot
*** SUMMARY ***
Total pot 20,360 | Rake 0 | Jackpot 0 | Bingo 0 | Fortune 0 | Tax 0
Board [Th 2s Td 3s 5s]
Seat 1: 6cee6316 folded before Flop
Seat 2: 65f49a72 folded before Flop
Seat 3: 8662676a (button) folded before Flop
Seat 4: 10ed3076 (small blind) showed [Qd Ad] and won (20,360) with Pair of Tens
Seat 5: 5d98da4b (big blind) showed [Ac 7s] and lost with Pair of Tens
Seat 6: be78247 folded before Flop
Seat 7: ad24418e folded before Flop
Seat 8: Hero folded before Flop


Poker Hand #TM3010129419: Tournament #128173636, Global MILLION$, $1M GTD [Day 1] Hold'em No Limit - Level8(250/500) - 2024/02/26 17:35:34
Table '1' 8-max Seat #2 is the button
Seat 1: 6cee6316 (3,008 in chips)
Seat 2: 65f49a72 (4,930 in chips)
Seat 3: 8662676a (24,118 in chips)
Seat 4: 10ed3076 (39,873 in chips)
Seat 5: a0ba95ac (15,026 in chips)
Seat 6: be78247 (25,742 in chips)
Seat 7: ad24418e (11,920 in chips)
Seat 8: Hero (17,590 in chips)
Hero: posts the ante 60
a0ba95ac: posts the ante 60
8662676a: posts the ante 60
be78247: posts the ante 60
10ed3076: posts the ante 60
ad24418e: posts the ante 60
65f49a72: posts the ante 60
6cee6316: posts the ante 60
8662676a: posts small blind 250
10ed3076: posts big blind 500
*** HOLE CARDS ***
Dealt to 6cee6316 
Dealt to 65f49a72 
Dealt to 8662676a 
Dealt to 10ed3076 
Dealt to a0ba95ac 
Dealt to be78247 
Dealt to ad24418e 
Dealt to Hero [7d Ks]
a0ba95ac: folds
be78247: folds
ad24418e: folds
Hero: folds
6cee6316: folds
65f49a72: folds
8662676a: folds
Uncalled bet (250) returned to 10ed3076
*** SHOWDOWN ***
10ed3076 collected 980 from pot
*** SUMMARY ***
Total pot 980 | Rake 0 | Jackpot 0 | Bingo 0 | Fortune 0 | Tax 0
Seat 1: 6cee6316 folded before Flop
Seat 2: 65f49a72 (button) folded before Flop
Seat 3: 8662676a (small blind) folded before Flop
Seat 4: 10ed3076 (big blind) collected (980)
Seat 5: a0ba95ac folded before Flop
Seat 6: be78247 folded before Flop
Seat 7: ad24418e folded before Flop
Seat 8: Hero folded before Flop


Poker Hand #TM3010129412: Tournament #128173636, Global MILLION$, $1M GTD [Day 1] Hold'em No Limit - Level8(250/500) - 2024/02/26 17:34:49
Table '1' 8-max Seat #1 is the button
Seat 1: 6cee6316 (3,068 in chips)
Seat 2: 65f49a72 (5,240 in chips)
Seat 3: 8662676a (24,678 in chips)
Seat 4: 10ed3076 (39,933 in chips)
Seat 5: a0ba95ac (15,086 in chips)
Seat 6: be78247 (25,802 in chips)
Seat 7: ad24418e (10,750 in chips)
Seat 8: Hero (17,650 in chips)
Hero: posts the ante 60
a0ba95ac: posts the ante 60
8662676a: posts the ante 60
be78247: posts the ante 60
10ed3076: posts the ante 60
ad24418e: posts the ante 60
65f49a72: posts the ante 60
6cee6316: posts the ante 60
65f49a72: posts small blind 250
8662676a: posts big blind 500
*** HOLE CARDS ***
Dealt to 6cee6316 
Dealt to 65f49a72 
Dealt to 8662676a 
Dealt to 10ed3076 
Dealt to a0ba95ac 
Dealt to be78247 
Dealt to ad24418e 
Dealt to Hero [8h 6h]
10ed3076: folds
a0ba95ac: folds
be78247: folds
ad24418e: raises 500 to 1,000
Hero: folds
6cee6316: folds
65f49a72: folds
8662676a: folds
Uncalled bet (500) returned to ad24418e
*** SHOWDOWN ***
ad24418e collected 1,730 from pot
*** SUMMARY ***
Total pot 1,730 | Rake 0 | Jackpot 0 | Bingo 0 | Fortune 0 | Tax 0
Seat 1: 6cee6316 (button) folded before Flop
Seat 2: 65f49a72 (small blind) folded before Flop
Seat 3: 8662676a (big blind) folded before Flop
Seat 4: 10ed3076 folded before Flop
Seat 5: a0ba95ac folded before Flop
Seat 6: be78247 folded before Flop
Seat 7: ad24418e collected (1,730)
Seat 8: Hero folded before Flop


Poker Hand #TM3010129405: Tournament #128173636, Global MILLION$, $1M GTD [Day 1] Hold'em No Limit - Level8(250/500) - 2024/02/26 17:34:11
Table '1' 8-max Seat #8 is the button
Seat 1: 6cee6316 (3,378 in chips)
Seat 2: 65f49a72 (5,800 in chips)
Seat 3: 8662676a (24,738 in chips)
Seat 4: 10ed3076 (38,763 in chips)
Seat 5: a0ba95ac (15,146 in chips)
Seat 6: be78247 (25,862 in chips)
Seat 7: ad24418e (10,810 in chips)
Seat 8: Hero (17,710 in chips)
Hero: posts the ante 60
a0ba95ac: posts the ante 60
8662676a: posts the ante 60
be78247: posts the ante 60
10ed3076: posts the ante 60
ad24418e: posts the ante 60
65f49a72: posts the ante 60
6cee6316: posts the ante 60
6cee6316: posts small blind 250
65f49a72: posts big blind 500
*** HOLE CARDS ***
Dealt to 6cee6316 
Dealt to 65f49a72 
Dealt to 8662676a 
Dealt to 10ed3076 
Dealt to a0ba95ac 
Dealt to be78247 
Dealt to ad24418e 
Dealt to Hero [Qc 9d]
8662676a: folds
10ed3076: raises 1,000 to 1,500
a0ba95ac: folds
be78247: folds
ad24418e: folds
Hero: folds
6cee6316: folds
65f49a72: folds
Uncalled bet (1,000) returned to 10ed3076
*** SHOWDOWN ***
10ed3076 collected 1,730 from pot
*** SUMMARY ***
Total pot 1,730 | Rake 0 | Jackpot 0 | Bingo 0 | Fortune 0 | Tax 0
Seat 1: 6cee6316 (small blind) folded before Flop
Seat 2: 65f49a72 (big blind) folded before Flop
Seat 3: 8662676a folded before Flop
Seat 4: 10ed3076 collected (1,730)
Seat 5: a0ba95ac folded before Flop
Seat 6: be78247 folded before Flop
Seat 7: ad24418e folded before Flop
Seat 8: Hero (button) folded before Flop


Poker Hand #TM3010129398: Tournament #128173636, Global MILLION$, $1M GTD [Day 1] Hold'em No Limit - Level8(250/500) - 2024/02/26 17:33:36
Table '1' 8-max Seat #7 is the button
Seat 1: 6cee6316 (3,938 in chips)
Seat 2: 65f49a72 (4,690 in chips)
Seat 3: 8662676a (24,798 in chips)
Seat 4: 10ed3076 (38,823 in chips)
Seat 5: a0ba95ac (15,206 in chips)
Seat 7: ad24418e (10,870 in chips)
Seat 8: Hero (18,020 in chips)
Hero: posts the ante 60
a0ba95ac: posts the ante 60
8662676a: posts the ante 60
10ed3076: posts the ante 60
ad24418e: posts the ante 60
65f49a72: posts the ante 60
6cee6316: posts the ante 60
Hero: posts small blind 250
6cee6316: posts big blind 500
*** HOLE CARDS ***
Dealt to 6cee6316 
Dealt to 65f49a72 
Dealt to 8662676a 
Dealt to 10ed3076 
Dealt to a0ba95ac 
Dealt to ad24418e 
Dealt to Hero [3s 3d]
65f49a72: raises 4,130 to 4,630 and is all-in
8662676a: folds
10ed3076: folds
a0ba95ac: folds
ad24418e: folds
Hero: folds
6cee6316: folds
Uncalled bet (4,130) returned to 65f49a72
*** SHOWDOWN ***
65f49a72 collected 1,670 from pot
*** SUMMARY ***
Total pot 1,670 | Rake 0 | Jackpot 0 | Bingo 0 | Fortune 0 | Tax 0
Seat 1: 6cee6316 (big blind) folded before Flop
Seat 2: 65f49a72 collected (1,670)
Seat 3: 8662676a folded before Flop
Seat 4: 10ed3076 folded before Flop
Seat 5: a0ba95ac folded before Flop
Seat 7: ad24418e (button) folded before Flop
Seat 8: Hero (small blind) folded before Flop


Poker Hand #TM3010129387: Tournament #128173636, Global MILLION$, $1M GTD [Day 1] Hold'em No Limit - Level8(250/500) - 2024/02/26 17:32:42
Table '1' 8-max Seat #5 is the button
Seat 1: 6cee6316 (5,758 in chips)
Seat 2: 65f49a72 (1,820 in chips)
Seat 3: 8662676a (24,858 in chips)
Seat 4: 10ed3076 (38,883 in chips)
Seat 5: a0ba95ac (15,266 in chips)
Seat 7: ad24418e (11,180 in chips)
Seat 8: Hero (18,580 in chips)
Hero: posts the ante 60
a0ba95ac: posts the ante 60
8662676a: posts the ante 60
10ed3076: posts the ante 60
ad24418e: posts the ante 60
65f49a72: posts the ante 60
6cee6316: posts the ante 60
ad24418e: posts small blind 250
Hero: posts big blind 500
*** HOLE CARDS ***
Dealt to 6cee6316 
Dealt to 65f49a72 
Dealt to 8662676a 
Dealt to 10ed3076 
Dealt to a0ba95ac 
Dealt to ad24418e 
Dealt to Hero [8h As]
6cee6316: raises 5,198 to 5,698 and is all-in
65f49a72: calls 1,760 and is all-in
8662676a: folds
10ed3076: folds
a0ba95ac: folds
ad24418e: folds
Hero: folds
Uncalled bet (3,938) returned to 6cee6316
6cee6316: shows [6h 5h]
65f49a72: shows [Kc Jh]
*** FLOP *** [7h 6d 9s]
*** TURN *** [7h 6d 9s] [Js]
*** RIVER *** [7h 6d 9s Js] [3h]
*** SHOWDOWN ***
65f49a72 collected 4,690 from pot
*** SUMMARY ***
Total pot 4,690 | Rake 0 | Jackpot 0 | Bingo 0 | Fortune 0 | Tax 0
Board [7h 6d 9s Js 3h]
Seat 1: 6cee6316 showed [6h 5h] and lost with Pair of Sixes
Seat 2: 65f49a72 showed [Kc Jh] and won (4,690) with Pair of Jacks
Seat 3: 8662676a folded before Flop
Seat 4: 10ed3076 folded before Flop
Seat 5: a0ba95ac (button) folded before Flop
Seat 7: ad24418e (small blind) folded before Flop
Seat 8: Hero (big blind) folded before Flop


Poker Hand #TM3010129380: Tournament #128173636, Global MILLION$, $1M GTD [Day 1] Hold'em No Limit - Level8(250/500) - 2024/02/26 17:32:04
Table '1' 8-max Seat #4 is the button
Seat 1: 6cee6316 (5,818 in chips)
Seat 2: 65f49a72 (1,880 in chips)
Seat 3: 8662676a (25,918 in chips)
Seat 4: 10ed3076 (38,943 in chips)
Seat 5: a0ba95ac (15,576 in chips)
Seat 7: ad24418e (8,570 in chips)
Seat 8: Hero (19,640 in chips)
Hero: posts the ante 60
a0ba95ac: posts the ante 60
8662676a: posts the ante 60
10ed3076: posts the ante 60
ad24418e: posts the ante 60
65f49a72: posts the ante 60
6cee6316: posts the ante 60
a0ba95ac: posts small blind 250
ad24418e: posts big blind 500
*** HOLE CARDS ***
Dealt to 6cee6316 
Dealt to 65f49a72 
Dealt to 8662676a 
Dealt to 10ed3076 
Dealt to a0ba95ac 
Dealt to ad24418e 
Dealt to Hero [Kd Jh]
Hero: raises 500 to 1,000
6cee6316: folds
65f49a72: folds
8662676a: calls 1,000
10ed3076: folds
a0ba95ac: folds
ad24418e: raises 7,510 to 8,510 and is all-in
Hero: folds
8662676a: folds
Uncalled bet (7,510) returned to ad24418e
*** SHOWDOWN ***
ad24418e collected 3,670 from pot
*** SUMMARY ***
Total pot 3,670 | Rake 0 | Jackpot 0 | Bingo 0 | Fortune 0 | Tax 0
Seat 1: 6cee6316 folded before Flop
Seat 2: 65f49a72 folded before Flop
Seat 3: 8662676a folded before Flop
Seat 4: 10ed3076 (button) folded before Flop
Seat 5: a0ba95ac (small blind) folded before Flop
Seat 7: ad24418e (big blind) collected (3,670)
Seat 8: Hero folded before Flop


Poker Hand #TM3010129362: Tournament #128173636, Global MILLION$, $1M GTD [Day 1] Hold'em No Limit - Level7(200/400) - 2024/02/26 17:30:44
Table '1' 8-max Seat #3 is the button
Seat 1: 6cee6316 (5,868 in chips)
Seat 2: 65f49a72 (1,930 in chips)
Seat 3: 8662676a (16,418 in chips)
Seat 4: 10ed3076 (39,193 in chips)
Seat 5: a0ba95ac (16,026 in chips)
Seat 6: 1331c0d3 (8,600 in chips)
Seat 7: ad24418e (8,620 in chips)
Seat 8: Hero (19,690 in chips)
Hero: posts the ante 50
a0ba95ac: posts the ante 50
8662676a: posts the ante 50
1331c0d3: posts the ante 50
10ed3076: posts the ante 50
ad24418e: posts the ante 50
65f49a72: posts the ante 50
6cee6316: posts the ante 50
10ed3076: posts small blind 200
a0ba95ac: posts big blind 400
*** HOLE CARDS ***
Dealt to 6cee6316 
Dealt to 65f49a72 
Dealt to 8662676a 
Dealt to 10ed3076 
Dealt to a0ba95ac 
Dealt to 1331c0d3 
Dealt to ad24418e 
Dealt to Hero [2d Th]
1331c0d3: raises 800 to 1,200
ad24418e: folds
Hero: folds
6cee6316: folds
65f49a72: folds
8662676a: raises 1,700 to 2,900
10ed3076: folds
a0ba95ac: folds
1331c0d3: calls 1,700
*** FLOP *** [Kd Ad 5d]
1331c0d3: bets 5,650 and is all-in
8662676a: calls 5,650
1331c0d3: shows [As 4s] (Pair of Aces)
8662676a: shows [9d Jd] (Ace High Flush)
*** TURN *** [Kd Ad 5d] [Kh]
*** RIVER *** [Kd Ad 5d Kh] [5h]
*** SHOWDOWN ***
8662676a collected 18,100 from pot
*** SUMMARY ***
Total pot 18,100 | Rake 0 | Jackpot 0 | Bingo 0 | Fortune 0 | Tax 0
Board [Kd Ad 5d Kh 5h]
Seat 1: 6cee6316 folded before Flop
Seat 2: 65f49a72 folded before Flop
Seat 3: 8662676a (button) showed [9d Jd] and won (18,100) with Ace High Flush
Seat 4: 10ed3076 (small blind) folded before Flop
Seat 5: a0ba95ac (big blind) folded before Flop
Seat 6: 1331c0d3 showed [As 4s] and lost with Pair of Aces and Pair of Kings
Seat 7: ad24418e folded before Flop
Seat 8: Hero folded before Flop


Poker Hand #TM3010129358: Tournament #128173636, Global MILLION$, $1M GTD [Day 1] Hold'em No Limit - Level7(200/400) - 2024/02/26 17:30:20
Table '1' 8-max Seat #2 is the button
Seat 1: 6cee6316 (5,918 in chips)
Seat 2: 65f49a72 (1,980 in chips)
Seat 3: 8662676a (16,668 in chips)
Seat 4: 10ed3076 (39,643 in chips)
Seat 5: a0ba95ac (15,076 in chips)
Seat 6: 1331c0d3 (8,650 in chips)
Seat 7: ad24418e (8,670 in chips)
Seat 8: Hero (19,740 in chips)
Hero: posts the ante 50
a0ba95ac: posts the ante 50
8662676a: posts the ante 50
1331c0d3: posts the ante 50
10ed3076: posts the ante 50
ad24418e: posts the ante 50
65f49a72: posts the ante 50
6cee6316: posts the ante 50
8662676a: posts small blind 200
10ed3076: posts big blind 400
*** HOLE CARDS ***
Dealt to 6cee6316 
Dealt to 65f49a72 
Dealt to 8662676a 
Dealt to 10ed3076 
Dealt to a0ba95ac 
Dealt to 1331c0d3 
Dealt to ad24418e 
Dealt to Hero [8s 7d]
a0ba95ac: raises 600 to 1,000
1331c0d3: folds
ad24418e: folds
Hero: folds
6cee6316: folds
65f49a72: folds
8662676a: folds
10ed3076: folds
Uncalled bet (600) returned to a0ba95ac
*** SHOWDOWN ***
a0ba95ac collected 1,400 from pot
*** SUMMARY ***
Total pot 1,400 | Rake 0 | Jackpot 0 | Bingo 0 | Fortune 0 | Tax 0
Seat 1: 6cee6316 folded before Flop
Seat 2: 65f49a72 (button) folded before Flop
Seat 3: 8662676a (small blind) folded before Flop
Seat 4: 10ed3076 (big blind) folded before Flop
Seat 5: a0ba95ac collected (1,400)
Seat 6: 1331c0d3 folded before Flop
Seat 7: ad24418e folded before Flop
Seat 8: Hero folded before Flop


Poker Hand #TM3010129345: Tournament #128173636, Global MILLION$, $1M GTD [Day 1] Hold'em No Limit - Level7(200/400) - 2024/02/26 17:29:22
Table '1' 8-max Seat #1 is the button
Seat 1: 6cee6316 (5,968 in chips)
Seat 2: 65f49a72 (2,230 in chips)
Seat 3: 8662676a (17,118 in chips)
Seat 4: 10ed3076 (39,693 in chips)
Seat 5: a0ba95ac (15,126 in chips)
Seat 6: 1331c0d3 (9,900 in chips)
Seat 7: ad24418e (6,520 in chips)
Seat 8: Hero (19,790 in chips)
Hero: posts the ante 50
a0ba95ac: posts the ante 50
8662676a: posts the ante 50
1331c0d3: posts the ante 50
10ed3076: posts the ante 50
ad24418e: posts the ante 50
65f49a72: posts the ante 50
6cee6316: posts the ante 50
65f49a72: posts small blind 200
8662676a: posts big blind 400
*** HOLE CARDS ***
Dealt to 6cee6316 
Dealt to 65f49a72 
Dealt to 8662676a 
Dealt to 10ed3076 
Dealt to a0ba95ac 
Dealt to 1331c0d3 
Dealt to ad24418e 
Dealt to Hero [5c Th]
10ed3076: folds
a0ba95ac: folds
1331c0d3: raises 800 to 1,200
ad24418e: raises 5,270 to 6,470 and is all-in
Hero: folds
6cee6316: folds
65f49a72: folds
8662676a: folds
1331c0d3: folds
Uncalled bet (5,270) returned to ad24418e
*** SHOWDOWN ***
ad24418e collected 3,400 from pot
*** SUMMARY ***
Total pot 3,400 | Rake 0 | Jackpot 0 | Bingo 0 | Fortune 0 | Tax 0
Seat 1: 6cee6316 (button) folded before Flop
Seat 2: 65f49a72 (small blind) folded before Flop
Seat 3: 8662676a (big blind) folded before Flop
Seat 4: 10ed3076 folded before Flop
Seat 5: a0ba95ac folded before Flop
Seat 6: 1331c0d3 folded before Flop
Seat 7: ad24418e collected (3,400)
Seat 8: Hero folded before Flop


Poker Hand #TM3010129321: Tournament #128173636, Global MILLION$, $1M GTD [Day 1] Hold'em No Limit - Level7(200/400) - 2024/02/26 17:27:35
Table '1' 8-max Seat #8 is the button
Seat 1: 6cee6316 (6,218 in chips)
Seat 2: 65f49a72 (11,875 in chips)
Seat 3: 8662676a (17,168 in chips)
Seat 4: 10ed3076 (39,743 in chips)
Seat 5: a0ba95ac (15,176 in chips)
Seat 6: 1331c0d3 (9,950 in chips)
Seat 7: ad24418e (6,570 in chips)
Seat 8: Hero (9,645 in chips)
Hero: posts the ante 50
a0ba95ac: posts the ante 50
8662676a: posts the ante 50
1331c0d3: posts the ante 50
10ed3076: posts the ante 50
ad24418e: posts the ante 50
65f49a72: posts the ante 50
6cee6316: posts the ante 50
6cee6316: posts small blind 200
65f49a72: posts big blind 400
*** HOLE CARDS ***
Dealt to 6cee6316 
Dealt to 65f49a72 
Dealt to 8662676a 
Dealt to 10ed3076 
Dealt to a0ba95ac 
Dealt to 1331c0d3 
Dealt to ad24418e 
Dealt to Hero [Ac 8c]
8662676a: folds
10ed3076: folds
a0ba95ac: folds
1331c0d3: folds
ad24418e: folds
Hero: raises 400 to 800
6cee6316: folds
65f49a72: raises 11,025 to 11,825 and is all-in
Hero: calls 8,795 and is all-in
Uncalled bet (2,230) returned to 65f49a72
65f49a72: shows [Jh Js]
Hero: shows [Ac 8c]
*** FLOP *** [Ah 8d 9d]
*** TURN *** [Ah 8d 9d] [9h]
*** RIVER *** [Ah 8d 9d 9h] [5s]
*** SHOWDOWN ***
Hero collected 19,790 from pot
*** SUMMARY ***
Total pot 19,790 | Rake 0 | Jackpot 0 | Bingo 0 | Fortune 0 | Tax 0
Board [Ah 8d 9d 9h 5s]
Seat 1: 6cee6316 (small blind) folded before Flop
Seat 2: 65f49a72 (big blind) showed [Jh Js] and lost with Pair of Jacks and Pair of Nines
Seat 3: 8662676a folded before Flop
Seat 4: 10ed3076 folded before Flop
Seat 5: a0ba95ac folded before Flop
Seat 6: 1331c0d3 folded before Flop
Seat 7: ad24418e folded before Flop
Seat 8: Hero (button) showed [Ac 8c] and won (19,790) with Pair of Aces and Pair of Nines


Poker Hand #TM3010129309: Tournament #128173636, Global MILLION$, $1M GTD [Day 1] Hold'em No Limit - Level7(200/400) - 2024/02/26 17:26:43
Table '1' 8-max Seat #7 is the button
Seat 1: 6cee6316 (6,668 in chips)
Seat 2: 65f49a72 (11,925 in chips)
Seat 3: 8662676a (17,218 in chips)
Seat 4: 10ed3076 (39,793 in chips)
Seat 5: a0ba95ac (15,226 in chips)
Seat 6: 1331c0d3 (10,000 in chips)
Seat 7: ad24418e (5,620 in chips)
Seat 8: Hero (9,895 in chips)
Hero: posts the ante 50
a0ba95ac: posts the ante 50
8662676a: posts the ante 50
1331c0d3: posts the ante 50
10ed3076: posts the ante 50
ad24418e: posts the ante 50
65f49a72: posts the ante 50
6cee6316: posts the ante 50
Hero: posts small blind 200
6cee6316: posts big blind 400
*** HOLE CARDS ***
Dealt to 6cee6316 
Dealt to 65f49a72 
Dealt to 8662676a 
Dealt to 10ed3076 
Dealt to a0ba95ac 
Dealt to 1331c0d3 
Dealt to ad24418e 
Dealt to Hero [Jd 9h]
65f49a72: folds
8662676a: folds
10ed3076: folds
a0ba95ac: folds
1331c0d3: folds
ad24418e: raises 400 to 800
Hero: folds
6cee6316: folds
Uncalled bet (400) returned to ad24418e
*** SHOWDOWN ***
ad24418e collected 1,400 from pot
*** SUMMARY ***
Total pot 1,400 | Rake 0 | Jackpot 0 | Bingo 0 | Fortune 0 | Tax 0
Seat 1: 6cee6316 (big blind) folded before Flop
Seat 2: 65f49a72 folded before Flop
Seat 3: 8662676a folded before Flop
Seat 4: 10ed3076 folded before Flop
Seat 5: a0ba95ac folded before Flop
Seat 6: 1331c0d3 folded before Flop
Seat 7: ad24418e (button) collected (1,400)
Seat 8: Hero (small blind) folded before Flop


Poker Hand #TM3010129303: Tournament #128173636, Global MILLION$, $1M GTD [Day 1] Hold'em No Limit - Level7(200/400) - 2024/02/26 17:26:27
Table '1' 8-max Seat #5 is the button
Seat 1: 6cee6316 (6,718 in chips)
Seat 2: 65f49a72 (11,975 in chips)
Seat 3: 8662676a (17,268 in chips)
Seat 4: 10ed3076 (39,843 in chips)
Seat 5: a0ba95ac (15,276 in chips)
Seat 7: ad24418e (5,870 in chips)
Seat 8: Hero (9,395 in chips)
Hero: posts the ante 50
a0ba95ac: posts the ante 50
8662676a: posts the ante 50
10ed3076: posts the ante 50
ad24418e: posts the ante 50
65f49a72: posts the ante 50
6cee6316: posts the ante 50
ad24418e: posts small blind 200
Hero: posts big blind 400
*** HOLE CARDS ***
Dealt to 6cee6316 
Dealt to 65f49a72 
Dealt to 8662676a 
Dealt to 10ed3076 
Dealt to a0ba95ac 
Dealt to ad24418e 
Dealt to Hero [7c 7h]
6cee6316: folds
65f49a72: folds
8662676a: folds
10ed3076: folds
a0ba95ac: folds
ad24418e: folds
Uncalled bet (200) returned to Hero
*** SHOWDOWN ***
Hero collected 750 from pot
*** SUMMARY ***
Total pot 750 | Rake 0 | Jackpot 0 | Bingo 0 | Fortune 0 | Tax 0
Seat 1: 6cee6316 folded before Flop
Seat 2: 65f49a72 folded before Flop
Seat 3: 8662676a folded before Flop
Seat 4: 10ed3076 folded before Flop
Seat 5: a0ba95ac (button) folded before Flop
Seat 7: ad24418e (small blind) folded before Flop
Seat 8: Hero (big blind) collected (750)


Poker Hand #TM3010129288: Tournament #128173636, Global MILLION$, $1M GTD [Day 1] Hold'em No Limit - Level7(200/400) - 2024/02/26 17:25:04
Table '1' 8-max Seat #3 is the button
Seat 1: 6cee6316 (6,768 in chips)
Seat 2: 65f49a72 (9,325 in chips)
Seat 3: 8662676a (17,318 in chips)
Seat 5: a0ba95ac (15,526 in chips)
Seat 7: ad24418e (6,320 in chips)
Seat 8: Hero (11,245 in chips)
Hero: posts the ante 50
a0ba95ac: posts the ante 50
8662676a: posts the ante 50
ad24418e: posts the ante 50
65f49a72: posts the ante 50
6cee6316: posts the ante 50
a0ba95ac: posts small blind 200
ad24418e: posts big blind 400
*** HOLE CARDS ***
Dealt to 6cee6316 
Dealt to 65f49a72 
Dealt to 8662676a 
Dealt to a0ba95ac 
Dealt to ad24418e 
Dealt to Hero [9h 9c]
Hero: raises 400 to 800
6cee6316: folds
65f49a72: raises 1,000 to 1,800
8662676a: folds
a0ba95ac: folds
ad24418e: folds
Hero: calls 1,000
*** FLOP *** [7c 8d Qd]
Hero: checks
65f49a72: bets 1,800
Hero: folds
Uncalled bet (1,800) returned to 65f49a72
*** SHOWDOWN ***
65f49a72 collected 4,500 from pot
*** SUMMARY ***
Total pot 4,500 | Rake 0 | Jackpot 0 | Bingo 0 | Fortune 0 | Tax 0
Board [7c 8d Qd]
Seat 1: 6cee6316 folded before Flop
Seat 2: 65f49a72 won (4,500)
Seat 3: 8662676a (button) folded before Flop
Seat 5: a0ba95ac (small blind) folded before Flop
Seat 7: ad24418e (big blind) folded before Flop
Seat 8: Hero folded on the Flop


Poker Hand #TM3010129274: Tournament #128173636, Global MILLION$, $1M GTD [Day 1] Hold'em No Limit - Level7(200/400) - 2024/02/26 17:23:59
Table '1' 8-max Seat #2 is the button
Seat 1: 6cee6316 (6,818 in chips)
Seat 2: 65f49a72 (9,375 in chips)
Seat 3: 8662676a (17,568 in chips)
Seat 5: a0ba95ac (13,151 in chips)
Seat 6: aa0748e (14,624 in chips)
Seat 7: ad24418e (6,370 in chips)
Seat 8: Hero (11,295 in chips)
Hero: posts the ante 50
a0ba95ac: posts the ante 50
8662676a: posts the ante 50
ad24418e: posts the ante 50
65f49a72: posts the ante 50
6cee6316: posts the ante 50
aa0748e: posts the ante 50
8662676a: posts small blind 200
a0ba95ac: posts big blind 400
*** HOLE CARDS ***
Dealt to 6cee6316 
Dealt to 65f49a72 
Dealt to 8662676a 
Dealt to a0ba95ac 
Dealt to aa0748e 
Dealt to ad24418e 
Dealt to Hero [Kc 6h]
aa0748e: raises 400 to 800
ad24418e: folds
Hero: folds
6cee6316: folds
65f49a72: folds
8662676a: folds
a0ba95ac: calls 400
*** FLOP *** [9h 4s 6s]
a0ba95ac: checks
aa0748e: checks
*** TURN *** [9h 4s 6s] [Qh]
a0ba95ac: bets 1,075
aa0748e: calls 1,075
*** RIVER *** [9h 4s 6s Qh] [5h]
a0ba95ac: bets 3,225
aa0748e: folds
Uncalled bet (3,225) returned to a0ba95ac
*** SHOWDOWN ***
a0ba95ac collected 4,300 from pot
*** SUMMARY ***
Total pot 4,300 | Rake 0 | Jackpot 0 | Bingo 0 | Fortune 0 | Tax 0
Board [9h 4s 6s Qh 5h]
Seat 1: 6cee6316 folded before Flop
Seat 2: 65f49a72 (button) folded before Flop
Seat 3: 8662676a (small blind) folded before Flop
Seat 5: a0ba95ac (big blind) won (4,300)
Seat 6: aa0748e folded on the River
Seat 7: ad24418e folded before Flop
Seat 8: Hero folded before Flop


Poker Hand #TM3010129267: Tournament #128173636, Global MILLION$, $1M GTD [Day 1] Hold'em No Limit - Level6(150/300) - 2024/02/26 17:23:26
Table '1' 8-max Seat #1 is the button
Seat 1: 6cee6316 (6,853 in chips)
Seat 2: 65f49a72 (9,560 in chips)
Seat 3: 8662676a (18,293 in chips)
Seat 4: d4dec979 (30,827 in chips)
Seat 5: a0ba95ac (13,186 in chips)
Seat 6: aa0748e (14,659 in chips)
Seat 7: ad24418e (6,405 in chips)
Seat 8: Hero (11,330 in chips)
d4dec979: posts the ante 35
Hero: posts the ante 35
a0ba95ac: posts the ante 35
8662676a: posts the ante 35
ad24418e: posts the ante 35
65f49a72: posts the ante 35
6cee6316: posts the ante 35
aa0748e: posts the ante 35
65f49a72: posts small blind 150
8662676a: posts big blind 300
*** HOLE CARDS ***
Dealt to 6cee6316 
Dealt to 65f49a72 
Dealt to 8662676a 
Dealt to d4dec979 
Dealt to a0ba95ac 
Dealt to aa0748e 
Dealt to ad24418e 
Dealt to Hero [5s 4s]
d4dec979: raises 390 to 690
a0ba95ac: folds
aa0748e: folds
ad24418e: folds
Hero: folds
6cee6316: folds
65f49a72: folds
8662676a: calls 390
*** FLOP *** [3s Kh Js]
8662676a: checks
d4dec979: bets 905
8662676a: folds
Uncalled bet (905) returned to d4dec979
*** SHOWDOWN ***
d4dec979 collected 1,810 from pot
*** SUMMARY ***
Total pot 1,810 | Rake 0 | Jackpot 0 | Bingo 0 | Fortune 0 | Tax 0
Board [3s Kh Js]
Seat 1: 6cee6316 (button) folded before Flop
Seat 2: 65f49a72 (small blind) folded before Flop
Seat 3: 8662676a (big blind) folded on the Flop
Seat 4: d4dec979 won (1,810)
Seat 5: a0ba95ac folded before Flop
Seat 6: aa0748e folded before Flop
Seat 7: ad24418e folded before Flop
Seat 8: Hero folded before Flop


Poker Hand #TM3010129258: Tournament #128173636, Global MILLION$, $1M GTD [Day 1] Hold'em No Limit - Level6(150/300) - 2024/02/26 17:22:40
Table '1' 8-max Seat #8 is the button
Seat 1: 6cee6316 (7,038 in chips)
Seat 2: 65f49a72 (9,895 in chips)
Seat 3: 8662676a (18,328 in chips)
Seat 4: d4dec979 (31,672 in chips)
Seat 5: a0ba95ac (11,681 in chips)
Seat 6: aa0748e (14,694 in chips)
Seat 7: ad24418e (6,440 in chips)
Seat 8: Hero (11,365 in chips)
d4dec979: posts the ante 35
Hero: posts the ante 35
a0ba95ac: posts the ante 35
8662676a: posts the ante 35
ad24418e: posts the ante 35
65f49a72: posts the ante 35
aa0748e: posts the ante 35
6cee6316: posts the ante 35
6cee6316: posts small blind 150
65f49a72: posts big blind 300
*** HOLE CARDS ***
Dealt to 6cee6316 
Dealt to 65f49a72 
Dealt to 8662676a 
Dealt to d4dec979 
Dealt to a0ba95ac 
Dealt to aa0748e 
Dealt to ad24418e 
Dealt to Hero [Kh 6h]
8662676a: folds
d4dec979: raises 510 to 810
a0ba95ac: raises 1,763 to 2,573
aa0748e: folds
ad24418e: folds
Hero: folds
6cee6316: folds
65f49a72: folds
d4dec979: folds
Uncalled bet (1,763) returned to a0ba95ac
*** SHOWDOWN ***
a0ba95ac collected 2,350 from pot
*** SUMMARY ***
Total pot 2,350 | Rake 0 | Jackpot 0 | Bingo 0 | Fortune 0 | Tax 0
Seat 1: 6cee6316 (small blind) folded before Flop
Seat 2: 65f49a72 (big blind) folded before Flop
Seat 3: 8662676a folded before Flop
Seat 4: d4dec979 folded before Flop
Seat 5: a0ba95ac collected (2,350)
Seat 6: aa0748e folded before Flop
Seat 7: ad24418e folded before Flop
Seat 8: Hero (button) folded before Flop


Poker Hand #TM3010129246: Tournament #128173636, Global MILLION$, $1M GTD [Day 1] Hold'em No Limit - Level6(150/300) - 2024/02/26 17:21:53
Table '1' 8-max Seat #7 is the button
Seat 1: 6cee6316 (7,673 in chips)
Seat 2: 65f49a72 (9,930 in chips)
Seat 3: 8662676a (17,333 in chips)
Seat 4: d4dec979 (31,707 in chips)
Seat 5: a0ba95ac (11,716 in chips)
Seat 6: aa0748e (14,729 in chips)
Seat 7: ad24418e (6,475 in chips)
Seat 8: Hero (11,550 in chips)
d4dec979: posts the ante 35
Hero: posts the ante 35
a0ba95ac: posts the ante 35
8662676a: posts the ante 35
ad24418e: posts the ante 35
65f49a72: posts the ante 35
aa0748e: posts the ante 35
6cee6316: posts the ante 35
Hero: posts small blind 150
6cee6316: posts big blind 300
*** HOLE CARDS ***
Dealt to 6cee6316 
Dealt to 65f49a72 
Dealt to 8662676a 
Dealt to d4dec979 
Dealt to a0ba95ac 
Dealt to aa0748e 
Dealt to ad24418e 
Dealt to Hero [8s Ad]
65f49a72: folds
8662676a: raises 300 to 600
d4dec979: folds
a0ba95ac: folds
aa0748e: folds
ad24418e: folds
Hero: folds
6cee6316: calls 300
*** FLOP *** [6d Ac 5h]
6cee6316: checks
8662676a: bets 538
6cee6316: folds
Uncalled bet (538) returned to 8662676a
*** SHOWDOWN ***
8662676a collected 1,630 from pot
*** SUMMARY ***
Total pot 1,630 | Rake 0 | Jackpot 0 | Bingo 0 | Fortune 0 | Tax 0
Board [6d Ac 5h]
Seat 1: 6cee6316 (big blind) folded on the Flop
Seat 2: 65f49a72 folded before Flop
Seat 3: 8662676a won (1,630)
Seat 4: d4dec979 folded before Flop
Seat 5: a0ba95ac folded before Flop
Seat 6: aa0748e folded before Flop
Seat 7: ad24418e (button) folded before Flop
Seat 8: Hero (small blind) folded before Flop


Poker Hand #TM3010129235: Tournament #128173636, Global MILLION$, $1M GTD [Day 1] Hold'em No Limit - Level6(150/300) - 2024/02/26 17:21:08
Table '1' 8-max Seat #6 is the button
Seat 1: 6cee6316 (7,708 in chips)
Seat 2: 65f49a72 (9,965 in chips)
Seat 3: 8662676a (17,368 in chips)
Seat 4: d4dec979 (31,742 in chips)
Seat 5: a0ba95ac (11,751 in chips)
Seat 6: aa0748e (15,394 in chips)
Seat 7: ad24418e (6,660 in chips)
Seat 8: Hero (10,525 in chips)
d4dec979: posts the ante 35
Hero: posts the ante 35
a0ba95ac: posts the ante 35
8662676a: posts the ante 35
ad24418e: posts the ante 35
65f49a72: posts the ante 35
aa0748e: posts the ante 35
6cee6316: posts the ante 35
ad24418e: posts small blind 150
Hero: posts big blind 300
*** HOLE CARDS ***
Dealt to 6cee6316 
Dealt to 65f49a72 
Dealt to 8662676a 
Dealt to d4dec979 
Dealt to a0ba95ac 
Dealt to aa0748e 
Dealt to ad24418e 
Dealt to Hero [Ac Kd]
6cee6316: folds
65f49a72: folds
8662676a: folds
d4dec979: folds
a0ba95ac: folds
aa0748e: raises 330 to 630
ad24418e: folds
Hero: raises 1,530 to 2,160
aa0748e: folds
Uncalled bet (1,530) returned to Hero
*** SHOWDOWN ***
Hero collected 1,690 from pot
*** SUMMARY ***
Total pot 1,690 | Rake 0 | Jackpot 0 | Bingo 0 | Fortune 0 | Tax 0
Seat 1: 6cee6316 folded before Flop
Seat 2: 65f49a72 folded before Flop
Seat 3: 8662676a folded before Flop
Seat 4: d4dec979 folded before Flop
Seat 5: a0ba95ac folded before Flop
Seat 6: aa0748e (button) folded before Flop
Seat 7: ad24418e (small blind) folded before Flop
Seat 8: Hero (big blind) collected (1,690)


Poker Hand #TM3010129212: Tournament #128173636, Global MILLION$, $1M GTD [Day 1] Hold'em No Limit - Level6(150/300) - 2024/02/26 17:19:14
Table '1' 8-max Seat #5 is the button
Seat 1: 6cee6316 (7,743 in chips)
Seat 2: 65f49a72 (10,000 in chips)
Seat 3: 8662676a (17,403 in chips)
Seat 4: d4dec979 (31,777 in chips)
Seat 5: a0ba95ac (11,786 in chips)
Seat 6: aa0748e (13,729 in chips)
Seat 7: ad24418e (8,115 in chips)
Seat 8: Hero (10,560 in chips)
d4dec979: posts the ante 35
Hero: posts the ante 35
a0ba95ac: posts the ante 35
8662676a: posts the ante 35
ad24418e: posts the ante 35
65f49a72: posts the ante 35
6cee6316: posts the ante 35
aa0748e: posts the ante 35
aa0748e: posts small blind 150
ad24418e: posts big blind 300
*** HOLE CARDS ***
Dealt to 6cee6316 
Dealt to 65f49a72 
Dealt to 8662676a 
Dealt to d4dec979 
Dealt to a0ba95ac 
Dealt to aa0748e 
Dealt to ad24418e 
Dealt to Hero [7c 3h]
Hero: folds
6cee6316: folds
65f49a72: folds
8662676a: folds
d4dec979: folds
a0ba95ac: folds
aa0748e: calls 150
ad24418e: raises 600 to 900
aa0748e: calls 600
*** FLOP *** [8s Ks Qd]
aa0748e: checks
ad24418e: bets 520
aa0748e: calls 520
*** TURN *** [8s Ks Qd] [2h]
aa0748e: checks
ad24418e: checks
*** RIVER *** [8s Ks Qd 2h] [Jd]
aa0748e: bets 12,274 and is all-in
ad24418e: folds
Uncalled bet (12,274) returned to aa0748e
*** SHOWDOWN ***
aa0748e collected 3,120 from pot
*** SUMMARY ***
Total pot 3,120 | Rake 0 | Jackpot 0 | Bingo 0 | Fortune 0 | Tax 0
Board [8s Ks Qd 2h Jd]
Seat 1: 6cee6316 folded before Flop
Seat 2: 65f49a72 folded before Flop
Seat 3: 8662676a folded before Flop
Seat 4: d4dec979 folded before Flop
Seat 5: a0ba95ac (button) folded before Flop
Seat 6: aa0748e (small blind) won (3,120)
Seat 7: ad24418e (big blind) folded on the River
Seat 8: Hero folded before Flop


Poker Hand #TM3010129198: Tournament #128173636, Global MILLION$, $1M GTD [Day 1] Hold'em No Limit - Level6(150/300) - 2024/02/26 17:18:24
Table '1' 8-max Seat #4 is the button
Seat 1: 6cee6316 (7,778 in chips)
Seat 3: 8662676a (17,438 in chips)
Seat 4: d4dec979 (31,812 in chips)
Seat 5: a0ba95ac (11,971 in chips)
Seat 6: aa0748e (14,064 in chips)
Seat 7: ad24418e (8,150 in chips)
Seat 8: Hero (9,900 in chips)
d4dec979: posts the ante 35
Hero: posts the ante 35
a0ba95ac: posts the ante 35
8662676a: posts the ante 35
ad24418e: posts the ante 35
6cee6316: posts the ante 35
aa0748e: posts the ante 35
a0ba95ac: posts small blind 150
aa0748e: posts big blind 300
*** HOLE CARDS ***
Dealt to 6cee6316 
Dealt to 8662676a 
Dealt to d4dec979 
Dealt to a0ba95ac 
Dealt to aa0748e 
Dealt to ad24418e 
Dealt to Hero [Jh 9h]
ad24418e: folds
Hero: raises 300 to 600
6cee6316: folds
8662676a: folds
d4dec979: folds
a0ba95ac: folds
aa0748e: folds
Uncalled bet (300) returned to Hero
*** SHOWDOWN ***
Hero collected 995 from pot
*** SUMMARY ***
Total pot 995 | Rake 0 | Jackpot 0 | Bingo 0 | Fortune 0 | Tax 0
Seat 1: 6cee6316 folded before Flop
Seat 3: 8662676a folded before Flop
Seat 4: d4dec979 (button) folded before Flop
Seat 5: a0ba95ac (small blind) folded before Flop
Seat 6: aa0748e (big blind) folded before Flop
Seat 7: ad24418e folded before Flop
Seat 8: Hero collected (995)


Poker Hand #TM3010129187: Tournament #128173636, Global MILLION$, $1M GTD [Day 1] Hold'em No Limit - Level6(150/300) - 2024/02/26 17:17:26
Table '1' 8-max Seat #3 is the button
Seat 1: 6cee6316 (8,413 in chips)
Seat 2: 80522de7 (3,802 in chips)
Seat 3: 8662676a (17,473 in chips)
Seat 4: d4dec979 (26,900 in chips)
Seat 5: a0ba95ac (12,306 in chips)
Seat 6: aa0748e (14,099 in chips)
Seat 7: ad24418e (8,185 in chips)
Seat 8: Hero (9,935 in chips)
d4dec979: posts the ante 35
Hero: posts the ante 35
a0ba95ac: posts the ante 35
8662676a: posts the ante 35
80522de7: posts the ante 35
ad24418e: posts the ante 35
6cee6316: posts the ante 35
aa0748e: posts the ante 35
d4dec979: posts small blind 150
a0ba95ac: posts big blind 300
*** HOLE CARDS ***
Dealt to 6cee6316 
Dealt to 80522de7 
Dealt to 8662676a 
Dealt to d4dec979 
Dealt to a0ba95ac 
Dealt to aa0748e 
Dealt to ad24418e 
Dealt to Hero [9c 2d]
aa0748e: folds
ad24418e: folds
Hero: folds
6cee6316: raises 300 to 600
80522de7: raises 3,167 to 3,767 and is all-in
8662676a: folds
d4dec979: raises 23,098 to 26,865 and is all-in
a0ba95ac: folds
6cee6316: folds
Uncalled bet (23,098) returned to d4dec979
d4dec979: shows [As Kh]
80522de7: shows [Qs Ac]
*** FLOP *** [4h 8s Ts]
*** TURN *** [4h 8s Ts] [7c]
*** RIVER *** [4h 8s Ts 7c] [6d]
*** SHOWDOWN ***
d4dec979 collected 8,714 from pot
*** SUMMARY ***
Total pot 8,714 | Rake 0 | Jackpot 0 | Bingo 0 | Fortune 0 | Tax 0
Board [4h 8s Ts 7c 6d]
Seat 1: 6cee6316 folded before Flop
Seat 2: 80522de7 showed [Qs Ac] and lost with Ace-High
Seat 3: 8662676a (button) folded before Flop
Seat 4: d4dec979 (small blind) showed [As Kh] and won (8,714) with Ace-High
Seat 5: a0ba95ac (big blind) folded before Flop
Seat 6: aa0748e folded before Flop
Seat 7: ad24418e folded before Flop
Seat 8: Hero folded before Flop


Poker Hand #TM3010129177: Tournament #128173636, Global MILLION$, $1M GTD [Day 1] Hold'em No Limit - Level6(150/300) - 2024/02/26 17:16:36
Table '1' 8-max Seat #2 is the button
Seat 1: 6cee6316 (9,048 in chips)
Seat 2: 80522de7 (3,837 in chips)
Seat 3: 8662676a (17,658 in chips)
Seat 4: d4dec979 (25,905 in chips)
Seat 5: a0ba95ac (12,341 in chips)
Seat 6: aa0748e (14,134 in chips)
Seat 7: ad24418e (8,220 in chips)
Seat 8: Hero (9,970 in chips)
d4dec979: posts the ante 35
Hero: posts the ante 35
a0ba95ac: posts the ante 35
8662676a: posts the ante 35
80522de7: posts the ante 35
ad24418e: posts the ante 35
6cee6316: posts the ante 35
aa0748e: posts the ante 35
8662676a: posts small blind 150
d4dec979: posts big blind 300
*** HOLE CARDS ***
Dealt to 6cee6316 
Dealt to 80522de7 
Dealt to 8662676a 
Dealt to d4dec979 
Dealt to a0ba95ac 
Dealt to aa0748e 
Dealt to ad24418e 
Dealt to Hero [Kd 7h]
a0ba95ac: folds
aa0748e: folds
ad24418e: folds
Hero: folds
6cee6316: raises 300 to 600
80522de7: folds
8662676a: folds
d4dec979: raises 1,630 to 2,230
6cee6316: folds
Uncalled bet (1,630) returned to d4dec979
*** SHOWDOWN ***
d4dec979 collected 1,630 from pot
*** SUMMARY ***
Total pot 1,630 | Rake 0 | Jackpot 0 | Bingo 0 | Fortune 0 | Tax 0
Seat 1: 6cee6316 folded before Flop
Seat 2: 80522de7 (button) folded before Flop
Seat 3: 8662676a (small blind) folded before Flop
Seat 4: d4dec979 (big blind) collected (1,630)
Seat 5: a0ba95ac folded before Flop
Seat 6: aa0748e folded before Flop
Seat 7: ad24418e folded before Flop
Seat 8: Hero folded before Flop


Poker Hand #TM3010129159: Tournament #128173636, Global MILLION$, $1M GTD [Day 1] Hold'em No Limit - Level5(125/250) - 2024/02/26 17:15:28
Table '1' 8-max Seat #1 is the button
Seat 1: 6cee6316 (9,578 in chips)
Seat 2: 80522de7 (10,314 in chips)
Seat 3: 8662676a (18,188 in chips)
Seat 4: d4dec979 (25,935 in chips)
Seat 5: a0ba95ac (12,371 in chips)
Seat 6: aa0748e (6,477 in chips)
Seat 7: ad24418e (8,250 in chips)
Seat 8: Hero (10,000 in chips)
d4dec979: posts the ante 30
Hero: posts the ante 30
a0ba95ac: posts the ante 30
8662676a: posts the ante 30
80522de7: posts the ante 30
ad24418e: posts the ante 30
6cee6316: posts the ante 30
aa0748e: posts the ante 30
80522de7: posts small blind 125
8662676a: posts big blind 250
*** HOLE CARDS ***
Dealt to 6cee6316 
Dealt to 80522de7 
Dealt to 8662676a 
Dealt to d4dec979 
Dealt to a0ba95ac 
Dealt to aa0748e 
Dealt to ad24418e 
Dealt to Hero [2h 6s]
d4dec979: folds
a0ba95ac: folds
aa0748e: raises 250 to 500
ad24418e: folds
Hero: folds
6cee6316: calls 500
80522de7: calls 375
8662676a: calls 250
*** FLOP *** [7c 8c 5s]
80522de7: bets 2,250
8662676a: folds
aa0748e: raises 3,697 to 5,947 and is all-in
6cee6316: folds
80522de7: calls 3,697
aa0748e: shows [Ad Ah] (Pair of Aces)
80522de7: shows [5c Kh] (Pair of Fives)
*** TURN *** [7c 8c 5s] [8s]
*** RIVER *** [7c 8c 5s 8s] [6h]
*** SHOWDOWN ***
aa0748e collected 14,134 from pot
*** SUMMARY ***
Total pot 14,134 | Rake 0 | Jackpot 0 | Bingo 0 | Fortune 0 | Tax 0
Board [7c 8c 5s 8s 6h]
Seat 1: 6cee6316 (button) folded on the Flop
Seat 2: 80522de7 (small blind) showed [5c Kh] and lost with Pair of Eights and Pair of Fives
Seat 3: 8662676a (big blind) folded on the Flop
Seat 4: d4dec979 folded before Flop
Seat 5: a0ba95ac folded before Flop
Seat 6: aa0748e showed [Ad Ah] and won (14,134) with Pair of Aces and Pair of Eights
Seat 7: ad24418e folded before Flop
Seat 8: Hero folded before Flop


