Poker Hand #TM2963320605: Tournament #126701420, GGMasters Classic $25, $40K GTD Hold'em No Limit - Level20(1,250/2,500) - 2024/02/14 17:33:31
Table '234' 8-max Seat #6 is the button
Seat 1: 942f4c5 (21,123 in chips)
Seat 2: 6ea684ca (105,077 in chips)
Seat 3: eb554de9 (35,350 in chips)
Seat 4: 3bd20a7b (38,502 in chips)
Seat 5: cf47cc7c (43,128 in chips)
Seat 6: Hero (18,320 in chips)
Seat 7: 4c7fc7b4 (129,612 in chips)
Seat 8: e5f2db51 (62,089 in chips)
cf47cc7c: posts the ante 300
Hero: posts the ante 300
4c7fc7b4: posts the ante 300
e5f2db51: posts the ante 300
6ea684ca: posts the ante 300
942f4c5: posts the ante 300
eb554de9: posts the ante 300
3bd20a7b: posts the ante 300
4c7fc7b4: posts small blind 1,250
e5f2db51: posts big blind 2,500
*** HOLE CARDS ***
Dealt to 942f4c5 
Dealt to 6ea684ca 
Dealt to eb554de9 
Dealt to 3bd20a7b 
Dealt to cf47cc7c 
Dealt to Hero [As 4c]
Dealt to 4c7fc7b4 
Dealt to e5f2db51 
942f4c5: folds
6ea684ca: folds
eb554de9: folds
3bd20a7b: folds
cf47cc7c: folds
Hero: raises 15,520 to 18,020 and is all-in
4c7fc7b4: folds
e5f2db51: calls 15,520
Hero: shows [As 4c]
e5f2db51: shows [Ah 5d]
*** FLOP *** [6h 3d 5s]
*** TURN *** [6h 3d 5s] [Ac]
*** RIVER *** [6h 3d 5s Ac] [Jd]
*** SHOWDOWN ***
e5f2db51 collected 39,690 from pot
*** SUMMARY ***
Total pot 39,690 | Rake 0 | Jackpot 0 | Bingo 0 | Fortune 0 | Tax 0
Board [6h 3d 5s Ac Jd]
Seat 1: 942f4c5 folded before Flop
Seat 2: 6ea684ca folded before Flop
Seat 3: eb554de9 folded before Flop
Seat 4: 3bd20a7b folded before Flop
Seat 5: cf47cc7c folded before Flop
Seat 6: Hero (button) showed [As 4c] and lost with Pair of Aces
Seat 7: 4c7fc7b4 (small blind) folded before Flop
Seat 8: e5f2db51 (big blind) showed [Ah 5d] and won (39,690) with Pair of Aces and Pair of Fives


Poker Hand #TM2963320507: Tournament #126701420, GGMasters Classic $25, $40K GTD Hold'em No Limit - Level19(1,000/2,000) - 2024/02/14 17:32:20
Table '234' 8-max Seat #5 is the button
Seat 1: 942f4c5 (16,623 in chips)
Seat 3: eb554de9 (35,600 in chips)
Seat 4: 3bd20a7b (38,752 in chips)
Seat 5: cf47cc7c (43,378 in chips)
Seat 6: Hero (19,570 in chips)
Seat 7: 4c7fc7b4 (131,862 in chips)
Seat 8: e5f2db51 (62,339 in chips)
cf47cc7c: posts the ante 250
Hero: posts the ante 250
4c7fc7b4: posts the ante 250
e5f2db51: posts the ante 250
942f4c5: posts the ante 250
eb554de9: posts the ante 250
3bd20a7b: posts the ante 250
Hero: posts small blind 1,000
4c7fc7b4: posts big blind 2,000
*** HOLE CARDS ***
Dealt to 942f4c5 
Dealt to eb554de9 
Dealt to 3bd20a7b 
Dealt to cf47cc7c 
Dealt to Hero [Kc Qs]
Dealt to 4c7fc7b4 
Dealt to e5f2db51 
e5f2db51: folds
942f4c5: raises 14,373 to 16,373 and is all-in
eb554de9: folds
3bd20a7b: folds
cf47cc7c: folds
Hero: folds
4c7fc7b4: folds
Uncalled bet (14,373) returned to 942f4c5
*** SHOWDOWN ***
942f4c5 collected 6,750 from pot
*** SUMMARY ***
Total pot 6,750 | Rake 0 | Jackpot 0 | Bingo 0 | Fortune 0 | Tax 0
Seat 1: 942f4c5 collected (6,750)
Seat 3: eb554de9 folded before Flop
Seat 4: 3bd20a7b folded before Flop
Seat 5: cf47cc7c (button) folded before Flop
Seat 6: Hero (small blind) folded before Flop
Seat 7: 4c7fc7b4 (big blind) folded before Flop
Seat 8: e5f2db51 folded before Flop


Poker Hand #TM2963320427: Tournament #126701420, GGMasters Classic $25, $40K GTD Hold'em No Limit - Level19(1,000/2,000) - 2024/02/14 17:31:24
Table '234' 8-max Seat #4 is the button
Seat 1: 942f4c5 (16,873 in chips)
Seat 3: eb554de9 (35,850 in chips)
Seat 4: 3bd20a7b (39,002 in chips)
Seat 5: cf47cc7c (47,628 in chips)
Seat 6: Hero (21,820 in chips)
Seat 7: 4c7fc7b4 (124,362 in chips)
Seat 8: e5f2db51 (62,589 in chips)
cf47cc7c: posts the ante 250
Hero: posts the ante 250
4c7fc7b4: posts the ante 250
e5f2db51: posts the ante 250
942f4c5: posts the ante 250
eb554de9: posts the ante 250
3bd20a7b: posts the ante 250
cf47cc7c: posts small blind 1,000
Hero: posts big blind 2,000
*** HOLE CARDS ***
Dealt to 942f4c5 
Dealt to eb554de9 
Dealt to 3bd20a7b 
Dealt to cf47cc7c 
Dealt to Hero [Ks 3h]
Dealt to 4c7fc7b4 
Dealt to e5f2db51 
4c7fc7b4: raises 2,000 to 4,000
e5f2db51: folds
942f4c5: folds
eb554de9: folds
3bd20a7b: folds
cf47cc7c: calls 3,000
Hero: folds
*** FLOP *** [4h 6c Td]
cf47cc7c: checks
4c7fc7b4: bets 3,878
cf47cc7c: folds
Uncalled bet (3,878) returned to 4c7fc7b4
*** SHOWDOWN ***
4c7fc7b4 collected 11,750 from pot
*** SUMMARY ***
Total pot 11,750 | Rake 0 | Jackpot 0 | Bingo 0 | Fortune 0 | Tax 0
Board [4h 6c Td]
Seat 1: 942f4c5 folded before Flop
Seat 3: eb554de9 folded before Flop
Seat 4: 3bd20a7b (button) folded before Flop
Seat 5: cf47cc7c (small blind) folded on the Flop
Seat 6: Hero (big blind) folded before Flop
Seat 7: 4c7fc7b4 won (11,750)
Seat 8: e5f2db51 folded before Flop


Poker Hand #TM2963320372: Tournament #126701420, GGMasters Classic $25, $40K GTD Hold'em No Limit - Level19(1,000/2,000) - 2024/02/14 17:30:35
Table '234' 8-max Seat #3 is the button
Seat 1: 942f4c5 (17,123 in chips)
Seat 3: eb554de9 (36,100 in chips)
Seat 4: 3bd20a7b (40,252 in chips)
Seat 5: cf47cc7c (49,878 in chips)
Seat 6: Hero (17,320 in chips)
Seat 7: 4c7fc7b4 (124,612 in chips)
Seat 8: e5f2db51 (62,839 in chips)
cf47cc7c: posts the ante 250
Hero: posts the ante 250
4c7fc7b4: posts the ante 250
e5f2db51: posts the ante 250
942f4c5: posts the ante 250
eb554de9: posts the ante 250
3bd20a7b: posts the ante 250
3bd20a7b: posts small blind 1,000
cf47cc7c: posts big blind 2,000
*** HOLE CARDS ***
Dealt to 942f4c5 
Dealt to eb554de9 
Dealt to 3bd20a7b 
Dealt to cf47cc7c 
Dealt to Hero [5h 5d]
Dealt to 4c7fc7b4 
Dealt to e5f2db51 
Hero: raises 15,070 to 17,070 and is all-in
4c7fc7b4: folds
e5f2db51: folds
942f4c5: folds
eb554de9: folds
3bd20a7b: folds
cf47cc7c: folds
Uncalled bet (15,070) returned to Hero
*** SHOWDOWN ***
Hero collected 6,750 from pot
*** SUMMARY ***
Total pot 6,750 | Rake 0 | Jackpot 0 | Bingo 0 | Fortune 0 | Tax 0
Seat 1: 942f4c5 folded before Flop
Seat 3: eb554de9 (button) folded before Flop
Seat 4: 3bd20a7b (small blind) folded before Flop
Seat 5: cf47cc7c (big blind) folded before Flop
Seat 6: Hero collected (6,750)
Seat 7: 4c7fc7b4 folded before Flop
Seat 8: e5f2db51 folded before Flop


Poker Hand #TM2963320287: Tournament #126701420, GGMasters Classic $25, $40K GTD Hold'em No Limit - Level19(1,000/2,000) - 2024/02/14 17:29:30
Table '234' 8-max Seat #2 is the button
Seat 1: 942f4c5 (17,373 in chips)
Seat 2: 683ee4ce (17,090 in chips)
Seat 3: eb554de9 (37,350 in chips)
Seat 4: 3bd20a7b (42,502 in chips)
Seat 5: cf47cc7c (28,288 in chips)
Seat 6: Hero (17,570 in chips)
Seat 7: 4c7fc7b4 (124,862 in chips)
Seat 8: e5f2db51 (63,089 in chips)
cf47cc7c: posts the ante 250
683ee4ce: posts the ante 250
Hero: posts the ante 250
4c7fc7b4: posts the ante 250
e5f2db51: posts the ante 250
942f4c5: posts the ante 250
eb554de9: posts the ante 250
3bd20a7b: posts the ante 250
eb554de9: posts small blind 1,000
3bd20a7b: posts big blind 2,000
*** HOLE CARDS ***
Dealt to 942f4c5 
Dealt to 683ee4ce 
Dealt to eb554de9 
Dealt to 3bd20a7b 
Dealt to cf47cc7c 
Dealt to Hero [8h 2c]
Dealt to 4c7fc7b4 
Dealt to e5f2db51 
cf47cc7c: raises 4,000 to 6,000
Hero: folds
4c7fc7b4: folds
e5f2db51: folds
942f4c5: folds
683ee4ce: raises 10,840 to 16,840 and is all-in
eb554de9: folds
3bd20a7b: folds
cf47cc7c: calls 10,840
683ee4ce: shows [Kc Ah]
cf47cc7c: shows [Td Qd]
*** FLOP *** [7d Js Kd]
*** TURN *** [7d Js Kd] [9s]
*** RIVER *** [7d Js Kd 9s] [5c]
*** SHOWDOWN ***
cf47cc7c collected 38,680 from pot
*** SUMMARY ***
Total pot 38,680 | Rake 0 | Jackpot 0 | Bingo 0 | Fortune 0 | Tax 0
Board [7d Js Kd 9s 5c]
Seat 1: 942f4c5 folded before Flop
Seat 2: 683ee4ce (button) showed [Kc Ah] and lost with Pair of Kings
Seat 3: eb554de9 (small blind) folded before Flop
Seat 4: 3bd20a7b (big blind) folded before Flop
Seat 5: cf47cc7c showed [Td Qd] and won (38,680) with Kings-High Straight
Seat 6: Hero folded before Flop
Seat 7: 4c7fc7b4 folded before Flop
Seat 8: e5f2db51 folded before Flop


Poker Hand #TM2963320188: Tournament #126701420, GGMasters Classic $25, $40K GTD Hold'em No Limit - Level19(1,000/2,000) - 2024/02/14 17:28:15
Table '234' 8-max Seat #1 is the button
Seat 1: 942f4c5 (12,623 in chips)
Seat 2: 683ee4ce (18,340 in chips)
Seat 3: eb554de9 (39,600 in chips)
Seat 4: 3bd20a7b (42,752 in chips)
Seat 5: cf47cc7c (28,538 in chips)
Seat 6: Hero (17,820 in chips)
Seat 7: 4c7fc7b4 (125,112 in chips)
Seat 8: e5f2db51 (63,339 in chips)
cf47cc7c: posts the ante 250
683ee4ce: posts the ante 250
Hero: posts the ante 250
4c7fc7b4: posts the ante 250
e5f2db51: posts the ante 250
942f4c5: posts the ante 250
eb554de9: posts the ante 250
3bd20a7b: posts the ante 250
683ee4ce: posts small blind 1,000
eb554de9: posts big blind 2,000
*** HOLE CARDS ***
Dealt to 942f4c5 
Dealt to 683ee4ce 
Dealt to eb554de9 
Dealt to 3bd20a7b 
Dealt to cf47cc7c 
Dealt to Hero [Ac 5s]
Dealt to 4c7fc7b4 
Dealt to e5f2db51 
3bd20a7b: folds
cf47cc7c: folds
Hero: folds
4c7fc7b4: folds
e5f2db51: folds
942f4c5: raises 10,373 to 12,373 and is all-in
683ee4ce: folds
eb554de9: folds
Uncalled bet (10,373) returned to 942f4c5
*** SHOWDOWN ***
942f4c5 collected 7,000 from pot
*** SUMMARY ***
Total pot 7,000 | Rake 0 | Jackpot 0 | Bingo 0 | Fortune 0 | Tax 0
Seat 1: 942f4c5 (button) collected (7,000)
Seat 2: 683ee4ce (small blind) folded before Flop
Seat 3: eb554de9 (big blind) folded before Flop
Seat 4: 3bd20a7b folded before Flop
Seat 5: cf47cc7c folded before Flop
Seat 6: Hero folded before Flop
Seat 7: 4c7fc7b4 folded before Flop
Seat 8: e5f2db51 folded before Flop


Poker Hand #TM2963320122: Tournament #126701420, GGMasters Classic $25, $40K GTD Hold'em No Limit - Level19(1,000/2,000) - 2024/02/14 17:27:26
Table '234' 8-max Seat #8 is the button
Seat 1: 942f4c5 (13,873 in chips)
Seat 2: 683ee4ce (38,466 in chips)
Seat 3: eb554de9 (39,850 in chips)
Seat 4: 3bd20a7b (20,126 in chips)
Seat 5: cf47cc7c (28,788 in chips)
Seat 6: Hero (18,070 in chips)
Seat 7: 4c7fc7b4 (125,362 in chips)
Seat 8: e5f2db51 (63,589 in chips)
cf47cc7c: posts the ante 250
683ee4ce: posts the ante 250
Hero: posts the ante 250
4c7fc7b4: posts the ante 250
e5f2db51: posts the ante 250
942f4c5: posts the ante 250
eb554de9: posts the ante 250
3bd20a7b: posts the ante 250
942f4c5: posts small blind 1,000
683ee4ce: posts big blind 2,000
*** HOLE CARDS ***
Dealt to 942f4c5 
Dealt to 683ee4ce 
Dealt to eb554de9 
Dealt to 3bd20a7b 
Dealt to cf47cc7c 
Dealt to Hero [8c 3c]
Dealt to 4c7fc7b4 
Dealt to e5f2db51 
eb554de9: folds
3bd20a7b: raises 17,876 to 19,876 and is all-in
cf47cc7c: folds
Hero: folds
4c7fc7b4: folds
e5f2db51: folds
942f4c5: folds
683ee4ce: calls 17,876
3bd20a7b: shows [Qh Ah]
683ee4ce: shows [Ad Jh]
*** FLOP *** [5d Qc 9s]
*** TURN *** [5d Qc 9s] [5c]
*** RIVER *** [5d Qc 9s 5c] [8h]
e5f2db51: shows [7s 2s] (Pair of Fives)
*** SHOWDOWN ***
3bd20a7b collected 42,752 from pot
*** SUMMARY ***
Total pot 42,752 | Rake 0 | Jackpot 0 | Bingo 0 | Fortune 0 | Tax 0
Board [5d Qc 9s 5c 8h]
Seat 1: 942f4c5 (small blind) folded before Flop
Seat 2: 683ee4ce (big blind) showed [Ad Jh] and lost with Pair of Fives
Seat 3: eb554de9 folded before Flop
Seat 4: 3bd20a7b showed [Qh Ah] and won (42,752) with Pair of Queens and Pair of Fives
Seat 5: cf47cc7c folded before Flop
Seat 6: Hero folded before Flop
Seat 7: 4c7fc7b4 folded before Flop
Seat 8: e5f2db51 (button) folded before Flop


Poker Hand #TM2963320021: Tournament #126701420, GGMasters Classic $25, $40K GTD Hold'em No Limit - Level19(1,000/2,000) - 2024/02/14 17:26:26
Table '234' 8-max Seat #7 is the button
Seat 1: 942f4c5 (16,123 in chips)
Seat 2: 683ee4ce (38,716 in chips)
Seat 4: 3bd20a7b (20,376 in chips)
Seat 5: cf47cc7c (29,038 in chips)
Seat 6: Hero (13,570 in chips)
Seat 7: 4c7fc7b4 (125,612 in chips)
Seat 8: e5f2db51 (64,839 in chips)
cf47cc7c: posts the ante 250
683ee4ce: posts the ante 250
Hero: posts the ante 250
4c7fc7b4: posts the ante 250
e5f2db51: posts the ante 250
942f4c5: posts the ante 250
3bd20a7b: posts the ante 250
e5f2db51: posts small blind 1,000
942f4c5: posts big blind 2,000
*** HOLE CARDS ***
Dealt to 942f4c5 
Dealt to 683ee4ce 
Dealt to 3bd20a7b 
Dealt to cf47cc7c 
Dealt to Hero [Ac 9d]
Dealt to 4c7fc7b4 
Dealt to e5f2db51 
683ee4ce: folds
3bd20a7b: folds
cf47cc7c: folds
Hero: raises 11,320 to 13,320 and is all-in
4c7fc7b4: folds
e5f2db51: folds
942f4c5: folds
Uncalled bet (11,320) returned to Hero
e5f2db51: shows [Ks]
*** SHOWDOWN ***
Hero collected 6,750 from pot
*** SUMMARY ***
Total pot 6,750 | Rake 0 | Jackpot 0 | Bingo 0 | Fortune 0 | Tax 0
Seat 1: 942f4c5 (big blind) folded before Flop
Seat 2: 683ee4ce folded before Flop
Seat 4: 3bd20a7b folded before Flop
Seat 5: cf47cc7c folded before Flop
Seat 6: Hero collected (6,750)
Seat 7: 4c7fc7b4 (button) folded before Flop
Seat 8: e5f2db51 (small blind) folded before Flop


Poker Hand #TM2963319908: Tournament #126701420, GGMasters Classic $25, $40K GTD Hold'em No Limit - Level19(1,000/2,000) - 2024/02/14 17:25:11
Table '234' 8-max Seat #6 is the button
Seat 1: 942f4c5 (4,291 in chips)
Seat 2: 683ee4ce (38,966 in chips)
Seat 3: 281302b0 (25,870 in chips)
Seat 4: 3bd20a7b (20,626 in chips)
Seat 5: cf47cc7c (29,288 in chips)
Seat 6: Hero (13,820 in chips)
Seat 7: 4c7fc7b4 (108,324 in chips)
Seat 8: e5f2db51 (67,089 in chips)
cf47cc7c: posts the ante 250
683ee4ce: posts the ante 250
Hero: posts the ante 250
4c7fc7b4: posts the ante 250
e5f2db51: posts the ante 250
281302b0: posts the ante 250
942f4c5: posts the ante 250
3bd20a7b: posts the ante 250
4c7fc7b4: posts small blind 1,000
e5f2db51: posts big blind 2,000
*** HOLE CARDS ***
Dealt to 942f4c5 
Dealt to 683ee4ce 
Dealt to 281302b0 
Dealt to 3bd20a7b 
Dealt to cf47cc7c 
Dealt to Hero [Jc 7c]
Dealt to 4c7fc7b4 
Dealt to e5f2db51 
942f4c5: raises 2,041 to 4,041 and is all-in
683ee4ce: folds
281302b0: raises 21,579 to 25,620 and is all-in
3bd20a7b: folds
cf47cc7c: folds
Hero: folds
4c7fc7b4: raises 43,868 to 69,488
e5f2db51: folds
Uncalled bet (43,868) returned to 4c7fc7b4
4c7fc7b4: shows [Jh Js]
942f4c5: shows [8s Ad]
281302b0: shows [6h 6c]
*** FLOP *** [5s 7h Ah]
*** TURN *** [5s 7h Ah] [7s]
*** RIVER *** [5s 7h Ah 7s] [Qd]
e5f2db51: shows [3c 5c] (Pair of Sevens and Pair of Fives)
*** SHOWDOWN ***
942f4c5 collected 16,123 from pot
4c7fc7b4 collected 43,158 from pot
*** SUMMARY ***
Total pot 59,281 | Rake 0 | Jackpot 0 | Bingo 0 | Fortune 0 | Tax 0
Board [5s 7h Ah 7s Qd]
Seat 1: 942f4c5 showed [8s Ad] and won (16,123) with Pair of Aces and Pair of Sevens
Seat 2: 683ee4ce folded before Flop
Seat 3: 281302b0 showed [6h 6c] and lost with Pair of Sevens and Pair of Sixes
Seat 4: 3bd20a7b folded before Flop
Seat 5: cf47cc7c folded before Flop
Seat 6: Hero (button) folded before Flop
Seat 7: 4c7fc7b4 (small blind) showed [Jh Js] and won (43,158) with Pair of Jacks and Pair of Sevens
Seat 8: e5f2db51 (big blind) folded before Flop


Poker Hand #TM2963319723: Tournament #126701420, GGMasters Classic $25, $40K GTD Hold'em No Limit - Level19(1,000/2,000) - 2024/02/14 17:23:11
Table '234' 8-max Seat #5 is the button
Seat 1: 942f4c5 (8,541 in chips)
Seat 2: 683ee4ce (39,216 in chips)
Seat 3: 281302b0 (26,120 in chips)
Seat 4: 3bd20a7b (20,876 in chips)
Seat 5: cf47cc7c (29,538 in chips)
Seat 6: Hero (15,070 in chips)
Seat 7: 4c7fc7b4 (118,574 in chips)
Seat 8: e5f2db51 (50,339 in chips)
cf47cc7c: posts the ante 250
683ee4ce: posts the ante 250
Hero: posts the ante 250
4c7fc7b4: posts the ante 250
e5f2db51: posts the ante 250
281302b0: posts the ante 250
942f4c5: posts the ante 250
3bd20a7b: posts the ante 250
Hero: posts small blind 1,000
4c7fc7b4: posts big blind 2,000
*** HOLE CARDS ***
Dealt to 942f4c5 
Dealt to 683ee4ce 
Dealt to 281302b0 
Dealt to 3bd20a7b 
Dealt to cf47cc7c 
Dealt to Hero [Jh 5s]
Dealt to 4c7fc7b4 
Dealt to e5f2db51 
e5f2db51: raises 2,000 to 4,000
942f4c5: calls 4,000
683ee4ce: folds
281302b0: folds
3bd20a7b: folds
cf47cc7c: folds
Hero: folds
4c7fc7b4: calls 2,000
*** FLOP *** [As 3s Kh]
4c7fc7b4: checks
e5f2db51: bets 6,000
942f4c5: folds
4c7fc7b4: calls 6,000
*** TURN *** [As 3s Kh] [7d]
4c7fc7b4: checks
e5f2db51: bets 40,089 and is all-in
4c7fc7b4: folds
Uncalled bet (40,089) returned to e5f2db51
e5f2db51: shows [Ad] (Pair of Aces)
*** SHOWDOWN ***
e5f2db51 collected 27,000 from pot
*** SUMMARY ***
Total pot 27,000 | Rake 0 | Jackpot 0 | Bingo 0 | Fortune 0 | Tax 0
Board [As 3s Kh 7d]
Seat 1: 942f4c5 folded on the Flop
Seat 2: 683ee4ce folded before Flop
Seat 3: 281302b0 folded before Flop
Seat 4: 3bd20a7b folded before Flop
Seat 5: cf47cc7c (button) folded before Flop
Seat 6: Hero (small blind) folded before Flop
Seat 7: 4c7fc7b4 (big blind) folded on the Turn
Seat 8: e5f2db51 showed [Ad] and won (27,000)


Poker Hand #TM2963319609: Tournament #126701420, GGMasters Classic $25, $40K GTD Hold'em No Limit - Level18(800/1,600) - 2024/02/14 17:21:58
Table '234' 8-max Seat #4 is the button
Seat 1: 942f4c5 (21,910 in chips)
Seat 2: 683ee4ce (39,416 in chips)
Seat 3: 281302b0 (26,320 in chips)
Seat 4: 3bd20a7b (21,076 in chips)
Seat 5: cf47cc7c (13,369 in chips)
Seat 6: Hero (16,870 in chips)
Seat 7: 4c7fc7b4 (118,774 in chips)
Seat 8: e5f2db51 (50,539 in chips)
cf47cc7c: posts the ante 200
683ee4ce: posts the ante 200
Hero: posts the ante 200
4c7fc7b4: posts the ante 200
e5f2db51: posts the ante 200
281302b0: posts the ante 200
942f4c5: posts the ante 200
3bd20a7b: posts the ante 200
cf47cc7c: posts small blind 800
Hero: posts big blind 1,600
*** HOLE CARDS ***
Dealt to 942f4c5 
Dealt to 683ee4ce 
Dealt to 281302b0 
Dealt to 3bd20a7b 
Dealt to cf47cc7c 
Dealt to Hero [4c Ts]
Dealt to 4c7fc7b4 
Dealt to e5f2db51 
4c7fc7b4: folds
e5f2db51: folds
942f4c5: raises 1,600 to 3,200
683ee4ce: folds
281302b0: folds
3bd20a7b: folds
cf47cc7c: raises 9,600 to 12,800
Hero: folds
942f4c5: raises 8,910 to 21,710 and is all-in
cf47cc7c: calls 369 and is all-in
Uncalled bet (8,541) returned to 942f4c5
942f4c5: shows [Kc As]
cf47cc7c: shows [2c 2s]
*** FLOP *** [5h 3h 9d]
*** TURN *** [5h 3h 9d] [Jh]
*** RIVER *** [5h 3h 9d Jh] [4d]
e5f2db51: shows [Kd] (King-High)
*** SHOWDOWN ***
cf47cc7c collected 29,538 from pot
*** SUMMARY ***
Total pot 29,538 | Rake 0 | Jackpot 0 | Bingo 0 | Fortune 0 | Tax 0
Board [5h 3h 9d Jh 4d]
Seat 1: 942f4c5 showed [Kc As] and lost with Ace-High
Seat 2: 683ee4ce folded before Flop
Seat 3: 281302b0 folded before Flop
Seat 4: 3bd20a7b (button) folded before Flop
Seat 5: cf47cc7c (small blind) showed [2c 2s] and won (29,538) with Pair of Twos
Seat 6: Hero (big blind) folded before Flop
Seat 7: 4c7fc7b4 folded before Flop
Seat 8: e5f2db51 folded before Flop


Poker Hand #TM2963319466: Tournament #126701420, GGMasters Classic $25, $40K GTD Hold'em No Limit - Level18(800/1,600) - 2024/02/14 17:20:31
Table '234' 8-max Seat #3 is the button
Seat 1: 942f4c5 (22,110 in chips)
Seat 2: 683ee4ce (39,616 in chips)
Seat 3: 281302b0 (26,520 in chips)
Seat 4: 3bd20a7b (22,076 in chips)
Seat 5: cf47cc7c (23,369 in chips)
Seat 6: Hero (17,070 in chips)
Seat 7: 4c7fc7b4 (106,774 in chips)
Seat 8: e5f2db51 (50,739 in chips)
cf47cc7c: posts the ante 200
683ee4ce: posts the ante 200
Hero: posts the ante 200
4c7fc7b4: posts the ante 200
e5f2db51: posts the ante 200
281302b0: posts the ante 200
942f4c5: posts the ante 200
3bd20a7b: posts the ante 200
3bd20a7b: posts small blind 800
cf47cc7c: posts big blind 1,600
*** HOLE CARDS ***
Dealt to 942f4c5 
Dealt to 683ee4ce 
Dealt to 281302b0 
Dealt to 3bd20a7b 
Dealt to cf47cc7c 
Dealt to Hero [Qh 6h]
Dealt to 4c7fc7b4 
Dealt to e5f2db51 
Hero: folds
4c7fc7b4: raises 1,600 to 3,200
e5f2db51: folds
942f4c5: folds
683ee4ce: folds
281302b0: folds
3bd20a7b: folds
cf47cc7c: calls 1,600
*** FLOP *** [9c 9s 5d]
cf47cc7c: checks
4c7fc7b4: checks
*** TURN *** [9c 9s 5d] [As]
cf47cc7c: bets 6,600
4c7fc7b4: calls 6,600
*** RIVER *** [9c 9s 5d As] [3c]
cf47cc7c: checks
4c7fc7b4: bets 16,280
cf47cc7c: folds
Uncalled bet (16,280) returned to 4c7fc7b4
*** SHOWDOWN ***
4c7fc7b4 collected 22,000 from pot
*** SUMMARY ***
Total pot 22,000 | Rake 0 | Jackpot 0 | Bingo 0 | Fortune 0 | Tax 0
Board [9c 9s 5d As 3c]
Seat 1: 942f4c5 folded before Flop
Seat 2: 683ee4ce folded before Flop
Seat 3: 281302b0 (button) folded before Flop
Seat 4: 3bd20a7b (small blind) folded before Flop
Seat 5: cf47cc7c (big blind) folded on the River
Seat 6: Hero folded before Flop
Seat 7: 4c7fc7b4 won (22,000)
Seat 8: e5f2db51 folded before Flop


Poker Hand #TM2963319440: Tournament #126701420, GGMasters Classic $25, $40K GTD Hold'em No Limit - Level18(800/1,600) - 2024/02/14 17:20:09
Table '234' 8-max Seat #2 is the button
Seat 1: 942f4c5 (22,310 in chips)
Seat 2: 683ee4ce (39,816 in chips)
Seat 3: 281302b0 (27,520 in chips)
Seat 4: 3bd20a7b (19,876 in chips)
Seat 5: cf47cc7c (23,569 in chips)
Seat 6: Hero (17,270 in chips)
Seat 7: 4c7fc7b4 (106,974 in chips)
Seat 8: e5f2db51 (50,939 in chips)
cf47cc7c: posts the ante 200
683ee4ce: posts the ante 200
Hero: posts the ante 200
4c7fc7b4: posts the ante 200
e5f2db51: posts the ante 200
942f4c5: posts the ante 200
281302b0: posts the ante 200
3bd20a7b: posts the ante 200
281302b0: posts small blind 800
3bd20a7b: posts big blind 1,600
*** HOLE CARDS ***
Dealt to 942f4c5 
Dealt to 683ee4ce 
Dealt to 281302b0 
Dealt to 3bd20a7b 
Dealt to cf47cc7c 
Dealt to Hero [9s 6h]
Dealt to 4c7fc7b4 
Dealt to e5f2db51 
cf47cc7c: folds
Hero: folds
4c7fc7b4: folds
e5f2db51: folds
942f4c5: folds
683ee4ce: folds
281302b0: folds
Uncalled bet (800) returned to 3bd20a7b
*** SHOWDOWN ***
3bd20a7b collected 3,200 from pot
*** SUMMARY ***
Total pot 3,200 | Rake 0 | Jackpot 0 | Bingo 0 | Fortune 0 | Tax 0
Seat 1: 942f4c5 folded before Flop
Seat 2: 683ee4ce (button) folded before Flop
Seat 3: 281302b0 (small blind) folded before Flop
Seat 4: 3bd20a7b (big blind) collected (3,200)
Seat 5: cf47cc7c folded before Flop
Seat 6: Hero folded before Flop
Seat 7: 4c7fc7b4 folded before Flop
Seat 8: e5f2db51 folded before Flop


Poker Hand #TM2963319353: Tournament #126701420, GGMasters Classic $25, $40K GTD Hold'em No Limit - Level18(800/1,600) - 2024/02/14 17:19:15
Table '234' 8-max Seat #1 is the button
Seat 1: 942f4c5 (22,510 in chips)
Seat 2: 683ee4ce (41,616 in chips)
Seat 3: 281302b0 (24,520 in chips)
Seat 4: 3bd20a7b (20,076 in chips)
Seat 5: cf47cc7c (23,769 in chips)
Seat 6: Hero (17,470 in chips)
Seat 7: 4c7fc7b4 (107,174 in chips)
Seat 8: e5f2db51 (51,139 in chips)
cf47cc7c: posts the ante 200
683ee4ce: posts the ante 200
Hero: posts the ante 200
4c7fc7b4: posts the ante 200
e5f2db51: posts the ante 200
942f4c5: posts the ante 200
281302b0: posts the ante 200
3bd20a7b: posts the ante 200
683ee4ce: posts small blind 800
281302b0: posts big blind 1,600
*** HOLE CARDS ***
Dealt to 942f4c5 
Dealt to 683ee4ce 
Dealt to 281302b0 
Dealt to 3bd20a7b 
Dealt to cf47cc7c 
Dealt to Hero [6s Ts]
Dealt to 4c7fc7b4 
Dealt to e5f2db51 
3bd20a7b: folds
cf47cc7c: folds
Hero: folds
4c7fc7b4: folds
e5f2db51: folds
942f4c5: folds
683ee4ce: calls 800
281302b0: raises 3,200 to 4,800
683ee4ce: folds
Uncalled bet (3,200) returned to 281302b0
*** SHOWDOWN ***
281302b0 collected 4,800 from pot
*** SUMMARY ***
Total pot 4,800 | Rake 0 | Jackpot 0 | Bingo 0 | Fortune 0 | Tax 0
Seat 1: 942f4c5 (button) folded before Flop
Seat 2: 683ee4ce (small blind) folded before Flop
Seat 3: 281302b0 (big blind) collected (4,800)
Seat 4: 3bd20a7b folded before Flop
Seat 5: cf47cc7c folded before Flop
Seat 6: Hero folded before Flop
Seat 7: 4c7fc7b4 folded before Flop
Seat 8: e5f2db51 folded before Flop


Poker Hand #TM2963319288: Tournament #126701420, GGMasters Classic $25, $40K GTD Hold'em No Limit - Level18(800/1,600) - 2024/02/14 17:18:22
Table '234' 8-max Seat #8 is the button
Seat 1: 942f4c5 (23,510 in chips)
Seat 2: 683ee4ce (43,416 in chips)
Seat 3: 281302b0 (24,720 in chips)
Seat 4: 3bd20a7b (20,276 in chips)
Seat 5: cf47cc7c (23,969 in chips)
Seat 6: Hero (13,670 in chips)
Seat 7: 4c7fc7b4 (107,374 in chips)
Seat 8: e5f2db51 (51,339 in chips)
cf47cc7c: posts the ante 200
683ee4ce: posts the ante 200
Hero: posts the ante 200
4c7fc7b4: posts the ante 200
e5f2db51: posts the ante 200
281302b0: posts the ante 200
942f4c5: posts the ante 200
3bd20a7b: posts the ante 200
942f4c5: posts small blind 800
683ee4ce: posts big blind 1,600
*** HOLE CARDS ***
Dealt to 942f4c5 
Dealt to 683ee4ce 
Dealt to 281302b0 
Dealt to 3bd20a7b 
Dealt to cf47cc7c 
Dealt to Hero [Qc Ac]
Dealt to 4c7fc7b4 
Dealt to e5f2db51 
281302b0: folds
3bd20a7b: folds
cf47cc7c: folds
Hero: raises 11,870 to 13,470 and is all-in
4c7fc7b4: folds
e5f2db51: folds
942f4c5: folds
683ee4ce: folds
Uncalled bet (11,870) returned to Hero
e5f2db51: shows [Ks]
*** SHOWDOWN ***
Hero collected 5,600 from pot
*** SUMMARY ***
Total pot 5,600 | Rake 0 | Jackpot 0 | Bingo 0 | Fortune 0 | Tax 0
Seat 1: 942f4c5 (small blind) folded before Flop
Seat 2: 683ee4ce (big blind) folded before Flop
Seat 3: 281302b0 folded before Flop
Seat 4: 3bd20a7b folded before Flop
Seat 5: cf47cc7c folded before Flop
Seat 6: Hero collected (5,600)
Seat 7: 4c7fc7b4 folded before Flop
Seat 8: e5f2db51 (button) folded before Flop


Poker Hand #TM2963319233: Tournament #126701420, GGMasters Classic $25, $40K GTD Hold'em No Limit - Level18(800/1,600) - 2024/02/14 17:17:28
Table '234' 8-max Seat #7 is the button
Seat 1: 942f4c5 (25,310 in chips)
Seat 2: 683ee4ce (43,616 in chips)
Seat 3: 281302b0 (24,920 in chips)
Seat 4: 3bd20a7b (20,476 in chips)
Seat 5: cf47cc7c (24,169 in chips)
Seat 6: Hero (13,870 in chips)
Seat 7: 4c7fc7b4 (103,574 in chips)
Seat 8: e5f2db51 (52,339 in chips)
cf47cc7c: posts the ante 200
683ee4ce: posts the ante 200
Hero: posts the ante 200
4c7fc7b4: posts the ante 200
e5f2db51: posts the ante 200
281302b0: posts the ante 200
942f4c5: posts the ante 200
3bd20a7b: posts the ante 200
e5f2db51: posts small blind 800
942f4c5: posts big blind 1,600
*** HOLE CARDS ***
Dealt to 942f4c5 
Dealt to 683ee4ce 
Dealt to 281302b0 
Dealt to 3bd20a7b 
Dealt to cf47cc7c 
Dealt to Hero [6s 2c]
Dealt to 4c7fc7b4 
Dealt to e5f2db51 
683ee4ce: folds
281302b0: folds
3bd20a7b: folds
cf47cc7c: folds
Hero: folds
4c7fc7b4: raises 1,600 to 3,200
e5f2db51: folds
942f4c5: folds
Uncalled bet (1,600) returned to 4c7fc7b4
*** SHOWDOWN ***
4c7fc7b4 collected 5,600 from pot
*** SUMMARY ***
Total pot 5,600 | Rake 0 | Jackpot 0 | Bingo 0 | Fortune 0 | Tax 0
Seat 1: 942f4c5 (big blind) folded before Flop
Seat 2: 683ee4ce folded before Flop
Seat 3: 281302b0 folded before Flop
Seat 4: 3bd20a7b folded before Flop
Seat 5: cf47cc7c folded before Flop
Seat 6: Hero folded before Flop
Seat 7: 4c7fc7b4 (button) collected (5,600)
Seat 8: e5f2db51 (small blind) folded before Flop


Poker Hand #TM2963319191: Tournament #126701420, GGMasters Classic $25, $40K GTD Hold'em No Limit - Level18(800/1,600) - 2024/02/14 17:16:43
Table '234' 8-max Seat #6 is the button
Seat 1: 942f4c5 (25,510 in chips)
Seat 2: 683ee4ce (43,816 in chips)
Seat 3: 281302b0 (25,120 in chips)
Seat 4: 3bd20a7b (20,676 in chips)
Seat 6: Hero (14,070 in chips)
Seat 7: 4c7fc7b4 (105,374 in chips)
Seat 8: e5f2db51 (49,539 in chips)
683ee4ce: posts the ante 200
Hero: posts the ante 200
4c7fc7b4: posts the ante 200
e5f2db51: posts the ante 200
281302b0: posts the ante 200
942f4c5: posts the ante 200
3bd20a7b: posts the ante 200
4c7fc7b4: posts small blind 800
e5f2db51: posts big blind 1,600
*** HOLE CARDS ***
Dealt to 942f4c5 
Dealt to 683ee4ce 
Dealt to 281302b0 
Dealt to 3bd20a7b 
Dealt to Hero [Jd 4c]
Dealt to 4c7fc7b4 
Dealt to e5f2db51 
942f4c5: folds
683ee4ce: folds
281302b0: folds
3bd20a7b: folds
Hero: folds
4c7fc7b4: calls 800
e5f2db51: raises 47,739 to 49,339 and is all-in
4c7fc7b4: folds
Uncalled bet (47,739) returned to e5f2db51
*** SHOWDOWN ***
e5f2db51 collected 4,600 from pot
*** SUMMARY ***
Total pot 4,600 | Rake 0 | Jackpot 0 | Bingo 0 | Fortune 0 | Tax 0
Seat 1: 942f4c5 folded before Flop
Seat 2: 683ee4ce folded before Flop
Seat 3: 281302b0 folded before Flop
Seat 4: 3bd20a7b folded before Flop
Seat 6: Hero (button) folded before Flop
Seat 7: 4c7fc7b4 (small blind) folded before Flop
Seat 8: e5f2db51 (big blind) collected (4,600)


Poker Hand #TM2963319134: Tournament #126701420, GGMasters Classic $25, $40K GTD Hold'em No Limit - Level18(800/1,600) - 2024/02/14 17:15:53
Table '234' 8-max Seat #5 is the button
Seat 1: 942f4c5 (25,710 in chips)
Seat 2: 683ee4ce (44,016 in chips)
Seat 3: 281302b0 (25,320 in chips)
Seat 4: 21fb2246 (18,085 in chips)
Seat 5: ec8180c2 (35,346 in chips)
Seat 6: Hero (15,070 in chips)
Seat 7: 4c7fc7b4 (50,143 in chips)
Seat 8: e5f2db51 (49,739 in chips)
683ee4ce: posts the ante 200
Hero: posts the ante 200
4c7fc7b4: posts the ante 200
e5f2db51: posts the ante 200
281302b0: posts the ante 200
942f4c5: posts the ante 200
ec8180c2: posts the ante 200
21fb2246: posts the ante 200
Hero: posts small blind 800
4c7fc7b4: posts big blind 1,600
*** HOLE CARDS ***
Dealt to 942f4c5 
Dealt to 683ee4ce 
Dealt to 281302b0 
Dealt to 21fb2246 
Dealt to ec8180c2 
Dealt to Hero [6d Qd]
Dealt to 4c7fc7b4 
Dealt to e5f2db51 
e5f2db51: folds
942f4c5: folds
683ee4ce: folds
281302b0: folds
21fb2246: raises 16,285 to 17,885 and is all-in
ec8180c2: raises 17,261 to 35,146 and is all-in
Hero: folds
4c7fc7b4: calls 33,546
ec8180c2: shows [9s 9c]
4c7fc7b4: shows [Kh Ks]
21fb2246: shows [Ac Tc]
*** FLOP *** [7h 3d Kd]
*** TURN *** [7h 3d Kd] [2s]
*** RIVER *** [7h 3d Kd 2s] [Kc]
e5f2db51: shows [Qs Th] (Pair of Kings)
*** SHOWDOWN ***
4c7fc7b4 collected 56,055 from pot
4c7fc7b4 collected 34,522 from pot
*** SUMMARY ***
Total pot 90,577 | Rake 0 | Jackpot 0 | Bingo 0 | Fortune 0 | Tax 0
Board [7h 3d Kd 2s Kc]
Seat 1: 942f4c5 folded before Flop
Seat 2: 683ee4ce folded before Flop
Seat 3: 281302b0 folded before Flop
Seat 4: 21fb2246 showed [Ac Tc] and lost with Pair of Kings
Seat 5: ec8180c2 (button) showed [9s 9c] and lost with Pair of Kings and Pair of Nines
Seat 6: Hero (small blind) folded before Flop
Seat 7: 4c7fc7b4 (big blind) showed [Kh Ks] and won (90,577) with Four Kings
Seat 8: e5f2db51 folded before Flop


Poker Hand #TM2963319083: Tournament #126701420, GGMasters Classic $25, $40K GTD Hold'em No Limit - Level18(800/1,600) - 2024/02/14 17:15:15
Table '234' 8-max Seat #4 is the button
Seat 1: 942f4c5 (21,910 in chips)
Seat 2: 683ee4ce (44,216 in chips)
Seat 3: 281302b0 (25,520 in chips)
Seat 4: 21fb2246 (18,285 in chips)
Seat 5: ec8180c2 (36,346 in chips)
Seat 6: Hero (16,870 in chips)
Seat 7: 4c7fc7b4 (50,343 in chips)
Seat 8: e5f2db51 (49,939 in chips)
683ee4ce: posts the ante 200
Hero: posts the ante 200
4c7fc7b4: posts the ante 200
e5f2db51: posts the ante 200
281302b0: posts the ante 200
942f4c5: posts the ante 200
21fb2246: posts the ante 200
ec8180c2: posts the ante 200
ec8180c2: posts small blind 800
Hero: posts big blind 1,600
*** HOLE CARDS ***
Dealt to 942f4c5 
Dealt to 683ee4ce 
Dealt to 281302b0 
Dealt to 21fb2246 
Dealt to ec8180c2 
Dealt to Hero [9h 3c]
Dealt to 4c7fc7b4 
Dealt to e5f2db51 
4c7fc7b4: folds
e5f2db51: folds
942f4c5: raises 1,600 to 3,200
683ee4ce: folds
281302b0: folds
21fb2246: folds
ec8180c2: folds
Hero: folds
Uncalled bet (1,600) returned to 942f4c5
*** SHOWDOWN ***
942f4c5 collected 5,600 from pot
*** SUMMARY ***
Total pot 5,600 | Rake 0 | Jackpot 0 | Bingo 0 | Fortune 0 | Tax 0
Seat 1: 942f4c5 collected (5,600)
Seat 2: 683ee4ce folded before Flop
Seat 3: 281302b0 folded before Flop
Seat 4: 21fb2246 (button) folded before Flop
Seat 5: ec8180c2 (small blind) folded before Flop
Seat 6: Hero (big blind) folded before Flop
Seat 7: 4c7fc7b4 folded before Flop
Seat 8: e5f2db51 folded before Flop


Poker Hand #TM2962488960: Tournament #126701420, GGMasters Classic $25, $40K GTD Hold'em No Limit - Level18(800/1,600) - 2024/02/14 17:13:17
Table '234' 8-max Seat #3 is the button
Seat 1: 942f4c5 (22,110 in chips)
Seat 2: 683ee4ce (44,416 in chips)
Seat 3: 281302b0 (25,720 in chips)
Seat 4: 21fb2246 (19,285 in chips)
Seat 5: ec8180c2 (39,746 in chips)
Seat 6: Hero (17,070 in chips)
Seat 7: 4c7fc7b4 (44,943 in chips)
Seat 8: e5f2db51 (50,139 in chips)
683ee4ce: posts the ante 200
Hero: posts the ante 200
4c7fc7b4: posts the ante 200
e5f2db51: posts the ante 200
281302b0: posts the ante 200
942f4c5: posts the ante 200
ec8180c2: posts the ante 200
21fb2246: posts the ante 200
21fb2246: posts small blind 800
ec8180c2: posts big blind 1,600
*** HOLE CARDS ***
Dealt to 942f4c5 
Dealt to 683ee4ce 
Dealt to 281302b0 
Dealt to 21fb2246 
Dealt to ec8180c2 
Dealt to Hero [3d 5d]
Dealt to 4c7fc7b4 
Dealt to e5f2db51 
Hero: folds
4c7fc7b4: raises 1,600 to 3,200
e5f2db51: folds
942f4c5: folds
683ee4ce: folds
281302b0: folds
21fb2246: folds
ec8180c2: calls 1,600
*** FLOP *** [8d 2c 7d]
ec8180c2: checks
4c7fc7b4: checks
*** TURN *** [8d 2c 7d] [4h]
ec8180c2: checks
4c7fc7b4: checks
*** RIVER *** [8d 2c 7d 4h] [Qc]
ec8180c2: checks
4c7fc7b4: bets 6,512
ec8180c2: folds
Uncalled bet (6,512) returned to 4c7fc7b4
*** SHOWDOWN ***
4c7fc7b4 collected 8,800 from pot
*** SUMMARY ***
Total pot 8,800 | Rake 0 | Jackpot 0 | Bingo 0 | Fortune 0 | Tax 0
Board [8d 2c 7d 4h Qc]
Seat 1: 942f4c5 folded before Flop
Seat 2: 683ee4ce folded before Flop
Seat 3: 281302b0 (button) folded before Flop
Seat 4: 21fb2246 (small blind) folded before Flop
Seat 5: ec8180c2 (big blind) folded on the River
Seat 6: Hero folded before Flop
Seat 7: 4c7fc7b4 won (8,800)
Seat 8: e5f2db51 folded before Flop


Poker Hand #TM2962488914: Tournament #126701420, GGMasters Classic $25, $40K GTD Hold'em No Limit - Level18(800/1,600) - 2024/02/14 17:12:41
Table '234' 8-max Seat #2 is the button
Seat 1: 942f4c5 (25,510 in chips)
Seat 2: 683ee4ce (37,416 in chips)
Seat 3: 281302b0 (26,720 in chips)
Seat 4: 21fb2246 (21,085 in chips)
Seat 5: ec8180c2 (39,946 in chips)
Seat 6: Hero (17,270 in chips)
Seat 7: 4c7fc7b4 (45,143 in chips)
Seat 8: e5f2db51 (50,339 in chips)
683ee4ce: posts the ante 200
Hero: posts the ante 200
4c7fc7b4: posts the ante 200
e5f2db51: posts the ante 200
942f4c5: posts the ante 200
281302b0: posts the ante 200
ec8180c2: posts the ante 200
21fb2246: posts the ante 200
281302b0: posts small blind 800
21fb2246: posts big blind 1,600
*** HOLE CARDS ***
Dealt to 942f4c5 
Dealt to 683ee4ce 
Dealt to 281302b0 
Dealt to 21fb2246 
Dealt to ec8180c2 
Dealt to Hero [7d Ah]
Dealt to 4c7fc7b4 
Dealt to e5f2db51 
ec8180c2: folds
Hero: folds
4c7fc7b4: folds
e5f2db51: folds
942f4c5: raises 1,600 to 3,200
683ee4ce: raises 34,016 to 37,216 and is all-in
281302b0: folds
21fb2246: folds
942f4c5: folds
Uncalled bet (34,016) returned to 683ee4ce
*** SHOWDOWN ***
683ee4ce collected 10,400 from pot
*** SUMMARY ***
Total pot 10,400 | Rake 0 | Jackpot 0 | Bingo 0 | Fortune 0 | Tax 0
Seat 1: 942f4c5 folded before Flop
Seat 2: 683ee4ce (button) collected (10,400)
Seat 3: 281302b0 (small blind) folded before Flop
Seat 4: 21fb2246 (big blind) folded before Flop
Seat 5: ec8180c2 folded before Flop
Seat 6: Hero folded before Flop
Seat 7: 4c7fc7b4 folded before Flop
Seat 8: e5f2db51 folded before Flop


Poker Hand #TM2962488868: Tournament #126701420, GGMasters Classic $25, $40K GTD Hold'em No Limit - Level17(600/1,200) - 2024/02/14 17:12:01
Table '234' 8-max Seat #1 is the button
Seat 1: 942f4c5 (25,660 in chips)
Seat 2: 683ee4ce (38,166 in chips)
Seat 3: 281302b0 (28,070 in chips)
Seat 4: 21fb2246 (21,235 in chips)
Seat 5: ec8180c2 (40,096 in chips)
Seat 6: Hero (17,420 in chips)
Seat 7: 4c7fc7b4 (45,293 in chips)
Seat 8: e5f2db51 (47,489 in chips)
683ee4ce: posts the ante 150
Hero: posts the ante 150
4c7fc7b4: posts the ante 150
e5f2db51: posts the ante 150
942f4c5: posts the ante 150
281302b0: posts the ante 150
ec8180c2: posts the ante 150
21fb2246: posts the ante 150
683ee4ce: posts small blind 600
281302b0: posts big blind 1,200
*** HOLE CARDS ***
Dealt to 942f4c5 
Dealt to 683ee4ce 
Dealt to 281302b0 
Dealt to 21fb2246 
Dealt to ec8180c2 
Dealt to Hero [Td 9s]
Dealt to 4c7fc7b4 
Dealt to e5f2db51 
21fb2246: folds
ec8180c2: folds
Hero: folds
4c7fc7b4: folds
e5f2db51: raises 1,320 to 2,520
942f4c5: folds
683ee4ce: folds
281302b0: folds
Uncalled bet (1,320) returned to e5f2db51
e5f2db51: shows [As]
*** SHOWDOWN ***
e5f2db51 collected 4,200 from pot
*** SUMMARY ***
Total pot 4,200 | Rake 0 | Jackpot 0 | Bingo 0 | Fortune 0 | Tax 0
Seat 1: 942f4c5 (button) folded before Flop
Seat 2: 683ee4ce (small blind) folded before Flop
Seat 3: 281302b0 (big blind) folded before Flop
Seat 4: 21fb2246 folded before Flop
Seat 5: ec8180c2 folded before Flop
Seat 6: Hero folded before Flop
Seat 7: 4c7fc7b4 folded before Flop
Seat 8: e5f2db51 showed [As] and collected (4,200)


Poker Hand #TM2962488805: Tournament #126701420, GGMasters Classic $25, $40K GTD Hold'em No Limit - Level17(600/1,200) - 2024/02/14 17:11:08
Table '234' 8-max Seat #8 is the button
Seat 1: 942f4c5 (21,010 in chips)
Seat 2: 683ee4ce (39,516 in chips)
Seat 3: 281302b0 (28,220 in chips)
Seat 4: 21fb2246 (21,385 in chips)
Seat 5: ec8180c2 (40,246 in chips)
Seat 6: Hero (17,570 in chips)
Seat 7: 4c7fc7b4 (47,843 in chips)
Seat 8: e5f2db51 (47,639 in chips)
683ee4ce: posts the ante 150
Hero: posts the ante 150
4c7fc7b4: posts the ante 150
e5f2db51: posts the ante 150
281302b0: posts the ante 150
942f4c5: posts the ante 150
ec8180c2: posts the ante 150
21fb2246: posts the ante 150
942f4c5: posts small blind 600
683ee4ce: posts big blind 1,200
*** HOLE CARDS ***
Dealt to 942f4c5 
Dealt to 683ee4ce 
Dealt to 281302b0 
Dealt to 21fb2246 
Dealt to ec8180c2 
Dealt to Hero [Qc 2h]
Dealt to 4c7fc7b4 
Dealt to e5f2db51 
281302b0: folds
21fb2246: folds
ec8180c2: folds
Hero: folds
4c7fc7b4: raises 1,200 to 2,400
e5f2db51: folds
942f4c5: raises 18,460 to 20,860 and is all-in
683ee4ce: folds
4c7fc7b4: folds
Uncalled bet (18,460) returned to 942f4c5
e5f2db51: shows [Kc]
*** SHOWDOWN ***
942f4c5 collected 7,200 from pot
*** SUMMARY ***
Total pot 7,200 | Rake 0 | Jackpot 0 | Bingo 0 | Fortune 0 | Tax 0
Seat 1: 942f4c5 (small blind) collected (7,200)
Seat 2: 683ee4ce (big blind) folded before Flop
Seat 3: 281302b0 folded before Flop
Seat 4: 21fb2246 folded before Flop
Seat 5: ec8180c2 folded before Flop
Seat 6: Hero folded before Flop
Seat 7: 4c7fc7b4 folded before Flop
Seat 8: e5f2db51 (button) folded before Flop


Poker Hand #TM2962488773: Tournament #126701420, GGMasters Classic $25, $40K GTD Hold'em No Limit - Level17(600/1,200) - 2024/02/14 17:10:40
Table '234' 8-max Seat #7 is the button
Seat 1: 942f4c5 (22,360 in chips)
Seat 2: 683ee4ce (36,816 in chips)
Seat 3: 281302b0 (28,370 in chips)
Seat 4: 21fb2246 (21,535 in chips)
Seat 6: Hero (17,720 in chips)
Seat 7: 4c7fc7b4 (47,993 in chips)
Seat 8: e5f2db51 (48,389 in chips)
683ee4ce: posts the ante 150
Hero: posts the ante 150
4c7fc7b4: posts the ante 150
e5f2db51: posts the ante 150
281302b0: posts the ante 150
942f4c5: posts the ante 150
21fb2246: posts the ante 150
e5f2db51: posts small blind 600
942f4c5: posts big blind 1,200
*** HOLE CARDS ***
Dealt to 942f4c5 
Dealt to 683ee4ce 
Dealt to 281302b0 
Dealt to 21fb2246 
Dealt to Hero [Ts 4h]
Dealt to 4c7fc7b4 
Dealt to e5f2db51 
683ee4ce: raises 1,200 to 2,400
281302b0: folds
21fb2246: folds
Hero: folds
4c7fc7b4: folds
e5f2db51: folds
942f4c5: folds
Uncalled bet (1,200) returned to 683ee4ce
*** SHOWDOWN ***
683ee4ce collected 4,050 from pot
*** SUMMARY ***
Total pot 4,050 | Rake 0 | Jackpot 0 | Bingo 0 | Fortune 0 | Tax 0
Seat 1: 942f4c5 (big blind) folded before Flop
Seat 2: 683ee4ce collected (4,050)
Seat 3: 281302b0 folded before Flop
Seat 4: 21fb2246 folded before Flop
Seat 6: Hero folded before Flop
Seat 7: 4c7fc7b4 (button) folded before Flop
Seat 8: e5f2db51 (small blind) folded before Flop


Poker Hand #TM2962488742: Tournament #126701420, GGMasters Classic $25, $40K GTD Hold'em No Limit - Level17(600/1,200) - 2024/02/14 17:10:16
Table '234' 8-max Seat #6 is the button
Seat 1: 942f4c5 (22,510 in chips)
Seat 2: 683ee4ce (36,966 in chips)
Seat 3: 281302b0 (28,520 in chips)
Seat 4: 21fb2246 (18,835 in chips)
Seat 6: Hero (17,870 in chips)
Seat 7: 4c7fc7b4 (48,743 in chips)
Seat 8: e5f2db51 (49,739 in chips)
683ee4ce: posts the ante 150
Hero: posts the ante 150
4c7fc7b4: posts the ante 150
e5f2db51: posts the ante 150
281302b0: posts the ante 150
942f4c5: posts the ante 150
21fb2246: posts the ante 150
4c7fc7b4: posts small blind 600
e5f2db51: posts big blind 1,200
*** HOLE CARDS ***
Dealt to 942f4c5 
Dealt to 683ee4ce 
Dealt to 281302b0 
Dealt to 21fb2246 
Dealt to Hero [2c 5h]
Dealt to 4c7fc7b4 
Dealt to e5f2db51 
942f4c5: folds
683ee4ce: folds
281302b0: folds
21fb2246: raises 1,200 to 2,400
Hero: folds
4c7fc7b4: folds
e5f2db51: folds
Uncalled bet (1,200) returned to 21fb2246
e5f2db51: shows [9d 4c]
*** SHOWDOWN ***
21fb2246 collected 4,050 from pot
*** SUMMARY ***
Total pot 4,050 | Rake 0 | Jackpot 0 | Bingo 0 | Fortune 0 | Tax 0
Seat 1: 942f4c5 folded before Flop
Seat 2: 683ee4ce folded before Flop
Seat 3: 281302b0 folded before Flop
Seat 4: 21fb2246 collected (4,050)
Seat 6: Hero (button) folded before Flop
Seat 7: 4c7fc7b4 (small blind) folded before Flop
Seat 8: e5f2db51 (big blind) folded before Flop


Poker Hand #TM2962488647: Tournament #126701420, GGMasters Classic $25, $40K GTD Hold'em No Limit - Level17(600/1,200) - 2024/02/14 17:08:37
Table '234' 8-max Seat #5 is the button
Seat 1: 942f4c5 (22,660 in chips)
Seat 3: 281302b0 (28,670 in chips)
Seat 4: 21fb2246 (18,985 in chips)
Seat 5: 9334f977 (16,267 in chips)
Seat 6: Hero (18,620 in chips)
Seat 7: 4c7fc7b4 (31,126 in chips)
Seat 8: e5f2db51 (49,889 in chips)
Hero: posts the ante 150
4c7fc7b4: posts the ante 150
e5f2db51: posts the ante 150
281302b0: posts the ante 150
942f4c5: posts the ante 150
9334f977: posts the ante 150
21fb2246: posts the ante 150
Hero: posts small blind 600
4c7fc7b4: posts big blind 1,200
*** HOLE CARDS ***
Dealt to 942f4c5 
Dealt to 281302b0 
Dealt to 21fb2246 
Dealt to 9334f977 
Dealt to Hero [8c 3h]
Dealt to 4c7fc7b4 
Dealt to e5f2db51 
e5f2db51: folds
942f4c5: folds
281302b0: folds
21fb2246: folds
9334f977: raises 14,917 to 16,117 and is all-in
Hero: folds
4c7fc7b4: calls 14,917
9334f977: shows [Qc Js]
4c7fc7b4: shows [Th Ks]
*** FLOP *** [Kd Ah 7s]
*** TURN *** [Kd Ah 7s] [3c]
*** RIVER *** [Kd Ah 7s 3c] [8d]
e5f2db51: shows [Qd] (Ace-High)
*** SHOWDOWN ***
4c7fc7b4 collected 33,884 from pot
*** SUMMARY ***
Total pot 33,884 | Rake 0 | Jackpot 0 | Bingo 0 | Fortune 0 | Tax 0
Board [Kd Ah 7s 3c 8d]
Seat 1: 942f4c5 folded before Flop
Seat 3: 281302b0 folded before Flop
Seat 4: 21fb2246 folded before Flop
Seat 5: 9334f977 (button) showed [Qc Js] and lost with Ace-High
Seat 6: Hero (small blind) folded before Flop
Seat 7: 4c7fc7b4 (big blind) showed [Th Ks] and won (33,884) with Pair of Kings
Seat 8: e5f2db51 folded before Flop


Poker Hand #TM2962488575: Tournament #126701420, GGMasters Classic $25, $40K GTD Hold'em No Limit - Level17(600/1,200) - 2024/02/14 17:07:30
Table '234' 8-max Seat #4 is the button
Seat 1: 942f4c5 (22,810 in chips)
Seat 2: 7e99646f (18,148 in chips)
Seat 3: 281302b0 (28,820 in chips)
Seat 4: 21fb2246 (19,135 in chips)
Seat 5: 9334f977 (17,017 in chips)
Seat 6: Hero (19,970 in chips)
Seat 7: 4c7fc7b4 (31,276 in chips)
Seat 8: e5f2db51 (29,041 in chips)
7e99646f: posts the ante 150
Hero: posts the ante 150
4c7fc7b4: posts the ante 150
e5f2db51: posts the ante 150
281302b0: posts the ante 150
942f4c5: posts the ante 150
21fb2246: posts the ante 150
9334f977: posts the ante 150
9334f977: posts small blind 600
Hero: posts big blind 1,200
*** HOLE CARDS ***
Dealt to 942f4c5 
Dealt to 7e99646f 
Dealt to 281302b0 
Dealt to 21fb2246 
Dealt to 9334f977 
Dealt to Hero [2h 6d]
Dealt to 4c7fc7b4 
Dealt to e5f2db51 
4c7fc7b4: folds
e5f2db51: raises 1,440 to 2,640
942f4c5: folds
7e99646f: raises 15,358 to 17,998 and is all-in
281302b0: folds
21fb2246: folds
9334f977: folds
Hero: folds
e5f2db51: calls 15,358
7e99646f: shows [Kd Jd]
e5f2db51: shows [Td Ts]
*** FLOP *** [7s 5s 5d]
*** TURN *** [7s 5s 5d] [5c]
*** RIVER *** [7s 5s 5d 5c] [Qc]
*** SHOWDOWN ***
e5f2db51 collected 38,996 from pot
*** SUMMARY ***
Total pot 38,996 | Rake 0 | Jackpot 0 | Bingo 0 | Fortune 0 | Tax 0
Board [7s 5s 5d 5c Qc]
Seat 1: 942f4c5 folded before Flop
Seat 2: 7e99646f showed [Kd Jd] and lost with Three Fives
Seat 3: 281302b0 folded before Flop
Seat 4: 21fb2246 (button) folded before Flop
Seat 5: 9334f977 (small blind) folded before Flop
Seat 6: Hero (big blind) folded before Flop
Seat 7: 4c7fc7b4 folded before Flop
Seat 8: e5f2db51 showed [Td Ts] and won (38,996) with Fives Full over Tens


Poker Hand #TM2962488537: Tournament #126701420, GGMasters Classic $25, $40K GTD Hold'em No Limit - Level17(600/1,200) - 2024/02/14 17:06:55
Table '234' 8-max Seat #3 is the button
Seat 1: 942f4c5 (19,960 in chips)
Seat 2: 7e99646f (18,298 in chips)
Seat 3: 281302b0 (28,970 in chips)
Seat 4: 21fb2246 (19,885 in chips)
Seat 5: 9334f977 (18,367 in chips)
Seat 6: Hero (20,120 in chips)
Seat 7: 4c7fc7b4 (31,426 in chips)
Seat 8: e5f2db51 (29,191 in chips)
7e99646f: posts the ante 150
Hero: posts the ante 150
4c7fc7b4: posts the ante 150
e5f2db51: posts the ante 150
281302b0: posts the ante 150
942f4c5: posts the ante 150
9334f977: posts the ante 150
21fb2246: posts the ante 150
21fb2246: posts small blind 600
9334f977: posts big blind 1,200
*** HOLE CARDS ***
Dealt to 942f4c5 
Dealt to 7e99646f 
Dealt to 281302b0 
Dealt to 21fb2246 
Dealt to 9334f977 
Dealt to Hero [2s 6s]
Dealt to 4c7fc7b4 
Dealt to e5f2db51 
Hero: folds
4c7fc7b4: folds
e5f2db51: folds
942f4c5: raises 1,200 to 2,400
7e99646f: folds
281302b0: folds
21fb2246: folds
9334f977: folds
Uncalled bet (1,200) returned to 942f4c5
*** SHOWDOWN ***
942f4c5 collected 4,200 from pot
*** SUMMARY ***
Total pot 4,200 | Rake 0 | Jackpot 0 | Bingo 0 | Fortune 0 | Tax 0
Seat 1: 942f4c5 collected (4,200)
Seat 2: 7e99646f folded before Flop
Seat 3: 281302b0 (button) folded before Flop
Seat 4: 21fb2246 (small blind) folded before Flop
Seat 5: 9334f977 (big blind) folded before Flop
Seat 6: Hero folded before Flop
Seat 7: 4c7fc7b4 folded before Flop
Seat 8: e5f2db51 folded before Flop


Poker Hand #TM2962488484: Tournament #126701420, GGMasters Classic $25, $40K GTD Hold'em No Limit - Level17(600/1,200) - 2024/02/14 17:06:05
Table '234' 8-max Seat #2 is the button
Seat 1: 942f4c5 (20,110 in chips)
Seat 2: 7e99646f (18,448 in chips)
Seat 3: 281302b0 (29,720 in chips)
Seat 4: 21fb2246 (21,235 in chips)
Seat 5: 9334f977 (18,517 in chips)
Seat 6: Hero (20,270 in chips)
Seat 7: 4c7fc7b4 (28,576 in chips)
Seat 8: e5f2db51 (29,341 in chips)
7e99646f: posts the ante 150
Hero: posts the ante 150
4c7fc7b4: posts the ante 150
e5f2db51: posts the ante 150
942f4c5: posts the ante 150
281302b0: posts the ante 150
9334f977: posts the ante 150
21fb2246: posts the ante 150
281302b0: posts small blind 600
21fb2246: posts big blind 1,200
*** HOLE CARDS ***
Dealt to 942f4c5 
Dealt to 7e99646f 
Dealt to 281302b0 
Dealt to 21fb2246 
Dealt to 9334f977 
Dealt to Hero [Qd 2d]
Dealt to 4c7fc7b4 
Dealt to e5f2db51 
9334f977: folds
Hero: folds
4c7fc7b4: raises 1,200 to 2,400
e5f2db51: folds
942f4c5: folds
7e99646f: folds
281302b0: folds
21fb2246: folds
Uncalled bet (1,200) returned to 4c7fc7b4
*** SHOWDOWN ***
4c7fc7b4 collected 4,200 from pot
*** SUMMARY ***
Total pot 4,200 | Rake 0 | Jackpot 0 | Bingo 0 | Fortune 0 | Tax 0
Seat 1: 942f4c5 folded before Flop
Seat 2: 7e99646f (button) folded before Flop
Seat 3: 281302b0 (small blind) folded before Flop
Seat 4: 21fb2246 (big blind) folded before Flop
Seat 5: 9334f977 folded before Flop
Seat 6: Hero folded before Flop
Seat 7: 4c7fc7b4 collected (4,200)
Seat 8: e5f2db51 folded before Flop


Poker Hand #TM2962488369: Tournament #126701420, GGMasters Classic $25, $40K GTD Hold'em No Limit - Level17(600/1,200) - 2024/02/14 17:04:29
Table '234' 8-max Seat #1 is the button
Seat 1: 942f4c5 (20,260 in chips)
Seat 2: 7e99646f (16,198 in chips)
Seat 3: 281302b0 (31,070 in chips)
Seat 4: 21fb2246 (21,385 in chips)
Seat 5: 9334f977 (18,667 in chips)
Seat 6: Hero (20,420 in chips)
Seat 7: 4c7fc7b4 (28,726 in chips)
Seat 8: e5f2db51 (29,491 in chips)
7e99646f: posts the ante 150
Hero: posts the ante 150
4c7fc7b4: posts the ante 150
e5f2db51: posts the ante 150
942f4c5: posts the ante 150
281302b0: posts the ante 150
9334f977: posts the ante 150
21fb2246: posts the ante 150
7e99646f: posts small blind 600
281302b0: posts big blind 1,200
*** HOLE CARDS ***
Dealt to 942f4c5 
Dealt to 7e99646f 
Dealt to 281302b0 
Dealt to 21fb2246 
Dealt to 9334f977 
Dealt to Hero [3d 8d]
Dealt to 4c7fc7b4 
Dealt to e5f2db51 
21fb2246: folds
9334f977: folds
Hero: folds
4c7fc7b4: folds
e5f2db51: folds
942f4c5: folds
7e99646f: raises 14,848 to 16,048 and is all-in
281302b0: folds
Uncalled bet (14,848) returned to 7e99646f
*** SHOWDOWN ***
7e99646f collected 3,600 from pot
*** SUMMARY ***
Total pot 3,600 | Rake 0 | Jackpot 0 | Bingo 0 | Fortune 0 | Tax 0
Seat 1: 942f4c5 (button) folded before Flop
Seat 2: 7e99646f (small blind) collected (3,600)
Seat 3: 281302b0 (big blind) folded before Flop
Seat 4: 21fb2246 folded before Flop
Seat 5: 9334f977 folded before Flop
Seat 6: Hero folded before Flop
Seat 7: 4c7fc7b4 folded before Flop
Seat 8: e5f2db51 folded before Flop


Poker Hand #TM2962488329: Tournament #126701420, GGMasters Classic $25, $40K GTD Hold'em No Limit - Level17(600/1,200) - 2024/02/14 17:03:53
Table '234' 8-max Seat #8 is the button
Seat 1: 942f4c5 (21,010 in chips)
Seat 2: 7e99646f (17,548 in chips)
Seat 3: 281302b0 (31,220 in chips)
Seat 4: 21fb2246 (21,535 in chips)
Seat 5: 9334f977 (15,817 in chips)
Seat 6: Hero (20,570 in chips)
Seat 7: 4c7fc7b4 (28,876 in chips)
Seat 8: e5f2db51 (29,641 in chips)
7e99646f: posts the ante 150
Hero: posts the ante 150
4c7fc7b4: posts the ante 150
e5f2db51: posts the ante 150
281302b0: posts the ante 150
942f4c5: posts the ante 150
9334f977: posts the ante 150
21fb2246: posts the ante 150
942f4c5: posts small blind 600
7e99646f: posts big blind 1,200
*** HOLE CARDS ***
Dealt to 942f4c5 
Dealt to 7e99646f 
Dealt to 281302b0 
Dealt to 21fb2246 
Dealt to 9334f977 
Dealt to Hero [8c Qc]
Dealt to 4c7fc7b4 
Dealt to e5f2db51 
281302b0: folds
21fb2246: folds
9334f977: raises 1,200 to 2,400
Hero: folds
4c7fc7b4: folds
e5f2db51: folds
942f4c5: folds
7e99646f: folds
Uncalled bet (1,200) returned to 9334f977
*** SHOWDOWN ***
9334f977 collected 4,200 from pot
*** SUMMARY ***
Total pot 4,200 | Rake 0 | Jackpot 0 | Bingo 0 | Fortune 0 | Tax 0
Seat 1: 942f4c5 (small blind) folded before Flop
Seat 2: 7e99646f (big blind) folded before Flop
Seat 3: 281302b0 folded before Flop
Seat 4: 21fb2246 folded before Flop
Seat 5: 9334f977 collected (4,200)
Seat 6: Hero folded before Flop
Seat 7: 4c7fc7b4 folded before Flop
Seat 8: e5f2db51 (button) folded before Flop


Poker Hand #TM2962488281: Tournament #126701420, GGMasters Classic $25, $40K GTD Hold'em No Limit - Level17(600/1,200) - 2024/02/14 17:03:16
Table '234' 8-max Seat #7 is the button
Seat 1: 942f4c5 (22,360 in chips)
Seat 2: 7e99646f (14,698 in chips)
Seat 3: 281302b0 (31,370 in chips)
Seat 4: 21fb2246 (21,685 in chips)
Seat 5: 9334f977 (15,967 in chips)
Seat 6: Hero (20,720 in chips)
Seat 7: 4c7fc7b4 (29,026 in chips)
Seat 8: e5f2db51 (30,391 in chips)
7e99646f: posts the ante 150
Hero: posts the ante 150
4c7fc7b4: posts the ante 150
e5f2db51: posts the ante 150
281302b0: posts the ante 150
942f4c5: posts the ante 150
9334f977: posts the ante 150
21fb2246: posts the ante 150
e5f2db51: posts small blind 600
942f4c5: posts big blind 1,200
*** HOLE CARDS ***
Dealt to 942f4c5 
Dealt to 7e99646f 
Dealt to 281302b0 
Dealt to 21fb2246 
Dealt to 9334f977 
Dealt to Hero [6d Qs]
Dealt to 4c7fc7b4 
Dealt to e5f2db51 
7e99646f: raises 13,348 to 14,548 and is all-in
281302b0: folds
21fb2246: folds
9334f977: folds
Hero: folds
4c7fc7b4: folds
e5f2db51: folds
942f4c5: folds
Uncalled bet (13,348) returned to 7e99646f
*** SHOWDOWN ***
7e99646f collected 4,200 from pot
*** SUMMARY ***
Total pot 4,200 | Rake 0 | Jackpot 0 | Bingo 0 | Fortune 0 | Tax 0
Seat 1: 942f4c5 (big blind) folded before Flop
Seat 2: 7e99646f collected (4,200)
Seat 3: 281302b0 folded before Flop
Seat 4: 21fb2246 folded before Flop
Seat 5: 9334f977 folded before Flop
Seat 6: Hero folded before Flop
Seat 7: 4c7fc7b4 (button) folded before Flop
Seat 8: e5f2db51 (small blind) folded before Flop


Poker Hand #TM2962488244: Tournament #126701420, GGMasters Classic $25, $40K GTD Hold'em No Limit - Level17(600/1,200) - 2024/02/14 17:02:42
Table '234' 8-max Seat #6 is the button
Seat 1: 942f4c5 (22,510 in chips)
Seat 2: 7e99646f (14,848 in chips)
Seat 3: 281302b0 (31,520 in chips)
Seat 4: 21fb2246 (18,835 in chips)
Seat 5: 9334f977 (16,117 in chips)
Seat 6: Hero (20,870 in chips)
Seat 7: 4c7fc7b4 (29,776 in chips)
Seat 8: e5f2db51 (31,741 in chips)
7e99646f: posts the ante 150
Hero: posts the ante 150
4c7fc7b4: posts the ante 150
e5f2db51: posts the ante 150
281302b0: posts the ante 150
942f4c5: posts the ante 150
9334f977: posts the ante 150
21fb2246: posts the ante 150
4c7fc7b4: posts small blind 600
e5f2db51: posts big blind 1,200
*** HOLE CARDS ***
Dealt to 942f4c5 
Dealt to 7e99646f 
Dealt to 281302b0 
Dealt to 21fb2246 
Dealt to 9334f977 
Dealt to Hero [6s 6c]
Dealt to 4c7fc7b4 
Dealt to e5f2db51 
942f4c5: folds
7e99646f: folds
281302b0: folds
21fb2246: raises 1,200 to 2,400
9334f977: folds
Hero: folds
4c7fc7b4: folds
e5f2db51: folds
Uncalled bet (1,200) returned to 21fb2246
*** SHOWDOWN ***
21fb2246 collected 4,200 from pot
*** SUMMARY ***
Total pot 4,200 | Rake 0 | Jackpot 0 | Bingo 0 | Fortune 0 | Tax 0
Seat 1: 942f4c5 folded before Flop
Seat 2: 7e99646f folded before Flop
Seat 3: 281302b0 folded before Flop
Seat 4: 21fb2246 collected (4,200)
Seat 5: 9334f977 folded before Flop
Seat 6: Hero (button) folded before Flop
Seat 7: 4c7fc7b4 (small blind) folded before Flop
Seat 8: e5f2db51 (big blind) folded before Flop


Poker Hand #TM2962488131: Tournament #126701420, GGMasters Classic $25, $40K GTD Hold'em No Limit - Level16(500/1,000) - 2024/02/14 16:54:44
Table '234' 8-max Seat #5 is the button
Seat 1: 942f4c5 (22,635 in chips)
Seat 2: 7e99646f (14,973 in chips)
Seat 3: 281302b0 (31,645 in chips)
Seat 4: 21fb2246 (18,960 in chips)
Seat 5: 9334f977 (16,242 in chips)
Seat 6: Hero (18,995 in chips)
Seat 7: 4c7fc7b4 (30,901 in chips)
Seat 8: e5f2db51 (31,866 in chips)
7e99646f: posts the ante 125
Hero: posts the ante 125
4c7fc7b4: posts the ante 125
e5f2db51: posts the ante 125
281302b0: posts the ante 125
942f4c5: posts the ante 125
9334f977: posts the ante 125
21fb2246: posts the ante 125
Hero: posts small blind 500
4c7fc7b4: posts big blind 1,000
*** HOLE CARDS ***
Dealt to 942f4c5 
Dealt to 7e99646f 
Dealt to 281302b0 
Dealt to 21fb2246 
Dealt to 9334f977 
Dealt to Hero [3s Ah]
Dealt to 4c7fc7b4 
Dealt to e5f2db51 
e5f2db51: folds
942f4c5: folds
7e99646f: folds
281302b0: folds
21fb2246: folds
9334f977: folds
Hero: raises 17,870 to 18,870 and is all-in
4c7fc7b4: folds
Uncalled bet (17,870) returned to Hero
*** SHOWDOWN ***
Hero collected 3,000 from pot
*** SUMMARY ***
Total pot 3,000 | Rake 0 | Jackpot 0 | Bingo 0 | Fortune 0 | Tax 0
Seat 1: 942f4c5 folded before Flop
Seat 2: 7e99646f folded before Flop
Seat 3: 281302b0 folded before Flop
Seat 4: 21fb2246 folded before Flop
Seat 5: 9334f977 (button) folded before Flop
Seat 6: Hero (small blind) collected (3,000)
Seat 7: 4c7fc7b4 (big blind) folded before Flop
Seat 8: e5f2db51 folded before Flop


Poker Hand #TM2962488087: Tournament #126701420, GGMasters Classic $25, $40K GTD Hold'em No Limit - Level16(500/1,000) - 2024/02/14 16:54:06
Table '234' 8-max Seat #4 is the button
Seat 1: 942f4c5 (22,760 in chips)
Seat 2: 7e99646f (12,598 in chips)
Seat 3: 281302b0 (31,770 in chips)
Seat 4: 21fb2246 (19,085 in chips)
Seat 5: 9334f977 (16,867 in chips)
Seat 6: Hero (20,120 in chips)
Seat 7: 4c7fc7b4 (31,026 in chips)
Seat 8: e5f2db51 (31,991 in chips)
7e99646f: posts the ante 125
Hero: posts the ante 125
4c7fc7b4: posts the ante 125
e5f2db51: posts the ante 125
281302b0: posts the ante 125
942f4c5: posts the ante 125
21fb2246: posts the ante 125
9334f977: posts the ante 125
9334f977: posts small blind 500
Hero: posts big blind 1,000
*** HOLE CARDS ***
Dealt to 942f4c5 
Dealt to 7e99646f 
Dealt to 281302b0 
Dealt to 21fb2246 
Dealt to 9334f977 
Dealt to Hero [Kd 2s]
Dealt to 4c7fc7b4 
Dealt to e5f2db51 
4c7fc7b4: folds
e5f2db51: folds
942f4c5: folds
7e99646f: raises 11,473 to 12,473 and is all-in
281302b0: folds
21fb2246: folds
9334f977: folds
Hero: folds
Uncalled bet (11,473) returned to 7e99646f
*** SHOWDOWN ***
7e99646f collected 3,500 from pot
*** SUMMARY ***
Total pot 3,500 | Rake 0 | Jackpot 0 | Bingo 0 | Fortune 0 | Tax 0
Seat 1: 942f4c5 folded before Flop
Seat 2: 7e99646f collected (3,500)
Seat 3: 281302b0 folded before Flop
Seat 4: 21fb2246 (button) folded before Flop
Seat 5: 9334f977 (small blind) folded before Flop
Seat 6: Hero (big blind) folded before Flop
Seat 7: 4c7fc7b4 folded before Flop
Seat 8: e5f2db51 folded before Flop


Poker Hand #TM2962488024: Tournament #126701420, GGMasters Classic $25, $40K GTD Hold'em No Limit - Level16(500/1,000) - 2024/02/14 16:53:19
Table '234' 8-max Seat #3 is the button
Seat 1: 942f4c5 (22,885 in chips)
Seat 2: 7e99646f (12,723 in chips)
Seat 3: 281302b0 (31,895 in chips)
Seat 4: 21fb2246 (19,710 in chips)
Seat 5: 9334f977 (17,992 in chips)
Seat 6: Hero (20,245 in chips)
Seat 7: 4c7fc7b4 (28,651 in chips)
Seat 8: e5f2db51 (32,116 in chips)
7e99646f: posts the ante 125
Hero: posts the ante 125
4c7fc7b4: posts the ante 125
e5f2db51: posts the ante 125
281302b0: posts the ante 125
942f4c5: posts the ante 125
9334f977: posts the ante 125
21fb2246: posts the ante 125
21fb2246: posts small blind 500
9334f977: posts big blind 1,000
*** HOLE CARDS ***
Dealt to 942f4c5 
Dealt to 7e99646f 
Dealt to 281302b0 
Dealt to 21fb2246 
Dealt to 9334f977 
Dealt to Hero [Kd 9s]
Dealt to 4c7fc7b4 
Dealt to e5f2db51 
Hero: folds
4c7fc7b4: raises 1,000 to 2,000
e5f2db51: folds
942f4c5: folds
7e99646f: folds
281302b0: folds
21fb2246: folds
9334f977: folds
Uncalled bet (1,000) returned to 4c7fc7b4
*** SHOWDOWN ***
4c7fc7b4 collected 3,500 from pot
*** SUMMARY ***
Total pot 3,500 | Rake 0 | Jackpot 0 | Bingo 0 | Fortune 0 | Tax 0
Seat 1: 942f4c5 folded before Flop
Seat 2: 7e99646f folded before Flop
Seat 3: 281302b0 (button) folded before Flop
Seat 4: 21fb2246 (small blind) folded before Flop
Seat 5: 9334f977 (big blind) folded before Flop
Seat 6: Hero folded before Flop
Seat 7: 4c7fc7b4 collected (3,500)
Seat 8: e5f2db51 folded before Flop


Poker Hand #TM2962487980: Tournament #126701420, GGMasters Classic $25, $40K GTD Hold'em No Limit - Level16(500/1,000) - 2024/02/14 16:52:40
Table '234' 8-max Seat #2 is the button
Seat 1: 942f4c5 (23,010 in chips)
Seat 2: 7e99646f (12,848 in chips)
Seat 3: 281302b0 (32,520 in chips)
Seat 4: 21fb2246 (20,835 in chips)
Seat 5: 9334f977 (15,617 in chips)
Seat 6: Hero (20,370 in chips)
Seat 7: 4c7fc7b4 (28,776 in chips)
Seat 8: e5f2db51 (32,241 in chips)
7e99646f: posts the ante 125
Hero: posts the ante 125
4c7fc7b4: posts the ante 125
e5f2db51: posts the ante 125
942f4c5: posts the ante 125
281302b0: posts the ante 125
9334f977: posts the ante 125
21fb2246: posts the ante 125
281302b0: posts small blind 500
21fb2246: posts big blind 1,000
*** HOLE CARDS ***
Dealt to 942f4c5 
Dealt to 7e99646f 
Dealt to 281302b0 
Dealt to 21fb2246 
Dealt to 9334f977 
Dealt to Hero [6s 7d]
Dealt to 4c7fc7b4 
Dealt to e5f2db51 
9334f977: raises 1,000 to 2,000
Hero: folds
4c7fc7b4: folds
e5f2db51: folds
942f4c5: folds
7e99646f: folds
281302b0: folds
21fb2246: folds
Uncalled bet (1,000) returned to 9334f977
*** SHOWDOWN ***
9334f977 collected 3,500 from pot
*** SUMMARY ***
Total pot 3,500 | Rake 0 | Jackpot 0 | Bingo 0 | Fortune 0 | Tax 0
Seat 1: 942f4c5 folded before Flop
Seat 2: 7e99646f (button) folded before Flop
Seat 3: 281302b0 (small blind) folded before Flop
Seat 4: 21fb2246 (big blind) folded before Flop
Seat 5: 9334f977 collected (3,500)
Seat 6: Hero folded before Flop
Seat 7: 4c7fc7b4 folded before Flop
Seat 8: e5f2db51 folded before Flop


Poker Hand #TM2962487900: Tournament #126701420, GGMasters Classic $25, $40K GTD Hold'em No Limit - Level16(500/1,000) - 2024/02/14 16:51:27
Table '234' 8-max Seat #1 is the button
Seat 1: 942f4c5 (23,135 in chips)
Seat 2: 7e99646f (14,973 in chips)
Seat 3: 281302b0 (33,645 in chips)
Seat 4: 21fb2246 (20,960 in chips)
Seat 5: 9334f977 (15,742 in chips)
Seat 6: Hero (16,495 in chips)
Seat 7: 4c7fc7b4 (28,901 in chips)
Seat 8: e5f2db51 (32,366 in chips)
7e99646f: posts the ante 125
Hero: posts the ante 125
4c7fc7b4: posts the ante 125
e5f2db51: posts the ante 125
942f4c5: posts the ante 125
281302b0: posts the ante 125
9334f977: posts the ante 125
21fb2246: posts the ante 125
7e99646f: posts small blind 500
281302b0: posts big blind 1,000
*** HOLE CARDS ***
Dealt to 942f4c5 
Dealt to 7e99646f 
Dealt to 281302b0 
Dealt to 21fb2246 
Dealt to 9334f977 
Dealt to Hero [Ks Js]
Dealt to 4c7fc7b4 
Dealt to e5f2db51 
21fb2246: folds
9334f977: folds
Hero: raises 1,000 to 2,000
4c7fc7b4: folds
e5f2db51: folds
942f4c5: folds
7e99646f: calls 1,500
281302b0: folds
*** FLOP *** [5s 4d 4s]
7e99646f: checks
Hero: bets 1,500
7e99646f: folds
Uncalled bet (1,500) returned to Hero
*** SHOWDOWN ***
Hero collected 6,000 from pot
*** SUMMARY ***
Total pot 6,000 | Rake 0 | Jackpot 0 | Bingo 0 | Fortune 0 | Tax 0
Board [5s 4d 4s]
Seat 1: 942f4c5 (button) folded before Flop
Seat 2: 7e99646f (small blind) folded on the Flop
Seat 3: 281302b0 (big blind) folded before Flop
Seat 4: 21fb2246 folded before Flop
Seat 5: 9334f977 folded before Flop
Seat 6: Hero won (6,000)
Seat 7: 4c7fc7b4 folded before Flop
Seat 8: e5f2db51 folded before Flop


Poker Hand #TM2962487834: Tournament #126701420, GGMasters Classic $25, $40K GTD Hold'em No Limit - Level16(500/1,000) - 2024/02/14 16:50:28
Table '234' 8-max Seat #8 is the button
Seat 1: 942f4c5 (23,760 in chips)
Seat 2: 7e99646f (16,098 in chips)
Seat 3: 281302b0 (33,770 in chips)
Seat 4: 21fb2246 (21,085 in chips)
Seat 5: 9334f977 (15,867 in chips)
Seat 6: Hero (16,620 in chips)
Seat 7: 4c7fc7b4 (31,026 in chips)
Seat 8: e5f2db51 (27,991 in chips)
7e99646f: posts the ante 125
Hero: posts the ante 125
4c7fc7b4: posts the ante 125
e5f2db51: posts the ante 125
281302b0: posts the ante 125
942f4c5: posts the ante 125
9334f977: posts the ante 125
21fb2246: posts the ante 125
942f4c5: posts small blind 500
7e99646f: posts big blind 1,000
*** HOLE CARDS ***
Dealt to 942f4c5 
Dealt to 7e99646f 
Dealt to 281302b0 
Dealt to 21fb2246 
Dealt to 9334f977 
Dealt to Hero [Kc 3d]
Dealt to 4c7fc7b4 
Dealt to e5f2db51 
281302b0: folds
21fb2246: folds
9334f977: folds
Hero: folds
4c7fc7b4: raises 1,000 to 2,000
e5f2db51: raises 3,600 to 5,600
942f4c5: folds
7e99646f: folds
4c7fc7b4: folds
Uncalled bet (3,600) returned to e5f2db51
*** SHOWDOWN ***
e5f2db51 collected 6,500 from pot
*** SUMMARY ***
Total pot 6,500 | Rake 0 | Jackpot 0 | Bingo 0 | Fortune 0 | Tax 0
Seat 1: 942f4c5 (small blind) folded before Flop
Seat 2: 7e99646f (big blind) folded before Flop
Seat 3: 281302b0 folded before Flop
Seat 4: 21fb2246 folded before Flop
Seat 5: 9334f977 folded before Flop
Seat 6: Hero folded before Flop
Seat 7: 4c7fc7b4 folded before Flop
Seat 8: e5f2db51 (button) collected (6,500)


Poker Hand #TM2962487736: Tournament #126701420, GGMasters Classic $25, $40K GTD Hold'em No Limit - Level16(500/1,000) - 2024/02/14 16:49:04
Table '234' 8-max Seat #7 is the button
Seat 1: 942f4c5 (31,085 in chips)
Seat 2: 7e99646f (16,223 in chips)
Seat 3: 281302b0 (25,195 in chips)
Seat 4: 21fb2246 (21,210 in chips)
Seat 5: 9334f977 (15,992 in chips)
Seat 6: Hero (16,745 in chips)
Seat 7: 4c7fc7b4 (31,151 in chips)
Seat 8: e5f2db51 (28,616 in chips)
7e99646f: posts the ante 125
Hero: posts the ante 125
4c7fc7b4: posts the ante 125
e5f2db51: posts the ante 125
281302b0: posts the ante 125
942f4c5: posts the ante 125
9334f977: posts the ante 125
21fb2246: posts the ante 125
e5f2db51: posts small blind 500
942f4c5: posts big blind 1,000
*** HOLE CARDS ***
Dealt to 942f4c5 
Dealt to 7e99646f 
Dealt to 281302b0 
Dealt to 21fb2246 
Dealt to 9334f977 
Dealt to Hero [4s 3s]
Dealt to 4c7fc7b4 
Dealt to e5f2db51 
7e99646f: folds
281302b0: raises 1,100 to 2,100
21fb2246: folds
9334f977: folds
Hero: folds
4c7fc7b4: folds
e5f2db51: folds
942f4c5: calls 1,100
*** FLOP *** [6h 3h 2s]
942f4c5: checks
281302b0: bets 1,939
942f4c5: raises 3,161 to 5,100
281302b0: raises 17,870 to 22,970 and is all-in
942f4c5: folds
Uncalled bet (17,870) returned to 281302b0
*** SHOWDOWN ***
281302b0 collected 15,900 from pot
*** SUMMARY ***
Total pot 15,900 | Rake 0 | Jackpot 0 | Bingo 0 | Fortune 0 | Tax 0
Board [6h 3h 2s]
Seat 1: 942f4c5 (big blind) folded on the Flop
Seat 2: 7e99646f folded before Flop
Seat 3: 281302b0 won (15,900)
Seat 4: 21fb2246 folded before Flop
Seat 5: 9334f977 folded before Flop
Seat 6: Hero folded before Flop
Seat 7: 4c7fc7b4 (button) folded before Flop
Seat 8: e5f2db51 (small blind) folded before Flop


Poker Hand #TM2962487687: Tournament #126701420, GGMasters Classic $25, $40K GTD Hold'em No Limit - Level16(500/1,000) - 2024/02/14 16:48:20
Table '234' 8-max Seat #6 is the button
Seat 1: 942f4c5 (31,210 in chips)
Seat 2: 7e99646f (18,348 in chips)
Seat 3: 281302b0 (25,320 in chips)
Seat 4: 21fb2246 (16,835 in chips)
Seat 5: 9334f977 (16,117 in chips)
Seat 6: Hero (16,870 in chips)
Seat 7: 4c7fc7b4 (31,776 in chips)
Seat 8: e5f2db51 (29,741 in chips)
7e99646f: posts the ante 125
Hero: posts the ante 125
4c7fc7b4: posts the ante 125
e5f2db51: posts the ante 125
281302b0: posts the ante 125
942f4c5: posts the ante 125
9334f977: posts the ante 125
21fb2246: posts the ante 125
4c7fc7b4: posts small blind 500
e5f2db51: posts big blind 1,000
*** HOLE CARDS ***
Dealt to 942f4c5 
Dealt to 7e99646f 
Dealt to 281302b0 
Dealt to 21fb2246 
Dealt to 9334f977 
Dealt to Hero [5h 3s]
Dealt to 4c7fc7b4 
Dealt to e5f2db51 
942f4c5: folds
7e99646f: raises 1,000 to 2,000
281302b0: folds
21fb2246: raises 14,710 to 16,710 and is all-in
9334f977: folds
Hero: folds
4c7fc7b4: folds
e5f2db51: folds
7e99646f: folds
Uncalled bet (14,710) returned to 21fb2246
*** SHOWDOWN ***
21fb2246 collected 6,500 from pot
*** SUMMARY ***
Total pot 6,500 | Rake 0 | Jackpot 0 | Bingo 0 | Fortune 0 | Tax 0
Seat 1: 942f4c5 folded before Flop
Seat 2: 7e99646f folded before Flop
Seat 3: 281302b0 folded before Flop
Seat 4: 21fb2246 collected (6,500)
Seat 5: 9334f977 folded before Flop
Seat 6: Hero (button) folded before Flop
Seat 7: 4c7fc7b4 (small blind) folded before Flop
Seat 8: e5f2db51 (big blind) folded before Flop


Poker Hand #TM2962487636: Tournament #126701420, GGMasters Classic $25, $40K GTD Hold'em No Limit - Level16(500/1,000) - 2024/02/14 16:47:40
Table '234' 8-max Seat #5 is the button
Seat 1: 942f4c5 (31,335 in chips)
Seat 2: 7e99646f (18,473 in chips)
Seat 3: 281302b0 (25,445 in chips)
Seat 4: 21fb2246 (16,960 in chips)
Seat 5: 9334f977 (16,242 in chips)
Seat 6: Hero (14,995 in chips)
Seat 7: 4c7fc7b4 (32,901 in chips)
Seat 8: e5f2db51 (29,866 in chips)
7e99646f: posts the ante 125
Hero: posts the ante 125
4c7fc7b4: posts the ante 125
e5f2db51: posts the ante 125
281302b0: posts the ante 125
942f4c5: posts the ante 125
9334f977: posts the ante 125
21fb2246: posts the ante 125
Hero: posts small blind 500
4c7fc7b4: posts big blind 1,000
*** HOLE CARDS ***
Dealt to 942f4c5 
Dealt to 7e99646f 
Dealt to 281302b0 
Dealt to 21fb2246 
Dealt to 9334f977 
Dealt to Hero [2c Ad]
Dealt to 4c7fc7b4 
Dealt to e5f2db51 
e5f2db51: folds
942f4c5: folds
7e99646f: folds
281302b0: folds
21fb2246: folds
9334f977: folds
Hero: raises 13,870 to 14,870 and is all-in
4c7fc7b4: folds
Uncalled bet (13,870) returned to Hero
*** SHOWDOWN ***
Hero collected 3,000 from pot
*** SUMMARY ***
Total pot 3,000 | Rake 0 | Jackpot 0 | Bingo 0 | Fortune 0 | Tax 0
Seat 1: 942f4c5 folded before Flop
Seat 2: 7e99646f folded before Flop
Seat 3: 281302b0 folded before Flop
Seat 4: 21fb2246 folded before Flop
Seat 5: 9334f977 (button) folded before Flop
Seat 6: Hero (small blind) collected (3,000)
Seat 7: 4c7fc7b4 (big blind) folded before Flop
Seat 8: e5f2db51 folded before Flop


Poker Hand #TM2962487537: Tournament #126701420, GGMasters Classic $25, $40K GTD Hold'em No Limit - Level16(500/1,000) - 2024/02/14 16:46:19
Table '234' 8-max Seat #4 is the button
Seat 1: 942f4c5 (31,460 in chips)
Seat 2: 7e99646f (18,598 in chips)
Seat 3: 281302b0 (25,570 in chips)
Seat 4: 21fb2246 (17,085 in chips)
Seat 5: 9334f977 (7,246 in chips)
Seat 6: Hero (16,120 in chips)
Seat 7: 4c7fc7b4 (33,026 in chips)
Seat 8: e5f2db51 (37,112 in chips)
7e99646f: posts the ante 125
Hero: posts the ante 125
4c7fc7b4: posts the ante 125
e5f2db51: posts the ante 125
281302b0: posts the ante 125
942f4c5: posts the ante 125
21fb2246: posts the ante 125
9334f977: posts the ante 125
9334f977: posts small blind 500
Hero: posts big blind 1,000
*** HOLE CARDS ***
Dealt to 942f4c5 
Dealt to 7e99646f 
Dealt to 281302b0 
Dealt to 21fb2246 
Dealt to 9334f977 
Dealt to Hero [Kh 6h]
Dealt to 4c7fc7b4 
Dealt to e5f2db51 
4c7fc7b4: folds
e5f2db51: raises 2,000 to 3,000
942f4c5: folds
7e99646f: folds
281302b0: folds
21fb2246: folds
9334f977: raises 4,121 to 7,121 and is all-in
Hero: folds
e5f2db51: calls 4,121
9334f977: shows [8c 8h]
e5f2db51: shows [Td Jd]
*** FLOP *** [4h 2c 4c]
*** TURN *** [4h 2c 4c] [Kd]
*** RIVER *** [4h 2c 4c Kd] [3c]
*** SHOWDOWN ***
9334f977 collected 16,242 from pot
*** SUMMARY ***
Total pot 16,242 | Rake 0 | Jackpot 0 | Bingo 0 | Fortune 0 | Tax 0
Board [4h 2c 4c Kd 3c]
Seat 1: 942f4c5 folded before Flop
Seat 2: 7e99646f folded before Flop
Seat 3: 281302b0 folded before Flop
Seat 4: 21fb2246 (button) folded before Flop
Seat 5: 9334f977 (small blind) showed [8c 8h] and won (16,242) with Pair of Eights and Pair of Fours
Seat 6: Hero (big blind) folded before Flop
Seat 7: 4c7fc7b4 folded before Flop
Seat 8: e5f2db51 showed [Td Jd] and lost with Pair of Fours


Poker Hand #TM2962487473: Tournament #126701420, GGMasters Classic $25, $40K GTD Hold'em No Limit - Level16(500/1,000) - 2024/02/14 16:45:27
Table '234' 8-max Seat #3 is the button
Seat 1: 942f4c5 (31,585 in chips)
Seat 2: 7e99646f (18,723 in chips)
Seat 3: 281302b0 (25,695 in chips)
Seat 4: 21fb2246 (17,710 in chips)
Seat 5: 9334f977 (9,371 in chips)
Seat 6: Hero (16,245 in chips)
Seat 7: 4c7fc7b4 (29,651 in chips)
Seat 8: e5f2db51 (37,237 in chips)
7e99646f: posts the ante 125
Hero: posts the ante 125
4c7fc7b4: posts the ante 125
e5f2db51: posts the ante 125
281302b0: posts the ante 125
942f4c5: posts the ante 125
9334f977: posts the ante 125
21fb2246: posts the ante 125
21fb2246: posts small blind 500
9334f977: posts big blind 1,000
*** HOLE CARDS ***
Dealt to 942f4c5 
Dealt to 7e99646f 
Dealt to 281302b0 
Dealt to 21fb2246 
Dealt to 9334f977 
Dealt to Hero [7h 8d]
Dealt to 4c7fc7b4 
Dealt to e5f2db51 
Hero: folds
4c7fc7b4: raises 1,000 to 2,000
e5f2db51: folds
942f4c5: folds
7e99646f: folds
281302b0: folds
21fb2246: folds
9334f977: calls 1,000
*** FLOP *** [7c Qs 5s]
9334f977: checks
4c7fc7b4: bets 1,320
9334f977: folds
Uncalled bet (1,320) returned to 4c7fc7b4
*** SHOWDOWN ***
4c7fc7b4 collected 5,500 from pot
*** SUMMARY ***
Total pot 5,500 | Rake 0 | Jackpot 0 | Bingo 0 | Fortune 0 | Tax 0
Board [7c Qs 5s]
Seat 1: 942f4c5 folded before Flop
Seat 2: 7e99646f folded before Flop
Seat 3: 281302b0 (button) folded before Flop
Seat 4: 21fb2246 (small blind) folded before Flop
Seat 5: 9334f977 (big blind) folded on the Flop
Seat 6: Hero folded before Flop
Seat 7: 4c7fc7b4 won (5,500)
Seat 8: e5f2db51 folded before Flop


Poker Hand #TM2962487413: Tournament #126701420, GGMasters Classic $25, $40K GTD Hold'em No Limit - Level15(400/800) - 2024/02/14 16:44:40
Table '234' 8-max Seat #2 is the button
Seat 1: 942f4c5 (31,685 in chips)
Seat 2: 7e99646f (18,823 in chips)
Seat 3: 281302b0 (24,195 in chips)
Seat 4: 21fb2246 (18,610 in chips)
Seat 5: 9334f977 (9,471 in chips)
Seat 6: Hero (16,345 in chips)
Seat 7: 4c7fc7b4 (29,751 in chips)
Seat 8: e5f2db51 (37,337 in chips)
7e99646f: posts the ante 100
Hero: posts the ante 100
4c7fc7b4: posts the ante 100
e5f2db51: posts the ante 100
942f4c5: posts the ante 100
281302b0: posts the ante 100
9334f977: posts the ante 100
21fb2246: posts the ante 100
281302b0: posts small blind 400
21fb2246: posts big blind 800
*** HOLE CARDS ***
Dealt to 942f4c5 
Dealt to 7e99646f 
Dealt to 281302b0 
Dealt to 21fb2246 
Dealt to 9334f977 
Dealt to Hero [8c 5c]
Dealt to 4c7fc7b4 
Dealt to e5f2db51 
9334f977: folds
Hero: folds
4c7fc7b4: folds
e5f2db51: folds
942f4c5: folds
7e99646f: folds
281302b0: calls 400
21fb2246: checks
*** FLOP *** [3h 6c 9d]
281302b0: bets 800
21fb2246: folds
Uncalled bet (800) returned to 281302b0
*** SHOWDOWN ***
281302b0 collected 2,400 from pot
*** SUMMARY ***
Total pot 2,400 | Rake 0 | Jackpot 0 | Bingo 0 | Fortune 0 | Tax 0
Board [3h 6c 9d]
Seat 1: 942f4c5 folded before Flop
Seat 2: 7e99646f (button) folded before Flop
Seat 3: 281302b0 (small blind) won (2,400)
Seat 4: 21fb2246 (big blind) folded on the Flop
Seat 5: 9334f977 folded before Flop
Seat 6: Hero folded before Flop
Seat 7: 4c7fc7b4 folded before Flop
Seat 8: e5f2db51 folded before Flop


Poker Hand #TM2962487384: Tournament #126701420, GGMasters Classic $25, $40K GTD Hold'em No Limit - Level15(400/800) - 2024/02/14 16:44:12
Table '234' 8-max Seat #1 is the button
Seat 1: 942f4c5 (31,785 in chips)
Seat 2: 7e99646f (19,323 in chips)
Seat 3: 281302b0 (25,095 in chips)
Seat 4: 21fb2246 (18,710 in chips)
Seat 5: 9334f977 (9,571 in chips)
Seat 6: Hero (14,445 in chips)
Seat 7: 4c7fc7b4 (29,851 in chips)
Seat 8: e5f2db51 (37,437 in chips)
7e99646f: posts the ante 100
Hero: posts the ante 100
4c7fc7b4: posts the ante 100
e5f2db51: posts the ante 100
942f4c5: posts the ante 100
281302b0: posts the ante 100
9334f977: posts the ante 100
21fb2246: posts the ante 100
7e99646f: posts small blind 400
281302b0: posts big blind 800
*** HOLE CARDS ***
Dealt to 942f4c5 
Dealt to 7e99646f 
Dealt to 281302b0 
Dealt to 21fb2246 
Dealt to 9334f977 
Dealt to Hero [Tc 9c]
Dealt to 4c7fc7b4 
Dealt to e5f2db51 
21fb2246: folds
9334f977: folds
Hero: raises 880 to 1,680
4c7fc7b4: folds
e5f2db51: folds
942f4c5: folds
7e99646f: folds
281302b0: folds
Uncalled bet (880) returned to Hero
*** SHOWDOWN ***
Hero collected 2,800 from pot
*** SUMMARY ***
Total pot 2,800 | Rake 0 | Jackpot 0 | Bingo 0 | Fortune 0 | Tax 0
Seat 1: 942f4c5 (button) folded before Flop
Seat 2: 7e99646f (small blind) folded before Flop
Seat 3: 281302b0 (big blind) folded before Flop
Seat 4: 21fb2246 folded before Flop
Seat 5: 9334f977 folded before Flop
Seat 6: Hero collected (2,800)
Seat 7: 4c7fc7b4 folded before Flop
Seat 8: e5f2db51 folded before Flop


Poker Hand #TM2962487338: Tournament #126701420, GGMasters Classic $25, $40K GTD Hold'em No Limit - Level15(400/800) - 2024/02/14 16:43:39
Table '234' 8-max Seat #8 is the button
Seat 1: 942f4c5 (32,285 in chips)
Seat 2: 7e99646f (20,223 in chips)
Seat 3: 281302b0 (25,195 in chips)
Seat 4: 21fb2246 (18,810 in chips)
Seat 5: 9334f977 (9,671 in chips)
Seat 6: Hero (14,545 in chips)
Seat 7: 4c7fc7b4 (27,951 in chips)
Seat 8: e5f2db51 (37,537 in chips)
7e99646f: posts the ante 100
Hero: posts the ante 100
4c7fc7b4: posts the ante 100
e5f2db51: posts the ante 100
281302b0: posts the ante 100
942f4c5: posts the ante 100
9334f977: posts the ante 100
21fb2246: posts the ante 100
942f4c5: posts small blind 400
7e99646f: posts big blind 800
*** HOLE CARDS ***
Dealt to 942f4c5 
Dealt to 7e99646f 
Dealt to 281302b0 
Dealt to 21fb2246 
Dealt to 9334f977 
Dealt to Hero [Td 4d]
Dealt to 4c7fc7b4 
Dealt to e5f2db51 
281302b0: folds
21fb2246: folds
9334f977: folds
Hero: folds
4c7fc7b4: raises 800 to 1,600
e5f2db51: folds
942f4c5: folds
7e99646f: folds
Uncalled bet (800) returned to 4c7fc7b4
*** SHOWDOWN ***
4c7fc7b4 collected 2,800 from pot
*** SUMMARY ***
Total pot 2,800 | Rake 0 | Jackpot 0 | Bingo 0 | Fortune 0 | Tax 0
Seat 1: 942f4c5 (small blind) folded before Flop
Seat 2: 7e99646f (big blind) folded before Flop
Seat 3: 281302b0 folded before Flop
Seat 4: 21fb2246 folded before Flop
Seat 5: 9334f977 folded before Flop
Seat 6: Hero folded before Flop
Seat 7: 4c7fc7b4 collected (2,800)
Seat 8: e5f2db51 (button) folded before Flop


Poker Hand #TM2962487240: Tournament #126701420, GGMasters Classic $25, $40K GTD Hold'em No Limit - Level15(400/800) - 2024/02/14 16:42:20
Table '234' 8-max Seat #7 is the button
Seat 1: 942f4c5 (29,505 in chips)
Seat 2: 7e99646f (22,003 in chips)
Seat 3: 281302b0 (25,295 in chips)
Seat 4: 21fb2246 (18,910 in chips)
Seat 5: 9334f977 (9,771 in chips)
Seat 6: Hero (14,645 in chips)
Seat 7: 4c7fc7b4 (28,051 in chips)
Seat 8: e5f2db51 (38,037 in chips)
7e99646f: posts the ante 100
Hero: posts the ante 100
4c7fc7b4: posts the ante 100
e5f2db51: posts the ante 100
281302b0: posts the ante 100
942f4c5: posts the ante 100
9334f977: posts the ante 100
21fb2246: posts the ante 100
e5f2db51: posts small blind 400
942f4c5: posts big blind 800
*** HOLE CARDS ***
Dealt to 942f4c5 
Dealt to 7e99646f 
Dealt to 281302b0 
Dealt to 21fb2246 
Dealt to 9334f977 
Dealt to Hero [Qh Td]
Dealt to 4c7fc7b4 
Dealt to e5f2db51 
7e99646f: raises 880 to 1,680
281302b0: folds
21fb2246: folds
9334f977: folds
Hero: folds
4c7fc7b4: folds
e5f2db51: folds
942f4c5: calls 880
*** FLOP *** [Ah 4s Js]
942f4c5: checks
7e99646f: checks
*** TURN *** [Ah 4s Js] [Ad]
942f4c5: checks
7e99646f: checks
*** RIVER *** [Ah 4s Js Ad] [Ts]
942f4c5: bets 3,420
7e99646f: folds
Uncalled bet (3,420) returned to 942f4c5
*** SHOWDOWN ***
942f4c5 collected 4,560 from pot
*** SUMMARY ***
Total pot 4,560 | Rake 0 | Jackpot 0 | Bingo 0 | Fortune 0 | Tax 0
Board [Ah 4s Js Ad Ts]
Seat 1: 942f4c5 (big blind) won (4,560)
Seat 2: 7e99646f folded on the River
Seat 3: 281302b0 folded before Flop
Seat 4: 21fb2246 folded before Flop
Seat 5: 9334f977 folded before Flop
Seat 6: Hero folded before Flop
Seat 7: 4c7fc7b4 (button) folded before Flop
Seat 8: e5f2db51 (small blind) folded before Flop


Poker Hand #TM2962487177: Tournament #126701420, GGMasters Classic $25, $40K GTD Hold'em No Limit - Level15(400/800) - 2024/02/14 16:41:27
Table '234' 8-max Seat #6 is the button
Seat 1: 942f4c5 (29,605 in chips)
Seat 2: 7e99646f (22,103 in chips)
Seat 3: 281302b0 (25,395 in chips)
Seat 4: 21fb2246 (19,010 in chips)
Seat 5: 9334f977 (9,871 in chips)
Seat 6: Hero (14,745 in chips)
Seat 7: 4c7fc7b4 (28,951 in chips)
Seat 8: e5f2db51 (36,537 in chips)
7e99646f: posts the ante 100
Hero: posts the ante 100
4c7fc7b4: posts the ante 100
e5f2db51: posts the ante 100
281302b0: posts the ante 100
942f4c5: posts the ante 100
9334f977: posts the ante 100
21fb2246: posts the ante 100
4c7fc7b4: posts small blind 400
e5f2db51: posts big blind 800
*** HOLE CARDS ***
Dealt to 942f4c5 
Dealt to 7e99646f 
Dealt to 281302b0 
Dealt to 21fb2246 
Dealt to 9334f977 
Dealt to Hero [9h 3h]
Dealt to 4c7fc7b4 
Dealt to e5f2db51 
942f4c5: folds
7e99646f: folds
281302b0: folds
21fb2246: folds
9334f977: folds
Hero: folds
4c7fc7b4: calls 400
e5f2db51: raises 1,600 to 2,400
4c7fc7b4: folds
Uncalled bet (1,600) returned to e5f2db51
*** SHOWDOWN ***
e5f2db51 collected 2,400 from pot
*** SUMMARY ***
Total pot 2,400 | Rake 0 | Jackpot 0 | Bingo 0 | Fortune 0 | Tax 0
Seat 1: 942f4c5 folded before Flop
Seat 2: 7e99646f folded before Flop
Seat 3: 281302b0 folded before Flop
Seat 4: 21fb2246 folded before Flop
Seat 5: 9334f977 folded before Flop
Seat 6: Hero (button) folded before Flop
Seat 7: 4c7fc7b4 (small blind) folded before Flop
Seat 8: e5f2db51 (big blind) collected (2,400)


Poker Hand #TM2962487097: Tournament #126701420, GGMasters Classic $25, $40K GTD Hold'em No Limit - Level15(400/800) - 2024/02/14 16:40:30
Table '234' 8-max Seat #5 is the button
Seat 1: 942f4c5 (29,705 in chips)
Seat 2: 7e99646f (23,883 in chips)
Seat 3: 281302b0 (25,495 in chips)
Seat 4: 21fb2246 (19,110 in chips)
Seat 5: 9334f977 (9,971 in chips)
Seat 6: Hero (15,245 in chips)
Seat 7: 4c7fc7b4 (26,171 in chips)
Seat 8: e5f2db51 (36,637 in chips)
7e99646f: posts the ante 100
Hero: posts the ante 100
4c7fc7b4: posts the ante 100
e5f2db51: posts the ante 100
281302b0: posts the ante 100
942f4c5: posts the ante 100
9334f977: posts the ante 100
21fb2246: posts the ante 100
Hero: posts small blind 400
4c7fc7b4: posts big blind 800
*** HOLE CARDS ***
Dealt to 942f4c5 
Dealt to 7e99646f 
Dealt to 281302b0 
Dealt to 21fb2246 
Dealt to 9334f977 
Dealt to Hero [Jd 5h]
Dealt to 4c7fc7b4 
Dealt to e5f2db51 
e5f2db51: folds
942f4c5: folds
7e99646f: raises 880 to 1,680
281302b0: folds
21fb2246: folds
9334f977: folds
Hero: folds
4c7fc7b4: raises 5,120 to 6,800
7e99646f: folds
Uncalled bet (5,120) returned to 4c7fc7b4
*** SHOWDOWN ***
4c7fc7b4 collected 4,560 from pot
*** SUMMARY ***
Total pot 4,560 | Rake 0 | Jackpot 0 | Bingo 0 | Fortune 0 | Tax 0
Seat 1: 942f4c5 folded before Flop
Seat 2: 7e99646f folded before Flop
Seat 3: 281302b0 folded before Flop
Seat 4: 21fb2246 folded before Flop
Seat 5: 9334f977 (button) folded before Flop
Seat 6: Hero (small blind) folded before Flop
Seat 7: 4c7fc7b4 (big blind) collected (4,560)
Seat 8: e5f2db51 folded before Flop


Poker Hand #TM2962487043: Tournament #126701420, GGMasters Classic $25, $40K GTD Hold'em No Limit - Level15(400/800) - 2024/02/14 16:39:51
Table '234' 8-max Seat #4 is the button
Seat 1: 942f4c5 (29,805 in chips)
Seat 2: 7e99646f (23,983 in chips)
Seat 3: 281302b0 (23,595 in chips)
Seat 4: 21fb2246 (19,210 in chips)
Seat 5: 9334f977 (10,471 in chips)
Seat 6: Hero (16,145 in chips)
Seat 7: 4c7fc7b4 (26,271 in chips)
Seat 8: e5f2db51 (36,737 in chips)
7e99646f: posts the ante 100
Hero: posts the ante 100
4c7fc7b4: posts the ante 100
e5f2db51: posts the ante 100
281302b0: posts the ante 100
942f4c5: posts the ante 100
21fb2246: posts the ante 100
9334f977: posts the ante 100
9334f977: posts small blind 400
Hero: posts big blind 800
*** HOLE CARDS ***
Dealt to 942f4c5 
Dealt to 7e99646f 
Dealt to 281302b0 
Dealt to 21fb2246 
Dealt to 9334f977 
Dealt to Hero [3d 8h]
Dealt to 4c7fc7b4 
Dealt to e5f2db51 
4c7fc7b4: folds
e5f2db51: folds
942f4c5: folds
7e99646f: folds
281302b0: raises 880 to 1,680
21fb2246: folds
9334f977: folds
Hero: folds
Uncalled bet (880) returned to 281302b0
*** SHOWDOWN ***
281302b0 collected 2,800 from pot
*** SUMMARY ***
Total pot 2,800 | Rake 0 | Jackpot 0 | Bingo 0 | Fortune 0 | Tax 0
Seat 1: 942f4c5 folded before Flop
Seat 2: 7e99646f folded before Flop
Seat 3: 281302b0 collected (2,800)
Seat 4: 21fb2246 (button) folded before Flop
Seat 5: 9334f977 (small blind) folded before Flop
Seat 6: Hero (big blind) folded before Flop
Seat 7: 4c7fc7b4 folded before Flop
Seat 8: e5f2db51 folded before Flop


Poker Hand #TM2962486987: Tournament #126701420, GGMasters Classic $25, $40K GTD Hold'em No Limit - Level15(400/800) - 2024/02/14 16:39:05
Table '234' 8-max Seat #3 is the button
Seat 1: 942f4c5 (29,905 in chips)
Seat 2: 7e99646f (22,083 in chips)
Seat 3: 281302b0 (23,695 in chips)
Seat 4: 21fb2246 (19,710 in chips)
Seat 5: 9334f977 (11,371 in chips)
Seat 6: Hero (16,245 in chips)
Seat 7: 4c7fc7b4 (26,371 in chips)
Seat 8: e5f2db51 (36,837 in chips)
7e99646f: posts the ante 100
Hero: posts the ante 100
4c7fc7b4: posts the ante 100
e5f2db51: posts the ante 100
281302b0: posts the ante 100
942f4c5: posts the ante 100
9334f977: posts the ante 100
21fb2246: posts the ante 100
21fb2246: posts small blind 400
9334f977: posts big blind 800
*** HOLE CARDS ***
Dealt to 942f4c5 
Dealt to 7e99646f 
Dealt to 281302b0 
Dealt to 21fb2246 
Dealt to 9334f977 
Dealt to Hero [5d Ts]
Dealt to 4c7fc7b4 
Dealt to e5f2db51 
Hero: folds
4c7fc7b4: folds
e5f2db51: folds
942f4c5: folds
7e99646f: raises 880 to 1,680
281302b0: folds
21fb2246: folds
9334f977: folds
Uncalled bet (880) returned to 7e99646f
*** SHOWDOWN ***
7e99646f collected 2,800 from pot
*** SUMMARY ***
Total pot 2,800 | Rake 0 | Jackpot 0 | Bingo 0 | Fortune 0 | Tax 0
Seat 1: 942f4c5 folded before Flop
Seat 2: 7e99646f collected (2,800)
Seat 3: 281302b0 (button) folded before Flop
Seat 4: 21fb2246 (small blind) folded before Flop
Seat 5: 9334f977 (big blind) folded before Flop
Seat 6: Hero folded before Flop
Seat 7: 4c7fc7b4 folded before Flop
Seat 8: e5f2db51 folded before Flop


Poker Hand #TM2962486919: Tournament #126701420, GGMasters Classic $25, $40K GTD Hold'em No Limit - Level15(400/800) - 2024/02/14 16:38:11
Table '234' 8-max Seat #2 is the button
Seat 1: 942f4c5 (26,325 in chips)
Seat 2: 7e99646f (22,183 in chips)
Seat 3: 281302b0 (24,195 in chips)
Seat 4: 21fb2246 (20,610 in chips)
Seat 5: 9334f977 (11,471 in chips)
Seat 6: Hero (18,025 in chips)
Seat 7: 4c7fc7b4 (26,471 in chips)
Seat 8: e5f2db51 (36,937 in chips)
7e99646f: posts the ante 100
Hero: posts the ante 100
4c7fc7b4: posts the ante 100
e5f2db51: posts the ante 100
942f4c5: posts the ante 100
281302b0: posts the ante 100
9334f977: posts the ante 100
21fb2246: posts the ante 100
281302b0: posts small blind 400
21fb2246: posts big blind 800
*** HOLE CARDS ***
Dealt to 942f4c5 
Dealt to 7e99646f 
Dealt to 281302b0 
Dealt to 21fb2246 
Dealt to 9334f977 
Dealt to Hero [Jh Ks]
Dealt to 4c7fc7b4 
Dealt to e5f2db51 
9334f977: folds
Hero: raises 880 to 1,680
4c7fc7b4: folds
e5f2db51: folds
942f4c5: raises 2,680 to 4,360
7e99646f: folds
281302b0: folds
21fb2246: folds
Hero: folds
Uncalled bet (2,680) returned to 942f4c5
*** SHOWDOWN ***
942f4c5 collected 5,360 from pot
*** SUMMARY ***
Total pot 5,360 | Rake 0 | Jackpot 0 | Bingo 0 | Fortune 0 | Tax 0
Seat 1: 942f4c5 collected (5,360)
Seat 2: 7e99646f (button) folded before Flop
Seat 3: 281302b0 (small blind) folded before Flop
Seat 4: 21fb2246 (big blind) folded before Flop
Seat 5: 9334f977 folded before Flop
Seat 6: Hero folded before Flop
Seat 7: 4c7fc7b4 folded before Flop
Seat 8: e5f2db51 folded before Flop


Poker Hand #TM2962486829: Tournament #126701420, GGMasters Classic $25, $40K GTD Hold'em No Limit - Level15(400/800) - 2024/02/14 16:37:04
Table '234' 8-max Seat #1 is the button
Seat 1: 942f4c5 (28,425 in chips)
Seat 2: 7e99646f (22,683 in chips)
Seat 3: 281302b0 (25,095 in chips)
Seat 4: 21fb2246 (20,710 in chips)
Seat 5: 9334f977 (11,571 in chips)
Seat 6: Hero (18,125 in chips)
Seat 7: 4c7fc7b4 (26,571 in chips)
Seat 8: e5f2db51 (33,037 in chips)
7e99646f: posts the ante 100
Hero: posts the ante 100
4c7fc7b4: posts the ante 100
e5f2db51: posts the ante 100
942f4c5: posts the ante 100
281302b0: posts the ante 100
9334f977: posts the ante 100
21fb2246: posts the ante 100
7e99646f: posts small blind 400
281302b0: posts big blind 800
*** HOLE CARDS ***
Dealt to 942f4c5 
Dealt to 7e99646f 
Dealt to 281302b0 
Dealt to 21fb2246 
Dealt to 9334f977 
Dealt to Hero [6c Qd]
Dealt to 4c7fc7b4 
Dealt to e5f2db51 
21fb2246: folds
9334f977: folds
Hero: folds
4c7fc7b4: folds
e5f2db51: raises 1,200 to 2,000
942f4c5: calls 2,000
7e99646f: folds
281302b0: folds
*** FLOP *** [3d Ad 3s]
e5f2db51: bets 2,400
942f4c5: folds
Uncalled bet (2,400) returned to e5f2db51
*** SHOWDOWN ***
e5f2db51 collected 6,000 from pot
*** SUMMARY ***
Total pot 6,000 | Rake 0 | Jackpot 0 | Bingo 0 | Fortune 0 | Tax 0
Board [3d Ad 3s]
Seat 1: 942f4c5 (button) folded on the Flop
Seat 2: 7e99646f (small blind) folded before Flop
Seat 3: 281302b0 (big blind) folded before Flop
Seat 4: 21fb2246 folded before Flop
Seat 5: 9334f977 folded before Flop
Seat 6: Hero folded before Flop
Seat 7: 4c7fc7b4 folded before Flop
Seat 8: e5f2db51 won (6,000)


Poker Hand #TM2962486747: Tournament #126701420, GGMasters Classic $25, $40K GTD Hold'em No Limit - Level15(400/800) - 2024/02/14 16:36:11
Table '234' 8-max Seat #8 is the button
Seat 1: 942f4c5 (28,925 in chips)
Seat 2: 7e99646f (24,783 in chips)
Seat 3: 281302b0 (25,195 in chips)
Seat 4: 21fb2246 (20,810 in chips)
Seat 5: 9334f977 (11,671 in chips)
Seat 6: Hero (18,225 in chips)
Seat 7: 4c7fc7b4 (26,671 in chips)
Seat 8: e5f2db51 (29,937 in chips)
7e99646f: posts the ante 100
Hero: posts the ante 100
4c7fc7b4: posts the ante 100
e5f2db51: posts the ante 100
281302b0: posts the ante 100
942f4c5: posts the ante 100
9334f977: posts the ante 100
21fb2246: posts the ante 100
942f4c5: posts small blind 400
7e99646f: posts big blind 800
*** HOLE CARDS ***
Dealt to 942f4c5 
Dealt to 7e99646f 
Dealt to 281302b0 
Dealt to 21fb2246 
Dealt to 9334f977 
Dealt to Hero [Kd 8h]
Dealt to 4c7fc7b4 
Dealt to e5f2db51 
281302b0: folds
21fb2246: folds
9334f977: folds
Hero: folds
4c7fc7b4: folds
e5f2db51: raises 1,200 to 2,000
942f4c5: folds
7e99646f: calls 1,200
*** FLOP *** [Ts 7c Qs]
7e99646f: checks
e5f2db51: bets 2,080
7e99646f: folds
Uncalled bet (2,080) returned to e5f2db51
*** SHOWDOWN ***
e5f2db51 collected 5,200 from pot
*** SUMMARY ***
Total pot 5,200 | Rake 0 | Jackpot 0 | Bingo 0 | Fortune 0 | Tax 0
Board [Ts 7c Qs]
Seat 1: 942f4c5 (small blind) folded before Flop
Seat 2: 7e99646f (big blind) folded on the Flop
Seat 3: 281302b0 folded before Flop
Seat 4: 21fb2246 folded before Flop
Seat 5: 9334f977 folded before Flop
Seat 6: Hero folded before Flop
Seat 7: 4c7fc7b4 folded before Flop
Seat 8: e5f2db51 (button) won (5,200)


Poker Hand #TM2962486687: Tournament #126701420, GGMasters Classic $25, $40K GTD Hold'em No Limit - Level15(400/800) - 2024/02/14 16:35:26
Table '234' 8-max Seat #7 is the button
Seat 1: 942f4c5 (29,825 in chips)
Seat 2: 7e99646f (26,483 in chips)
Seat 3: 281302b0 (25,295 in chips)
Seat 4: 21fb2246 (20,910 in chips)
Seat 5: 9334f977 (11,771 in chips)
Seat 6: Hero (14,725 in chips)
Seat 7: 4c7fc7b4 (26,771 in chips)
Seat 8: e5f2db51 (30,437 in chips)
7e99646f: posts the ante 100
Hero: posts the ante 100
4c7fc7b4: posts the ante 100
e5f2db51: posts the ante 100
281302b0: posts the ante 100
942f4c5: posts the ante 100
9334f977: posts the ante 100
21fb2246: posts the ante 100
e5f2db51: posts small blind 400
942f4c5: posts big blind 800
*** HOLE CARDS ***
Dealt to 942f4c5 
Dealt to 7e99646f 
Dealt to 281302b0 
Dealt to 21fb2246 
Dealt to 9334f977 
Dealt to Hero [As Ac]
Dealt to 4c7fc7b4 
Dealt to e5f2db51 
7e99646f: raises 800 to 1,600
281302b0: folds
21fb2246: folds
9334f977: folds
Hero: raises 2,000 to 3,600
4c7fc7b4: folds
e5f2db51: folds
942f4c5: folds
7e99646f: folds
Uncalled bet (2,000) returned to Hero
*** SHOWDOWN ***
Hero collected 5,200 from pot
*** SUMMARY ***
Total pot 5,200 | Rake 0 | Jackpot 0 | Bingo 0 | Fortune 0 | Tax 0
Seat 1: 942f4c5 (big blind) folded before Flop
Seat 2: 7e99646f folded before Flop
Seat 3: 281302b0 folded before Flop
Seat 4: 21fb2246 folded before Flop
Seat 5: 9334f977 folded before Flop
Seat 6: Hero collected (5,200)
Seat 7: 4c7fc7b4 (button) folded before Flop
Seat 8: e5f2db51 (small blind) folded before Flop


Poker Hand #TM2962486652: Tournament #126701420, GGMasters Classic $25, $40K GTD Hold'em No Limit - Level15(400/800) - 2024/02/14 16:35:03
Table '234' 8-max Seat #6 is the button
Seat 1: 942f4c5 (29,925 in chips)
Seat 2: 7e99646f (24,583 in chips)
Seat 3: 281302b0 (25,395 in chips)
Seat 4: 21fb2246 (21,010 in chips)
Seat 5: 9334f977 (11,871 in chips)
Seat 6: Hero (14,825 in chips)
Seat 7: 4c7fc7b4 (27,271 in chips)
Seat 8: e5f2db51 (31,337 in chips)
7e99646f: posts the ante 100
Hero: posts the ante 100
4c7fc7b4: posts the ante 100
e5f2db51: posts the ante 100
281302b0: posts the ante 100
942f4c5: posts the ante 100
9334f977: posts the ante 100
21fb2246: posts the ante 100
4c7fc7b4: posts small blind 400
e5f2db51: posts big blind 800
*** HOLE CARDS ***
Dealt to 942f4c5 
Dealt to 7e99646f 
Dealt to 281302b0 
Dealt to 21fb2246 
Dealt to 9334f977 
Dealt to Hero [5s 7d]
Dealt to 4c7fc7b4 
Dealt to e5f2db51 
942f4c5: folds
7e99646f: raises 880 to 1,680
281302b0: folds
21fb2246: folds
9334f977: folds
Hero: folds
4c7fc7b4: folds
e5f2db51: folds
Uncalled bet (880) returned to 7e99646f
*** SHOWDOWN ***
7e99646f collected 2,800 from pot
*** SUMMARY ***
Total pot 2,800 | Rake 0 | Jackpot 0 | Bingo 0 | Fortune 0 | Tax 0
Seat 1: 942f4c5 folded before Flop
Seat 2: 7e99646f collected (2,800)
Seat 3: 281302b0 folded before Flop
Seat 4: 21fb2246 folded before Flop
Seat 5: 9334f977 folded before Flop
Seat 6: Hero (button) folded before Flop
Seat 7: 4c7fc7b4 (small blind) folded before Flop
Seat 8: e5f2db51 (big blind) folded before Flop


Poker Hand #TM2962486510: Tournament #126701420, GGMasters Classic $25, $40K GTD Hold'em No Limit - Level14(350/700) - 2024/02/14 16:33:33
Table '234' 8-max Seat #5 is the button
Seat 1: 942f4c5 (31,410 in chips)
Seat 2: 7e99646f (24,668 in chips)
Seat 3: 281302b0 (25,480 in chips)
Seat 4: 21fb2246 (21,095 in chips)
Seat 5: 9334f977 (11,956 in chips)
Seat 6: Hero (12,130 in chips)
Seat 7: 4c7fc7b4 (28,056 in chips)
Seat 8: e5f2db51 (31,422 in chips)
7e99646f: posts the ante 85
Hero: posts the ante 85
4c7fc7b4: posts the ante 85
e5f2db51: posts the ante 85
281302b0: posts the ante 85
942f4c5: posts the ante 85
9334f977: posts the ante 85
21fb2246: posts the ante 85
Hero: posts small blind 350
4c7fc7b4: posts big blind 700
*** HOLE CARDS ***
Dealt to 942f4c5 
Dealt to 7e99646f 
Dealt to 281302b0 
Dealt to 21fb2246 
Dealt to 9334f977 
Dealt to Hero [Ac Ad]
Dealt to 4c7fc7b4 
Dealt to e5f2db51 
e5f2db51: folds
942f4c5: raises 700 to 1,400
7e99646f: folds
281302b0: folds
21fb2246: folds
9334f977: folds
Hero: raises 10,645 to 12,045 and is all-in
4c7fc7b4: folds
942f4c5: folds
Uncalled bet (10,645) returned to Hero
*** SHOWDOWN ***
Hero collected 4,180 from pot
*** SUMMARY ***
Total pot 4,180 | Rake 0 | Jackpot 0 | Bingo 0 | Fortune 0 | Tax 0
Seat 1: 942f4c5 folded before Flop
Seat 2: 7e99646f folded before Flop
Seat 3: 281302b0 folded before Flop
Seat 4: 21fb2246 folded before Flop
Seat 5: 9334f977 (button) folded before Flop
Seat 6: Hero (small blind) collected (4,180)
Seat 7: 4c7fc7b4 (big blind) folded before Flop
Seat 8: e5f2db51 folded before Flop


Poker Hand #TM2962486426: Tournament #126701420, GGMasters Classic $25, $40K GTD Hold'em No Limit - Level14(350/700) - 2024/02/14 16:32:38
Table '234' 8-max Seat #4 is the button
Seat 1: 942f4c5 (31,495 in chips)
Seat 2: 7e99646f (26,223 in chips)
Seat 3: 281302b0 (25,565 in chips)
Seat 4: 21fb2246 (21,180 in chips)
Seat 5: 9334f977 (12,391 in chips)
Seat 6: Hero (9,715 in chips)
Seat 7: 4c7fc7b4 (28,141 in chips)
Seat 8: e5f2db51 (31,507 in chips)
7e99646f: posts the ante 85
Hero: posts the ante 85
4c7fc7b4: posts the ante 85
e5f2db51: posts the ante 85
281302b0: posts the ante 85
942f4c5: posts the ante 85
21fb2246: posts the ante 85
9334f977: posts the ante 85
9334f977: posts small blind 350
Hero: posts big blind 700
*** HOLE CARDS ***
Dealt to 942f4c5 
Dealt to 7e99646f 
Dealt to 281302b0 
Dealt to 21fb2246 
Dealt to 9334f977 
Dealt to Hero [7h Ts]
Dealt to 4c7fc7b4 
Dealt to e5f2db51 
4c7fc7b4: folds
e5f2db51: folds
942f4c5: folds
7e99646f: raises 770 to 1,470
281302b0: folds
21fb2246: folds
9334f977: folds
Hero: calls 770
*** FLOP *** [5s 4d 6s]
Hero: bets 8,160 and is all-in
7e99646f: folds
Uncalled bet (8,160) returned to Hero
*** SHOWDOWN ***
Hero collected 3,970 from pot
*** SUMMARY ***
Total pot 3,970 | Rake 0 | Jackpot 0 | Bingo 0 | Fortune 0 | Tax 0
Board [5s 4d 6s]
Seat 1: 942f4c5 folded before Flop
Seat 2: 7e99646f folded on the Flop
Seat 3: 281302b0 folded before Flop
Seat 4: 21fb2246 (button) folded before Flop
Seat 5: 9334f977 (small blind) folded before Flop
Seat 6: Hero (big blind) won (3,970)
Seat 7: 4c7fc7b4 folded before Flop
Seat 8: e5f2db51 folded before Flop


Poker Hand #TM2962486304: Tournament #126701420, GGMasters Classic $25, $40K GTD Hold'em No Limit - Level14(350/700) - 2024/02/14 16:31:04
Table '234' 8-max Seat #3 is the button
Seat 1: 942f4c5 (31,580 in chips)
Seat 2: 7e99646f (26,308 in chips)
Seat 3: 281302b0 (25,650 in chips)
Seat 4: 21fb2246 (22,665 in chips)
Seat 5: 9334f977 (13,176 in chips)
Seat 6: Hero (9,800 in chips)
Seat 7: 4c7fc7b4 (29,626 in chips)
Seat 8: e5f2db51 (27,412 in chips)
7e99646f: posts the ante 85
Hero: posts the ante 85
4c7fc7b4: posts the ante 85
e5f2db51: posts the ante 85
281302b0: posts the ante 85
942f4c5: posts the ante 85
9334f977: posts the ante 85
21fb2246: posts the ante 85
21fb2246: posts small blind 350
9334f977: posts big blind 700
*** HOLE CARDS ***
Dealt to 942f4c5 
Dealt to 7e99646f 
Dealt to 281302b0 
Dealt to 21fb2246 
Dealt to 9334f977 
Dealt to Hero [4s Kd]
Dealt to 4c7fc7b4 
Dealt to e5f2db51 
Hero: folds
4c7fc7b4: raises 700 to 1,400
e5f2db51: calls 1,400
942f4c5: folds
7e99646f: folds
281302b0: folds
21fb2246: calls 1,050
9334f977: folds
*** FLOP *** [5c Kc 6h]
21fb2246: checks
4c7fc7b4: checks
e5f2db51: bets 4,332
21fb2246: folds
4c7fc7b4: folds
Uncalled bet (4,332) returned to e5f2db51
*** SHOWDOWN ***
e5f2db51 collected 5,580 from pot
*** SUMMARY ***
Total pot 5,580 | Rake 0 | Jackpot 0 | Bingo 0 | Fortune 0 | Tax 0
Board [5c Kc 6h]
Seat 1: 942f4c5 folded before Flop
Seat 2: 7e99646f folded before Flop
Seat 3: 281302b0 (button) folded before Flop
Seat 4: 21fb2246 (small blind) folded on the Flop
Seat 5: 9334f977 (big blind) folded before Flop
Seat 6: Hero folded before Flop
Seat 7: 4c7fc7b4 folded on the Flop
Seat 8: e5f2db51 won (5,580)


Poker Hand #TM2962486211: Tournament #126701420, GGMasters Classic $25, $40K GTD Hold'em No Limit - Level14(350/700) - 2024/02/14 16:29:58
Table '234' 8-max Seat #2 is the button
Seat 1: 942f4c5 (31,665 in chips)
Seat 2: 7e99646f (26,393 in chips)
Seat 3: 281302b0 (22,955 in chips)
Seat 4: 21fb2246 (24,850 in chips)
Seat 5: 9334f977 (13,261 in chips)
Seat 6: Hero (9,885 in chips)
Seat 7: 4c7fc7b4 (29,711 in chips)
Seat 8: e5f2db51 (27,497 in chips)
7e99646f: posts the ante 85
Hero: posts the ante 85
4c7fc7b4: posts the ante 85
e5f2db51: posts the ante 85
942f4c5: posts the ante 85
281302b0: posts the ante 85
9334f977: posts the ante 85
21fb2246: posts the ante 85
281302b0: posts small blind 350
21fb2246: posts big blind 700
*** HOLE CARDS ***
Dealt to 942f4c5 
Dealt to 7e99646f 
Dealt to 281302b0 
Dealt to 21fb2246 
Dealt to 9334f977 
Dealt to Hero [8c Tc]
Dealt to 4c7fc7b4 
Dealt to e5f2db51 
9334f977: folds
Hero: folds
4c7fc7b4: folds
e5f2db51: folds
942f4c5: folds
7e99646f: folds
281302b0: calls 350
21fb2246: checks
*** FLOP *** [4s 2h 6h]
281302b0: checks
21fb2246: checks
*** TURN *** [4s 2h 6h] [Jh]
281302b0: bets 1,400
21fb2246: calls 1,400
*** RIVER *** [4s 2h 6h Jh] [2d]
281302b0: bets 3,060
21fb2246: folds
Uncalled bet (3,060) returned to 281302b0
*** SHOWDOWN ***
281302b0 collected 4,880 from pot
*** SUMMARY ***
Total pot 4,880 | Rake 0 | Jackpot 0 | Bingo 0 | Fortune 0 | Tax 0
Board [4s 2h 6h Jh 2d]
Seat 1: 942f4c5 folded before Flop
Seat 2: 7e99646f (button) folded before Flop
Seat 3: 281302b0 (small blind) won (4,880)
Seat 4: 21fb2246 (big blind) folded on the River
Seat 5: 9334f977 folded before Flop
Seat 6: Hero folded before Flop
Seat 7: 4c7fc7b4 folded before Flop
Seat 8: e5f2db51 folded before Flop


Poker Hand #TM2962486110: Tournament #126701420, GGMasters Classic $25, $40K GTD Hold'em No Limit - Level14(350/700) - 2024/02/14 16:28:49
Table '234' 8-max Seat #1 is the button
Seat 1: 942f4c5 (31,750 in chips)
Seat 2: 7e99646f (24,398 in chips)
Seat 3: 281302b0 (24,440 in chips)
Seat 4: 21fb2246 (24,935 in chips)
Seat 5: 9334f977 (13,346 in chips)
Seat 6: Hero (9,970 in chips)
Seat 7: 4c7fc7b4 (29,796 in chips)
Seat 8: e5f2db51 (27,582 in chips)
7e99646f: posts the ante 85
Hero: posts the ante 85
4c7fc7b4: posts the ante 85
e5f2db51: posts the ante 85
942f4c5: posts the ante 85
281302b0: posts the ante 85
9334f977: posts the ante 85
21fb2246: posts the ante 85
7e99646f: posts small blind 350
281302b0: posts big blind 700
*** HOLE CARDS ***
Dealt to 942f4c5 
Dealt to 7e99646f 
Dealt to 281302b0 
Dealt to 21fb2246 
Dealt to 9334f977 
Dealt to Hero [Ad 2h]
Dealt to 4c7fc7b4 
Dealt to e5f2db51 
21fb2246: folds
9334f977: folds
Hero: folds
4c7fc7b4: folds
e5f2db51: folds
942f4c5: folds
7e99646f: calls 350
281302b0: checks
*** FLOP *** [Qd Th 9c]
7e99646f: checks
281302b0: checks
*** TURN *** [Qd Th 9c] [8s]
7e99646f: checks
281302b0: checks
*** RIVER *** [Qd Th 9c 8s] [7s]
7e99646f: bets 700
281302b0: calls 700
7e99646f: shows [As 6h] (Tens-High Straight)
281302b0: shows [5d Ts] (Pair of Tens)
*** SHOWDOWN ***
7e99646f collected 3,480 from pot
*** SUMMARY ***
Total pot 3,480 | Rake 0 | Jackpot 0 | Bingo 0 | Fortune 0 | Tax 0
Board [Qd Th 9c 8s 7s]
Seat 1: 942f4c5 (button) folded before Flop
Seat 2: 7e99646f (small blind) showed [As 6h] and won (3,480) with Tens-High Straight
Seat 3: 281302b0 (big blind) showed [5d Ts] and lost with Pair of Tens
Seat 4: 21fb2246 folded before Flop
Seat 5: 9334f977 folded before Flop
Seat 6: Hero folded before Flop
Seat 7: 4c7fc7b4 folded before Flop
Seat 8: e5f2db51 folded before Flop


Poker Hand #TM2962486016: Tournament #126701420, GGMasters Classic $25, $40K GTD Hold'em No Limit - Level14(350/700) - 2024/02/14 16:27:47
Table '234' 8-max Seat #8 is the button
Seat 1: 942f4c5 (32,185 in chips)
Seat 2: 7e99646f (22,053 in chips)
Seat 3: 281302b0 (24,525 in chips)
Seat 4: 21fb2246 (25,020 in chips)
Seat 5: 9334f977 (13,431 in chips)
Seat 6: Hero (10,055 in chips)
Seat 7: 4c7fc7b4 (31,281 in chips)
Seat 8: e5f2db51 (27,667 in chips)
7e99646f: posts the ante 85
Hero: posts the ante 85
4c7fc7b4: posts the ante 85
e5f2db51: posts the ante 85
281302b0: posts the ante 85
942f4c5: posts the ante 85
9334f977: posts the ante 85
21fb2246: posts the ante 85
942f4c5: posts small blind 350
7e99646f: posts big blind 700
*** HOLE CARDS ***
Dealt to 942f4c5 
Dealt to 7e99646f 
Dealt to 281302b0 
Dealt to 21fb2246 
Dealt to 9334f977 
Dealt to Hero [Ac 7s]
Dealt to 4c7fc7b4 
Dealt to e5f2db51 
281302b0: folds
21fb2246: folds
9334f977: folds
Hero: folds
4c7fc7b4: raises 700 to 1,400
e5f2db51: folds
942f4c5: folds
7e99646f: raises 20,568 to 21,968 and is all-in
4c7fc7b4: folds
Uncalled bet (20,568) returned to 7e99646f
*** SHOWDOWN ***
7e99646f collected 3,830 from pot
*** SUMMARY ***
Total pot 3,830 | Rake 0 | Jackpot 0 | Bingo 0 | Fortune 0 | Tax 0
Seat 1: 942f4c5 (small blind) folded before Flop
Seat 2: 7e99646f (big blind) collected (3,830)
Seat 3: 281302b0 folded before Flop
Seat 4: 21fb2246 folded before Flop
Seat 5: 9334f977 folded before Flop
Seat 6: Hero folded before Flop
Seat 7: 4c7fc7b4 folded before Flop
Seat 8: e5f2db51 (button) folded before Flop


Poker Hand #TM2962485939: Tournament #126701420, GGMasters Classic $25, $40K GTD Hold'em No Limit - Level14(350/700) - 2024/02/14 16:26:51
Table '234' 8-max Seat #7 is the button
Seat 1: 942f4c5 (32,970 in chips)
Seat 2: 7e99646f (22,138 in chips)
Seat 3: 281302b0 (24,610 in chips)
Seat 4: 21fb2246 (25,105 in chips)
Seat 5: 9334f977 (13,516 in chips)
Seat 6: Hero (10,140 in chips)
Seat 7: 4c7fc7b4 (32,766 in chips)
Seat 8: e5f2db51 (24,972 in chips)
7e99646f: posts the ante 85
Hero: posts the ante 85
4c7fc7b4: posts the ante 85
e5f2db51: posts the ante 85
281302b0: posts the ante 85
942f4c5: posts the ante 85
9334f977: posts the ante 85
21fb2246: posts the ante 85
e5f2db51: posts small blind 350
942f4c5: posts big blind 700
*** HOLE CARDS ***
Dealt to 942f4c5 
Dealt to 7e99646f 
Dealt to 281302b0 
Dealt to 21fb2246 
Dealt to 9334f977 
Dealt to Hero [8h Jc]
Dealt to 4c7fc7b4 
Dealt to e5f2db51 
7e99646f: folds
281302b0: folds
21fb2246: folds
9334f977: folds
Hero: folds
4c7fc7b4: raises 700 to 1,400
e5f2db51: raises 3,772 to 5,172
942f4c5: folds
4c7fc7b4: folds
Uncalled bet (3,772) returned to e5f2db51
*** SHOWDOWN ***
e5f2db51 collected 4,180 from pot
*** SUMMARY ***
Total pot 4,180 | Rake 0 | Jackpot 0 | Bingo 0 | Fortune 0 | Tax 0
Seat 1: 942f4c5 (big blind) folded before Flop
Seat 2: 7e99646f folded before Flop
Seat 3: 281302b0 folded before Flop
Seat 4: 21fb2246 folded before Flop
Seat 5: 9334f977 folded before Flop
Seat 6: Hero folded before Flop
Seat 7: 4c7fc7b4 (button) folded before Flop
Seat 8: e5f2db51 (small blind) collected (4,180)


Poker Hand #TM2962485853: Tournament #126701420, GGMasters Classic $25, $40K GTD Hold'em No Limit - Level14(350/700) - 2024/02/14 16:25:48
Table '234' 8-max Seat #6 is the button
Seat 1: 942f4c5 (33,055 in chips)
Seat 2: 7e99646f (23,693 in chips)
Seat 3: 281302b0 (24,695 in chips)
Seat 4: 21fb2246 (25,190 in chips)
Seat 5: 9334f977 (13,601 in chips)
Seat 6: Hero (10,225 in chips)
Seat 7: 4c7fc7b4 (15,393 in chips)
Seat 8: e5f2db51 (40,365 in chips)
7e99646f: posts the ante 85
Hero: posts the ante 85
4c7fc7b4: posts the ante 85
e5f2db51: posts the ante 85
281302b0: posts the ante 85
942f4c5: posts the ante 85
9334f977: posts the ante 85
21fb2246: posts the ante 85
4c7fc7b4: posts small blind 350
e5f2db51: posts big blind 700
*** HOLE CARDS ***
Dealt to 942f4c5 
Dealt to 7e99646f 
Dealt to 281302b0 
Dealt to 21fb2246 
Dealt to 9334f977 
Dealt to Hero [Ad 7s]
Dealt to 4c7fc7b4 
Dealt to e5f2db51 
942f4c5: folds
7e99646f: raises 770 to 1,470
281302b0: folds
21fb2246: folds
9334f977: folds
Hero: folds
4c7fc7b4: raises 8,330 to 9,800
e5f2db51: raises 30,480 to 40,280 and is all-in
7e99646f: folds
4c7fc7b4: calls 5,508 and is all-in
Uncalled bet (24,972) returned to e5f2db51
e5f2db51: shows [Qs Qd]
4c7fc7b4: shows [Kd Ah]
*** FLOP *** [2s 9h 4s]
*** TURN *** [2s 9h 4s] [Jd]
*** RIVER *** [2s 9h 4s Jd] [Kc]
*** SHOWDOWN ***
4c7fc7b4 collected 32,766 from pot
*** SUMMARY ***
Total pot 32,766 | Rake 0 | Jackpot 0 | Bingo 0 | Fortune 0 | Tax 0
Board [2s 9h 4s Jd Kc]
Seat 1: 942f4c5 folded before Flop
Seat 2: 7e99646f folded before Flop
Seat 3: 281302b0 folded before Flop
Seat 4: 21fb2246 folded before Flop
Seat 5: 9334f977 folded before Flop
Seat 6: Hero (button) folded before Flop
Seat 7: 4c7fc7b4 (small blind) showed [Kd Ah] and won (32,766) with Pair of Kings
Seat 8: e5f2db51 (big blind) showed [Qs Qd] and lost with Pair of Queens


Poker Hand #TM2962485758: Tournament #126701420, GGMasters Classic $25, $40K GTD Hold'em No Limit - Level13(300/600) - 2024/02/14 16:24:43
Table '234' 8-max Seat #5 is the button
Seat 1: 942f4c5 (35,617 in chips)
Seat 2: 7e99646f (23,768 in chips)
Seat 3: 281302b0 (24,770 in chips)
Seat 4: 21fb2246 (21,278 in chips)
Seat 5: 9334f977 (13,676 in chips)
Seat 6: Hero (10,600 in chips)
Seat 7: 4c7fc7b4 (16,068 in chips)
Seat 8: e5f2db51 (40,440 in chips)
7e99646f: posts the ante 75
Hero: posts the ante 75
4c7fc7b4: posts the ante 75
e5f2db51: posts the ante 75
281302b0: posts the ante 75
942f4c5: posts the ante 75
9334f977: posts the ante 75
21fb2246: posts the ante 75
Hero: posts small blind 300
4c7fc7b4: posts big blind 600
*** HOLE CARDS ***
Dealt to 942f4c5 
Dealt to 7e99646f 
Dealt to 281302b0 
Dealt to 21fb2246 
Dealt to 9334f977 
Dealt to Hero [5h 7d]
Dealt to 4c7fc7b4 
Dealt to e5f2db51 
e5f2db51: folds
942f4c5: raises 600 to 1,200
7e99646f: folds
281302b0: folds
21fb2246: calls 1,200
9334f977: folds
Hero: folds
4c7fc7b4: folds
*** FLOP *** [4d Qs 8s]
942f4c5: bets 1,287
21fb2246: raises 3,337 to 4,624
942f4c5: folds
Uncalled bet (3,337) returned to 21fb2246
*** SHOWDOWN ***
21fb2246 collected 6,474 from pot
*** SUMMARY ***
Total pot 6,474 | Rake 0 | Jackpot 0 | Bingo 0 | Fortune 0 | Tax 0
Board [4d Qs 8s]
Seat 1: 942f4c5 folded on the Flop
Seat 2: 7e99646f folded before Flop
Seat 3: 281302b0 folded before Flop
Seat 4: 21fb2246 won (6,474)
Seat 5: 9334f977 (button) folded before Flop
Seat 6: Hero (small blind) folded before Flop
Seat 7: 4c7fc7b4 (big blind) folded before Flop
Seat 8: e5f2db51 folded before Flop


Poker Hand #TM2962485714: Tournament #126701420, GGMasters Classic $25, $40K GTD Hold'em No Limit - Level13(300/600) - 2024/02/14 16:24:16
Table '234' 8-max Seat #4 is the button
Seat 1: 942f4c5 (35,692 in chips)
Seat 2: 7e99646f (23,843 in chips)
Seat 3: 281302b0 (24,845 in chips)
Seat 4: 21fb2246 (21,353 in chips)
Seat 5: 9334f977 (14,051 in chips)
Seat 6: Hero (9,775 in chips)
Seat 7: 4c7fc7b4 (16,143 in chips)
Seat 8: e5f2db51 (40,515 in chips)
7e99646f: posts the ante 75
Hero: posts the ante 75
4c7fc7b4: posts the ante 75
e5f2db51: posts the ante 75
281302b0: posts the ante 75
942f4c5: posts the ante 75
21fb2246: posts the ante 75
9334f977: posts the ante 75
9334f977: posts small blind 300
Hero: posts big blind 600
*** HOLE CARDS ***
Dealt to 942f4c5 
Dealt to 7e99646f 
Dealt to 281302b0 
Dealt to 21fb2246 
Dealt to 9334f977 
Dealt to Hero [3d 5c]
Dealt to 4c7fc7b4 
Dealt to e5f2db51 
4c7fc7b4: folds
e5f2db51: folds
942f4c5: folds
7e99646f: folds
281302b0: folds
21fb2246: folds
9334f977: folds
Uncalled bet (300) returned to Hero
*** SHOWDOWN ***
Hero collected 1,200 from pot
*** SUMMARY ***
Total pot 1,200 | Rake 0 | Jackpot 0 | Bingo 0 | Fortune 0 | Tax 0
Seat 1: 942f4c5 folded before Flop
Seat 2: 7e99646f folded before Flop
Seat 3: 281302b0 folded before Flop
Seat 4: 21fb2246 (button) folded before Flop
Seat 5: 9334f977 (small blind) folded before Flop
Seat 6: Hero (big blind) collected (1,200)
Seat 7: 4c7fc7b4 folded before Flop
Seat 8: e5f2db51 folded before Flop


Poker Hand #TM2962485661: Tournament #126701420, GGMasters Classic $25, $40K GTD Hold'em No Limit - Level13(300/600) - 2024/02/14 16:23:38
Table '234' 8-max Seat #3 is the button
Seat 1: 942f4c5 (33,067 in chips)
Seat 2: 7e99646f (23,918 in chips)
Seat 3: 281302b0 (24,920 in chips)
Seat 4: 21fb2246 (21,728 in chips)
Seat 5: 9334f977 (14,726 in chips)
Seat 6: Hero (9,850 in chips)
Seat 7: 4c7fc7b4 (17,418 in chips)
Seat 8: e5f2db51 (40,590 in chips)
7e99646f: posts the ante 75
Hero: posts the ante 75
4c7fc7b4: posts the ante 75
e5f2db51: posts the ante 75
281302b0: posts the ante 75
942f4c5: posts the ante 75
9334f977: posts the ante 75
21fb2246: posts the ante 75
21fb2246: posts small blind 300
9334f977: posts big blind 600
*** HOLE CARDS ***
Dealt to 942f4c5 
Dealt to 7e99646f 
Dealt to 281302b0 
Dealt to 21fb2246 
Dealt to 9334f977 
Dealt to Hero [6c Ks]
Dealt to 4c7fc7b4 
Dealt to e5f2db51 
Hero: folds
4c7fc7b4: raises 600 to 1,200
e5f2db51: folds
942f4c5: raises 2,400 to 3,600
7e99646f: folds
281302b0: folds
21fb2246: folds
9334f977: folds
4c7fc7b4: folds
Uncalled bet (2,400) returned to 942f4c5
*** SHOWDOWN ***
942f4c5 collected 3,900 from pot
*** SUMMARY ***
Total pot 3,900 | Rake 0 | Jackpot 0 | Bingo 0 | Fortune 0 | Tax 0
Seat 1: 942f4c5 collected (3,900)
Seat 2: 7e99646f folded before Flop
Seat 3: 281302b0 (button) folded before Flop
Seat 4: 21fb2246 (small blind) folded before Flop
Seat 5: 9334f977 (big blind) folded before Flop
Seat 6: Hero folded before Flop
Seat 7: 4c7fc7b4 folded before Flop
Seat 8: e5f2db51 folded before Flop


Poker Hand #TM2962485480: Tournament #126701420, GGMasters Classic $25, $40K GTD Hold'em No Limit - Level13(300/600) - 2024/02/14 16:21:25
Table '234' 8-max Seat #2 is the button
Seat 1: 942f4c5 (33,142 in chips)
Seat 2: 7e99646f (23,993 in chips)
Seat 3: 281302b0 (25,295 in chips)
Seat 4: 21fb2246 (24,539 in chips)
Seat 5: 9334f977 (14,801 in chips)
Seat 6: Hero (9,925 in chips)
Seat 7: 4c7fc7b4 (17,493 in chips)
Seat 8: e5f2db51 (37,029 in chips)
7e99646f: posts the ante 75
Hero: posts the ante 75
4c7fc7b4: posts the ante 75
e5f2db51: posts the ante 75
942f4c5: posts the ante 75
281302b0: posts the ante 75
9334f977: posts the ante 75
21fb2246: posts the ante 75
281302b0: posts small blind 300
21fb2246: posts big blind 600
*** HOLE CARDS ***
Dealt to 942f4c5 
Dealt to 7e99646f 
Dealt to 281302b0 
Dealt to 21fb2246 
Dealt to 9334f977 
Dealt to Hero [4s 8s]
Dealt to 4c7fc7b4 
Dealt to e5f2db51 
9334f977: folds
Hero: folds
4c7fc7b4: folds
e5f2db51: raises 720 to 1,320
942f4c5: folds
7e99646f: folds
281302b0: folds
21fb2246: calls 720
*** FLOP *** [5d 7c 9h]
21fb2246: checks
e5f2db51: checks
*** TURN *** [5d 7c 9h] [Ks]
21fb2246: checks
e5f2db51: bets 1,416
21fb2246: calls 1,416
*** RIVER *** [5d 7c 9h Ks] [8h]
21fb2246: checks
e5f2db51: bets 34,218 and is all-in
21fb2246: folds
Uncalled bet (34,218) returned to e5f2db51
*** SHOWDOWN ***
e5f2db51 collected 6,372 from pot
*** SUMMARY ***
Total pot 6,372 | Rake 0 | Jackpot 0 | Bingo 0 | Fortune 0 | Tax 0
Board [5d 7c 9h Ks 8h]
Seat 1: 942f4c5 folded before Flop
Seat 2: 7e99646f (button) folded before Flop
Seat 3: 281302b0 (small blind) folded before Flop
Seat 4: 21fb2246 (big blind) folded on the River
Seat 5: 9334f977 folded before Flop
Seat 6: Hero folded before Flop
Seat 7: 4c7fc7b4 folded before Flop
Seat 8: e5f2db51 won (6,372)


Poker Hand #TM2962485368: Tournament #126701420, GGMasters Classic $25, $40K GTD Hold'em No Limit - Level13(300/600) - 2024/02/14 16:20:08
Table '234' 8-max Seat #1 is the button
Seat 1: 942f4c5 (33,217 in chips)
Seat 2: 7e99646f (22,868 in chips)
Seat 3: 281302b0 (25,970 in chips)
Seat 4: 21fb2246 (24,614 in chips)
Seat 5: 9334f977 (14,876 in chips)
Seat 6: Hero (10,000 in chips)
Seat 7: 4c7fc7b4 (17,568 in chips)
Seat 8: e5f2db51 (37,104 in chips)
7e99646f: posts the ante 75
Hero: posts the ante 75
4c7fc7b4: posts the ante 75
e5f2db51: posts the ante 75
942f4c5: posts the ante 75
281302b0: posts the ante 75
9334f977: posts the ante 75
21fb2246: posts the ante 75
7e99646f: posts small blind 300
281302b0: posts big blind 600
*** HOLE CARDS ***
Dealt to 942f4c5 
Dealt to 7e99646f 
Dealt to 281302b0 
Dealt to 21fb2246 
Dealt to 9334f977 
Dealt to Hero [8s Qc]
Dealt to 4c7fc7b4 
Dealt to e5f2db51 
21fb2246: folds
9334f977: folds
Hero: folds
4c7fc7b4: folds
e5f2db51: folds
942f4c5: folds
7e99646f: calls 300
281302b0: checks
*** FLOP *** [Kc 5s Qd]
7e99646f: checks
281302b0: checks
*** TURN *** [Kc 5s Qd] [9s]
7e99646f: checks
281302b0: checks
*** RIVER *** [Kc 5s Qd 9s] [Jh]
7e99646f: checks
281302b0: checks
7e99646f: shows [6c Kd] (Pair of Kings)
281302b0: shows [7d 6h] (King-High)
*** SHOWDOWN ***
7e99646f collected 1,800 from pot
*** SUMMARY ***
Total pot 1,800 | Rake 0 | Jackpot 0 | Bingo 0 | Fortune 0 | Tax 0
Board [Kc 5s Qd 9s Jh]
Seat 1: 942f4c5 (button) folded before Flop
Seat 2: 7e99646f (small blind) showed [6c Kd] and won (1,800) with Pair of Kings
Seat 3: 281302b0 (big blind) showed [7d 6h] and lost with King-High
Seat 4: 21fb2246 folded before Flop
Seat 5: 9334f977 folded before Flop
Seat 6: Hero folded before Flop
Seat 7: 4c7fc7b4 folded before Flop
Seat 8: e5f2db51 folded before Flop


