Poker Hand #TM2978058793: Tournament #126846289, Global MILLION$, $1M GTD [Day 1] Hold'em No Limit - Level19(2,000/4,000) - 2024/02/18 16:21:39
Table '105' 8-max Seat #7 is the button
Seat 1: Hero (101,947 in chips)
Seat 2: 9c2489d0 (45,706 in chips)
Seat 3: b33d33fe (84,042 in chips)
Seat 4: e6a11c80 (45,098 in chips)
Seat 5: 64f8bb4e (117,898 in chips)
Seat 6: fbc46619 (121,806 in chips)
Seat 7: 4afcfea (138,291 in chips)
Seat 8: 437fa792 (75,009 in chips)
64f8bb4e: posts the ante 500
9c2489d0: posts the ante 500
b33d33fe: posts the ante 500
Hero: posts the ante 500
e6a11c80: posts the ante 500
437fa792: posts the ante 500
4afcfea: posts the ante 500
fbc46619: posts the ante 500
437fa792: posts small blind 2,000
Hero: posts big blind 4,000
*** HOLE CARDS ***
Dealt to Hero [4d Qs]
Dealt to 9c2489d0 
Dealt to b33d33fe 
Dealt to e6a11c80 
Dealt to 64f8bb4e 
Dealt to fbc46619 
Dealt to 4afcfea 
Dealt to 437fa792 
9c2489d0: folds
b33d33fe: folds
e6a11c80: folds
64f8bb4e: folds
fbc46619: raises 4,400 to 8,400
4afcfea: raises 129,391 to 137,791 and is all-in
437fa792: folds
Hero: folds
fbc46619: folds
Uncalled bet (129,391) returned to 4afcfea
*** SHOWDOWN ***
4afcfea collected 26,800 from pot
*** SUMMARY ***
Total pot 26,800 | Rake 0 | Jackpot 0 | Bingo 0 | Fortune 0 | Tax 0
Seat 1: Hero (big blind) folded before Flop
Seat 2: 9c2489d0 folded before Flop
Seat 3: b33d33fe folded before Flop
Seat 4: e6a11c80 folded before Flop
Seat 5: 64f8bb4e folded before Flop
Seat 6: fbc46619 folded before Flop
Seat 7: 4afcfea (button) collected (26,800)
Seat 8: 437fa792 (small blind) folded before Flop


Poker Hand #TM2978058474: Tournament #126846289, Global MILLION$, $1M GTD [Day 1] Hold'em No Limit - Level19(2,000/4,000) - 2024/02/18 16:18:52
Table '105' 8-max Seat #6 is the button
Seat 1: Hero (117,547 in chips)
Seat 2: 9c2489d0 (46,206 in chips)
Seat 3: b33d33fe (84,542 in chips)
Seat 4: e6a11c80 (45,598 in chips)
Seat 5: 64f8bb4e (93,298 in chips)
Seat 6: fbc46619 (122,306 in chips)
Seat 7: 4afcfea (140,791 in chips)
Seat 8: 437fa792 (79,509 in chips)
64f8bb4e: posts the ante 500
9c2489d0: posts the ante 500
b33d33fe: posts the ante 500
Hero: posts the ante 500
e6a11c80: posts the ante 500
437fa792: posts the ante 500
4afcfea: posts the ante 500
fbc46619: posts the ante 500
4afcfea: posts small blind 2,000
437fa792: posts big blind 4,000
*** HOLE CARDS ***
Dealt to Hero [Ts Tc]
Dealt to 9c2489d0 
Dealt to b33d33fe 
Dealt to e6a11c80 
Dealt to 64f8bb4e 
Dealt to fbc46619 
Dealt to 4afcfea 
Dealt to 437fa792 
Hero: raises 4,400 to 8,400
9c2489d0: folds
b33d33fe: folds
e6a11c80: folds
64f8bb4e: calls 8,400
fbc46619: folds
4afcfea: folds
437fa792: folds
*** FLOP *** [2c Kd 3c]
Hero: bets 6,700
64f8bb4e: calls 6,700
*** TURN *** [2c Kd 3c] [5h]
Hero: checks
64f8bb4e: checks
*** RIVER *** [2c Kd 3c 5h] [6c]
Hero: checks
64f8bb4e: checks
Hero: shows [Ts Tc] (Pair of Tens)
64f8bb4e: shows [Kh Qh] (Pair of Kings)
*** SHOWDOWN ***
64f8bb4e collected 40,200 from pot
*** SUMMARY ***
Total pot 40,200 | Rake 0 | Jackpot 0 | Bingo 0 | Fortune 0 | Tax 0
Board [2c Kd 3c 5h 6c]
Seat 1: Hero showed [Ts Tc] and lost with Pair of Tens
Seat 2: 9c2489d0 folded before Flop
Seat 3: b33d33fe folded before Flop
Seat 4: e6a11c80 folded before Flop
Seat 5: 64f8bb4e showed [Kh Qh] and won (40,200) with Pair of Kings
Seat 6: fbc46619 (button) folded before Flop
Seat 7: 4afcfea (small blind) folded before Flop
Seat 8: 437fa792 (big blind) folded before Flop


Poker Hand #TM2978058319: Tournament #126846289, Global MILLION$, $1M GTD [Day 1] Hold'em No Limit - Level19(2,000/4,000) - 2024/02/18 16:17:36
Table '105' 8-max Seat #5 is the button
Seat 1: Hero (118,047 in chips)
Seat 2: 9c2489d0 (46,706 in chips)
Seat 3: b33d33fe (85,042 in chips)
Seat 4: e6a11c80 (46,098 in chips)
Seat 5: 64f8bb4e (93,798 in chips)
Seat 6: fbc46619 (126,806 in chips)
Seat 7: 4afcfea (133,291 in chips)
Seat 8: 437fa792 (80,009 in chips)
64f8bb4e: posts the ante 500
9c2489d0: posts the ante 500
b33d33fe: posts the ante 500
Hero: posts the ante 500
e6a11c80: posts the ante 500
437fa792: posts the ante 500
4afcfea: posts the ante 500
fbc46619: posts the ante 500
fbc46619: posts small blind 2,000
4afcfea: posts big blind 4,000
*** HOLE CARDS ***
Dealt to Hero [4s 6h]
Dealt to 9c2489d0 
Dealt to b33d33fe 
Dealt to e6a11c80 
Dealt to 64f8bb4e 
Dealt to fbc46619 
Dealt to 4afcfea 
Dealt to 437fa792 
437fa792: folds
Hero: folds
9c2489d0: folds
b33d33fe: folds
e6a11c80: folds
64f8bb4e: folds
fbc46619: calls 2,000
4afcfea: checks
*** FLOP *** [Jc 5s 2d]
fbc46619: checks
4afcfea: bets 6,000
fbc46619: folds
Uncalled bet (6,000) returned to 4afcfea
*** SHOWDOWN ***
4afcfea collected 12,000 from pot
*** SUMMARY ***
Total pot 12,000 | Rake 0 | Jackpot 0 | Bingo 0 | Fortune 0 | Tax 0
Board [Jc 5s 2d]
Seat 1: Hero folded before Flop
Seat 2: 9c2489d0 folded before Flop
Seat 3: b33d33fe folded before Flop
Seat 4: e6a11c80 folded before Flop
Seat 5: 64f8bb4e (button) folded before Flop
Seat 6: fbc46619 (small blind) folded on the Flop
Seat 7: 4afcfea (big blind) won (12,000)
Seat 8: 437fa792 folded before Flop


Poker Hand #TM2978058224: Tournament #126846289, Global MILLION$, $1M GTD [Day 1] Hold'em No Limit - Level19(2,000/4,000) - 2024/02/18 16:16:41
Table '105' 8-max Seat #4 is the button
Seat 1: Hero (118,547 in chips)
Seat 2: 9c2489d0 (47,206 in chips)
Seat 3: b33d33fe (85,542 in chips)
Seat 4: e6a11c80 (46,598 in chips)
Seat 5: 64f8bb4e (96,298 in chips)
Seat 6: fbc46619 (121,306 in chips)
Seat 7: 4afcfea (133,791 in chips)
Seat 8: 437fa792 (80,509 in chips)
9c2489d0: posts the ante 500
64f8bb4e: posts the ante 500
b33d33fe: posts the ante 500
Hero: posts the ante 500
e6a11c80: posts the ante 500
437fa792: posts the ante 500
4afcfea: posts the ante 500
fbc46619: posts the ante 500
64f8bb4e: posts small blind 2,000
fbc46619: posts big blind 4,000
*** HOLE CARDS ***
Dealt to Hero [5c 6s]
Dealt to 9c2489d0 
Dealt to b33d33fe 
Dealt to e6a11c80 
Dealt to 64f8bb4e 
Dealt to fbc46619 
Dealt to 4afcfea 
Dealt to 437fa792 
4afcfea: folds
437fa792: folds
Hero: folds
9c2489d0: folds
b33d33fe: folds
e6a11c80: folds
64f8bb4e: folds
Uncalled bet (2,000) returned to fbc46619
*** SHOWDOWN ***
fbc46619 collected 8,000 from pot
*** SUMMARY ***
Total pot 8,000 | Rake 0 | Jackpot 0 | Bingo 0 | Fortune 0 | Tax 0
Seat 1: Hero folded before Flop
Seat 2: 9c2489d0 folded before Flop
Seat 3: b33d33fe folded before Flop
Seat 4: e6a11c80 (button) folded before Flop
Seat 5: 64f8bb4e (small blind) folded before Flop
Seat 6: fbc46619 (big blind) collected (8,000)
Seat 7: 4afcfea folded before Flop
Seat 8: 437fa792 folded before Flop


Poker Hand #TM2978058088: Tournament #126846289, Global MILLION$, $1M GTD [Day 1] Hold'em No Limit - Level19(2,000/4,000) - 2024/02/18 16:15:32
Table '105' 8-max Seat #3 is the button
Seat 1: Hero (119,047 in chips)
Seat 2: 9c2489d0 (47,706 in chips)
Seat 3: b33d33fe (94,042 in chips)
Seat 4: e6a11c80 (49,098 in chips)
Seat 5: 64f8bb4e (82,798 in chips)
Seat 6: fbc46619 (121,806 in chips)
Seat 7: 4afcfea (134,291 in chips)
Seat 8: 437fa792 (81,009 in chips)
9c2489d0: posts the ante 500
64f8bb4e: posts the ante 500
b33d33fe: posts the ante 500
Hero: posts the ante 500
e6a11c80: posts the ante 500
437fa792: posts the ante 500
4afcfea: posts the ante 500
fbc46619: posts the ante 500
e6a11c80: posts small blind 2,000
64f8bb4e: posts big blind 4,000
*** HOLE CARDS ***
Dealt to Hero [6c 2s]
Dealt to 9c2489d0 
Dealt to b33d33fe 
Dealt to e6a11c80 
Dealt to 64f8bb4e 
Dealt to fbc46619 
Dealt to 4afcfea 
Dealt to 437fa792 
fbc46619: folds
4afcfea: folds
437fa792: folds
Hero: folds
9c2489d0: folds
b33d33fe: raises 4,000 to 8,000
e6a11c80: folds
64f8bb4e: raises 74,298 to 82,298 and is all-in
b33d33fe: folds
Uncalled bet (74,298) returned to 64f8bb4e
*** SHOWDOWN ***
64f8bb4e collected 22,000 from pot
*** SUMMARY ***
Total pot 22,000 | Rake 0 | Jackpot 0 | Bingo 0 | Fortune 0 | Tax 0
Seat 1: Hero folded before Flop
Seat 2: 9c2489d0 folded before Flop
Seat 3: b33d33fe (button) folded before Flop
Seat 4: e6a11c80 (small blind) folded before Flop
Seat 5: 64f8bb4e (big blind) collected (22,000)
Seat 6: fbc46619 folded before Flop
Seat 7: 4afcfea folded before Flop
Seat 8: 437fa792 folded before Flop


Poker Hand #TM2978057945: Tournament #126846289, Global MILLION$, $1M GTD [Day 1] Hold'em No Limit - Level18(1,750/3,500) - 2024/02/18 16:14:18
Table '105' 8-max Seat #1 is the button
Seat 1: Hero (119,497 in chips)
Seat 3: b33d33fe (96,242 in chips)
Seat 4: e6a11c80 (61,798 in chips)
Seat 5: 64f8bb4e (83,248 in chips)
Seat 6: fbc46619 (122,256 in chips)
Seat 7: 4afcfea (134,741 in chips)
Seat 8: 437fa792 (64,309 in chips)
64f8bb4e: posts the ante 450
Hero: posts the ante 450
b33d33fe: posts the ante 450
e6a11c80: posts the ante 450
437fa792: posts the ante 450
4afcfea: posts the ante 450
fbc46619: posts the ante 450
b33d33fe: posts small blind 1,750
e6a11c80: posts big blind 3,500
*** HOLE CARDS ***
Dealt to Hero [4s 5c]
Dealt to b33d33fe 
Dealt to e6a11c80 
Dealt to 64f8bb4e 
Dealt to fbc46619 
Dealt to 4afcfea 
Dealt to 437fa792 
64f8bb4e: folds
fbc46619: folds
4afcfea: folds
437fa792: raises 3,500 to 7,000
Hero: folds
b33d33fe: folds
e6a11c80: calls 3,500
*** FLOP *** [Jd Qh 2s]
e6a11c80: checks
437fa792: bets 5,250
e6a11c80: calls 5,250
*** TURN *** [Jd Qh 2s] [7d]
e6a11c80: checks
437fa792: bets 14,000
e6a11c80: folds
Uncalled bet (14,000) returned to 437fa792
*** SHOWDOWN ***
437fa792 collected 29,400 from pot
*** SUMMARY ***
Total pot 29,400 | Rake 0 | Jackpot 0 | Bingo 0 | Fortune 0 | Tax 0
Board [Jd Qh 2s 7d]
Seat 1: Hero (button) folded before Flop
Seat 3: b33d33fe (small blind) folded before Flop
Seat 4: e6a11c80 (big blind) folded on the Turn
Seat 5: 64f8bb4e folded before Flop
Seat 6: fbc46619 folded before Flop
Seat 7: 4afcfea folded before Flop
Seat 8: 437fa792 won (29,400)


Poker Hand #TM2978057845: Tournament #126846289, Global MILLION$, $1M GTD [Day 1] Hold'em No Limit - Level18(1,750/3,500) - 2024/02/18 16:13:27
Table '105' 8-max Seat #8 is the button
Seat 1: Hero (121,697 in chips)
Seat 3: b33d33fe (100,192 in chips)
Seat 4: e6a11c80 (62,248 in chips)
Seat 5: 64f8bb4e (91,398 in chips)
Seat 7: 4afcfea (119,541 in chips)
Seat 8: 437fa792 (64,759 in chips)
64f8bb4e: posts the ante 450
b33d33fe: posts the ante 450
Hero: posts the ante 450
e6a11c80: posts the ante 450
437fa792: posts the ante 450
4afcfea: posts the ante 450
Hero: posts small blind 1,750
b33d33fe: posts big blind 3,500
*** HOLE CARDS ***
Dealt to Hero [7h 9s]
Dealt to b33d33fe 
Dealt to e6a11c80 
Dealt to 64f8bb4e 
Dealt to 4afcfea 
Dealt to 437fa792 
e6a11c80: folds
64f8bb4e: raises 4,200 to 7,700
4afcfea: raises 111,391 to 119,091 and is all-in
437fa792: folds
Hero: folds
b33d33fe: folds
64f8bb4e: folds
Uncalled bet (111,391) returned to 4afcfea
*** SHOWDOWN ***
4afcfea collected 23,350 from pot
*** SUMMARY ***
Total pot 23,350 | Rake 0 | Jackpot 0 | Bingo 0 | Fortune 0 | Tax 0
Seat 1: Hero (small blind) folded before Flop
Seat 3: b33d33fe (big blind) folded before Flop
Seat 4: e6a11c80 folded before Flop
Seat 5: 64f8bb4e folded before Flop
Seat 7: 4afcfea collected (23,350)
Seat 8: 437fa792 (button) folded before Flop


Poker Hand #TM2978057686: Tournament #126846289, Global MILLION$, $1M GTD [Day 1] Hold'em No Limit - Level18(1,750/3,500) - 2024/02/18 16:12:10
Table '105' 8-max Seat #7 is the button
Seat 1: Hero (125,647 in chips)
Seat 3: b33d33fe (100,642 in chips)
Seat 4: e6a11c80 (62,698 in chips)
Seat 5: 64f8bb4e (91,848 in chips)
Seat 6: b62311eb (40,135 in chips)
Seat 7: 4afcfea (71,906 in chips)
Seat 8: 437fa792 (66,959 in chips)
64f8bb4e: posts the ante 450
b33d33fe: posts the ante 450
Hero: posts the ante 450
e6a11c80: posts the ante 450
437fa792: posts the ante 450
4afcfea: posts the ante 450
b62311eb: posts the ante 450
437fa792: posts small blind 1,750
Hero: posts big blind 3,500
*** HOLE CARDS ***
Dealt to Hero [Ks 6h]
Dealt to b33d33fe 
Dealt to e6a11c80 
Dealt to 64f8bb4e 
Dealt to b62311eb 
Dealt to 4afcfea 
Dealt to 437fa792 
b33d33fe: folds
e6a11c80: folds
64f8bb4e: folds
b62311eb: raises 36,185 to 39,685 and is all-in
4afcfea: raises 31,771 to 71,456 and is all-in
437fa792: folds
Hero: folds
Uncalled bet (31,771) returned to 4afcfea
4afcfea: shows [Js Ac]
b62311eb: shows [9s 9c]
*** FLOP *** [6c Th 5d]
*** TURN *** [6c Th 5d] [5c]
*** RIVER *** [6c Th 5d 5c] [Jh]
*** SHOWDOWN ***
4afcfea collected 87,770 from pot
*** SUMMARY ***
Total pot 87,770 | Rake 0 | Jackpot 0 | Bingo 0 | Fortune 0 | Tax 0
Board [6c Th 5d 5c Jh]
Seat 1: Hero (big blind) folded before Flop
Seat 3: b33d33fe folded before Flop
Seat 4: e6a11c80 folded before Flop
Seat 5: 64f8bb4e folded before Flop
Seat 6: b62311eb showed [9s 9c] and lost with Pair of Nines and Pair of Fives
Seat 7: 4afcfea (button) showed [Js Ac] and won (87,770) with Pair of Jacks and Pair of Fives
Seat 8: 437fa792 (small blind) folded before Flop


Poker Hand #TM2978057587: Tournament #126846289, Global MILLION$, $1M GTD [Day 1] Hold'em No Limit - Level18(1,750/3,500) - 2024/02/18 16:11:25
Table '105' 8-max Seat #6 is the button
Seat 1: Hero (126,097 in chips)
Seat 3: b33d33fe (101,092 in chips)
Seat 4: e6a11c80 (63,148 in chips)
Seat 5: 64f8bb4e (92,298 in chips)
Seat 6: b62311eb (40,585 in chips)
Seat 7: 4afcfea (74,106 in chips)
Seat 8: 437fa792 (62,509 in chips)
64f8bb4e: posts the ante 450
b33d33fe: posts the ante 450
Hero: posts the ante 450
e6a11c80: posts the ante 450
437fa792: posts the ante 450
4afcfea: posts the ante 450
b62311eb: posts the ante 450
4afcfea: posts small blind 1,750
437fa792: posts big blind 3,500
*** HOLE CARDS ***
Dealt to Hero [Qh 6c]
Dealt to b33d33fe 
Dealt to e6a11c80 
Dealt to 64f8bb4e 
Dealt to b62311eb 
Dealt to 4afcfea 
Dealt to 437fa792 
Hero: folds
b33d33fe: folds
e6a11c80: folds
64f8bb4e: folds
b62311eb: folds
4afcfea: folds
Uncalled bet (1,750) returned to 437fa792
*** SHOWDOWN ***
437fa792 collected 6,650 from pot
*** SUMMARY ***
Total pot 6,650 | Rake 0 | Jackpot 0 | Bingo 0 | Fortune 0 | Tax 0
Seat 1: Hero folded before Flop
Seat 3: b33d33fe folded before Flop
Seat 4: e6a11c80 folded before Flop
Seat 5: 64f8bb4e folded before Flop
Seat 6: b62311eb (button) folded before Flop
Seat 7: 4afcfea (small blind) folded before Flop
Seat 8: 437fa792 (big blind) collected (6,650)


Poker Hand #TM2978057457: Tournament #126846289, Global MILLION$, $1M GTD [Day 1] Hold'em No Limit - Level18(1,750/3,500) - 2024/02/18 16:10:13
Table '105' 8-max Seat #5 is the button
Seat 1: Hero (126,547 in chips)
Seat 3: b33d33fe (101,542 in chips)
Seat 4: e6a11c80 (63,598 in chips)
Seat 5: 64f8bb4e (92,748 in chips)
Seat 6: b62311eb (27,385 in chips)
Seat 7: 4afcfea (78,056 in chips)
Seat 8: 437fa792 (69,959 in chips)
64f8bb4e: posts the ante 450
b33d33fe: posts the ante 450
Hero: posts the ante 450
e6a11c80: posts the ante 450
437fa792: posts the ante 450
4afcfea: posts the ante 450
b62311eb: posts the ante 450
b62311eb: posts small blind 1,750
4afcfea: posts big blind 3,500
*** HOLE CARDS ***
Dealt to Hero [5c 4c]
Dealt to b33d33fe 
Dealt to e6a11c80 
Dealt to 64f8bb4e 
Dealt to b62311eb 
Dealt to 4afcfea 
Dealt to 437fa792 
437fa792: raises 3,500 to 7,000
Hero: folds
b33d33fe: folds
e6a11c80: folds
64f8bb4e: folds
b62311eb: raises 19,935 to 26,935 and is all-in
4afcfea: folds
437fa792: folds
Uncalled bet (19,935) returned to b62311eb
*** SHOWDOWN ***
b62311eb collected 20,650 from pot
*** SUMMARY ***
Total pot 20,650 | Rake 0 | Jackpot 0 | Bingo 0 | Fortune 0 | Tax 0
Seat 1: Hero folded before Flop
Seat 3: b33d33fe folded before Flop
Seat 4: e6a11c80 folded before Flop
Seat 5: 64f8bb4e (button) folded before Flop
Seat 6: b62311eb (small blind) collected (20,650)
Seat 7: 4afcfea (big blind) folded before Flop
Seat 8: 437fa792 folded before Flop


Poker Hand #TM2978057332: Tournament #126846289, Global MILLION$, $1M GTD [Day 1] Hold'em No Limit - Level18(1,750/3,500) - 2024/02/18 16:08:55
Table '105' 8-max Seat #4 is the button
Seat 1: Hero (126,997 in chips)
Seat 2: bf6c5ac2 (30,364 in chips)
Seat 3: b33d33fe (101,992 in chips)
Seat 4: e6a11c80 (64,048 in chips)
Seat 5: 64f8bb4e (94,948 in chips)
Seat 6: b62311eb (31,335 in chips)
Seat 7: 4afcfea (78,506 in chips)
Seat 8: 437fa792 (31,645 in chips)
64f8bb4e: posts the ante 450
b33d33fe: posts the ante 450
Hero: posts the ante 450
e6a11c80: posts the ante 450
437fa792: posts the ante 450
bf6c5ac2: posts the ante 450
4afcfea: posts the ante 450
b62311eb: posts the ante 450
64f8bb4e: posts small blind 1,750
b62311eb: posts big blind 3,500
*** HOLE CARDS ***
Dealt to Hero [Qh 2h]
Dealt to bf6c5ac2 
Dealt to b33d33fe 
Dealt to e6a11c80 
Dealt to 64f8bb4e 
Dealt to b62311eb 
Dealt to 4afcfea 
Dealt to 437fa792 
4afcfea: folds
437fa792: raises 27,695 to 31,195 and is all-in
Hero: folds
bf6c5ac2: calls 29,914 and is all-in
b33d33fe: folds
e6a11c80: folds
64f8bb4e: folds
b62311eb: folds
Uncalled bet (1,281) returned to 437fa792
437fa792: shows [Kc 9c]
bf6c5ac2: shows [Th Ah]
*** FLOP *** [3c 8d Kd]
*** TURN *** [3c 8d Kd] [Qc]
*** RIVER *** [3c 8d Kd Qc] [4d]
*** SHOWDOWN ***
437fa792 collected 68,678 from pot
*** SUMMARY ***
Total pot 68,678 | Rake 0 | Jackpot 0 | Bingo 0 | Fortune 0 | Tax 0
Board [3c 8d Kd Qc 4d]
Seat 1: Hero folded before Flop
Seat 2: bf6c5ac2 showed [Th Ah] and lost with Ace-High
Seat 3: b33d33fe folded before Flop
Seat 4: e6a11c80 (button) folded before Flop
Seat 5: 64f8bb4e (small blind) folded before Flop
Seat 6: b62311eb (big blind) folded before Flop
Seat 7: 4afcfea folded before Flop
Seat 8: 437fa792 showed [Kc 9c] and won (68,678) with Pair of Kings


Poker Hand #TM2978057273: Tournament #126846289, Global MILLION$, $1M GTD [Day 1] Hold'em No Limit - Level18(1,750/3,500) - 2024/02/18 16:08:25
Table '105' 8-max Seat #3 is the button
Seat 1: Hero (127,447 in chips)
Seat 2: bf6c5ac2 (30,814 in chips)
Seat 3: b33d33fe (102,442 in chips)
Seat 4: e6a11c80 (66,248 in chips)
Seat 5: 64f8bb4e (90,048 in chips)
Seat 6: b62311eb (31,785 in chips)
Seat 7: 4afcfea (78,956 in chips)
Seat 8: 437fa792 (32,095 in chips)
64f8bb4e: posts the ante 450
b33d33fe: posts the ante 450
Hero: posts the ante 450
e6a11c80: posts the ante 450
437fa792: posts the ante 450
bf6c5ac2: posts the ante 450
4afcfea: posts the ante 450
b62311eb: posts the ante 450
e6a11c80: posts small blind 1,750
64f8bb4e: posts big blind 3,500
*** HOLE CARDS ***
Dealt to Hero [4d 6s]
Dealt to bf6c5ac2 
Dealt to b33d33fe 
Dealt to e6a11c80 
Dealt to 64f8bb4e 
Dealt to b62311eb 
Dealt to 4afcfea 
Dealt to 437fa792 
b62311eb: folds
4afcfea: folds
437fa792: folds
Hero: folds
bf6c5ac2: folds
b33d33fe: folds
e6a11c80: folds
Uncalled bet (1,750) returned to 64f8bb4e
*** SHOWDOWN ***
64f8bb4e collected 7,100 from pot
*** SUMMARY ***
Total pot 7,100 | Rake 0 | Jackpot 0 | Bingo 0 | Fortune 0 | Tax 0
Seat 1: Hero folded before Flop
Seat 2: bf6c5ac2 folded before Flop
Seat 3: b33d33fe (button) folded before Flop
Seat 4: e6a11c80 (small blind) folded before Flop
Seat 5: 64f8bb4e (big blind) collected (7,100)
Seat 6: b62311eb folded before Flop
Seat 7: 4afcfea folded before Flop
Seat 8: 437fa792 folded before Flop


Poker Hand #TM2978057196: Tournament #126846289, Global MILLION$, $1M GTD [Day 1] Hold'em No Limit - Level18(1,750/3,500) - 2024/02/18 16:07:44
Table '105' 8-max Seat #2 is the button
Seat 1: Hero (127,897 in chips)
Seat 2: bf6c5ac2 (31,264 in chips)
Seat 3: b33d33fe (104,642 in chips)
Seat 4: e6a11c80 (70,198 in chips)
Seat 5: 64f8bb4e (81,648 in chips)
Seat 6: b62311eb (32,235 in chips)
Seat 7: 4afcfea (79,406 in chips)
Seat 8: 437fa792 (32,545 in chips)
64f8bb4e: posts the ante 450
Hero: posts the ante 450
b33d33fe: posts the ante 450
e6a11c80: posts the ante 450
437fa792: posts the ante 450
bf6c5ac2: posts the ante 450
4afcfea: posts the ante 450
b62311eb: posts the ante 450
b33d33fe: posts small blind 1,750
e6a11c80: posts big blind 3,500
*** HOLE CARDS ***
Dealt to Hero [5d 4c]
Dealt to bf6c5ac2 
Dealt to b33d33fe 
Dealt to e6a11c80 
Dealt to 64f8bb4e 
Dealt to b62311eb 
Dealt to 4afcfea 
Dealt to 437fa792 
64f8bb4e: raises 4,200 to 7,700
b62311eb: folds
4afcfea: folds
437fa792: folds
Hero: folds
bf6c5ac2: folds
b33d33fe: folds
e6a11c80: folds
Uncalled bet (4,200) returned to 64f8bb4e
*** SHOWDOWN ***
64f8bb4e collected 12,350 from pot
*** SUMMARY ***
Total pot 12,350 | Rake 0 | Jackpot 0 | Bingo 0 | Fortune 0 | Tax 0
Seat 1: Hero folded before Flop
Seat 2: bf6c5ac2 (button) folded before Flop
Seat 3: b33d33fe (small blind) folded before Flop
Seat 4: e6a11c80 (big blind) folded before Flop
Seat 5: 64f8bb4e collected (12,350)
Seat 6: b62311eb folded before Flop
Seat 7: 4afcfea folded before Flop
Seat 8: 437fa792 folded before Flop


Poker Hand #TM2978057081: Tournament #126846289, Global MILLION$, $1M GTD [Day 1] Hold'em No Limit - Level18(1,750/3,500) - 2024/02/18 16:06:43
Table '105' 8-max Seat #1 is the button
Seat 1: Hero (119,947 in chips)
Seat 2: bf6c5ac2 (33,464 in chips)
Seat 3: b33d33fe (108,592 in chips)
Seat 4: e6a11c80 (70,648 in chips)
Seat 5: 64f8bb4e (82,098 in chips)
Seat 6: b62311eb (32,685 in chips)
Seat 8: 437fa792 (32,995 in chips)
64f8bb4e: posts the ante 450
Hero: posts the ante 450
b33d33fe: posts the ante 450
e6a11c80: posts the ante 450
437fa792: posts the ante 450
bf6c5ac2: posts the ante 450
b62311eb: posts the ante 450
bf6c5ac2: posts small blind 1,750
b33d33fe: posts big blind 3,500
*** HOLE CARDS ***
Dealt to Hero [As 2s]
Dealt to bf6c5ac2 
Dealt to b33d33fe 
Dealt to e6a11c80 
Dealt to 64f8bb4e 
Dealt to b62311eb 
Dealt to 437fa792 
e6a11c80: folds
64f8bb4e: folds
b62311eb: folds
437fa792: folds
Hero: raises 3,500 to 7,000
bf6c5ac2: folds
b33d33fe: folds
Uncalled bet (3,500) returned to Hero
*** SHOWDOWN ***
Hero collected 11,900 from pot
*** SUMMARY ***
Total pot 11,900 | Rake 0 | Jackpot 0 | Bingo 0 | Fortune 0 | Tax 0
Seat 1: Hero (button) collected (11,900)
Seat 2: bf6c5ac2 (small blind) folded before Flop
Seat 3: b33d33fe (big blind) folded before Flop
Seat 4: e6a11c80 folded before Flop
Seat 5: 64f8bb4e folded before Flop
Seat 6: b62311eb folded before Flop
Seat 8: 437fa792 folded before Flop


Poker Hand #TM2978056982: Tournament #126846289, Global MILLION$, $1M GTD [Day 1] Hold'em No Limit - Level17(1,500/3,000) - 2024/02/18 16:05:51
Table '105' 8-max Seat #8 is the button
Seat 1: Hero (121,797 in chips)
Seat 2: bf6c5ac2 (29,864 in chips)
Seat 3: b33d33fe (108,942 in chips)
Seat 4: e6a11c80 (70,998 in chips)
Seat 5: 64f8bb4e (82,448 in chips)
Seat 6: b62311eb (33,035 in chips)
Seat 8: 437fa792 (33,345 in chips)
64f8bb4e: posts the ante 350
b33d33fe: posts the ante 350
Hero: posts the ante 350
e6a11c80: posts the ante 350
437fa792: posts the ante 350
bf6c5ac2: posts the ante 350
b62311eb: posts the ante 350
Hero: posts small blind 1,500
bf6c5ac2: posts big blind 3,000
*** HOLE CARDS ***
Dealt to Hero [5h 6c]
Dealt to bf6c5ac2 
Dealt to b33d33fe 
Dealt to e6a11c80 
Dealt to 64f8bb4e 
Dealt to b62311eb 
Dealt to 437fa792 
b33d33fe: folds
e6a11c80: folds
64f8bb4e: folds
b62311eb: folds
437fa792: folds
Hero: folds
Uncalled bet (1,500) returned to bf6c5ac2
*** SHOWDOWN ***
bf6c5ac2 collected 5,450 from pot
*** SUMMARY ***
Total pot 5,450 | Rake 0 | Jackpot 0 | Bingo 0 | Fortune 0 | Tax 0
Seat 1: Hero (small blind) folded before Flop
Seat 2: bf6c5ac2 (big blind) collected (5,450)
Seat 3: b33d33fe folded before Flop
Seat 4: e6a11c80 folded before Flop
Seat 5: 64f8bb4e folded before Flop
Seat 6: b62311eb folded before Flop
Seat 8: 437fa792 (button) folded before Flop


Poker Hand #TM2978056844: Tournament #126846289, Global MILLION$, $1M GTD [Day 1] Hold'em No Limit - Level17(1,500/3,000) - 2024/02/18 16:04:33
Table '105' 8-max Seat #6 is the button
Seat 1: Hero (122,147 in chips)
Seat 2: bf6c5ac2 (30,214 in chips)
Seat 3: b33d33fe (109,292 in chips)
Seat 4: e6a11c80 (71,348 in chips)
Seat 5: 64f8bb4e (44,204 in chips)
Seat 6: b62311eb (33,385 in chips)
Seat 7: 27d2eae8 (33,144 in chips)
Seat 8: 437fa792 (36,695 in chips)
64f8bb4e: posts the ante 350
b33d33fe: posts the ante 350
Hero: posts the ante 350
e6a11c80: posts the ante 350
437fa792: posts the ante 350
27d2eae8: posts the ante 350
bf6c5ac2: posts the ante 350
b62311eb: posts the ante 350
27d2eae8: posts small blind 1,500
437fa792: posts big blind 3,000
*** HOLE CARDS ***
Dealt to Hero [Kc 2h]
Dealt to bf6c5ac2 
Dealt to b33d33fe 
Dealt to e6a11c80 
Dealt to 64f8bb4e 
Dealt to b62311eb 
Dealt to 27d2eae8 
Dealt to 437fa792 
Hero: folds
bf6c5ac2: folds
b33d33fe: folds
e6a11c80: folds
64f8bb4e: raises 40,854 to 43,854 and is all-in
b62311eb: folds
27d2eae8: calls 31,294 and is all-in
437fa792: folds
Uncalled bet (11,060) returned to 64f8bb4e
64f8bb4e: shows [Ts Kd]
27d2eae8: shows [9c Ah]
*** FLOP *** [Td 9s 2c]
*** TURN *** [Td 9s 2c] [8s]
*** RIVER *** [Td 9s 2c 8s] [Qc]
*** SHOWDOWN ***
64f8bb4e collected 71,388 from pot
*** SUMMARY ***
Total pot 71,388 | Rake 0 | Jackpot 0 | Bingo 0 | Fortune 0 | Tax 0
Board [Td 9s 2c 8s Qc]
Seat 1: Hero folded before Flop
Seat 2: bf6c5ac2 folded before Flop
Seat 3: b33d33fe folded before Flop
Seat 4: e6a11c80 folded before Flop
Seat 5: 64f8bb4e showed [Ts Kd] and won (71,388) with Pair of Tens
Seat 6: b62311eb (button) folded before Flop
Seat 7: 27d2eae8 (small blind) showed [9c Ah] and lost with Pair of Nines
Seat 8: 437fa792 (big blind) folded before Flop


Poker Hand #TM2978056767: Tournament #126846289, Global MILLION$, $1M GTD [Day 1] Hold'em No Limit - Level17(1,500/3,000) - 2024/02/18 16:03:50
Table '105' 8-max Seat #5 is the button
Seat 1: Hero (122,497 in chips)
Seat 2: bf6c5ac2 (23,264 in chips)
Seat 3: b33d33fe (109,642 in chips)
Seat 4: e6a11c80 (71,698 in chips)
Seat 5: 64f8bb4e (44,554 in chips)
Seat 6: b62311eb (35,235 in chips)
Seat 7: 27d2eae8 (36,494 in chips)
Seat 8: 437fa792 (37,045 in chips)
64f8bb4e: posts the ante 350
b33d33fe: posts the ante 350
Hero: posts the ante 350
e6a11c80: posts the ante 350
437fa792: posts the ante 350
27d2eae8: posts the ante 350
bf6c5ac2: posts the ante 350
b62311eb: posts the ante 350
b62311eb: posts small blind 1,500
27d2eae8: posts big blind 3,000
*** HOLE CARDS ***
Dealt to Hero [6h 8d]
Dealt to bf6c5ac2 
Dealt to b33d33fe 
Dealt to e6a11c80 
Dealt to 64f8bb4e 
Dealt to b62311eb 
Dealt to 27d2eae8 
Dealt to 437fa792 
437fa792: folds
Hero: folds
bf6c5ac2: raises 19,914 to 22,914 and is all-in
b33d33fe: folds
e6a11c80: folds
64f8bb4e: folds
b62311eb: folds
27d2eae8: folds
Uncalled bet (19,914) returned to bf6c5ac2
*** SHOWDOWN ***
bf6c5ac2 collected 10,300 from pot
*** SUMMARY ***
Total pot 10,300 | Rake 0 | Jackpot 0 | Bingo 0 | Fortune 0 | Tax 0
Seat 1: Hero folded before Flop
Seat 2: bf6c5ac2 collected (10,300)
Seat 3: b33d33fe folded before Flop
Seat 4: e6a11c80 folded before Flop
Seat 5: 64f8bb4e (button) folded before Flop
Seat 6: b62311eb (small blind) folded before Flop
Seat 7: 27d2eae8 (big blind) folded before Flop
Seat 8: 437fa792 folded before Flop


Poker Hand #TM2978056692: Tournament #126846289, Global MILLION$, $1M GTD [Day 1] Hold'em No Limit - Level17(1,500/3,000) - 2024/02/18 16:03:07
Table '105' 8-max Seat #4 is the button
Seat 1: Hero (122,847 in chips)
Seat 2: bf6c5ac2 (23,614 in chips)
Seat 3: b33d33fe (96,692 in chips)
Seat 4: e6a11c80 (72,048 in chips)
Seat 5: 64f8bb4e (46,404 in chips)
Seat 6: b62311eb (38,585 in chips)
Seat 7: 27d2eae8 (42,844 in chips)
Seat 8: 437fa792 (37,395 in chips)
64f8bb4e: posts the ante 350
b33d33fe: posts the ante 350
Hero: posts the ante 350
e6a11c80: posts the ante 350
437fa792: posts the ante 350
27d2eae8: posts the ante 350
bf6c5ac2: posts the ante 350
b62311eb: posts the ante 350
64f8bb4e: posts small blind 1,500
b62311eb: posts big blind 3,000
*** HOLE CARDS ***
Dealt to Hero [5s 6c]
Dealt to bf6c5ac2 
Dealt to b33d33fe 
Dealt to e6a11c80 
Dealt to 64f8bb4e 
Dealt to b62311eb 
Dealt to 27d2eae8 
Dealt to 437fa792 
27d2eae8: raises 3,000 to 6,000
437fa792: folds
Hero: folds
bf6c5ac2: folds
b33d33fe: raises 90,342 to 96,342 and is all-in
e6a11c80: folds
64f8bb4e: folds
b62311eb: folds
27d2eae8: folds
Uncalled bet (90,342) returned to b33d33fe
*** SHOWDOWN ***
b33d33fe collected 19,300 from pot
*** SUMMARY ***
Total pot 19,300 | Rake 0 | Jackpot 0 | Bingo 0 | Fortune 0 | Tax 0
Seat 1: Hero folded before Flop
Seat 2: bf6c5ac2 folded before Flop
Seat 3: b33d33fe collected (19,300)
Seat 4: e6a11c80 (button) folded before Flop
Seat 5: 64f8bb4e (small blind) folded before Flop
Seat 6: b62311eb (big blind) folded before Flop
Seat 7: 27d2eae8 folded before Flop
Seat 8: 437fa792 folded before Flop


Poker Hand #TM2978056570: Tournament #126846289, Global MILLION$, $1M GTD [Day 1] Hold'em No Limit - Level17(1,500/3,000) - 2024/02/18 16:01:52
Table '105' 8-max Seat #3 is the button
Seat 1: Hero (115,897 in chips)
Seat 2: bf6c5ac2 (23,964 in chips)
Seat 3: b33d33fe (97,042 in chips)
Seat 4: e6a11c80 (73,898 in chips)
Seat 5: 64f8bb4e (49,754 in chips)
Seat 6: b62311eb (38,935 in chips)
Seat 7: 27d2eae8 (43,194 in chips)
Seat 8: 437fa792 (37,745 in chips)
64f8bb4e: posts the ante 350
b33d33fe: posts the ante 350
Hero: posts the ante 350
e6a11c80: posts the ante 350
437fa792: posts the ante 350
27d2eae8: posts the ante 350
bf6c5ac2: posts the ante 350
b62311eb: posts the ante 350
e6a11c80: posts small blind 1,500
64f8bb4e: posts big blind 3,000
*** HOLE CARDS ***
Dealt to Hero [Kh As]
Dealt to bf6c5ac2 
Dealt to b33d33fe 
Dealt to e6a11c80 
Dealt to 64f8bb4e 
Dealt to b62311eb 
Dealt to 27d2eae8 
Dealt to 437fa792 
b62311eb: folds
27d2eae8: folds
437fa792: folds
Hero: raises 3,300 to 6,300
bf6c5ac2: folds
b33d33fe: folds
e6a11c80: folds
64f8bb4e: folds
Uncalled bet (3,300) returned to Hero
*** SHOWDOWN ***
Hero collected 10,300 from pot
*** SUMMARY ***
Total pot 10,300 | Rake 0 | Jackpot 0 | Bingo 0 | Fortune 0 | Tax 0
Seat 1: Hero collected (10,300)
Seat 2: bf6c5ac2 folded before Flop
Seat 3: b33d33fe (button) folded before Flop
Seat 4: e6a11c80 (small blind) folded before Flop
Seat 5: 64f8bb4e (big blind) folded before Flop
Seat 6: b62311eb folded before Flop
Seat 7: 27d2eae8 folded before Flop
Seat 8: 437fa792 folded before Flop


Poker Hand #TM2978056434: Tournament #126846289, Global MILLION$, $1M GTD [Day 1] Hold'em No Limit - Level17(1,500/3,000) - 2024/02/18 15:54:31
Table '105' 8-max Seat #2 is the button
Seat 1: Hero (116,247 in chips)
Seat 2: bf6c5ac2 (30,314 in chips)
Seat 3: b33d33fe (98,892 in chips)
Seat 4: e6a11c80 (49,474 in chips)
Seat 5: 64f8bb4e (50,104 in chips)
Seat 6: b62311eb (53,759 in chips)
Seat 7: 27d2eae8 (43,544 in chips)
Seat 8: 437fa792 (38,095 in chips)
64f8bb4e: posts the ante 350
Hero: posts the ante 350
b33d33fe: posts the ante 350
e6a11c80: posts the ante 350
437fa792: posts the ante 350
27d2eae8: posts the ante 350
bf6c5ac2: posts the ante 350
b62311eb: posts the ante 350
b33d33fe: posts small blind 1,500
e6a11c80: posts big blind 3,000
*** HOLE CARDS ***
Dealt to Hero [9s 4s]
Dealt to bf6c5ac2 
Dealt to b33d33fe 
Dealt to e6a11c80 
Dealt to 64f8bb4e 
Dealt to b62311eb 
Dealt to 27d2eae8 
Dealt to 437fa792 
64f8bb4e: folds
b62311eb: raises 3,000 to 6,000
27d2eae8: folds
437fa792: folds
Hero: folds
bf6c5ac2: calls 6,000
b33d33fe: folds
e6a11c80: calls 3,000
*** FLOP *** [7h Kc 2h]
e6a11c80: checks
b62311eb: checks
bf6c5ac2: checks
*** TURN *** [7h Kc 2h] [3h]
e6a11c80: bets 8,474
b62311eb: calls 8,474
bf6c5ac2: folds
*** RIVER *** [7h Kc 2h 3h] [Qs]
e6a11c80: checks
b62311eb: checks
e6a11c80: shows [Jc Qd] (Pair of Queens)
b62311eb: shows [Td Ah] (Ace-High)
*** SHOWDOWN ***
e6a11c80 collected 39,248 from pot
*** SUMMARY ***
Total pot 39,248 | Rake 0 | Jackpot 0 | Bingo 0 | Fortune 0 | Tax 0
Board [7h Kc 2h 3h Qs]
Seat 1: Hero folded before Flop
Seat 2: bf6c5ac2 (button) folded on the Turn
Seat 3: b33d33fe (small blind) folded before Flop
Seat 4: e6a11c80 (big blind) showed [Jc Qd] and won (39,248) with Pair of Queens
Seat 5: 64f8bb4e folded before Flop
Seat 6: b62311eb showed [Td Ah] and lost with Ace-High
Seat 7: 27d2eae8 folded before Flop
Seat 8: 437fa792 folded before Flop


Poker Hand #TM2978056395: Tournament #126846289, Global MILLION$, $1M GTD [Day 1] Hold'em No Limit - Level17(1,500/3,000) - 2024/02/18 15:53:55
Table '105' 8-max Seat #1 is the button
Seat 1: Hero (116,597 in chips)
Seat 2: bf6c5ac2 (32,164 in chips)
Seat 3: b33d33fe (94,942 in chips)
Seat 4: e6a11c80 (49,824 in chips)
Seat 5: 64f8bb4e (50,454 in chips)
Seat 6: b62311eb (54,109 in chips)
Seat 7: 27d2eae8 (43,894 in chips)
Seat 8: 437fa792 (38,445 in chips)
64f8bb4e: posts the ante 350
Hero: posts the ante 350
b33d33fe: posts the ante 350
e6a11c80: posts the ante 350
437fa792: posts the ante 350
27d2eae8: posts the ante 350
bf6c5ac2: posts the ante 350
b62311eb: posts the ante 350
bf6c5ac2: posts small blind 1,500
b33d33fe: posts big blind 3,000
*** HOLE CARDS ***
Dealt to Hero [8h 2s]
Dealt to bf6c5ac2 
Dealt to b33d33fe 
Dealt to e6a11c80 
Dealt to 64f8bb4e 
Dealt to b62311eb 
Dealt to 27d2eae8 
Dealt to 437fa792 
e6a11c80: folds
64f8bb4e: folds
b62311eb: folds
27d2eae8: folds
437fa792: folds
Hero: folds
bf6c5ac2: folds
Uncalled bet (1,500) returned to b33d33fe
*** SHOWDOWN ***
b33d33fe collected 5,800 from pot
*** SUMMARY ***
Total pot 5,800 | Rake 0 | Jackpot 0 | Bingo 0 | Fortune 0 | Tax 0
Seat 1: Hero (button) folded before Flop
Seat 2: bf6c5ac2 (small blind) folded before Flop
Seat 3: b33d33fe (big blind) collected (5,800)
Seat 4: e6a11c80 folded before Flop
Seat 5: 64f8bb4e folded before Flop
Seat 6: b62311eb folded before Flop
Seat 7: 27d2eae8 folded before Flop
Seat 8: 437fa792 folded before Flop


Poker Hand #TM2978056210: Tournament #126846289, Global MILLION$, $1M GTD [Day 1] Hold'em No Limit - Level16(1,250/2,500) - 2024/02/18 15:50:55
Table '105' 8-max Seat #8 is the button
Seat 1: Hero (100,997 in chips)
Seat 2: bf6c5ac2 (37,464 in chips)
Seat 3: b33d33fe (95,242 in chips)
Seat 4: e6a11c80 (50,124 in chips)
Seat 5: 64f8bb4e (50,754 in chips)
Seat 6: b62311eb (54,409 in chips)
Seat 7: 27d2eae8 (52,694 in chips)
Seat 8: 437fa792 (38,745 in chips)
64f8bb4e: posts the ante 300
b33d33fe: posts the ante 300
Hero: posts the ante 300
e6a11c80: posts the ante 300
437fa792: posts the ante 300
27d2eae8: posts the ante 300
bf6c5ac2: posts the ante 300
b62311eb: posts the ante 300
Hero: posts small blind 1,250
bf6c5ac2: posts big blind 2,500
*** HOLE CARDS ***
Dealt to Hero [9c Jc]
Dealt to bf6c5ac2 
Dealt to b33d33fe 
Dealt to e6a11c80 
Dealt to 64f8bb4e 
Dealt to b62311eb 
Dealt to 27d2eae8 
Dealt to 437fa792 
b33d33fe: folds
e6a11c80: folds
64f8bb4e: folds
b62311eb: folds
27d2eae8: raises 2,500 to 5,000
437fa792: folds
Hero: calls 3,750
bf6c5ac2: calls 2,500
*** FLOP *** [2h 4h 7c]
Hero: checks
bf6c5ac2: checks
27d2eae8: bets 3,500
Hero: calls 3,500
bf6c5ac2: folds
*** TURN *** [2h 4h 7c] [3c]
Hero: checks
27d2eae8: checks
*** RIVER *** [2h 4h 7c 3c] [8d]
Hero: bets 8,600
27d2eae8: folds
Uncalled bet (8,600) returned to Hero
*** SHOWDOWN ***
Hero collected 24,400 from pot
*** SUMMARY ***
Total pot 24,400 | Rake 0 | Jackpot 0 | Bingo 0 | Fortune 0 | Tax 0
Board [2h 4h 7c 3c 8d]
Seat 1: Hero (small blind) won (24,400)
Seat 2: bf6c5ac2 (big blind) folded on the Flop
Seat 3: b33d33fe folded before Flop
Seat 4: e6a11c80 folded before Flop
Seat 5: 64f8bb4e folded before Flop
Seat 6: b62311eb folded before Flop
Seat 7: 27d2eae8 folded on the River
Seat 8: 437fa792 (button) folded before Flop


Poker Hand #TM2978056143: Tournament #126846289, Global MILLION$, $1M GTD [Day 1] Hold'em No Limit - Level16(1,250/2,500) - 2024/02/18 15:49:51
Table '105' 8-max Seat #7 is the button
Seat 1: Hero (106,297 in chips)
Seat 2: bf6c5ac2 (37,764 in chips)
Seat 3: b33d33fe (95,542 in chips)
Seat 4: e6a11c80 (50,424 in chips)
Seat 5: 64f8bb4e (51,054 in chips)
Seat 6: b62311eb (54,709 in chips)
Seat 7: 27d2eae8 (44,344 in chips)
Seat 8: 437fa792 (40,295 in chips)
64f8bb4e: posts the ante 300
b33d33fe: posts the ante 300
Hero: posts the ante 300
e6a11c80: posts the ante 300
437fa792: posts the ante 300
27d2eae8: posts the ante 300
bf6c5ac2: posts the ante 300
b62311eb: posts the ante 300
437fa792: posts small blind 1,250
Hero: posts big blind 2,500
*** HOLE CARDS ***
Dealt to Hero [3s 4c]
Dealt to bf6c5ac2 
Dealt to b33d33fe 
Dealt to e6a11c80 
Dealt to 64f8bb4e 
Dealt to b62311eb 
Dealt to 27d2eae8 
Dealt to 437fa792 
bf6c5ac2: folds
b33d33fe: folds
e6a11c80: folds
64f8bb4e: folds
b62311eb: folds
27d2eae8: raises 2,500 to 5,000
437fa792: folds
Hero: calls 2,500
*** FLOP *** [9d 8s Qc]
Hero: checks
27d2eae8: bets 8,873
Hero: folds
Uncalled bet (8,873) returned to 27d2eae8
*** SHOWDOWN ***
27d2eae8 collected 13,650 from pot
*** SUMMARY ***
Total pot 13,650 | Rake 0 | Jackpot 0 | Bingo 0 | Fortune 0 | Tax 0
Board [9d 8s Qc]
Seat 1: Hero (big blind) folded on the Flop
Seat 2: bf6c5ac2 folded before Flop
Seat 3: b33d33fe folded before Flop
Seat 4: e6a11c80 folded before Flop
Seat 5: 64f8bb4e folded before Flop
Seat 6: b62311eb folded before Flop
Seat 7: 27d2eae8 (button) won (13,650)
Seat 8: 437fa792 (small blind) folded before Flop


Poker Hand #TM2978056106: Tournament #126846289, Global MILLION$, $1M GTD [Day 1] Hold'em No Limit - Level16(1,250/2,500) - 2024/02/18 15:49:15
Table '105' 8-max Seat #6 is the button
Seat 1: Hero (106,597 in chips)
Seat 2: bf6c5ac2 (43,064 in chips)
Seat 3: b33d33fe (84,692 in chips)
Seat 4: e6a11c80 (50,724 in chips)
Seat 5: 64f8bb4e (51,354 in chips)
Seat 6: b62311eb (55,009 in chips)
Seat 7: 27d2eae8 (45,894 in chips)
Seat 8: 437fa792 (43,095 in chips)
64f8bb4e: posts the ante 300
b33d33fe: posts the ante 300
Hero: posts the ante 300
e6a11c80: posts the ante 300
437fa792: posts the ante 300
27d2eae8: posts the ante 300
bf6c5ac2: posts the ante 300
b62311eb: posts the ante 300
27d2eae8: posts small blind 1,250
437fa792: posts big blind 2,500
*** HOLE CARDS ***
Dealt to Hero [9d 7d]
Dealt to bf6c5ac2 
Dealt to b33d33fe 
Dealt to e6a11c80 
Dealt to 64f8bb4e 
Dealt to b62311eb 
Dealt to 27d2eae8 
Dealt to 437fa792 
Hero: folds
bf6c5ac2: raises 2,500 to 5,000
b33d33fe: raises 79,392 to 84,392 and is all-in
e6a11c80: folds
64f8bb4e: folds
b62311eb: folds
27d2eae8: folds
437fa792: folds
bf6c5ac2: folds
Uncalled bet (79,392) returned to b33d33fe
*** SHOWDOWN ***
b33d33fe collected 16,150 from pot
*** SUMMARY ***
Total pot 16,150 | Rake 0 | Jackpot 0 | Bingo 0 | Fortune 0 | Tax 0
Seat 1: Hero folded before Flop
Seat 2: bf6c5ac2 folded before Flop
Seat 3: b33d33fe collected (16,150)
Seat 4: e6a11c80 folded before Flop
Seat 5: 64f8bb4e folded before Flop
Seat 6: b62311eb (button) folded before Flop
Seat 7: 27d2eae8 (small blind) folded before Flop
Seat 8: 437fa792 (big blind) folded before Flop


Poker Hand #TM2978056039: Tournament #126846289, Global MILLION$, $1M GTD [Day 1] Hold'em No Limit - Level16(1,250/2,500) - 2024/02/18 15:48:07
Table '105' 8-max Seat #5 is the button
Seat 1: Hero (106,897 in chips)
Seat 2: bf6c5ac2 (43,364 in chips)
Seat 3: b33d33fe (84,992 in chips)
Seat 4: e6a11c80 (51,024 in chips)
Seat 5: 64f8bb4e (51,654 in chips)
Seat 6: b62311eb (77,056 in chips)
Seat 7: 27d2eae8 (22,047 in chips)
Seat 8: 437fa792 (43,395 in chips)
64f8bb4e: posts the ante 300
b33d33fe: posts the ante 300
Hero: posts the ante 300
e6a11c80: posts the ante 300
437fa792: posts the ante 300
27d2eae8: posts the ante 300
bf6c5ac2: posts the ante 300
b62311eb: posts the ante 300
b62311eb: posts small blind 1,250
27d2eae8: posts big blind 2,500
*** HOLE CARDS ***
Dealt to Hero [7c 3h]
Dealt to bf6c5ac2 
Dealt to b33d33fe 
Dealt to e6a11c80 
Dealt to 64f8bb4e 
Dealt to b62311eb 
Dealt to 27d2eae8 
Dealt to 437fa792 
437fa792: folds
Hero: folds
bf6c5ac2: folds
b33d33fe: folds
e6a11c80: folds
64f8bb4e: folds
b62311eb: raises 74,256 to 76,756 and is all-in
27d2eae8: calls 19,247 and is all-in
Uncalled bet (55,009) returned to b62311eb
b62311eb: shows [8d Ks]
27d2eae8: shows [Kc Th]
*** FLOP *** [6c Qd Js]
*** TURN *** [6c Qd Js] [8s]
*** RIVER *** [6c Qd Js 8s] [9d]
*** SHOWDOWN ***
27d2eae8 collected 45,894 from pot
*** SUMMARY ***
Total pot 45,894 | Rake 0 | Jackpot 0 | Bingo 0 | Fortune 0 | Tax 0
Board [6c Qd Js 8s 9d]
Seat 1: Hero folded before Flop
Seat 2: bf6c5ac2 folded before Flop
Seat 3: b33d33fe folded before Flop
Seat 4: e6a11c80 folded before Flop
Seat 5: 64f8bb4e (button) folded before Flop
Seat 6: b62311eb (small blind) showed [8d Ks] and lost with Pair of Eights
Seat 7: 27d2eae8 (big blind) showed [Kc Th] and won (45,894) with Kings-High Straight
Seat 8: 437fa792 folded before Flop


Poker Hand #TM2978055942: Tournament #126846289, Global MILLION$, $1M GTD [Day 1] Hold'em No Limit - Level16(1,250/2,500) - 2024/02/18 15:46:28
Table '105' 8-max Seat #4 is the button
Seat 1: Hero (94,759 in chips)
Seat 2: bf6c5ac2 (43,664 in chips)
Seat 3: b33d33fe (85,292 in chips)
Seat 4: e6a11c80 (51,324 in chips)
Seat 5: 64f8bb4e (53,204 in chips)
Seat 6: b62311eb (86,144 in chips)
Seat 7: 27d2eae8 (22,347 in chips)
Seat 8: 437fa792 (43,695 in chips)
64f8bb4e: posts the ante 300
b33d33fe: posts the ante 300
Hero: posts the ante 300
e6a11c80: posts the ante 300
437fa792: posts the ante 300
27d2eae8: posts the ante 300
bf6c5ac2: posts the ante 300
b62311eb: posts the ante 300
64f8bb4e: posts small blind 1,250
b62311eb: posts big blind 2,500
*** HOLE CARDS ***
Dealt to Hero [As Qh]
Dealt to bf6c5ac2 
Dealt to b33d33fe 
Dealt to e6a11c80 
Dealt to 64f8bb4e 
Dealt to b62311eb 
Dealt to 27d2eae8 
Dealt to 437fa792 
27d2eae8: folds
437fa792: folds
Hero: raises 2,750 to 5,250
bf6c5ac2: folds
b33d33fe: folds
e6a11c80: folds
64f8bb4e: folds
b62311eb: calls 2,750
*** FLOP *** [Ah 7c Qd]
b62311eb: checks
Hero: bets 3,538
b62311eb: calls 3,538
*** TURN *** [Ah 7c Qd] [9h]
b62311eb: checks
Hero: bets 26,533
b62311eb: folds
Uncalled bet (26,533) returned to Hero
*** SHOWDOWN ***
Hero collected 21,226 from pot
*** SUMMARY ***
Total pot 21,226 | Rake 0 | Jackpot 0 | Bingo 0 | Fortune 0 | Tax 0
Board [Ah 7c Qd 9h]
Seat 1: Hero won (21,226)
Seat 2: bf6c5ac2 folded before Flop
Seat 3: b33d33fe folded before Flop
Seat 4: e6a11c80 (button) folded before Flop
Seat 5: 64f8bb4e (small blind) folded before Flop
Seat 6: b62311eb (big blind) folded on the Turn
Seat 7: 27d2eae8 folded before Flop
Seat 8: 437fa792 folded before Flop


Poker Hand #TM2978055838: Tournament #126846289, Global MILLION$, $1M GTD [Day 1] Hold'em No Limit - Level16(1,250/2,500) - 2024/02/18 15:44:44
Table '105' 8-max Seat #3 is the button
Seat 1: Hero (95,059 in chips)
Seat 2: bf6c5ac2 (25,314 in chips)
Seat 3: b33d33fe (85,592 in chips)
Seat 4: e6a11c80 (52,874 in chips)
Seat 5: 64f8bb4e (58,504 in chips)
Seat 6: b62311eb (91,444 in chips)
Seat 7: 27d2eae8 (22,647 in chips)
Seat 8: 437fa792 (48,995 in chips)
64f8bb4e: posts the ante 300
b33d33fe: posts the ante 300
Hero: posts the ante 300
e6a11c80: posts the ante 300
437fa792: posts the ante 300
27d2eae8: posts the ante 300
bf6c5ac2: posts the ante 300
b62311eb: posts the ante 300
e6a11c80: posts small blind 1,250
64f8bb4e: posts big blind 2,500
*** HOLE CARDS ***
Dealt to Hero [7d 7c]
Dealt to bf6c5ac2 
Dealt to b33d33fe 
Dealt to e6a11c80 
Dealt to 64f8bb4e 
Dealt to b62311eb 
Dealt to 27d2eae8 
Dealt to 437fa792 
b62311eb: raises 2,500 to 5,000
27d2eae8: folds
437fa792: calls 5,000
Hero: folds
bf6c5ac2: calls 5,000
b33d33fe: folds
e6a11c80: folds
64f8bb4e: calls 2,500
*** FLOP *** [7h 2h Ts]
64f8bb4e: checks
b62311eb: checks
437fa792: checks
bf6c5ac2: bets 20,014 and is all-in
64f8bb4e: folds
b62311eb: folds
437fa792: folds
Uncalled bet (20,014) returned to bf6c5ac2
*** SHOWDOWN ***
bf6c5ac2 collected 23,650 from pot
*** SUMMARY ***
Total pot 23,650 | Rake 0 | Jackpot 0 | Bingo 0 | Fortune 0 | Tax 0
Board [7h 2h Ts]
Seat 1: Hero folded before Flop
Seat 2: bf6c5ac2 won (23,650)
Seat 3: b33d33fe (button) folded before Flop
Seat 4: e6a11c80 (small blind) folded before Flop
Seat 5: 64f8bb4e (big blind) folded on the Flop
Seat 6: b62311eb folded on the Flop
Seat 7: 27d2eae8 folded before Flop
Seat 8: 437fa792 folded on the Flop


Poker Hand #TM2978055718: Tournament #126846289, Global MILLION$, $1M GTD [Day 1] Hold'em No Limit - Level15(1,000/2,000) - 2024/02/18 15:42:39
Table '105' 8-max Seat #2 is the button
Seat 1: Hero (93,809 in chips)
Seat 2: bf6c5ac2 (25,564 in chips)
Seat 3: b33d33fe (86,842 in chips)
Seat 4: e6a11c80 (51,624 in chips)
Seat 5: 64f8bb4e (58,754 in chips)
Seat 6: b62311eb (91,694 in chips)
Seat 7: 27d2eae8 (22,897 in chips)
Seat 8: 437fa792 (49,245 in chips)
64f8bb4e: posts the ante 250
Hero: posts the ante 250
b33d33fe: posts the ante 250
e6a11c80: posts the ante 250
437fa792: posts the ante 250
27d2eae8: posts the ante 250
bf6c5ac2: posts the ante 250
b62311eb: posts the ante 250
b33d33fe: posts small blind 1,000
e6a11c80: posts big blind 2,000
*** HOLE CARDS ***
Dealt to Hero [Jd Ks]
Dealt to bf6c5ac2 
Dealt to b33d33fe 
Dealt to e6a11c80 
Dealt to 64f8bb4e 
Dealt to b62311eb 
Dealt to 27d2eae8 
Dealt to 437fa792 
64f8bb4e: folds
b62311eb: folds
27d2eae8: folds
437fa792: folds
Hero: raises 2,200 to 4,200
bf6c5ac2: folds
b33d33fe: folds
e6a11c80: calls 2,200
*** FLOP *** [Kd Jc As]
e6a11c80: checks
Hero: bets 2,850
e6a11c80: calls 2,850
*** TURN *** [Kd Jc As] [3d]
e6a11c80: checks
Hero: bets 14,535
e6a11c80: raises 29,789 to 44,324 and is all-in
Hero: calls 29,789
e6a11c80: shows [Kc Js] (Pair of Kings and Pair of Jacks)
Hero: shows [Jd Ks] (Pair of Kings and Pair of Jacks)
*** RIVER *** [Kd Jc As 3d] [9d]
*** SHOWDOWN ***
Hero collected 52,874 from pot
e6a11c80 collected 52,874 from pot
*** SUMMARY ***
Total pot 105,748 | Rake 0 | Jackpot 0 | Bingo 0 | Fortune 0 | Tax 0
Board [Kd Jc As 3d 9d]
Seat 1: Hero showed [Jd Ks] and won (52,874) with Pair of Kings and Pair of Jacks
Seat 2: bf6c5ac2 (button) folded before Flop
Seat 3: b33d33fe (small blind) folded before Flop
Seat 4: e6a11c80 (big blind) showed [Kc Js] and won (52,874) with Pair of Kings and Pair of Jacks
Seat 5: 64f8bb4e folded before Flop
Seat 6: b62311eb folded before Flop
Seat 7: 27d2eae8 folded before Flop
Seat 8: 437fa792 folded before Flop


Poker Hand #TM2978055698: Tournament #126846289, Global MILLION$, $1M GTD [Day 1] Hold'em No Limit - Level15(1,000/2,000) - 2024/02/18 15:42:18
Table '105' 8-max Seat #1 is the button
Seat 1: Hero (94,059 in chips)
Seat 2: bf6c5ac2 (26,814 in chips)
Seat 3: b33d33fe (89,092 in chips)
Seat 4: e6a11c80 (51,874 in chips)
Seat 5: 64f8bb4e (59,004 in chips)
Seat 6: b62311eb (86,944 in chips)
Seat 7: 27d2eae8 (23,147 in chips)
Seat 8: 437fa792 (49,495 in chips)
64f8bb4e: posts the ante 250
Hero: posts the ante 250
b33d33fe: posts the ante 250
e6a11c80: posts the ante 250
437fa792: posts the ante 250
27d2eae8: posts the ante 250
bf6c5ac2: posts the ante 250
b62311eb: posts the ante 250
bf6c5ac2: posts small blind 1,000
b33d33fe: posts big blind 2,000
*** HOLE CARDS ***
Dealt to Hero [5h Js]
Dealt to bf6c5ac2 
Dealt to b33d33fe 
Dealt to e6a11c80 
Dealt to 64f8bb4e 
Dealt to b62311eb 
Dealt to 27d2eae8 
Dealt to 437fa792 
e6a11c80: folds
64f8bb4e: folds
b62311eb: raises 2,400 to 4,400
27d2eae8: folds
437fa792: folds
Hero: folds
bf6c5ac2: folds
b33d33fe: folds
Uncalled bet (2,400) returned to b62311eb
*** SHOWDOWN ***
b62311eb collected 7,000 from pot
*** SUMMARY ***
Total pot 7,000 | Rake 0 | Jackpot 0 | Bingo 0 | Fortune 0 | Tax 0
Seat 1: Hero (button) folded before Flop
Seat 2: bf6c5ac2 (small blind) folded before Flop
Seat 3: b33d33fe (big blind) folded before Flop
Seat 4: e6a11c80 folded before Flop
Seat 5: 64f8bb4e folded before Flop
Seat 6: b62311eb collected (7,000)
Seat 7: 27d2eae8 folded before Flop
Seat 8: 437fa792 folded before Flop


Poker Hand #TM2978055682: Tournament #126846289, Global MILLION$, $1M GTD [Day 1] Hold'em No Limit - Level15(1,000/2,000) - 2024/02/18 15:41:55
Table '105' 8-max Seat #8 is the button
Seat 1: Hero (95,309 in chips)
Seat 2: bf6c5ac2 (24,064 in chips)
Seat 3: b33d33fe (89,342 in chips)
Seat 4: e6a11c80 (52,124 in chips)
Seat 5: 64f8bb4e (59,254 in chips)
Seat 6: b62311eb (87,194 in chips)
Seat 7: 27d2eae8 (23,397 in chips)
Seat 8: 437fa792 (49,745 in chips)
64f8bb4e: posts the ante 250
b33d33fe: posts the ante 250
Hero: posts the ante 250
e6a11c80: posts the ante 250
437fa792: posts the ante 250
27d2eae8: posts the ante 250
bf6c5ac2: posts the ante 250
b62311eb: posts the ante 250
Hero: posts small blind 1,000
bf6c5ac2: posts big blind 2,000
*** HOLE CARDS ***
Dealt to Hero [3h 7s]
Dealt to bf6c5ac2 
Dealt to b33d33fe 
Dealt to e6a11c80 
Dealt to 64f8bb4e 
Dealt to b62311eb 
Dealt to 27d2eae8 
Dealt to 437fa792 
b33d33fe: folds
e6a11c80: folds
64f8bb4e: folds
b62311eb: folds
27d2eae8: folds
437fa792: folds
Hero: folds
Uncalled bet (1,000) returned to bf6c5ac2
*** SHOWDOWN ***
bf6c5ac2 collected 4,000 from pot
*** SUMMARY ***
Total pot 4,000 | Rake 0 | Jackpot 0 | Bingo 0 | Fortune 0 | Tax 0
Seat 1: Hero (small blind) folded before Flop
Seat 2: bf6c5ac2 (big blind) collected (4,000)
Seat 3: b33d33fe folded before Flop
Seat 4: e6a11c80 folded before Flop
Seat 5: 64f8bb4e folded before Flop
Seat 6: b62311eb folded before Flop
Seat 7: 27d2eae8 folded before Flop
Seat 8: 437fa792 (button) folded before Flop


Poker Hand #TM2978055653: Tournament #126846289, Global MILLION$, $1M GTD [Day 1] Hold'em No Limit - Level15(1,000/2,000) - 2024/02/18 15:41:27
Table '105' 8-max Seat #6 is the button
Seat 1: Hero (97,559 in chips)
Seat 2: bf6c5ac2 (24,314 in chips)
Seat 3: b33d33fe (89,592 in chips)
Seat 4: e6a11c80 (52,374 in chips)
Seat 5: 64f8bb4e (63,904 in chips)
Seat 6: b62311eb (87,444 in chips)
Seat 8: 437fa792 (41,845 in chips)
64f8bb4e: posts the ante 250
b33d33fe: posts the ante 250
Hero: posts the ante 250
e6a11c80: posts the ante 250
437fa792: posts the ante 250
bf6c5ac2: posts the ante 250
b62311eb: posts the ante 250
437fa792: posts small blind 1,000
Hero: posts big blind 2,000
*** HOLE CARDS ***
Dealt to Hero [3d Jh]
Dealt to bf6c5ac2 
Dealt to b33d33fe 
Dealt to e6a11c80 
Dealt to 64f8bb4e 
Dealt to b62311eb 
Dealt to 437fa792 
bf6c5ac2: folds
b33d33fe: folds
e6a11c80: folds
64f8bb4e: raises 2,400 to 4,400
b62311eb: folds
437fa792: raises 37,195 to 41,595 and is all-in
Hero: folds
64f8bb4e: folds
Uncalled bet (37,195) returned to 437fa792
*** SHOWDOWN ***
437fa792 collected 12,550 from pot
*** SUMMARY ***
Total pot 12,550 | Rake 0 | Jackpot 0 | Bingo 0 | Fortune 0 | Tax 0
Seat 1: Hero (big blind) folded before Flop
Seat 2: bf6c5ac2 folded before Flop
Seat 3: b33d33fe folded before Flop
Seat 4: e6a11c80 folded before Flop
Seat 5: 64f8bb4e folded before Flop
Seat 6: b62311eb (button) folded before Flop
Seat 8: 437fa792 (small blind) collected (12,550)


Poker Hand #TM2978055617: Tournament #126846289, Global MILLION$, $1M GTD [Day 1] Hold'em No Limit - Level15(1,000/2,000) - 2024/02/18 15:40:49
Table '105' 8-max Seat #5 is the button
Seat 1: Hero (97,809 in chips)
Seat 2: bf6c5ac2 (24,564 in chips)
Seat 3: b33d33fe (89,842 in chips)
Seat 4: e6a11c80 (52,624 in chips)
Seat 5: 64f8bb4e (64,154 in chips)
Seat 6: b62311eb (83,944 in chips)
Seat 8: 437fa792 (44,095 in chips)
64f8bb4e: posts the ante 250
b33d33fe: posts the ante 250
Hero: posts the ante 250
e6a11c80: posts the ante 250
437fa792: posts the ante 250
bf6c5ac2: posts the ante 250
b62311eb: posts the ante 250
b62311eb: posts small blind 1,000
437fa792: posts big blind 2,000
*** HOLE CARDS ***
Dealt to Hero [Qc 3h]
Dealt to bf6c5ac2 
Dealt to b33d33fe 
Dealt to e6a11c80 
Dealt to 64f8bb4e 
Dealt to b62311eb 
Dealt to 437fa792 
Hero: folds
bf6c5ac2: folds
b33d33fe: folds
e6a11c80: folds
64f8bb4e: folds
b62311eb: calls 1,000
437fa792: checks
*** FLOP *** [5d Th Kh]
b62311eb: bets 2,000
437fa792: folds
Uncalled bet (2,000) returned to b62311eb
*** SHOWDOWN ***
b62311eb collected 5,750 from pot
*** SUMMARY ***
Total pot 5,750 | Rake 0 | Jackpot 0 | Bingo 0 | Fortune 0 | Tax 0
Board [5d Th Kh]
Seat 1: Hero folded before Flop
Seat 2: bf6c5ac2 folded before Flop
Seat 3: b33d33fe folded before Flop
Seat 4: e6a11c80 folded before Flop
Seat 5: 64f8bb4e (button) folded before Flop
Seat 6: b62311eb (small blind) won (5,750)
Seat 8: 437fa792 (big blind) folded on the Flop


Poker Hand #TM2978055572: Tournament #126846289, Global MILLION$, $1M GTD [Day 1] Hold'em No Limit - Level15(1,000/2,000) - 2024/02/18 15:39:59
Table '105' 8-max Seat #4 is the button
Seat 1: Hero (98,059 in chips)
Seat 2: bf6c5ac2 (24,814 in chips)
Seat 3: b33d33fe (90,092 in chips)
Seat 4: e6a11c80 (52,874 in chips)
Seat 5: 64f8bb4e (65,404 in chips)
Seat 6: b62311eb (45,944 in chips)
Seat 7: ea7e767d (35,500 in chips)
Seat 8: 437fa792 (44,345 in chips)
64f8bb4e: posts the ante 250
b33d33fe: posts the ante 250
Hero: posts the ante 250
e6a11c80: posts the ante 250
437fa792: posts the ante 250
bf6c5ac2: posts the ante 250
ea7e767d: posts the ante 250
b62311eb: posts the ante 250
64f8bb4e: posts small blind 1,000
b62311eb: posts big blind 2,000
*** HOLE CARDS ***
Dealt to Hero [9h 7d]
Dealt to bf6c5ac2 
Dealt to b33d33fe 
Dealt to e6a11c80 
Dealt to 64f8bb4e 
Dealt to b62311eb 
Dealt to ea7e767d 
Dealt to 437fa792 
ea7e767d: raises 2,200 to 4,200
437fa792: folds
Hero: folds
bf6c5ac2: folds
b33d33fe: folds
e6a11c80: folds
64f8bb4e: folds
b62311eb: calls 2,200
*** FLOP *** [7c Jh Tc]
b62311eb: checks
ea7e767d: bets 3,762
b62311eb: raises 37,732 to 41,494 and is all-in
ea7e767d: calls 27,288 and is all-in
Uncalled bet (10,444) returned to b62311eb
b62311eb: shows [2c Jc] (Pair of Jacks)
ea7e767d: shows [Td Ts] (Three Tens)
*** TURN *** [7c Jh Tc] [6c]
*** RIVER *** [7c Jh Tc 6c] [Ks]
*** SHOWDOWN ***
b62311eb collected 73,500 from pot
*** SUMMARY ***
Total pot 73,500 | Rake 0 | Jackpot 0 | Bingo 0 | Fortune 0 | Tax 0
Board [7c Jh Tc 6c Ks]
Seat 1: Hero folded before Flop
Seat 2: bf6c5ac2 folded before Flop
Seat 3: b33d33fe folded before Flop
Seat 4: e6a11c80 (button) folded before Flop
Seat 5: 64f8bb4e (small blind) folded before Flop
Seat 6: b62311eb (big blind) showed [2c Jc] and won (73,500) with Jack High Flush
Seat 7: ea7e767d showed [Td Ts] and lost with Three Tens
Seat 8: 437fa792 folded before Flop


Poker Hand #TM2978055535: Tournament #126846289, Global MILLION$, $1M GTD [Day 1] Hold'em No Limit - Level15(1,000/2,000) - 2024/02/18 15:39:11
Table '105' 8-max Seat #3 is the button
Seat 1: Hero (98,309 in chips)
Seat 2: bf6c5ac2 (25,064 in chips)
Seat 3: b33d33fe (90,342 in chips)
Seat 4: e6a11c80 (54,124 in chips)
Seat 5: 64f8bb4e (69,654 in chips)
Seat 6: b62311eb (46,194 in chips)
Seat 7: ea7e767d (35,750 in chips)
Seat 8: 437fa792 (37,595 in chips)
64f8bb4e: posts the ante 250
b33d33fe: posts the ante 250
Hero: posts the ante 250
e6a11c80: posts the ante 250
437fa792: posts the ante 250
bf6c5ac2: posts the ante 250
ea7e767d: posts the ante 250
b62311eb: posts the ante 250
e6a11c80: posts small blind 1,000
64f8bb4e: posts big blind 2,000
*** HOLE CARDS ***
Dealt to Hero [Td 9d]
Dealt to bf6c5ac2 
Dealt to b33d33fe 
Dealt to e6a11c80 
Dealt to 64f8bb4e 
Dealt to b62311eb 
Dealt to ea7e767d 
Dealt to 437fa792 
b62311eb: folds
ea7e767d: folds
437fa792: raises 2,000 to 4,000
Hero: folds
bf6c5ac2: folds
b33d33fe: folds
e6a11c80: folds
64f8bb4e: calls 2,000
*** FLOP *** [Kh 7s 7d]
64f8bb4e: checks
437fa792: bets 2,000
64f8bb4e: folds
Uncalled bet (2,000) returned to 437fa792
*** SHOWDOWN ***
437fa792 collected 11,000 from pot
*** SUMMARY ***
Total pot 11,000 | Rake 0 | Jackpot 0 | Bingo 0 | Fortune 0 | Tax 0
Board [Kh 7s 7d]
Seat 1: Hero folded before Flop
Seat 2: bf6c5ac2 folded before Flop
Seat 3: b33d33fe (button) folded before Flop
Seat 4: e6a11c80 (small blind) folded before Flop
Seat 5: 64f8bb4e (big blind) folded on the Flop
Seat 6: b62311eb folded before Flop
Seat 7: ea7e767d folded before Flop
Seat 8: 437fa792 won (11,000)


Poker Hand #TM2978055461: Tournament #126846289, Global MILLION$, $1M GTD [Day 1] Hold'em No Limit - Level15(1,000/2,000) - 2024/02/18 15:37:53
Table '105' 8-max Seat #1 is the button
Seat 1: Hero (98,559 in chips)
Seat 3: b33d33fe (91,592 in chips)
Seat 4: e6a11c80 (56,374 in chips)
Seat 5: 64f8bb4e (74,304 in chips)
Seat 6: b62311eb (46,444 in chips)
Seat 7: ea7e767d (36,000 in chips)
Seat 8: 437fa792 (28,695 in chips)
64f8bb4e: posts the ante 250
Hero: posts the ante 250
b33d33fe: posts the ante 250
e6a11c80: posts the ante 250
437fa792: posts the ante 250
ea7e767d: posts the ante 250
b62311eb: posts the ante 250
b33d33fe: posts small blind 1,000
e6a11c80: posts big blind 2,000
*** HOLE CARDS ***
Dealt to Hero [7s 9d]
Dealt to b33d33fe 
Dealt to e6a11c80 
Dealt to 64f8bb4e 
Dealt to b62311eb 
Dealt to ea7e767d 
Dealt to 437fa792 
64f8bb4e: raises 2,400 to 4,400
b62311eb: folds
ea7e767d: folds
437fa792: calls 4,400
Hero: folds
b33d33fe: folds
e6a11c80: folds
*** FLOP *** [Kd 2h 5d]
64f8bb4e: checks
437fa792: checks
*** TURN *** [Kd 2h 5d] [3c]
64f8bb4e: checks
437fa792: checks
*** RIVER *** [Kd 2h 5d 3c] [2s]
64f8bb4e: checks
437fa792: checks
64f8bb4e: shows [9c Ah] (Pair of Twos)
437fa792: shows [Jd As] (Pair of Twos)
*** SHOWDOWN ***
437fa792 collected 13,550 from pot
*** SUMMARY ***
Total pot 13,550 | Rake 0 | Jackpot 0 | Bingo 0 | Fortune 0 | Tax 0
Board [Kd 2h 5d 3c 2s]
Seat 1: Hero (button) folded before Flop
Seat 3: b33d33fe (small blind) folded before Flop
Seat 4: e6a11c80 (big blind) folded before Flop
Seat 5: 64f8bb4e showed [9c Ah] and lost with Pair of Twos
Seat 6: b62311eb folded before Flop
Seat 7: ea7e767d folded before Flop
Seat 8: 437fa792 showed [Jd As] and won (13,550) with Pair of Twos


Poker Hand #TM2978055423: Tournament #126846289, Global MILLION$, $1M GTD [Day 1] Hold'em No Limit - Level15(1,000/2,000) - 2024/02/18 15:37:04
Table '105' 8-max Seat #8 is the button
Seat 1: Hero (69,299 in chips)
Seat 2: e17e3d13 (27,760 in chips)
Seat 3: b33d33fe (91,842 in chips)
Seat 4: e6a11c80 (56,624 in chips)
Seat 5: 64f8bb4e (74,554 in chips)
Seat 6: b62311eb (46,694 in chips)
Seat 7: ea7e767d (36,250 in chips)
Seat 8: 437fa792 (28,945 in chips)
64f8bb4e: posts the ante 250
b33d33fe: posts the ante 250
Hero: posts the ante 250
e6a11c80: posts the ante 250
437fa792: posts the ante 250
ea7e767d: posts the ante 250
b62311eb: posts the ante 250
e17e3d13: posts the ante 250
Hero: posts small blind 1,000
e17e3d13: posts big blind 2,000
*** HOLE CARDS ***
Dealt to Hero [4c Ah]
Dealt to e17e3d13 
Dealt to b33d33fe 
Dealt to e6a11c80 
Dealt to 64f8bb4e 
Dealt to b62311eb 
Dealt to ea7e767d 
Dealt to 437fa792 
b33d33fe: folds
e6a11c80: folds
64f8bb4e: folds
b62311eb: folds
ea7e767d: folds
437fa792: folds
Hero: raises 67,049 to 69,049 and is all-in
e17e3d13: calls 25,510 and is all-in
Uncalled bet (41,539) returned to Hero
Hero: shows [4c Ah]
e17e3d13: shows [Qs Jd]
*** FLOP *** [6h 2h Ad]
*** TURN *** [6h 2h Ad] [8d]
*** RIVER *** [6h 2h Ad 8d] [5c]
*** SHOWDOWN ***
Hero collected 57,020 from pot
*** SUMMARY ***
Total pot 57,020 | Rake 0 | Jackpot 0 | Bingo 0 | Fortune 0 | Tax 0
Board [6h 2h Ad 8d 5c]
Seat 1: Hero (small blind) showed [4c Ah] and won (57,020) with Pair of Aces
Seat 2: e17e3d13 (big blind) showed [Qs Jd] and lost with Ace-High
Seat 3: b33d33fe folded before Flop
Seat 4: e6a11c80 folded before Flop
Seat 5: 64f8bb4e folded before Flop
Seat 6: b62311eb folded before Flop
Seat 7: ea7e767d folded before Flop
Seat 8: 437fa792 (button) folded before Flop


Poker Hand #TM2978055385: Tournament #126846289, Global MILLION$, $1M GTD [Day 1] Hold'em No Limit - Level15(1,000/2,000) - 2024/02/18 15:36:32
Table '105' 8-max Seat #7 is the button
Seat 1: Hero (71,549 in chips)
Seat 2: e17e3d13 (28,010 in chips)
Seat 3: b33d33fe (92,092 in chips)
Seat 4: e6a11c80 (56,874 in chips)
Seat 5: 64f8bb4e (74,804 in chips)
Seat 6: b62311eb (46,944 in chips)
Seat 7: ea7e767d (31,500 in chips)
Seat 8: 437fa792 (30,195 in chips)
64f8bb4e: posts the ante 250
b33d33fe: posts the ante 250
Hero: posts the ante 250
e6a11c80: posts the ante 250
437fa792: posts the ante 250
ea7e767d: posts the ante 250
b62311eb: posts the ante 250
e17e3d13: posts the ante 250
437fa792: posts small blind 1,000
Hero: posts big blind 2,000
*** HOLE CARDS ***
Dealt to Hero [Ts 2d]
Dealt to e17e3d13 
Dealt to b33d33fe 
Dealt to e6a11c80 
Dealt to 64f8bb4e 
Dealt to b62311eb 
Dealt to ea7e767d 
Dealt to 437fa792 
e17e3d13: folds
b33d33fe: folds
e6a11c80: folds
64f8bb4e: folds
b62311eb: folds
ea7e767d: raises 2,200 to 4,200
437fa792: folds
Hero: folds
Uncalled bet (2,200) returned to ea7e767d
*** SHOWDOWN ***
ea7e767d collected 7,000 from pot
*** SUMMARY ***
Total pot 7,000 | Rake 0 | Jackpot 0 | Bingo 0 | Fortune 0 | Tax 0
Seat 1: Hero (big blind) folded before Flop
Seat 2: e17e3d13 folded before Flop
Seat 3: b33d33fe folded before Flop
Seat 4: e6a11c80 folded before Flop
Seat 5: 64f8bb4e folded before Flop
Seat 6: b62311eb folded before Flop
Seat 7: ea7e767d (button) collected (7,000)
Seat 8: 437fa792 (small blind) folded before Flop


Poker Hand #TM2978055356: Tournament #126846289, Global MILLION$, $1M GTD [Day 1] Hold'em No Limit - Level15(1,000/2,000) - 2024/02/18 15:35:52
Table '105' 8-max Seat #6 is the button
Seat 1: Hero (75,799 in chips)
Seat 2: e17e3d13 (28,260 in chips)
Seat 3: b33d33fe (83,342 in chips)
Seat 4: e6a11c80 (57,124 in chips)
Seat 5: 64f8bb4e (75,054 in chips)
Seat 6: b62311eb (47,194 in chips)
Seat 7: ea7e767d (32,750 in chips)
Seat 8: 437fa792 (32,445 in chips)
64f8bb4e: posts the ante 250
b33d33fe: posts the ante 250
Hero: posts the ante 250
e6a11c80: posts the ante 250
437fa792: posts the ante 250
ea7e767d: posts the ante 250
b62311eb: posts the ante 250
e17e3d13: posts the ante 250
ea7e767d: posts small blind 1,000
437fa792: posts big blind 2,000
*** HOLE CARDS ***
Dealt to Hero [Jc Qh]
Dealt to e17e3d13 
Dealt to b33d33fe 
Dealt to e6a11c80 
Dealt to 64f8bb4e 
Dealt to b62311eb 
Dealt to ea7e767d 
Dealt to 437fa792 
Hero: raises 2,000 to 4,000
e17e3d13: folds
b33d33fe: raises 6,000 to 10,000
e6a11c80: folds
64f8bb4e: folds
b62311eb: folds
ea7e767d: folds
437fa792: folds
Hero: folds
Uncalled bet (6,000) returned to b33d33fe
*** SHOWDOWN ***
b33d33fe collected 13,000 from pot
*** SUMMARY ***
Total pot 13,000 | Rake 0 | Jackpot 0 | Bingo 0 | Fortune 0 | Tax 0
Seat 1: Hero folded before Flop
Seat 2: e17e3d13 folded before Flop
Seat 3: b33d33fe collected (13,000)
Seat 4: e6a11c80 folded before Flop
Seat 5: 64f8bb4e folded before Flop
Seat 6: b62311eb (button) folded before Flop
Seat 7: ea7e767d (small blind) folded before Flop
Seat 8: 437fa792 (big blind) folded before Flop


Poker Hand #TM2978055309: Tournament #126846289, Global MILLION$, $1M GTD [Day 1] Hold'em No Limit - Level14(800/1,600) - 2024/02/18 15:35:03
Table '105' 8-max Seat #5 is the button
Seat 1: Hero (75,999 in chips)
Seat 2: e17e3d13 (28,460 in chips)
Seat 3: b33d33fe (83,542 in chips)
Seat 4: e6a11c80 (57,324 in chips)
Seat 5: 64f8bb4e (75,254 in chips)
Seat 6: b62311eb (42,594 in chips)
Seat 7: ea7e767d (36,150 in chips)
Seat 8: 437fa792 (32,645 in chips)
64f8bb4e: posts the ante 200
b33d33fe: posts the ante 200
Hero: posts the ante 200
e6a11c80: posts the ante 200
437fa792: posts the ante 200
ea7e767d: posts the ante 200
b62311eb: posts the ante 200
e17e3d13: posts the ante 200
b62311eb: posts small blind 800
ea7e767d: posts big blind 1,600
*** HOLE CARDS ***
Dealt to Hero [5c Qs]
Dealt to e17e3d13 
Dealt to b33d33fe 
Dealt to e6a11c80 
Dealt to 64f8bb4e 
Dealt to b62311eb 
Dealt to ea7e767d 
Dealt to 437fa792 
437fa792: folds
Hero: folds
e17e3d13: folds
b33d33fe: folds
e6a11c80: folds
64f8bb4e: folds
b62311eb: calls 800
ea7e767d: checks
*** FLOP *** [5s 7h Kd]
b62311eb: bets 1,600
ea7e767d: calls 1,600
*** TURN *** [5s 7h Kd] [Th]
b62311eb: checks
ea7e767d: checks
*** RIVER *** [5s 7h Kd Th] [Jh]
b62311eb: bets 8,000
ea7e767d: folds
Uncalled bet (8,000) returned to b62311eb
*** SHOWDOWN ***
b62311eb collected 8,000 from pot
*** SUMMARY ***
Total pot 8,000 | Rake 0 | Jackpot 0 | Bingo 0 | Fortune 0 | Tax 0
Board [5s 7h Kd Th Jh]
Seat 1: Hero folded before Flop
Seat 2: e17e3d13 folded before Flop
Seat 3: b33d33fe folded before Flop
Seat 4: e6a11c80 folded before Flop
Seat 5: 64f8bb4e (button) folded before Flop
Seat 6: b62311eb (small blind) won (8,000)
Seat 7: ea7e767d (big blind) folded on the River
Seat 8: 437fa792 folded before Flop


Poker Hand #TM2978055264: Tournament #126846289, Global MILLION$, $1M GTD [Day 1] Hold'em No Limit - Level14(800/1,600) - 2024/02/18 15:34:15
Table '105' 8-max Seat #4 is the button
Seat 1: Hero (70,639 in chips)
Seat 2: e17e3d13 (28,660 in chips)
Seat 3: b33d33fe (83,742 in chips)
Seat 4: e6a11c80 (57,524 in chips)
Seat 5: 64f8bb4e (76,254 in chips)
Seat 6: b62311eb (46,154 in chips)
Seat 8: 437fa792 (32,845 in chips)
64f8bb4e: posts the ante 200
b33d33fe: posts the ante 200
Hero: posts the ante 200
e6a11c80: posts the ante 200
437fa792: posts the ante 200
b62311eb: posts the ante 200
e17e3d13: posts the ante 200
64f8bb4e: posts small blind 800
b62311eb: posts big blind 1,600
*** HOLE CARDS ***
Dealt to Hero [Ah Ts]
Dealt to e17e3d13 
Dealt to b33d33fe 
Dealt to e6a11c80 
Dealt to 64f8bb4e 
Dealt to b62311eb 
Dealt to 437fa792 
437fa792: folds
Hero: raises 1,760 to 3,360
e17e3d13: folds
b33d33fe: folds
e6a11c80: folds
64f8bb4e: folds
b62311eb: calls 1,760
*** FLOP *** [Js Jc 6c]
b62311eb: checks
Hero: bets 2,230
b62311eb: folds
Uncalled bet (2,230) returned to Hero
*** SHOWDOWN ***
Hero collected 8,920 from pot
*** SUMMARY ***
Total pot 8,920 | Rake 0 | Jackpot 0 | Bingo 0 | Fortune 0 | Tax 0
Board [Js Jc 6c]
Seat 1: Hero won (8,920)
Seat 2: e17e3d13 folded before Flop
Seat 3: b33d33fe folded before Flop
Seat 4: e6a11c80 (button) folded before Flop
Seat 5: 64f8bb4e (small blind) folded before Flop
Seat 6: b62311eb (big blind) folded on the Flop
Seat 8: 437fa792 folded before Flop


Poker Hand #TM2978055224: Tournament #126846289, Global MILLION$, $1M GTD [Day 1] Hold'em No Limit - Level14(800/1,600) - 2024/02/18 15:33:30
Table '105' 8-max Seat #3 is the button
Seat 1: Hero (70,839 in chips)
Seat 3: b33d33fe (83,942 in chips)
Seat 4: e6a11c80 (58,524 in chips)
Seat 5: 64f8bb4e (78,054 in chips)
Seat 6: b62311eb (25,774 in chips)
Seat 7: 44dcf217 (16,980 in chips)
Seat 8: 437fa792 (33,045 in chips)
64f8bb4e: posts the ante 200
44dcf217: posts the ante 200
b33d33fe: posts the ante 200
Hero: posts the ante 200
e6a11c80: posts the ante 200
437fa792: posts the ante 200
b62311eb: posts the ante 200
e6a11c80: posts small blind 800
64f8bb4e: posts big blind 1,600
*** HOLE CARDS ***
Dealt to Hero [8h 9h]
Dealt to b33d33fe 
Dealt to e6a11c80 
Dealt to 64f8bb4e 
Dealt to b62311eb 
Dealt to 44dcf217 
Dealt to 437fa792 
b62311eb: raises 1,600 to 3,200
44dcf217: raises 13,580 to 16,780 and is all-in
437fa792: folds
Hero: folds
b33d33fe: folds
e6a11c80: folds
64f8bb4e: folds
b62311eb: calls 13,580
44dcf217: shows [Ah Jh]
b62311eb: shows [Qh As]
*** FLOP *** [Ac 3c 4d]
*** TURN *** [Ac 3c 4d] [Kc]
*** RIVER *** [Ac 3c 4d Kc] [2c]
*** SHOWDOWN ***
b62311eb collected 37,360 from pot
*** SUMMARY ***
Total pot 37,360 | Rake 0 | Jackpot 0 | Bingo 0 | Fortune 0 | Tax 0
Board [Ac 3c 4d Kc 2c]
Seat 1: Hero folded before Flop
Seat 3: b33d33fe (button) folded before Flop
Seat 4: e6a11c80 (small blind) folded before Flop
Seat 5: 64f8bb4e (big blind) folded before Flop
Seat 6: b62311eb showed [Qh As] and won (37,360) with Pair of Aces
Seat 7: 44dcf217 showed [Ah Jh] and lost with Pair of Aces
Seat 8: 437fa792 folded before Flop


Poker Hand #TM2978055172: Tournament #126846289, Global MILLION$, $1M GTD [Day 1] Hold'em No Limit - Level14(800/1,600) - 2024/02/18 15:32:36
Table '105' 8-max Seat #1 is the button
Seat 1: Hero (71,039 in chips)
Seat 2: df8d4d31 (9,298 in chips)
Seat 3: b33d33fe (85,742 in chips)
Seat 4: e6a11c80 (58,724 in chips)
Seat 5: 64f8bb4e (65,956 in chips)
Seat 6: b62311eb (25,974 in chips)
Seat 7: 44dcf217 (17,180 in chips)
Seat 8: 437fa792 (33,245 in chips)
64f8bb4e: posts the ante 200
df8d4d31: posts the ante 200
44dcf217: posts the ante 200
Hero: posts the ante 200
b33d33fe: posts the ante 200
e6a11c80: posts the ante 200
437fa792: posts the ante 200
b62311eb: posts the ante 200
df8d4d31: posts small blind 800
b33d33fe: posts big blind 1,600
*** HOLE CARDS ***
Dealt to Hero [Ks 9c]
Dealt to df8d4d31 
Dealt to b33d33fe 
Dealt to e6a11c80 
Dealt to 64f8bb4e 
Dealt to b62311eb 
Dealt to 44dcf217 
Dealt to 437fa792 
e6a11c80: folds
64f8bb4e: raises 1,920 to 3,520
b62311eb: folds
44dcf217: folds
437fa792: folds
Hero: folds
df8d4d31: raises 5,578 to 9,098 and is all-in
b33d33fe: folds
64f8bb4e: calls 5,578
df8d4d31: shows [Jc Kc]
64f8bb4e: shows [Jd Jh]
*** FLOP *** [3h 9h 4h]
*** TURN *** [3h 9h 4h] [7c]
*** RIVER *** [3h 9h 4h 7c] [6s]
*** SHOWDOWN ***
64f8bb4e collected 21,396 from pot
*** SUMMARY ***
Total pot 21,396 | Rake 0 | Jackpot 0 | Bingo 0 | Fortune 0 | Tax 0
Board [3h 9h 4h 7c 6s]
Seat 1: Hero (button) folded before Flop
Seat 2: df8d4d31 (small blind) showed [Jc Kc] and lost with King-High
Seat 3: b33d33fe (big blind) folded before Flop
Seat 4: e6a11c80 folded before Flop
Seat 5: 64f8bb4e showed [Jd Jh] and won (21,396) with Pair of Jacks
Seat 6: b62311eb folded before Flop
Seat 7: 44dcf217 folded before Flop
Seat 8: 437fa792 folded before Flop


Poker Hand #TM2978055094: Tournament #126846289, Global MILLION$, $1M GTD [Day 1] Hold'em No Limit - Level14(800/1,600) - 2024/02/18 15:31:16
Table '105' 8-max Seat #8 is the button
Seat 1: Hero (72,039 in chips)
Seat 2: df8d4d31 (13,018 in chips)
Seat 3: b33d33fe (89,462 in chips)
Seat 4: e6a11c80 (58,924 in chips)
Seat 5: 64f8bb4e (56,716 in chips)
Seat 6: b62311eb (26,174 in chips)
Seat 7: 44dcf217 (17,380 in chips)
Seat 8: 437fa792 (33,445 in chips)
64f8bb4e: posts the ante 200
df8d4d31: posts the ante 200
44dcf217: posts the ante 200
b33d33fe: posts the ante 200
Hero: posts the ante 200
e6a11c80: posts the ante 200
437fa792: posts the ante 200
b62311eb: posts the ante 200
Hero: posts small blind 800
df8d4d31: posts big blind 1,600
*** HOLE CARDS ***
Dealt to Hero [9d Qc]
Dealt to df8d4d31 
Dealt to b33d33fe 
Dealt to e6a11c80 
Dealt to 64f8bb4e 
Dealt to b62311eb 
Dealt to 44dcf217 
Dealt to 437fa792 
b33d33fe: raises 1,920 to 3,520
e6a11c80: folds
64f8bb4e: calls 3,520
b62311eb: folds
44dcf217: folds
437fa792: folds
Hero: folds
df8d4d31: calls 1,920
*** FLOP *** [7c Qh 6s]
df8d4d31: checks
b33d33fe: checks
64f8bb4e: bets 4,277
df8d4d31: folds
b33d33fe: folds
Uncalled bet (4,277) returned to 64f8bb4e
*** SHOWDOWN ***
64f8bb4e collected 12,960 from pot
*** SUMMARY ***
Total pot 12,960 | Rake 0 | Jackpot 0 | Bingo 0 | Fortune 0 | Tax 0
Board [7c Qh 6s]
Seat 1: Hero (small blind) folded before Flop
Seat 2: df8d4d31 (big blind) folded on the Flop
Seat 3: b33d33fe folded on the Flop
Seat 4: e6a11c80 folded before Flop
Seat 5: 64f8bb4e won (12,960)
Seat 6: b62311eb folded before Flop
Seat 7: 44dcf217 folded before Flop
Seat 8: 437fa792 (button) folded before Flop


Poker Hand #TM2978055040: Tournament #126846289, Global MILLION$, $1M GTD [Day 1] Hold'em No Limit - Level14(800/1,600) - 2024/02/18 15:30:22
Table '105' 8-max Seat #7 is the button
Seat 1: Hero (65,329 in chips)
Seat 2: df8d4d31 (13,218 in chips)
Seat 3: b33d33fe (89,662 in chips)
Seat 5: 64f8bb4e (56,916 in chips)
Seat 6: b62311eb (26,374 in chips)
Seat 7: 44dcf217 (17,580 in chips)
Seat 8: 437fa792 (39,155 in chips)
64f8bb4e: posts the ante 200
df8d4d31: posts the ante 200
44dcf217: posts the ante 200
b33d33fe: posts the ante 200
Hero: posts the ante 200
437fa792: posts the ante 200
b62311eb: posts the ante 200
437fa792: posts small blind 800
Hero: posts big blind 1,600
*** HOLE CARDS ***
Dealt to Hero [Tc Ts]
Dealt to df8d4d31 
Dealt to b33d33fe 
Dealt to 64f8bb4e 
Dealt to b62311eb 
Dealt to 44dcf217 
Dealt to 437fa792 
df8d4d31: folds
b33d33fe: folds
64f8bb4e: folds
b62311eb: folds
44dcf217: folds
437fa792: calls 800
Hero: raises 3,910 to 5,510
437fa792: calls 3,910
*** FLOP *** [As 2c 9s]
437fa792: checks
Hero: bets 3,105
437fa792: folds
Uncalled bet (3,105) returned to Hero
*** SHOWDOWN ***
Hero collected 12,420 from pot
*** SUMMARY ***
Total pot 12,420 | Rake 0 | Jackpot 0 | Bingo 0 | Fortune 0 | Tax 0
Board [As 2c 9s]
Seat 1: Hero (big blind) won (12,420)
Seat 2: df8d4d31 folded before Flop
Seat 3: b33d33fe folded before Flop
Seat 5: 64f8bb4e folded before Flop
Seat 6: b62311eb folded before Flop
Seat 7: 44dcf217 (button) folded before Flop
Seat 8: 437fa792 (small blind) folded on the Flop


Poker Hand #TM2978054967: Tournament #126846289, Global MILLION$, $1M GTD [Day 1] Hold'em No Limit - Level14(800/1,600) - 2024/02/18 15:29:09
Table '105' 8-max Seat #6 is the button
Seat 1: Hero (68,729 in chips)
Seat 2: df8d4d31 (13,418 in chips)
Seat 3: b33d33fe (58,300 in chips)
Seat 4: d877d287 (24,562 in chips)
Seat 5: 64f8bb4e (57,116 in chips)
Seat 6: b62311eb (26,574 in chips)
Seat 7: 44dcf217 (18,580 in chips)
Seat 8: 437fa792 (40,955 in chips)
64f8bb4e: posts the ante 200
df8d4d31: posts the ante 200
44dcf217: posts the ante 200
b33d33fe: posts the ante 200
Hero: posts the ante 200
437fa792: posts the ante 200
b62311eb: posts the ante 200
d877d287: posts the ante 200
44dcf217: posts small blind 800
437fa792: posts big blind 1,600
*** HOLE CARDS ***
Dealt to Hero [Td As]
Dealt to df8d4d31 
Dealt to b33d33fe 
Dealt to d877d287 
Dealt to 64f8bb4e 
Dealt to b62311eb 
Dealt to 44dcf217 
Dealt to 437fa792 
Hero: raises 1,600 to 3,200
df8d4d31: folds
b33d33fe: calls 3,200
d877d287: raises 21,162 to 24,362 and is all-in
64f8bb4e: folds
b62311eb: folds
44dcf217: folds
437fa792: folds
Hero: folds
b33d33fe: calls 21,162
d877d287: shows [Qd Qc]
b33d33fe: shows [Ah Qh]
*** FLOP *** [Kh Ac 8h]
*** TURN *** [Kh Ac 8h] [9c]
*** RIVER *** [Kh Ac 8h 9c] [3h]
*** SHOWDOWN ***
b33d33fe collected 55,924 from pot
*** SUMMARY ***
Total pot 55,924 | Rake 0 | Jackpot 0 | Bingo 0 | Fortune 0 | Tax 0
Board [Kh Ac 8h 9c 3h]
Seat 1: Hero folded before Flop
Seat 2: df8d4d31 folded before Flop
Seat 3: b33d33fe showed [Ah Qh] and won (55,924) with Ace High Flush
Seat 4: d877d287 showed [Qd Qc] and lost with Pair of Queens
Seat 5: 64f8bb4e folded before Flop
Seat 6: b62311eb (button) folded before Flop
Seat 7: 44dcf217 (small blind) folded before Flop
Seat 8: 437fa792 (big blind) folded before Flop


Poker Hand #TM2978054912: Tournament #126846289, Global MILLION$, $1M GTD [Day 1] Hold'em No Limit - Level14(800/1,600) - 2024/02/18 15:28:15
Table '105' 8-max Seat #5 is the button
Seat 1: Hero (68,929 in chips)
Seat 2: df8d4d31 (13,618 in chips)
Seat 3: b33d33fe (58,500 in chips)
Seat 4: d877d287 (24,762 in chips)
Seat 5: 64f8bb4e (57,316 in chips)
Seat 6: b62311eb (23,574 in chips)
Seat 7: 44dcf217 (20,380 in chips)
Seat 8: 437fa792 (41,155 in chips)
64f8bb4e: posts the ante 200
df8d4d31: posts the ante 200
44dcf217: posts the ante 200
b33d33fe: posts the ante 200
Hero: posts the ante 200
437fa792: posts the ante 200
b62311eb: posts the ante 200
d877d287: posts the ante 200
b62311eb: posts small blind 800
44dcf217: posts big blind 1,600
*** HOLE CARDS ***
Dealt to Hero [3s 9h]
Dealt to df8d4d31 
Dealt to b33d33fe 
Dealt to d877d287 
Dealt to 64f8bb4e 
Dealt to b62311eb 
Dealt to 44dcf217 
Dealt to 437fa792 
437fa792: folds
Hero: folds
df8d4d31: folds
b33d33fe: folds
d877d287: folds
64f8bb4e: folds
b62311eb: calls 800
44dcf217: checks
*** FLOP *** [Ad 3d Qs]
b62311eb: bets 1,600
44dcf217: folds
Uncalled bet (1,600) returned to b62311eb
*** SHOWDOWN ***
b62311eb collected 4,800 from pot
*** SUMMARY ***
Total pot 4,800 | Rake 0 | Jackpot 0 | Bingo 0 | Fortune 0 | Tax 0
Board [Ad 3d Qs]
Seat 1: Hero folded before Flop
Seat 2: df8d4d31 folded before Flop
Seat 3: b33d33fe folded before Flop
Seat 4: d877d287 folded before Flop
Seat 5: 64f8bb4e (button) folded before Flop
Seat 6: b62311eb (small blind) won (4,800)
Seat 7: 44dcf217 (big blind) folded on the Flop
Seat 8: 437fa792 folded before Flop


Poker Hand #TM2978054868: Tournament #126846289, Global MILLION$, $1M GTD [Day 1] Hold'em No Limit - Level13(600/1,200) - 2024/02/18 15:27:31
Table '105' 8-max Seat #4 is the button
Seat 1: Hero (69,079 in chips)
Seat 2: df8d4d31 (13,768 in chips)
Seat 3: b33d33fe (58,650 in chips)
Seat 4: d877d287 (24,912 in chips)
Seat 5: 64f8bb4e (55,066 in chips)
Seat 6: b62311eb (24,924 in chips)
Seat 7: 44dcf217 (20,530 in chips)
Seat 8: 437fa792 (41,305 in chips)
64f8bb4e: posts the ante 150
df8d4d31: posts the ante 150
44dcf217: posts the ante 150
b33d33fe: posts the ante 150
Hero: posts the ante 150
437fa792: posts the ante 150
b62311eb: posts the ante 150
d877d287: posts the ante 150
64f8bb4e: posts small blind 600
b62311eb: posts big blind 1,200
*** HOLE CARDS ***
Dealt to Hero [3c Tc]
Dealt to df8d4d31 
Dealt to b33d33fe 
Dealt to d877d287 
Dealt to 64f8bb4e 
Dealt to b62311eb 
Dealt to 44dcf217 
Dealt to 437fa792 
44dcf217: folds
437fa792: folds
Hero: folds
df8d4d31: folds
b33d33fe: folds
d877d287: folds
64f8bb4e: calls 600
b62311eb: checks
*** FLOP *** [Ad 7d 6c]
64f8bb4e: bets 1,200
b62311eb: folds
Uncalled bet (1,200) returned to 64f8bb4e
*** SHOWDOWN ***
64f8bb4e collected 3,600 from pot
*** SUMMARY ***
Total pot 3,600 | Rake 0 | Jackpot 0 | Bingo 0 | Fortune 0 | Tax 0
Board [Ad 7d 6c]
Seat 1: Hero folded before Flop
Seat 2: df8d4d31 folded before Flop
Seat 3: b33d33fe folded before Flop
Seat 4: d877d287 (button) folded before Flop
Seat 5: 64f8bb4e (small blind) won (3,600)
Seat 6: b62311eb (big blind) folded on the Flop
Seat 7: 44dcf217 folded before Flop
Seat 8: 437fa792 folded before Flop


Poker Hand #TM2978054831: Tournament #126846289, Global MILLION$, $1M GTD [Day 1] Hold'em No Limit - Level13(600/1,200) - 2024/02/18 15:27:02
Table '105' 8-max Seat #3 is the button
Seat 1: Hero (69,229 in chips)
Seat 2: df8d4d31 (13,918 in chips)
Seat 3: b33d33fe (58,800 in chips)
Seat 4: d877d287 (25,662 in chips)
Seat 5: 64f8bb4e (56,416 in chips)
Seat 6: b62311eb (25,074 in chips)
Seat 7: 44dcf217 (20,680 in chips)
Seat 8: 437fa792 (38,455 in chips)
64f8bb4e: posts the ante 150
df8d4d31: posts the ante 150
44dcf217: posts the ante 150
b33d33fe: posts the ante 150
Hero: posts the ante 150
437fa792: posts the ante 150
b62311eb: posts the ante 150
d877d287: posts the ante 150
d877d287: posts small blind 600
64f8bb4e: posts big blind 1,200
*** HOLE CARDS ***
Dealt to Hero [6s Ks]
Dealt to df8d4d31 
Dealt to b33d33fe 
Dealt to d877d287 
Dealt to 64f8bb4e 
Dealt to b62311eb 
Dealt to 44dcf217 
Dealt to 437fa792 
b62311eb: folds
44dcf217: folds
437fa792: raises 1,200 to 2,400
Hero: folds
df8d4d31: folds
b33d33fe: folds
d877d287: folds
64f8bb4e: folds
Uncalled bet (1,200) returned to 437fa792
*** SHOWDOWN ***
437fa792 collected 4,200 from pot
*** SUMMARY ***
Total pot 4,200 | Rake 0 | Jackpot 0 | Bingo 0 | Fortune 0 | Tax 0
Seat 1: Hero folded before Flop
Seat 2: df8d4d31 folded before Flop
Seat 3: b33d33fe (button) folded before Flop
Seat 4: d877d287 (small blind) folded before Flop
Seat 5: 64f8bb4e (big blind) folded before Flop
Seat 6: b62311eb folded before Flop
Seat 7: 44dcf217 folded before Flop
Seat 8: 437fa792 collected (4,200)


Poker Hand #TM2978054729: Tournament #126846289, Global MILLION$, $1M GTD [Day 1] Hold'em No Limit - Level13(600/1,200) - 2024/02/18 15:25:16
Table '85' 8-max Seat #1 is the button
Seat 1: 7e127b83 (16,655 in chips)
Seat 3: d905b179 (20,831 in chips)
Seat 4: 4aa8411c (33,170 in chips)
Seat 5: 32be2c83 (3,148 in chips)
Seat 6: 72fa680a (23,233 in chips)
Seat 7: 49b9ae53 (34,035 in chips)
Seat 8: Hero (69,379 in chips)
72fa680a: posts the ante 150
4aa8411c: posts the ante 150
32be2c83: posts the ante 150
Hero: posts the ante 150
d905b179: posts the ante 150
49b9ae53: posts the ante 150
7e127b83: posts the ante 150
d905b179: posts small blind 600
4aa8411c: posts big blind 1,200
*** HOLE CARDS ***
Dealt to 7e127b83 
Dealt to d905b179 
Dealt to 4aa8411c 
Dealt to 32be2c83 
Dealt to 72fa680a 
Dealt to 49b9ae53 
Dealt to Hero [4c 5c]
32be2c83: raises 1,798 to 2,998 and is all-in
72fa680a: folds
49b9ae53: folds
Hero: folds
7e127b83: folds
d905b179: folds
4aa8411c: calls 1,798
32be2c83: shows [Qd 2c]
4aa8411c: shows [7s Ks]
*** FLOP *** [6c Kd 3c]
*** TURN *** [6c Kd 3c] [4s]
*** RIVER *** [6c Kd 3c 4s] [7d]
*** SHOWDOWN ***
4aa8411c collected 7,646 from pot
*** SUMMARY ***
Total pot 7,646 | Rake 0 | Jackpot 0 | Bingo 0 | Fortune 0 | Tax 0
Board [6c Kd 3c 4s 7d]
Seat 1: 7e127b83 (button) folded before Flop
Seat 3: d905b179 (small blind) folded before Flop
Seat 4: 4aa8411c (big blind) showed [7s Ks] and won (7,646) with Pair of Kings and Pair of Sevens
Seat 5: 32be2c83 showed [Qd 2c] and lost with King-High
Seat 6: 72fa680a folded before Flop
Seat 7: 49b9ae53 folded before Flop
Seat 8: Hero folded before Flop


Poker Hand #TM2978054642: Tournament #126846289, Global MILLION$, $1M GTD [Day 1] Hold'em No Limit - Level13(600/1,200) - 2024/02/18 15:23:49
Table '85' 8-max Seat #8 is the button
Seat 1: 7e127b83 (17,405 in chips)
Seat 2: 24cc1c45 (10,454 in chips)
Seat 3: d905b179 (20,981 in chips)
Seat 4: 4aa8411c (21,216 in chips)
Seat 5: 32be2c83 (3,298 in chips)
Seat 6: 72fa680a (23,383 in chips)
Seat 7: 49b9ae53 (34,185 in chips)
Seat 8: Hero (69,529 in chips)
72fa680a: posts the ante 150
4aa8411c: posts the ante 150
32be2c83: posts the ante 150
Hero: posts the ante 150
d905b179: posts the ante 150
49b9ae53: posts the ante 150
7e127b83: posts the ante 150
24cc1c45: posts the ante 150
7e127b83: posts small blind 600
24cc1c45: posts big blind 1,200
*** HOLE CARDS ***
Dealt to 7e127b83 
Dealt to 24cc1c45 
Dealt to d905b179 
Dealt to 4aa8411c 
Dealt to 32be2c83 
Dealt to 72fa680a 
Dealt to 49b9ae53 
Dealt to Hero [2d Th]
d905b179: folds
4aa8411c: raises 1,200 to 2,400
32be2c83: folds
72fa680a: folds
49b9ae53: folds
Hero: folds
7e127b83: folds
24cc1c45: calls 1,200
*** FLOP *** [3c 6s Qc]
24cc1c45: bets 7,904 and is all-in
4aa8411c: calls 7,904
24cc1c45: shows [Tc Kc] (King-High)
4aa8411c: shows [Qh Ah] (Pair of Queens)
*** TURN *** [3c 6s Qc] [6h]
*** RIVER *** [3c 6s Qc 6h] [Jd]
*** SHOWDOWN ***
4aa8411c collected 22,408 from pot
*** SUMMARY ***
Total pot 22,408 | Rake 0 | Jackpot 0 | Bingo 0 | Fortune 0 | Tax 0
Board [3c 6s Qc 6h Jd]
Seat 1: 7e127b83 (small blind) folded before Flop
Seat 2: 24cc1c45 (big blind) showed [Tc Kc] and lost with Pair of Sixes
Seat 3: d905b179 folded before Flop
Seat 4: 4aa8411c showed [Qh Ah] and won (22,408) with Pair of Queens and Pair of Sixes
Seat 5: 32be2c83 folded before Flop
Seat 6: 72fa680a folded before Flop
Seat 7: 49b9ae53 folded before Flop
Seat 8: Hero (button) folded before Flop


Poker Hand #TM2978054577: Tournament #126846289, Global MILLION$, $1M GTD [Day 1] Hold'em No Limit - Level13(600/1,200) - 2024/02/18 15:22:40
Table '85' 8-max Seat #7 is the button
Seat 1: 7e127b83 (18,755 in chips)
Seat 2: 24cc1c45 (10,604 in chips)
Seat 3: d905b179 (21,131 in chips)
Seat 4: 4aa8411c (21,366 in chips)
Seat 5: 32be2c83 (3,448 in chips)
Seat 6: 72fa680a (19,933 in chips)
Seat 7: 49b9ae53 (34,335 in chips)
Seat 8: Hero (70,879 in chips)
72fa680a: posts the ante 150
4aa8411c: posts the ante 150
32be2c83: posts the ante 150
Hero: posts the ante 150
d905b179: posts the ante 150
49b9ae53: posts the ante 150
7e127b83: posts the ante 150
24cc1c45: posts the ante 150
Hero: posts small blind 600
7e127b83: posts big blind 1,200
*** HOLE CARDS ***
Dealt to 7e127b83 
Dealt to 24cc1c45 
Dealt to d905b179 
Dealt to 4aa8411c 
Dealt to 32be2c83 
Dealt to 72fa680a 
Dealt to 49b9ae53 
Dealt to Hero [Qs 8s]
24cc1c45: folds
d905b179: folds
4aa8411c: folds
32be2c83: folds
72fa680a: calls 1,200
49b9ae53: folds
Hero: calls 600
7e127b83: checks
*** FLOP *** [Ad 3h Td]
Hero: checks
7e127b83: checks
72fa680a: bets 2,640
Hero: folds
7e127b83: folds
Uncalled bet (2,640) returned to 72fa680a
*** SHOWDOWN ***
72fa680a collected 4,800 from pot
*** SUMMARY ***
Total pot 4,800 | Rake 0 | Jackpot 0 | Bingo 0 | Fortune 0 | Tax 0
Board [Ad 3h Td]
Seat 1: 7e127b83 (big blind) folded on the Flop
Seat 2: 24cc1c45 folded before Flop
Seat 3: d905b179 folded before Flop
Seat 4: 4aa8411c folded before Flop
Seat 5: 32be2c83 folded before Flop
Seat 6: 72fa680a won (4,800)
Seat 7: 49b9ae53 (button) folded before Flop
Seat 8: Hero (small blind) folded on the Flop


Poker Hand #TM2978054431: Tournament #126846289, Global MILLION$, $1M GTD [Day 1] Hold'em No Limit - Level13(600/1,200) - 2024/02/18 15:20:13
Table '85' 8-max Seat #6 is the button
Seat 1: 7e127b83 (18,905 in chips)
Seat 2: 24cc1c45 (10,754 in chips)
Seat 3: d905b179 (21,281 in chips)
Seat 4: 4aa8411c (45,306 in chips)
Seat 5: 32be2c83 (3,598 in chips)
Seat 6: 72fa680a (20,083 in chips)
Seat 7: 49b9ae53 (35,085 in chips)
Seat 8: Hero (45,439 in chips)
72fa680a: posts the ante 150
4aa8411c: posts the ante 150
32be2c83: posts the ante 150
Hero: posts the ante 150
d905b179: posts the ante 150
49b9ae53: posts the ante 150
7e127b83: posts the ante 150
24cc1c45: posts the ante 150
49b9ae53: posts small blind 600
Hero: posts big blind 1,200
*** HOLE CARDS ***
Dealt to 7e127b83 
Dealt to 24cc1c45 
Dealt to d905b179 
Dealt to 4aa8411c 
Dealt to 32be2c83 
Dealt to 72fa680a 
Dealt to 49b9ae53 
Dealt to Hero [Qc Ac]
7e127b83: folds
24cc1c45: folds
d905b179: folds
4aa8411c: raises 1,200 to 2,400
32be2c83: folds
72fa680a: folds
49b9ae53: folds
Hero: calls 1,200
*** FLOP *** [3c Jh 8d]
Hero: checks
4aa8411c: bets 1,650
Hero: calls 1,650
*** TURN *** [3c Jh 8d] [Ah]
Hero: checks
4aa8411c: bets 5,940
Hero: calls 5,940
*** RIVER *** [3c Jh 8d Ah] [Qd]
Hero: checks
4aa8411c: bets 13,800
Hero: calls 13,800
4aa8411c: shows [Kh 9h] (Ace-High)
Hero: shows [Qc Ac] (Pair of Aces and Pair of Queens)
*** SHOWDOWN ***
Hero collected 49,380 from pot
*** SUMMARY ***
Total pot 49,380 | Rake 0 | Jackpot 0 | Bingo 0 | Fortune 0 | Tax 0
Board [3c Jh 8d Ah Qd]
Seat 1: 7e127b83 folded before Flop
Seat 2: 24cc1c45 folded before Flop
Seat 3: d905b179 folded before Flop
Seat 4: 4aa8411c showed [Kh 9h] and lost with Ace-High
Seat 5: 32be2c83 folded before Flop
Seat 6: 72fa680a (button) folded before Flop
Seat 7: 49b9ae53 (small blind) folded before Flop
Seat 8: Hero (big blind) showed [Qc Ac] and won (49,380) with Pair of Aces and Pair of Queens


Poker Hand #TM2978054393: Tournament #126846289, Global MILLION$, $1M GTD [Day 1] Hold'em No Limit - Level12(500/1,000) - 2024/02/18 15:19:42
Table '85' 8-max Seat #5 is the button
Seat 1: 7e127b83 (19,030 in chips)
Seat 2: 24cc1c45 (10,879 in chips)
Seat 3: d905b179 (21,406 in chips)
Seat 4: 4aa8411c (45,431 in chips)
Seat 5: 32be2c83 (3,723 in chips)
Seat 6: 72fa680a (20,708 in chips)
Seat 7: 49b9ae53 (36,210 in chips)
Seat 8: Hero (43,064 in chips)
72fa680a: posts the ante 125
4aa8411c: posts the ante 125
32be2c83: posts the ante 125
Hero: posts the ante 125
d905b179: posts the ante 125
49b9ae53: posts the ante 125
7e127b83: posts the ante 125
24cc1c45: posts the ante 125
72fa680a: posts small blind 500
49b9ae53: posts big blind 1,000
*** HOLE CARDS ***
Dealt to 7e127b83 
Dealt to 24cc1c45 
Dealt to d905b179 
Dealt to 4aa8411c 
Dealt to 32be2c83 
Dealt to 72fa680a 
Dealt to 49b9ae53 
Dealt to Hero [Ac 5c]
Hero: raises 1,100 to 2,100
7e127b83: folds
24cc1c45: folds
d905b179: folds
4aa8411c: folds
32be2c83: folds
72fa680a: folds
49b9ae53: folds
Uncalled bet (1,100) returned to Hero
*** SHOWDOWN ***
Hero collected 3,500 from pot
*** SUMMARY ***
Total pot 3,500 | Rake 0 | Jackpot 0 | Bingo 0 | Fortune 0 | Tax 0
Seat 1: 7e127b83 folded before Flop
Seat 2: 24cc1c45 folded before Flop
Seat 3: d905b179 folded before Flop
Seat 4: 4aa8411c folded before Flop
Seat 5: 32be2c83 (button) folded before Flop
Seat 6: 72fa680a (small blind) folded before Flop
Seat 7: 49b9ae53 (big blind) folded before Flop
Seat 8: Hero collected (3,500)


Poker Hand #TM2978054320: Tournament #126846289, Global MILLION$, $1M GTD [Day 1] Hold'em No Limit - Level12(500/1,000) - 2024/02/18 15:18:37
Table '85' 8-max Seat #4 is the button
Seat 1: 7e127b83 (8,890 in chips)
Seat 2: 24cc1c45 (11,004 in chips)
Seat 3: d905b179 (21,531 in chips)
Seat 4: 4aa8411c (45,556 in chips)
Seat 5: 32be2c83 (4,348 in chips)
Seat 6: 72fa680a (29,598 in chips)
Seat 7: 49b9ae53 (36,335 in chips)
Seat 8: Hero (43,189 in chips)
72fa680a: posts the ante 125
4aa8411c: posts the ante 125
32be2c83: posts the ante 125
Hero: posts the ante 125
d905b179: posts the ante 125
49b9ae53: posts the ante 125
7e127b83: posts the ante 125
24cc1c45: posts the ante 125
32be2c83: posts small blind 500
72fa680a: posts big blind 1,000
*** HOLE CARDS ***
Dealt to 7e127b83 
Dealt to 24cc1c45 
Dealt to d905b179 
Dealt to 4aa8411c 
Dealt to 32be2c83 
Dealt to 72fa680a 
Dealt to 49b9ae53 
Dealt to Hero [6s 5c]
49b9ae53: folds
Hero: folds
7e127b83: raises 7,765 to 8,765 and is all-in
24cc1c45: folds
d905b179: folds
4aa8411c: folds
32be2c83: folds
72fa680a: calls 7,765
7e127b83: shows [Jh Ac]
72fa680a: shows [As Td]
*** FLOP *** [7d Js 4d]
*** TURN *** [7d Js 4d] [Kd]
*** RIVER *** [7d Js 4d Kd] [9c]
*** SHOWDOWN ***
7e127b83 collected 19,030 from pot
*** SUMMARY ***
Total pot 19,030 | Rake 0 | Jackpot 0 | Bingo 0 | Fortune 0 | Tax 0
Board [7d Js 4d Kd 9c]
Seat 1: 7e127b83 showed [Jh Ac] and won (19,030) with Pair of Jacks
Seat 2: 24cc1c45 folded before Flop
Seat 3: d905b179 folded before Flop
Seat 4: 4aa8411c (button) folded before Flop
Seat 5: 32be2c83 (small blind) folded before Flop
Seat 6: 72fa680a (big blind) showed [As Td] and lost with Ace-High
Seat 7: 49b9ae53 folded before Flop
Seat 8: Hero folded before Flop


Poker Hand #TM2978054250: Tournament #126846289, Global MILLION$, $1M GTD [Day 1] Hold'em No Limit - Level12(500/1,000) - 2024/02/18 15:17:23
Table '85' 8-max Seat #3 is the button
Seat 1: 7e127b83 (9,015 in chips)
Seat 2: 24cc1c45 (11,129 in chips)
Seat 3: d905b179 (21,656 in chips)
Seat 4: 4aa8411c (46,181 in chips)
Seat 5: 32be2c83 (6,573 in chips)
Seat 6: 72fa680a (29,723 in chips)
Seat 7: 49b9ae53 (36,460 in chips)
Seat 8: Hero (39,714 in chips)
72fa680a: posts the ante 125
4aa8411c: posts the ante 125
32be2c83: posts the ante 125
Hero: posts the ante 125
d905b179: posts the ante 125
49b9ae53: posts the ante 125
7e127b83: posts the ante 125
24cc1c45: posts the ante 125
4aa8411c: posts small blind 500
32be2c83: posts big blind 1,000
*** HOLE CARDS ***
Dealt to 7e127b83 
Dealt to 24cc1c45 
Dealt to d905b179 
Dealt to 4aa8411c 
Dealt to 32be2c83 
Dealt to 72fa680a 
Dealt to 49b9ae53 
Dealt to Hero [Ac Kc]
72fa680a: folds
49b9ae53: folds
Hero: raises 1,100 to 2,100
7e127b83: folds
24cc1c45: folds
d905b179: folds
4aa8411c: folds
32be2c83: calls 1,100
*** FLOP *** [3c Qc Ad]
32be2c83: checks
Hero: bets 1,000
32be2c83: folds
Uncalled bet (1,000) returned to Hero
*** SHOWDOWN ***
Hero collected 5,700 from pot
*** SUMMARY ***
Total pot 5,700 | Rake 0 | Jackpot 0 | Bingo 0 | Fortune 0 | Tax 0
Board [3c Qc Ad]
Seat 1: 7e127b83 folded before Flop
Seat 2: 24cc1c45 folded before Flop
Seat 3: d905b179 (button) folded before Flop
Seat 4: 4aa8411c (small blind) folded before Flop
Seat 5: 32be2c83 (big blind) folded on the Flop
Seat 6: 72fa680a folded before Flop
Seat 7: 49b9ae53 folded before Flop
Seat 8: Hero won (5,700)


Poker Hand #TM2978054196: Tournament #126846289, Global MILLION$, $1M GTD [Day 1] Hold'em No Limit - Level12(500/1,000) - 2024/02/18 15:16:34
Table '85' 8-max Seat #2 is the button
Seat 2: 24cc1c45 (11,254 in chips)
Seat 3: d905b179 (22,281 in chips)
Seat 4: 4aa8411c (48,306 in chips)
Seat 5: 32be2c83 (6,698 in chips)
Seat 6: 72fa680a (29,848 in chips)
Seat 7: 49b9ae53 (33,210 in chips)
Seat 8: Hero (39,839 in chips)
72fa680a: posts the ante 125
4aa8411c: posts the ante 125
32be2c83: posts the ante 125
Hero: posts the ante 125
d905b179: posts the ante 125
49b9ae53: posts the ante 125
24cc1c45: posts the ante 125
d905b179: posts small blind 500
4aa8411c: posts big blind 1,000
*** HOLE CARDS ***
Dealt to 24cc1c45 
Dealt to d905b179 
Dealt to 4aa8411c 
Dealt to 32be2c83 
Dealt to 72fa680a 
Dealt to 49b9ae53 
Dealt to Hero [4d 6d]
32be2c83: folds
72fa680a: folds
49b9ae53: raises 1,000 to 2,000
Hero: folds
24cc1c45: folds
d905b179: folds
4aa8411c: calls 1,000
*** FLOP *** [7d Kh Ad]
4aa8411c: checks
49b9ae53: bets 1,774
4aa8411c: folds
Uncalled bet (1,774) returned to 49b9ae53
*** SHOWDOWN ***
49b9ae53 collected 5,375 from pot
*** SUMMARY ***
Total pot 5,375 | Rake 0 | Jackpot 0 | Bingo 0 | Fortune 0 | Tax 0
Board [7d Kh Ad]
Seat 2: 24cc1c45 (button) folded before Flop
Seat 3: d905b179 (small blind) folded before Flop
Seat 4: 4aa8411c (big blind) folded on the Flop
Seat 5: 32be2c83 folded before Flop
Seat 6: 72fa680a folded before Flop
Seat 7: 49b9ae53 won (5,375)
Seat 8: Hero folded before Flop


Poker Hand #TM2978054130: Tournament #126846289, Global MILLION$, $1M GTD [Day 1] Hold'em No Limit - Level12(500/1,000) - 2024/02/18 15:15:37
Table '85' 8-max Seat #1 is the button
Seat 1: 2c0b312b (9,075 in chips)
Seat 2: 24cc1c45 (11,879 in chips)
Seat 3: d905b179 (11,956 in chips)
Seat 4: 4aa8411c (48,431 in chips)
Seat 5: 32be2c83 (6,823 in chips)
Seat 6: 72fa680a (29,973 in chips)
Seat 7: 49b9ae53 (33,335 in chips)
Seat 8: Hero (39,964 in chips)
72fa680a: posts the ante 125
4aa8411c: posts the ante 125
32be2c83: posts the ante 125
Hero: posts the ante 125
d905b179: posts the ante 125
2c0b312b: posts the ante 125
49b9ae53: posts the ante 125
24cc1c45: posts the ante 125
24cc1c45: posts small blind 500
d905b179: posts big blind 1,000
*** HOLE CARDS ***
Dealt to 2c0b312b 
Dealt to 24cc1c45 
Dealt to d905b179 
Dealt to 4aa8411c 
Dealt to 32be2c83 
Dealt to 72fa680a 
Dealt to 49b9ae53 
Dealt to Hero [Kc 9d]
4aa8411c: folds
32be2c83: folds
72fa680a: folds
49b9ae53: folds
Hero: folds
2c0b312b: raises 7,950 to 8,950 and is all-in
24cc1c45: folds
d905b179: calls 7,950
2c0b312b: shows [3s Ac]
d905b179: shows [Ad Jc]
*** FLOP *** [Ah 8d Jd]
*** TURN *** [Ah 8d Jd] [4d]
*** RIVER *** [Ah 8d Jd 4d] [7h]
*** SHOWDOWN ***
d905b179 collected 19,400 from pot
*** SUMMARY ***
Total pot 19,400 | Rake 0 | Jackpot 0 | Bingo 0 | Fortune 0 | Tax 0
Board [Ah 8d Jd 4d 7h]
Seat 1: 2c0b312b (button) showed [3s Ac] and lost with Pair of Aces
Seat 2: 24cc1c45 (small blind) folded before Flop
Seat 3: d905b179 (big blind) showed [Ad Jc] and won (19,400) with Pair of Aces and Pair of Jacks
Seat 4: 4aa8411c folded before Flop
Seat 5: 32be2c83 folded before Flop
Seat 6: 72fa680a folded before Flop
Seat 7: 49b9ae53 folded before Flop
Seat 8: Hero folded before Flop


Poker Hand #TM2978053947: Tournament #126846289, Global MILLION$, $1M GTD [Day 1] Hold'em No Limit - Level12(500/1,000) - 2024/02/18 15:12:52
Table '85' 8-max Seat #8 is the button
Seat 1: 2c0b312b (9,700 in chips)
Seat 2: 24cc1c45 (14,004 in chips)
Seat 3: d905b179 (12,081 in chips)
Seat 4: 4aa8411c (48,556 in chips)
Seat 5: 32be2c83 (6,948 in chips)
Seat 6: 72fa680a (20,473 in chips)
Seat 7: 49b9ae53 (33,460 in chips)
Seat 8: Hero (46,214 in chips)
72fa680a: posts the ante 125
4aa8411c: posts the ante 125
32be2c83: posts the ante 125
Hero: posts the ante 125
d905b179: posts the ante 125
2c0b312b: posts the ante 125
49b9ae53: posts the ante 125
24cc1c45: posts the ante 125
2c0b312b: posts small blind 500
24cc1c45: posts big blind 1,000
*** HOLE CARDS ***
Dealt to 2c0b312b 
Dealt to 24cc1c45 
Dealt to d905b179 
Dealt to 4aa8411c 
Dealt to 32be2c83 
Dealt to 72fa680a 
Dealt to 49b9ae53 
Dealt to Hero [Ks Ts]
d905b179: folds
4aa8411c: folds
32be2c83: folds
72fa680a: raises 1,000 to 2,000
49b9ae53: folds
Hero: calls 2,000
2c0b312b: folds
24cc1c45: calls 1,000
*** FLOP *** [8d Js Qc]
24cc1c45: checks
72fa680a: checks
Hero: checks
*** TURN *** [8d Js Qc] [6h]
24cc1c45: checks
72fa680a: bets 4,125
Hero: calls 4,125
24cc1c45: folds
*** RIVER *** [8d Js Qc 6h] [2c]
72fa680a: checks
Hero: checks
72fa680a: shows [Qh 9h] (Pair of Queens)
Hero: shows [Ks Ts] (King-High)
*** SHOWDOWN ***
72fa680a collected 15,750 from pot
*** SUMMARY ***
Total pot 15,750 | Rake 0 | Jackpot 0 | Bingo 0 | Fortune 0 | Tax 0
Board [8d Js Qc 6h 2c]
Seat 1: 2c0b312b (small blind) folded before Flop
Seat 2: 24cc1c45 (big blind) folded on the Turn
Seat 3: d905b179 folded before Flop
Seat 4: 4aa8411c folded before Flop
Seat 5: 32be2c83 folded before Flop
Seat 6: 72fa680a showed [Qh 9h] and won (15,750) with Pair of Queens
Seat 7: 49b9ae53 folded before Flop
Seat 8: Hero (button) showed [Ks Ts] and lost with King-High


Poker Hand #TM2978053791: Tournament #126846289, Global MILLION$, $1M GTD [Day 1] Hold'em No Limit - Level11(400/800) - 2024/02/18 15:10:39
Table '85' 8-max Seat #7 is the button
Seat 1: 2c0b312b (10,600 in chips)
Seat 2: 24cc1c45 (10,904 in chips)
Seat 3: d905b179 (12,181 in chips)
Seat 4: 4aa8411c (48,656 in chips)
Seat 5: 32be2c83 (7,048 in chips)
Seat 6: 72fa680a (20,573 in chips)
Seat 7: 49b9ae53 (33,560 in chips)
Seat 8: Hero (47,914 in chips)
72fa680a: posts the ante 100
4aa8411c: posts the ante 100
32be2c83: posts the ante 100
Hero: posts the ante 100
d905b179: posts the ante 100
2c0b312b: posts the ante 100
49b9ae53: posts the ante 100
24cc1c45: posts the ante 100
Hero: posts small blind 400
2c0b312b: posts big blind 800
*** HOLE CARDS ***
Dealt to 2c0b312b 
Dealt to 24cc1c45 
Dealt to d905b179 
Dealt to 4aa8411c 
Dealt to 32be2c83 
Dealt to 72fa680a 
Dealt to 49b9ae53 
Dealt to Hero [5s 5h]
24cc1c45: raises 800 to 1,600
d905b179: folds
4aa8411c: folds
32be2c83: folds
72fa680a: folds
49b9ae53: folds
Hero: calls 1,200
2c0b312b: folds
*** FLOP *** [8h 9s Qh]
Hero: checks
24cc1c45: checks
*** TURN *** [8h 9s Qh] [As]
Hero: checks
24cc1c45: bets 2,400
Hero: folds
Uncalled bet (2,400) returned to 24cc1c45
*** SHOWDOWN ***
24cc1c45 collected 4,800 from pot
*** SUMMARY ***
Total pot 4,800 | Rake 0 | Jackpot 0 | Bingo 0 | Fortune 0 | Tax 0
Board [8h 9s Qh As]
Seat 1: 2c0b312b (big blind) folded before Flop
Seat 2: 24cc1c45 won (4,800)
Seat 3: d905b179 folded before Flop
Seat 4: 4aa8411c folded before Flop
Seat 5: 32be2c83 folded before Flop
Seat 6: 72fa680a folded before Flop
Seat 7: 49b9ae53 (button) folded before Flop
Seat 8: Hero (small blind) folded on the Turn


Poker Hand #TM2978053617: Tournament #126846289, Global MILLION$, $1M GTD [Day 1] Hold'em No Limit - Level11(400/800) - 2024/02/18 15:07:56
Table '85' 8-max Seat #5 is the button
Seat 1: 2c0b312b (10,700 in chips)
Seat 2: 24cc1c45 (34,411 in chips)
Seat 3: d905b179 (12,281 in chips)
Seat 4: 4aa8411c (48,756 in chips)
Seat 5: 32be2c83 (7,148 in chips)
Seat 7: 49b9ae53 (34,060 in chips)
Seat 8: Hero (23,507 in chips)
4aa8411c: posts the ante 100
32be2c83: posts the ante 100
Hero: posts the ante 100
d905b179: posts the ante 100
2c0b312b: posts the ante 100
49b9ae53: posts the ante 100
24cc1c45: posts the ante 100
49b9ae53: posts small blind 400
Hero: posts big blind 800
*** HOLE CARDS ***
Dealt to 2c0b312b 
Dealt to 24cc1c45 
Dealt to d905b179 
Dealt to 4aa8411c 
Dealt to 32be2c83 
Dealt to 49b9ae53 
Dealt to Hero [6d 8c]
2c0b312b: folds
24cc1c45: raises 800 to 1,600
d905b179: folds
4aa8411c: folds
32be2c83: folds
49b9ae53: folds
Hero: calls 800
*** FLOP *** [Qh 8d 2d]
Hero: checks
24cc1c45: bets 1,120
Hero: calls 1,120
*** TURN *** [Qh 8d 2d] [8h]
Hero: bets 5,559
24cc1c45: calls 5,559
*** RIVER *** [Qh 8d 2d 8h] [4h]
Hero: bets 15,128 and is all-in
24cc1c45: calls 15,128
Hero: shows [6d 8c] (Three Eights)
24cc1c45: shows [Qd Kd] (Pair of Queens and Pair of Eights)
*** SHOWDOWN ***
Hero collected 47,914 from pot
*** SUMMARY ***
Total pot 47,914 | Rake 0 | Jackpot 0 | Bingo 0 | Fortune 0 | Tax 0
Board [Qh 8d 2d 8h 4h]
Seat 1: 2c0b312b folded before Flop
Seat 2: 24cc1c45 showed [Qd Kd] and lost with Pair of Queens and Pair of Eights
Seat 3: d905b179 folded before Flop
Seat 4: 4aa8411c folded before Flop
Seat 5: 32be2c83 (button) folded before Flop
Seat 7: 49b9ae53 (small blind) folded before Flop
Seat 8: Hero (big blind) showed [6d 8c] and won (47,914) with Three Eights


Poker Hand #TM2978053520: Tournament #126846289, Global MILLION$, $1M GTD [Day 1] Hold'em No Limit - Level11(400/800) - 2024/02/18 15:06:33
Table '85' 8-max Seat #4 is the button
Seat 1: 2c0b312b (10,800 in chips)
Seat 2: 24cc1c45 (34,511 in chips)
Seat 3: d905b179 (12,381 in chips)
Seat 4: 4aa8411c (48,856 in chips)
Seat 5: 32be2c83 (7,648 in chips)
Seat 6: 80975796 (10,630 in chips)
Seat 7: 49b9ae53 (22,430 in chips)
Seat 8: Hero (23,607 in chips)
4aa8411c: posts the ante 100
32be2c83: posts the ante 100
Hero: posts the ante 100
d905b179: posts the ante 100
2c0b312b: posts the ante 100
49b9ae53: posts the ante 100
80975796: posts the ante 100
24cc1c45: posts the ante 100
32be2c83: posts small blind 400
80975796: posts big blind 800
*** HOLE CARDS ***
Dealt to 2c0b312b 
Dealt to 24cc1c45 
Dealt to d905b179 
Dealt to 4aa8411c 
Dealt to 32be2c83 
Dealt to 80975796 
Dealt to 49b9ae53 
Dealt to Hero [6h 9h]
49b9ae53: raises 800 to 1,600
Hero: folds
2c0b312b: folds
24cc1c45: folds
d905b179: folds
4aa8411c: folds
32be2c83: folds
80975796: calls 800
*** FLOP *** [2c Ks Qc]
80975796: checks
49b9ae53: bets 1,200
80975796: raises 7,730 to 8,930 and is all-in
49b9ae53: calls 7,730
80975796: shows [4c 5c] (King-High)
49b9ae53: shows [Ad Jh] (Ace-High)
*** TURN *** [2c Ks Qc] [9s]
*** RIVER *** [2c Ks Qc 9s] [Ah]
*** SHOWDOWN ***
49b9ae53 collected 22,260 from pot
*** SUMMARY ***
Total pot 22,260 | Rake 0 | Jackpot 0 | Bingo 0 | Fortune 0 | Tax 0
Board [2c Ks Qc 9s Ah]
Seat 1: 2c0b312b folded before Flop
Seat 2: 24cc1c45 folded before Flop
Seat 3: d905b179 folded before Flop
Seat 4: 4aa8411c (button) folded before Flop
Seat 5: 32be2c83 (small blind) folded before Flop
Seat 6: 80975796 (big blind) showed [4c 5c] and lost with Ace-High
Seat 7: 49b9ae53 showed [Ad Jh] and won (22,260) with Pair of Aces
Seat 8: Hero folded before Flop


Poker Hand #TM2978053447: Tournament #126846289, Global MILLION$, $1M GTD [Day 1] Hold'em No Limit - Level11(400/800) - 2024/02/18 15:05:24
Table '85' 8-max Seat #3 is the button
Seat 1: 2c0b312b (9,900 in chips)
Seat 2: 24cc1c45 (34,611 in chips)
Seat 3: d905b179 (12,481 in chips)
Seat 4: 4aa8411c (49,356 in chips)
Seat 5: 32be2c83 (8,548 in chips)
Seat 6: 80975796 (9,730 in chips)
Seat 7: 49b9ae53 (22,530 in chips)
Seat 8: Hero (23,707 in chips)
4aa8411c: posts the ante 100
32be2c83: posts the ante 100
Hero: posts the ante 100
d905b179: posts the ante 100
2c0b312b: posts the ante 100
49b9ae53: posts the ante 100
80975796: posts the ante 100
24cc1c45: posts the ante 100
4aa8411c: posts small blind 400
32be2c83: posts big blind 800
*** HOLE CARDS ***
Dealt to 2c0b312b 
Dealt to 24cc1c45 
Dealt to d905b179 
Dealt to 4aa8411c 
Dealt to 32be2c83 
Dealt to 80975796 
Dealt to 49b9ae53 
Dealt to Hero [6s Jh]
80975796: raises 8,830 to 9,630 and is all-in
49b9ae53: folds
Hero: folds
2c0b312b: raises 170 to 9,800 and is all-in
24cc1c45: folds
d905b179: folds
4aa8411c: folds
32be2c83: folds
Uncalled bet (170) returned to 2c0b312b
2c0b312b: shows [Ad Jd]
80975796: shows [Kc Ah]
*** FLOP *** [9s 7s Td]
*** TURN *** [9s 7s Td] [Js]
*** RIVER *** [9s 7s Td Js] [8d]
*** SHOWDOWN ***
2c0b312b collected 10,630 from pot
80975796 collected 10,630 from pot
*** SUMMARY ***
Total pot 21,260 | Rake 0 | Jackpot 0 | Bingo 0 | Fortune 0 | Tax 0
Board [9s 7s Td Js 8d]
Seat 1: 2c0b312b showed [Ad Jd] and won (10,630) with Jacks-High Straight
Seat 2: 24cc1c45 folded before Flop
Seat 3: d905b179 (button) folded before Flop
Seat 4: 4aa8411c (small blind) folded before Flop
Seat 5: 32be2c83 (big blind) folded before Flop
Seat 6: 80975796 showed [Kc Ah] and won (10,630) with Jacks-High Straight
Seat 7: 49b9ae53 folded before Flop
Seat 8: Hero folded before Flop


Poker Hand #TM2978053392: Tournament #126846289, Global MILLION$, $1M GTD [Day 1] Hold'em No Limit - Level11(400/800) - 2024/02/18 15:04:36
Table '85' 8-max Seat #2 is the button
Seat 1: 2c0b312b (10,000 in chips)
Seat 2: 24cc1c45 (36,711 in chips)
Seat 3: d905b179 (8,981 in chips)
Seat 4: 4aa8411c (50,256 in chips)
Seat 5: 32be2c83 (8,648 in chips)
Seat 6: 80975796 (9,830 in chips)
Seat 7: 49b9ae53 (22,630 in chips)
Seat 8: Hero (23,807 in chips)
4aa8411c: posts the ante 100
32be2c83: posts the ante 100
Hero: posts the ante 100
d905b179: posts the ante 100
2c0b312b: posts the ante 100
49b9ae53: posts the ante 100
80975796: posts the ante 100
24cc1c45: posts the ante 100
d905b179: posts small blind 400
4aa8411c: posts big blind 800
*** HOLE CARDS ***
Dealt to 2c0b312b 
Dealt to 24cc1c45 
Dealt to d905b179 
Dealt to 4aa8411c 
Dealt to 32be2c83 
Dealt to 80975796 
Dealt to 49b9ae53 
Dealt to Hero [Qs 6d]
32be2c83: folds
80975796: folds
49b9ae53: folds
Hero: folds
2c0b312b: folds
24cc1c45: raises 1,200 to 2,000
d905b179: raises 6,881 to 8,881 and is all-in
4aa8411c: folds
24cc1c45: folds
Uncalled bet (6,881) returned to d905b179
*** SHOWDOWN ***
d905b179 collected 5,600 from pot
*** SUMMARY ***
Total pot 5,600 | Rake 0 | Jackpot 0 | Bingo 0 | Fortune 0 | Tax 0
Seat 1: 2c0b312b folded before Flop
Seat 2: 24cc1c45 (button) folded before Flop
Seat 3: d905b179 (small blind) collected (5,600)
Seat 4: 4aa8411c (big blind) folded before Flop
Seat 5: 32be2c83 folded before Flop
Seat 6: 80975796 folded before Flop
Seat 7: 49b9ae53 folded before Flop
Seat 8: Hero folded before Flop


Poker Hand #TM2978053326: Tournament #126846289, Global MILLION$, $1M GTD [Day 1] Hold'em No Limit - Level10(350/700) - 2024/02/18 15:03:20
Table '85' 8-max Seat #8 is the button
Seat 2: 24cc1c45 (34,101 in chips)
Seat 3: d905b179 (9,766 in chips)
Seat 4: 636cd610 (17,671 in chips)
Seat 5: 32be2c83 (10,133 in chips)
Seat 6: 80975796 (9,915 in chips)
Seat 7: 49b9ae53 (22,715 in chips)
Seat 8: Hero (23,892 in chips)
32be2c83: posts the ante 85
Hero: posts the ante 85
d905b179: posts the ante 85
636cd610: posts the ante 85
49b9ae53: posts the ante 85
80975796: posts the ante 85
24cc1c45: posts the ante 85
24cc1c45: posts small blind 350
d905b179: posts big blind 700
*** HOLE CARDS ***
Dealt to 24cc1c45 
Dealt to d905b179 
Dealt to 636cd610 
Dealt to 32be2c83 
Dealt to 80975796 
Dealt to 49b9ae53 
Dealt to Hero [3h 7c]
636cd610: folds
32be2c83: raises 700 to 1,400
80975796: folds
49b9ae53: folds
Hero: folds
24cc1c45: raises 32,616 to 34,016 and is all-in
d905b179: folds
32be2c83: folds
Uncalled bet (32,616) returned to 24cc1c45
*** SHOWDOWN ***
24cc1c45 collected 4,095 from pot
*** SUMMARY ***
Total pot 4,095 | Rake 0 | Jackpot 0 | Bingo 0 | Fortune 0 | Tax 0
Seat 2: 24cc1c45 (small blind) collected (4,095)
Seat 3: d905b179 (big blind) folded before Flop
Seat 4: 636cd610 folded before Flop
Seat 5: 32be2c83 folded before Flop
Seat 6: 80975796 folded before Flop
Seat 7: 49b9ae53 folded before Flop
Seat 8: Hero (button) folded before Flop


Poker Hand #TM2978053259: Tournament #126846289, Global MILLION$, $1M GTD [Day 1] Hold'em No Limit - Level10(350/700) - 2024/02/18 15:01:57
Table '85' 8-max Seat #7 is the button
Seat 1: 7e2502f7 (4,919 in chips)
Seat 2: 24cc1c45 (34,186 in chips)
Seat 3: d905b179 (9,851 in chips)
Seat 4: 636cd610 (11,892 in chips)
Seat 5: 32be2c83 (10,218 in chips)
Seat 6: 80975796 (10,000 in chips)
Seat 7: 49b9ae53 (22,800 in chips)
Seat 8: Hero (24,327 in chips)
32be2c83: posts the ante 85
Hero: posts the ante 85
d905b179: posts the ante 85
636cd610: posts the ante 85
49b9ae53: posts the ante 85
80975796: posts the ante 85
24cc1c45: posts the ante 85
7e2502f7: posts the ante 85
Hero: posts small blind 350
7e2502f7: posts big blind 700
*** HOLE CARDS ***
Dealt to 7e2502f7 
Dealt to 24cc1c45 
Dealt to d905b179 
Dealt to 636cd610 
Dealt to 32be2c83 
Dealt to 80975796 
Dealt to 49b9ae53 
Dealt to Hero [6s Kh]
24cc1c45: folds
d905b179: folds
636cd610: raises 700 to 1,400
32be2c83: folds
80975796: folds
49b9ae53: folds
Hero: folds
7e2502f7: raises 3,434 to 4,834 and is all-in
636cd610: calls 3,434
7e2502f7: shows [As 7s]
636cd610: shows [Jd Ac]
*** FLOP *** [Ah Jc 3d]
*** TURN *** [Ah Jc 3d] [6h]
*** RIVER *** [Ah Jc 3d 6h] [Js]
*** SHOWDOWN ***
636cd610 collected 10,698 from pot
*** SUMMARY ***
Total pot 10,698 | Rake 0 | Jackpot 0 | Bingo 0 | Fortune 0 | Tax 0
Board [Ah Jc 3d 6h Js]
Seat 1: 7e2502f7 (big blind) showed [As 7s] and lost with Pair of Aces and Pair of Jacks
Seat 2: 24cc1c45 folded before Flop
Seat 3: d905b179 folded before Flop
Seat 4: 636cd610 showed [Jd Ac] and won (10,698) with Jacks Full over Aces
Seat 5: 32be2c83 folded before Flop
Seat 6: 80975796 folded before Flop
Seat 7: 49b9ae53 (button) folded before Flop
Seat 8: Hero (small blind) folded before Flop


Poker Hand #TM2978053204: Tournament #126846289, Global MILLION$, $1M GTD [Day 1] Hold'em No Limit - Level10(350/700) - 2024/02/18 14:54:59
Table '85' 8-max Seat #5 is the button
Seat 1: 7e2502f7 (5,004 in chips)
Seat 2: 24cc1c45 (35,671 in chips)
Seat 3: d905b179 (9,936 in chips)
Seat 4: 636cd610 (11,977 in chips)
Seat 5: 32be2c83 (10,303 in chips)
Seat 7: 49b9ae53 (24,285 in chips)
Seat 8: Hero (21,017 in chips)
32be2c83: posts the ante 85
Hero: posts the ante 85
d905b179: posts the ante 85
636cd610: posts the ante 85
49b9ae53: posts the ante 85
24cc1c45: posts the ante 85
7e2502f7: posts the ante 85
49b9ae53: posts small blind 350
Hero: posts big blind 700
*** HOLE CARDS ***
Dealt to 7e2502f7 
Dealt to 24cc1c45 
Dealt to d905b179 
Dealt to 636cd610 
Dealt to 32be2c83 
Dealt to 49b9ae53 
Dealt to Hero [9c 9s]
7e2502f7: folds
24cc1c45: raises 700 to 1,400
d905b179: folds
636cd610: folds
32be2c83: folds
49b9ae53: calls 1,050
Hero: raises 19,532 to 20,932 and is all-in
24cc1c45: folds
49b9ae53: folds
Uncalled bet (19,532) returned to Hero
*** SHOWDOWN ***
Hero collected 4,795 from pot
*** SUMMARY ***
Total pot 4,795 | Rake 0 | Jackpot 0 | Bingo 0 | Fortune 0 | Tax 0
Seat 1: 7e2502f7 folded before Flop
Seat 2: 24cc1c45 folded before Flop
Seat 3: d905b179 folded before Flop
Seat 4: 636cd610 folded before Flop
Seat 5: 32be2c83 (button) folded before Flop
Seat 7: 49b9ae53 (small blind) folded before Flop
Seat 8: Hero (big blind) collected (4,795)


Poker Hand #TM2978053083: Tournament #126846289, Global MILLION$, $1M GTD [Day 1] Hold'em No Limit - Level10(350/700) - 2024/02/18 14:52:27
Table '85' 8-max Seat #4 is the button
Seat 1: 7e2502f7 (5,089 in chips)
Seat 2: 24cc1c45 (27,951 in chips)
Seat 3: d905b179 (10,021 in chips)
Seat 4: 636cd610 (12,062 in chips)
Seat 5: 32be2c83 (10,738 in chips)
Seat 7: 49b9ae53 (31,230 in chips)
Seat 8: Hero (21,102 in chips)
32be2c83: posts the ante 85
Hero: posts the ante 85
d905b179: posts the ante 85
636cd610: posts the ante 85
49b9ae53: posts the ante 85
24cc1c45: posts the ante 85
7e2502f7: posts the ante 85
32be2c83: posts small blind 350
49b9ae53: posts big blind 700
*** HOLE CARDS ***
Dealt to 7e2502f7 
Dealt to 24cc1c45 
Dealt to d905b179 
Dealt to 636cd610 
Dealt to 32be2c83 
Dealt to 49b9ae53 
Dealt to Hero [3h Qh]
Hero: folds
7e2502f7: folds
24cc1c45: raises 700 to 1,400
d905b179: folds
636cd610: folds
32be2c83: folds
49b9ae53: calls 700
*** FLOP *** [9d Jc 7d]
49b9ae53: checks
24cc1c45: bets 1,260
49b9ae53: calls 1,260
*** TURN *** [9d Jc 7d] [6d]
49b9ae53: checks
24cc1c45: bets 4,200
49b9ae53: calls 4,200
*** RIVER *** [9d Jc 7d 6d] [3d]
49b9ae53: checks
24cc1c45: checks
49b9ae53: shows [Td As] (Ten High Flush)
24cc1c45: shows [Ts Kd] (King High Flush)
*** SHOWDOWN ***
24cc1c45 collected 14,665 from pot
*** SUMMARY ***
Total pot 14,665 | Rake 0 | Jackpot 0 | Bingo 0 | Fortune 0 | Tax 0
Board [9d Jc 7d 6d 3d]
Seat 1: 7e2502f7 folded before Flop
Seat 2: 24cc1c45 showed [Ts Kd] and won (14,665) with King High Flush
Seat 3: d905b179 folded before Flop
Seat 4: 636cd610 (button) folded before Flop
Seat 5: 32be2c83 (small blind) folded before Flop
Seat 7: 49b9ae53 (big blind) showed [Td As] and lost with Ten High Flush
Seat 8: Hero folded before Flop


Poker Hand #TM2978053050: Tournament #126846289, Global MILLION$, $1M GTD [Day 1] Hold'em No Limit - Level10(350/700) - 2024/02/18 14:51:40
Table '85' 8-max Seat #3 is the button
Seat 1: 7e2502f7 (5,174 in chips)
Seat 2: 24cc1c45 (28,036 in chips)
Seat 3: d905b179 (10,106 in chips)
Seat 4: 636cd610 (9,367 in chips)
Seat 5: 32be2c83 (11,523 in chips)
Seat 6: b4e45a7b (35,486 in chips)
Seat 7: 49b9ae53 (32,715 in chips)
Seat 8: Hero (21,187 in chips)
32be2c83: posts the ante 85
Hero: posts the ante 85
d905b179: posts the ante 85
b4e45a7b: posts the ante 85
636cd610: posts the ante 85
49b9ae53: posts the ante 85
24cc1c45: posts the ante 85
7e2502f7: posts the ante 85
636cd610: posts small blind 350
32be2c83: posts big blind 700
*** HOLE CARDS ***
Dealt to 7e2502f7 
Dealt to 24cc1c45 
Dealt to d905b179 
Dealt to 636cd610 
Dealt to 32be2c83 
Dealt to b4e45a7b 
Dealt to 49b9ae53 
Dealt to Hero [8s Kc]
b4e45a7b: folds
49b9ae53: raises 700 to 1,400
Hero: folds
7e2502f7: folds
24cc1c45: folds
d905b179: folds
636cd610: raises 7,882 to 9,282 and is all-in
32be2c83: folds
49b9ae53: folds
Uncalled bet (7,882) returned to 636cd610
*** SHOWDOWN ***
636cd610 collected 4,180 from pot
*** SUMMARY ***
Total pot 4,180 | Rake 0 | Jackpot 0 | Bingo 0 | Fortune 0 | Tax 0
Seat 1: 7e2502f7 folded before Flop
Seat 2: 24cc1c45 folded before Flop
Seat 3: d905b179 (button) folded before Flop
Seat 4: 636cd610 (small blind) collected (4,180)
Seat 5: 32be2c83 (big blind) folded before Flop
Seat 6: b4e45a7b folded before Flop
Seat 7: 49b9ae53 folded before Flop
Seat 8: Hero folded before Flop


Poker Hand #TM2978053014: Tournament #126846289, Global MILLION$, $1M GTD [Day 1] Hold'em No Limit - Level10(350/700) - 2024/02/18 14:50:59
Table '85' 8-max Seat #2 is the button
Seat 1: 7e2502f7 (5,259 in chips)
Seat 2: 24cc1c45 (28,121 in chips)
Seat 3: d905b179 (10,541 in chips)
Seat 4: 636cd610 (7,022 in chips)
Seat 5: 32be2c83 (13,008 in chips)
Seat 6: b4e45a7b (35,571 in chips)
Seat 7: 49b9ae53 (32,800 in chips)
Seat 8: Hero (21,272 in chips)
32be2c83: posts the ante 85
Hero: posts the ante 85
b4e45a7b: posts the ante 85
d905b179: posts the ante 85
636cd610: posts the ante 85
49b9ae53: posts the ante 85
24cc1c45: posts the ante 85
7e2502f7: posts the ante 85
d905b179: posts small blind 350
636cd610: posts big blind 700
*** HOLE CARDS ***
Dealt to 7e2502f7 
Dealt to 24cc1c45 
Dealt to d905b179 
Dealt to 636cd610 
Dealt to 32be2c83 
Dealt to b4e45a7b 
Dealt to 49b9ae53 
Dealt to Hero [9c 3c]
32be2c83: raises 700 to 1,400
b4e45a7b: folds
49b9ae53: folds
Hero: folds
7e2502f7: folds
24cc1c45: folds
d905b179: folds
636cd610: raises 5,537 to 6,937 and is all-in
32be2c83: folds
Uncalled bet (5,537) returned to 636cd610
*** SHOWDOWN ***
636cd610 collected 3,830 from pot
*** SUMMARY ***
Total pot 3,830 | Rake 0 | Jackpot 0 | Bingo 0 | Fortune 0 | Tax 0
Seat 1: 7e2502f7 folded before Flop
Seat 2: 24cc1c45 (button) folded before Flop
Seat 3: d905b179 (small blind) folded before Flop
Seat 4: 636cd610 (big blind) collected (3,830)
Seat 5: 32be2c83 folded before Flop
Seat 6: b4e45a7b folded before Flop
Seat 7: 49b9ae53 folded before Flop
Seat 8: Hero folded before Flop


Poker Hand #TM2978052949: Tournament #126846289, Global MILLION$, $1M GTD [Day 1] Hold'em No Limit - Level10(350/700) - 2024/02/18 14:49:42
Table '85' 8-max Seat #1 is the button
Seat 1: 7e2502f7 (5,344 in chips)
Seat 2: 24cc1c45 (28,556 in chips)
Seat 3: d905b179 (26,511 in chips)
Seat 4: 636cd610 (7,107 in chips)
Seat 5: 32be2c83 (13,093 in chips)
Seat 6: b4e45a7b (35,656 in chips)
Seat 7: 49b9ae53 (15,970 in chips)
Seat 8: Hero (21,357 in chips)
32be2c83: posts the ante 85
Hero: posts the ante 85
b4e45a7b: posts the ante 85
d905b179: posts the ante 85
636cd610: posts the ante 85
49b9ae53: posts the ante 85
24cc1c45: posts the ante 85
7e2502f7: posts the ante 85
24cc1c45: posts small blind 350
d905b179: posts big blind 700
*** HOLE CARDS ***
Dealt to 7e2502f7 
Dealt to 24cc1c45 
Dealt to d905b179 
Dealt to 636cd610 
Dealt to 32be2c83 
Dealt to b4e45a7b 
Dealt to 49b9ae53 
Dealt to Hero [Jd 4c]
636cd610: folds
32be2c83: folds
b4e45a7b: folds
49b9ae53: raises 700 to 1,400
Hero: folds
7e2502f7: folds
24cc1c45: folds
d905b179: calls 700
*** FLOP *** [2c 5d 8c]
d905b179: checks
49b9ae53: checks
*** TURN *** [2c 5d 8c] [9c]
d905b179: bets 1,964
49b9ae53: calls 1,964
*** RIVER *** [2c 5d 8c 9c] [Ad]
d905b179: bets 3,961
49b9ae53: raises 8,560 to 12,521 and is all-in
d905b179: calls 8,560
49b9ae53: shows [As 9d] (Pair of Aces and Pair of Nines)
d905b179: shows [2d Ac] (Pair of Aces and Pair of Twos)
*** SHOWDOWN ***
49b9ae53 collected 32,800 from pot
*** SUMMARY ***
Total pot 32,800 | Rake 0 | Jackpot 0 | Bingo 0 | Fortune 0 | Tax 0
Board [2c 5d 8c 9c Ad]
Seat 1: 7e2502f7 (button) folded before Flop
Seat 2: 24cc1c45 (small blind) folded before Flop
Seat 3: d905b179 (big blind) showed [2d Ac] and lost with Pair of Aces and Pair of Twos
Seat 4: 636cd610 folded before Flop
Seat 5: 32be2c83 folded before Flop
Seat 6: b4e45a7b folded before Flop
Seat 7: 49b9ae53 showed [As 9d] and won (32,800) with Pair of Aces and Pair of Nines
Seat 8: Hero folded before Flop


Poker Hand #TM2978052894: Tournament #126846289, Global MILLION$, $1M GTD [Day 1] Hold'em No Limit - Level9(300/600) - 2024/02/18 14:48:31
Table '85' 8-max Seat #8 is the button
Seat 1: 7e2502f7 (5,719 in chips)
Seat 2: 24cc1c45 (25,331 in chips)
Seat 3: d905b179 (27,786 in chips)
Seat 4: 636cd610 (7,182 in chips)
Seat 5: 32be2c83 (13,168 in chips)
Seat 6: b4e45a7b (36,931 in chips)
Seat 7: 49b9ae53 (16,045 in chips)
Seat 8: Hero (21,432 in chips)
32be2c83: posts the ante 75
Hero: posts the ante 75
b4e45a7b: posts the ante 75
d905b179: posts the ante 75
636cd610: posts the ante 75
49b9ae53: posts the ante 75
24cc1c45: posts the ante 75
7e2502f7: posts the ante 75
7e2502f7: posts small blind 300
24cc1c45: posts big blind 600
*** HOLE CARDS ***
Dealt to 7e2502f7 
Dealt to 24cc1c45 
Dealt to d905b179 
Dealt to 636cd610 
Dealt to 32be2c83 
Dealt to b4e45a7b 
Dealt to 49b9ae53 
Dealt to Hero [As 4h]
d905b179: raises 600 to 1,200
636cd610: folds
32be2c83: folds
b4e45a7b: calls 1,200
49b9ae53: folds
Hero: folds
7e2502f7: folds
24cc1c45: calls 600
*** FLOP *** [5h Jd 7d]
24cc1c45: checks
d905b179: checks
b4e45a7b: checks
*** TURN *** [5h Jd 7d] [8h]
24cc1c45: bets 2,250
d905b179: folds
b4e45a7b: folds
Uncalled bet (2,250) returned to 24cc1c45
*** SHOWDOWN ***
24cc1c45 collected 4,500 from pot
*** SUMMARY ***
Total pot 4,500 | Rake 0 | Jackpot 0 | Bingo 0 | Fortune 0 | Tax 0
Board [5h Jd 7d 8h]
Seat 1: 7e2502f7 (small blind) folded before Flop
Seat 2: 24cc1c45 (big blind) won (4,500)
Seat 3: d905b179 folded on the Turn
Seat 4: 636cd610 folded before Flop
Seat 5: 32be2c83 folded before Flop
Seat 6: b4e45a7b folded on the Turn
Seat 7: 49b9ae53 folded before Flop
Seat 8: Hero (button) folded before Flop


Poker Hand #TM2978052817: Tournament #126846289, Global MILLION$, $1M GTD [Day 1] Hold'em No Limit - Level9(300/600) - 2024/02/18 14:46:56
Table '85' 8-max Seat #7 is the button
Seat 1: 7e2502f7 (7,054 in chips)
Seat 2: 24cc1c45 (25,406 in chips)
Seat 3: d905b179 (27,861 in chips)
Seat 4: 636cd610 (7,257 in chips)
Seat 5: 32be2c83 (13,243 in chips)
Seat 6: b4e45a7b (34,846 in chips)
Seat 7: 49b9ae53 (16,120 in chips)
Seat 8: Hero (21,807 in chips)
32be2c83: posts the ante 75
Hero: posts the ante 75
b4e45a7b: posts the ante 75
d905b179: posts the ante 75
636cd610: posts the ante 75
49b9ae53: posts the ante 75
24cc1c45: posts the ante 75
7e2502f7: posts the ante 75
Hero: posts small blind 300
7e2502f7: posts big blind 600
*** HOLE CARDS ***
Dealt to 7e2502f7 
Dealt to 24cc1c45 
Dealt to d905b179 
Dealt to 636cd610 
Dealt to 32be2c83 
Dealt to b4e45a7b 
Dealt to 49b9ae53 
Dealt to Hero [3h 6h]
24cc1c45: folds
d905b179: folds
636cd610: folds
32be2c83: folds
b4e45a7b: raises 660 to 1,260
49b9ae53: folds
Hero: folds
7e2502f7: calls 660
*** FLOP *** [2h 3c Jh]
7e2502f7: checks
b4e45a7b: bets 600
7e2502f7: folds
Uncalled bet (600) returned to b4e45a7b
*** SHOWDOWN ***
b4e45a7b collected 3,420 from pot
*** SUMMARY ***
Total pot 3,420 | Rake 0 | Jackpot 0 | Bingo 0 | Fortune 0 | Tax 0
Board [2h 3c Jh]
Seat 1: 7e2502f7 (big blind) folded on the Flop
Seat 2: 24cc1c45 folded before Flop
Seat 3: d905b179 folded before Flop
Seat 4: 636cd610 folded before Flop
Seat 5: 32be2c83 folded before Flop
Seat 6: b4e45a7b won (3,420)
Seat 7: 49b9ae53 (button) folded before Flop
Seat 8: Hero (small blind) folded before Flop


Poker Hand #TM2978052791: Tournament #126846289, Global MILLION$, $1M GTD [Day 1] Hold'em No Limit - Level9(300/600) - 2024/02/18 14:46:28
Table '85' 8-max Seat #6 is the button
Seat 1: 7e2502f7 (7,129 in chips)
Seat 2: 24cc1c45 (25,481 in chips)
Seat 3: d905b179 (27,936 in chips)
Seat 5: 32be2c83 (13,318 in chips)
Seat 6: b4e45a7b (36,181 in chips)
Seat 7: 49b9ae53 (13,810 in chips)
Seat 8: Hero (22,482 in chips)
32be2c83: posts the ante 75
Hero: posts the ante 75
b4e45a7b: posts the ante 75
d905b179: posts the ante 75
49b9ae53: posts the ante 75
24cc1c45: posts the ante 75
7e2502f7: posts the ante 75
49b9ae53: posts small blind 300
Hero: posts big blind 600
*** HOLE CARDS ***
Dealt to 7e2502f7 
Dealt to 24cc1c45 
Dealt to d905b179 
Dealt to 32be2c83 
Dealt to b4e45a7b 
Dealt to 49b9ae53 
Dealt to Hero [9s 8d]
7e2502f7: folds
24cc1c45: folds
d905b179: folds
32be2c83: folds
b4e45a7b: raises 660 to 1,260
49b9ae53: raises 12,475 to 13,735 and is all-in
Hero: folds
b4e45a7b: folds
Uncalled bet (12,475) returned to 49b9ae53
*** SHOWDOWN ***
49b9ae53 collected 3,645 from pot
*** SUMMARY ***
Total pot 3,645 | Rake 0 | Jackpot 0 | Bingo 0 | Fortune 0 | Tax 0
Seat 1: 7e2502f7 folded before Flop
Seat 2: 24cc1c45 folded before Flop
Seat 3: d905b179 folded before Flop
Seat 5: 32be2c83 folded before Flop
Seat 6: b4e45a7b (button) folded before Flop
Seat 7: 49b9ae53 (small blind) collected (3,645)
Seat 8: Hero (big blind) folded before Flop


Poker Hand #TM2978052732: Tournament #126846289, Global MILLION$, $1M GTD [Day 1] Hold'em No Limit - Level9(300/600) - 2024/02/18 14:45:10
Table '85' 8-max Seat #5 is the button
Seat 1: 7e2502f7 (7,204 in chips)
Seat 2: 24cc1c45 (25,556 in chips)
Seat 3: d905b179 (28,011 in chips)
Seat 4: 5530700d (9,793 in chips)
Seat 5: 32be2c83 (13,393 in chips)
Seat 6: b4e45a7b (24,078 in chips)
Seat 7: 49b9ae53 (14,485 in chips)
Seat 8: Hero (23,817 in chips)
32be2c83: posts the ante 75
Hero: posts the ante 75
d905b179: posts the ante 75
b4e45a7b: posts the ante 75
5530700d: posts the ante 75
49b9ae53: posts the ante 75
24cc1c45: posts the ante 75
7e2502f7: posts the ante 75
b4e45a7b: posts small blind 300
49b9ae53: posts big blind 600
*** HOLE CARDS ***
Dealt to 7e2502f7 
Dealt to 24cc1c45 
Dealt to d905b179 
Dealt to 5530700d 
Dealt to 32be2c83 
Dealt to b4e45a7b 
Dealt to 49b9ae53 
Dealt to Hero [9d 9c]
Hero: raises 660 to 1,260
7e2502f7: folds
24cc1c45: folds
d905b179: folds
5530700d: raises 8,458 to 9,718 and is all-in
32be2c83: folds
b4e45a7b: raises 14,285 to 24,003 and is all-in
49b9ae53: folds
Hero: folds
Uncalled bet (14,285) returned to b4e45a7b
b4e45a7b: shows [Ad Ah]
5530700d: shows [Kd Ac]
*** FLOP *** [7c 7h Th]
*** TURN *** [7c 7h Th] [4d]
*** RIVER *** [7c 7h Th 4d] [3d]
*** SHOWDOWN ***
b4e45a7b collected 21,896 from pot
*** SUMMARY ***
Total pot 21,896 | Rake 0 | Jackpot 0 | Bingo 0 | Fortune 0 | Tax 0
Board [7c 7h Th 4d 3d]
Seat 1: 7e2502f7 folded before Flop
Seat 2: 24cc1c45 folded before Flop
Seat 3: d905b179 folded before Flop
Seat 4: 5530700d showed [Kd Ac] and lost with Pair of Sevens
Seat 5: 32be2c83 (button) folded before Flop
Seat 6: b4e45a7b (small blind) showed [Ad Ah] and won (21,896) with Pair of Aces and Pair of Sevens
Seat 7: 49b9ae53 (big blind) folded before Flop
Seat 8: Hero folded before Flop


Poker Hand #TM2978052677: Tournament #126846289, Global MILLION$, $1M GTD [Day 1] Hold'em No Limit - Level9(300/600) - 2024/02/18 14:44:07
Table '85' 8-max Seat #4 is the button
Seat 1: 7e2502f7 (7,279 in chips)
Seat 2: 24cc1c45 (25,631 in chips)
Seat 3: d905b179 (25,686 in chips)
Seat 4: 5530700d (9,868 in chips)
Seat 5: 32be2c83 (14,668 in chips)
Seat 6: b4e45a7b (24,753 in chips)
Seat 7: 49b9ae53 (14,560 in chips)
Seat 8: Hero (23,892 in chips)
32be2c83: posts the ante 75
Hero: posts the ante 75
d905b179: posts the ante 75
b4e45a7b: posts the ante 75
5530700d: posts the ante 75
49b9ae53: posts the ante 75
24cc1c45: posts the ante 75
7e2502f7: posts the ante 75
32be2c83: posts small blind 300
b4e45a7b: posts big blind 600
*** HOLE CARDS ***
Dealt to 7e2502f7 
Dealt to 24cc1c45 
Dealt to d905b179 
Dealt to 5530700d 
Dealt to 32be2c83 
Dealt to b4e45a7b 
Dealt to 49b9ae53 
Dealt to Hero [Tc 3d]
49b9ae53: folds
Hero: folds
7e2502f7: folds
24cc1c45: folds
d905b179: raises 600 to 1,200
5530700d: folds
32be2c83: calls 900
b4e45a7b: folds
*** FLOP *** [7h 4d 5h]
32be2c83: checks
d905b179: bets 1,800
32be2c83: folds
Uncalled bet (1,800) returned to d905b179
*** SHOWDOWN ***
d905b179 collected 3,600 from pot
*** SUMMARY ***
Total pot 3,600 | Rake 0 | Jackpot 0 | Bingo 0 | Fortune 0 | Tax 0
Board [7h 4d 5h]
Seat 1: 7e2502f7 folded before Flop
Seat 2: 24cc1c45 folded before Flop
Seat 3: d905b179 won (3,600)
Seat 4: 5530700d (button) folded before Flop
Seat 5: 32be2c83 (small blind) folded on the Flop
Seat 6: b4e45a7b (big blind) folded before Flop
Seat 7: 49b9ae53 folded before Flop
Seat 8: Hero folded before Flop


Poker Hand #TM2978052651: Tournament #126846289, Global MILLION$, $1M GTD [Day 1] Hold'em No Limit - Level9(300/600) - 2024/02/18 14:43:29
Table '85' 8-max Seat #2 is the button
Seat 1: 7e2502f7 (7,354 in chips)
Seat 2: 24cc1c45 (24,281 in chips)
Seat 4: 5530700d (10,243 in chips)
Seat 5: 32be2c83 (15,343 in chips)
Seat 6: b4e45a7b (24,828 in chips)
Seat 7: 49b9ae53 (14,635 in chips)
Seat 8: Hero (23,967 in chips)
32be2c83: posts the ante 75
Hero: posts the ante 75
b4e45a7b: posts the ante 75
5530700d: posts the ante 75
49b9ae53: posts the ante 75
24cc1c45: posts the ante 75
7e2502f7: posts the ante 75
5530700d: posts small blind 300
32be2c83: posts big blind 600
*** HOLE CARDS ***
Dealt to 7e2502f7 
Dealt to 24cc1c45 
Dealt to 5530700d 
Dealt to 32be2c83 
Dealt to b4e45a7b 
Dealt to 49b9ae53 
Dealt to Hero [2d Tc]
b4e45a7b: folds
49b9ae53: folds
Hero: folds
7e2502f7: folds
24cc1c45: raises 900 to 1,500
5530700d: folds
32be2c83: folds
Uncalled bet (900) returned to 24cc1c45
*** SHOWDOWN ***
24cc1c45 collected 2,025 from pot
*** SUMMARY ***
Total pot 2,025 | Rake 0 | Jackpot 0 | Bingo 0 | Fortune 0 | Tax 0
Seat 1: 7e2502f7 folded before Flop
Seat 2: 24cc1c45 (button) collected (2,025)
Seat 4: 5530700d (small blind) folded before Flop
Seat 5: 32be2c83 (big blind) folded before Flop
Seat 6: b4e45a7b folded before Flop
Seat 7: 49b9ae53 folded before Flop
Seat 8: Hero folded before Flop


Poker Hand #TM2978052598: Tournament #126846289, Global MILLION$, $1M GTD [Day 1] Hold'em No Limit - Level9(300/600) - 2024/02/18 14:42:34
Table '85' 8-max Seat #1 is the button
Seat 1: 7e2502f7 (7,429 in chips)
Seat 2: 24cc1c45 (24,656 in chips)
Seat 4: 5530700d (10,918 in chips)
Seat 5: 32be2c83 (15,418 in chips)
Seat 6: b4e45a7b (26,163 in chips)
Seat 7: 49b9ae53 (12,025 in chips)
Seat 8: Hero (24,042 in chips)
32be2c83: posts the ante 75
Hero: posts the ante 75
b4e45a7b: posts the ante 75
5530700d: posts the ante 75
49b9ae53: posts the ante 75
24cc1c45: posts the ante 75
7e2502f7: posts the ante 75
24cc1c45: posts small blind 300
5530700d: posts big blind 600
*** HOLE CARDS ***
Dealt to 7e2502f7 
Dealt to 24cc1c45 
Dealt to 5530700d 
Dealt to 32be2c83 
Dealt to b4e45a7b 
Dealt to 49b9ae53 
Dealt to Hero [7h 7d]
32be2c83: folds
b4e45a7b: raises 660 to 1,260
49b9ae53: raises 1,973 to 3,233
Hero: folds
7e2502f7: folds
24cc1c45: folds
5530700d: folds
b4e45a7b: folds
Uncalled bet (1,973) returned to 49b9ae53
*** SHOWDOWN ***
49b9ae53 collected 3,945 from pot
*** SUMMARY ***
Total pot 3,945 | Rake 0 | Jackpot 0 | Bingo 0 | Fortune 0 | Tax 0
Seat 1: 7e2502f7 (button) folded before Flop
Seat 2: 24cc1c45 (small blind) folded before Flop
Seat 4: 5530700d (big blind) folded before Flop
Seat 5: 32be2c83 folded before Flop
Seat 6: b4e45a7b folded before Flop
Seat 7: 49b9ae53 collected (3,945)
Seat 8: Hero folded before Flop


Poker Hand #TM2978052543: Tournament #126846289, Global MILLION$, $1M GTD [Day 1] Hold'em No Limit - Level9(300/600) - 2024/02/18 14:41:19
Table '85' 8-max Seat #8 is the button
Seat 1: 7e2502f7 (7,804 in chips)
Seat 2: 24cc1c45 (25,931 in chips)
Seat 3: 521dc9a3 (200 in chips)
Seat 4: 5530700d (10,993 in chips)
Seat 5: 32be2c83 (15,493 in chips)
Seat 6: b4e45a7b (26,238 in chips)
Seat 7: 49b9ae53 (10,000 in chips)
Seat 8: Hero (24,117 in chips)
32be2c83: posts the ante 75
Hero: posts the ante 75
b4e45a7b: posts the ante 75
5530700d: posts the ante 75
49b9ae53: posts the ante 75
24cc1c45: posts the ante 75
521dc9a3: posts the ante 75
7e2502f7: posts the ante 75
7e2502f7: posts small blind 300
24cc1c45: posts big blind 600
*** HOLE CARDS ***
Dealt to 7e2502f7 
Dealt to 24cc1c45 
Dealt to 521dc9a3 
Dealt to 5530700d 
Dealt to 32be2c83 
Dealt to b4e45a7b 
Dealt to 49b9ae53 
Dealt to Hero [Jh 9c]
521dc9a3: folds
5530700d: folds
32be2c83: folds
b4e45a7b: folds
49b9ae53: raises 600 to 1,200
Hero: folds
7e2502f7: folds
24cc1c45: calls 600
*** FLOP *** [7h Th Kh]
24cc1c45: checks
49b9ae53: bets 900
24cc1c45: folds
Uncalled bet (900) returned to 49b9ae53
*** SHOWDOWN ***
49b9ae53 collected 3,300 from pot
*** SUMMARY ***
Total pot 3,300 | Rake 0 | Jackpot 0 | Bingo 0 | Fortune 0 | Tax 0
Board [7h Th Kh]
Seat 1: 7e2502f7 (small blind) folded before Flop
Seat 2: 24cc1c45 (big blind) folded on the Flop
Seat 3: 521dc9a3 folded before Flop
Seat 4: 5530700d folded before Flop
Seat 5: 32be2c83 folded before Flop
Seat 6: b4e45a7b folded before Flop
Seat 7: 49b9ae53 won (3,300)
Seat 8: Hero (button) folded before Flop


Poker Hand #TM2978052483: Tournament #126846289, Global MILLION$, $1M GTD [Day 1] Hold'em No Limit - Level8(250/500) - 2024/02/18 14:40:10
Table '85' 8-max Seat #6 is the button
Seat 1: 7e2502f7 (8,364 in chips)
Seat 2: 24cc1c45 (25,991 in chips)
Seat 3: 521dc9a3 (260 in chips)
Seat 4: 5530700d (11,053 in chips)
Seat 5: 32be2c83 (15,553 in chips)
Seat 6: b4e45a7b (29,915 in chips)
Seat 8: Hero (19,640 in chips)
32be2c83: posts the ante 60
Hero: posts the ante 60
b4e45a7b: posts the ante 60
5530700d: posts the ante 60
24cc1c45: posts the ante 60
521dc9a3: posts the ante 60
7e2502f7: posts the ante 60
Hero: posts small blind 250
7e2502f7: posts big blind 500
*** HOLE CARDS ***
Dealt to 7e2502f7 
Dealt to 24cc1c45 
Dealt to 521dc9a3 
Dealt to 5530700d 
Dealt to 32be2c83 
Dealt to b4e45a7b 
Dealt to Hero [Tc Ks]
24cc1c45: folds
521dc9a3: folds
5530700d: folds
32be2c83: folds
b4e45a7b: raises 550 to 1,050
Hero: raises 2,567 to 3,617
7e2502f7: folds
b4e45a7b: calls 2,567
*** FLOP *** [9h 4d Kd]
Hero: bets 2,039
b4e45a7b: folds
Uncalled bet (2,039) returned to Hero
*** SHOWDOWN ***
Hero collected 8,154 from pot
*** SUMMARY ***
Total pot 8,154 | Rake 0 | Jackpot 0 | Bingo 0 | Fortune 0 | Tax 0
Board [9h 4d Kd]
Seat 1: 7e2502f7 (big blind) folded before Flop
Seat 2: 24cc1c45 folded before Flop
Seat 3: 521dc9a3 folded before Flop
Seat 4: 5530700d folded before Flop
Seat 5: 32be2c83 folded before Flop
Seat 6: b4e45a7b (button) folded on the Flop
Seat 8: Hero (small blind) won (8,154)


Poker Hand #TM2978052418: Tournament #126846289, Global MILLION$, $1M GTD [Day 1] Hold'em No Limit - Level8(250/500) - 2024/02/18 14:38:57
Table '85' 8-max Seat #5 is the button
Seat 1: 7e2502f7 (8,424 in chips)
Seat 2: 24cc1c45 (26,051 in chips)
Seat 3: 521dc9a3 (320 in chips)
Seat 4: 5530700d (12,263 in chips)
Seat 5: 32be2c83 (8,835 in chips)
Seat 6: b4e45a7b (30,225 in chips)
Seat 7: 6fd257e7 (4,958 in chips)
Seat 8: Hero (19,700 in chips)
32be2c83: posts the ante 60
Hero: posts the ante 60
b4e45a7b: posts the ante 60
5530700d: posts the ante 60
24cc1c45: posts the ante 60
6fd257e7: posts the ante 60
521dc9a3: posts the ante 60
7e2502f7: posts the ante 60
b4e45a7b: posts small blind 250
6fd257e7: posts big blind 500
*** HOLE CARDS ***
Dealt to 7e2502f7 
Dealt to 24cc1c45 
Dealt to 521dc9a3 
Dealt to 5530700d 
Dealt to 32be2c83 
Dealt to b4e45a7b 
Dealt to 6fd257e7 
Dealt to Hero [4d 3c]
Hero: folds
7e2502f7: folds
24cc1c45: folds
521dc9a3: folds
5530700d: raises 650 to 1,150
32be2c83: raises 7,625 to 8,775 and is all-in
b4e45a7b: folds
6fd257e7: calls 4,398 and is all-in
5530700d: folds
Uncalled bet (3,877) returned to 32be2c83
32be2c83: shows [Qs Ac]
6fd257e7: shows [Td Ah]
*** FLOP *** [Jc 3s 6c]
*** TURN *** [Jc 3s 6c] [9h]
*** RIVER *** [Jc 3s 6c 9h] [5s]
*** SHOWDOWN ***
32be2c83 collected 11,676 from pot
*** SUMMARY ***
Total pot 11,676 | Rake 0 | Jackpot 0 | Bingo 0 | Fortune 0 | Tax 0
Board [Jc 3s 6c 9h 5s]
Seat 1: 7e2502f7 folded before Flop
Seat 2: 24cc1c45 folded before Flop
Seat 3: 521dc9a3 folded before Flop
Seat 4: 5530700d folded before Flop
Seat 5: 32be2c83 (button) showed [Qs Ac] and won (11,676) with Ace-High
Seat 6: b4e45a7b (small blind) folded before Flop
Seat 7: 6fd257e7 (big blind) showed [Td Ah] and lost with Ace-High
Seat 8: Hero folded before Flop


Poker Hand #TM2978052390: Tournament #126846289, Global MILLION$, $1M GTD [Day 1] Hold'em No Limit - Level8(250/500) - 2024/02/18 14:38:18
Table '85' 8-max Seat #4 is the button
Seat 1: 7e2502f7 (8,484 in chips)
Seat 2: 24cc1c45 (26,111 in chips)
Seat 3: 521dc9a3 (380 in chips)
Seat 4: 5530700d (13,323 in chips)
Seat 5: 32be2c83 (6,915 in chips)
Seat 6: b4e45a7b (30,785 in chips)
Seat 7: 6fd257e7 (5,018 in chips)
Seat 8: Hero (19,760 in chips)
32be2c83: posts the ante 60
Hero: posts the ante 60
b4e45a7b: posts the ante 60
5530700d: posts the ante 60
24cc1c45: posts the ante 60
6fd257e7: posts the ante 60
521dc9a3: posts the ante 60
7e2502f7: posts the ante 60
32be2c83: posts small blind 250
b4e45a7b: posts big blind 500
*** HOLE CARDS ***
Dealt to 7e2502f7 
Dealt to 24cc1c45 
Dealt to 521dc9a3 
Dealt to 5530700d 
Dealt to 32be2c83 
Dealt to b4e45a7b 
Dealt to 6fd257e7 
Dealt to Hero [5s 8h]
6fd257e7: folds
Hero: folds
7e2502f7: folds
24cc1c45: folds
521dc9a3: folds
5530700d: raises 500 to 1,000
32be2c83: raises 5,855 to 6,855 and is all-in
b4e45a7b: folds
5530700d: folds
Uncalled bet (5,855) returned to 32be2c83
*** SHOWDOWN ***
32be2c83 collected 2,980 from pot
*** SUMMARY ***
Total pot 2,980 | Rake 0 | Jackpot 0 | Bingo 0 | Fortune 0 | Tax 0
Seat 1: 7e2502f7 folded before Flop
Seat 2: 24cc1c45 folded before Flop
Seat 3: 521dc9a3 folded before Flop
Seat 4: 5530700d (button) folded before Flop
Seat 5: 32be2c83 (small blind) collected (2,980)
Seat 6: b4e45a7b (big blind) folded before Flop
Seat 7: 6fd257e7 folded before Flop
Seat 8: Hero folded before Flop


Poker Hand #TM2978052298: Tournament #126846289, Global MILLION$, $1M GTD [Day 1] Hold'em No Limit - Level8(250/500) - 2024/02/18 14:36:27
Table '85' 8-max Seat #3 is the button
Seat 1: 7e2502f7 (8,544 in chips)
Seat 2: 24cc1c45 (26,171 in chips)
Seat 3: 521dc9a3 (440 in chips)
Seat 4: 5530700d (13,633 in chips)
Seat 5: 32be2c83 (8,025 in chips)
Seat 6: b4e45a7b (29,065 in chips)
Seat 7: 6fd257e7 (5,078 in chips)
Seat 8: Hero (19,820 in chips)
32be2c83: posts the ante 60
Hero: posts the ante 60
b4e45a7b: posts the ante 60
5530700d: posts the ante 60
24cc1c45: posts the ante 60
6fd257e7: posts the ante 60
521dc9a3: posts the ante 60
7e2502f7: posts the ante 60
5530700d: posts small blind 250
32be2c83: posts big blind 500
*** HOLE CARDS ***
Dealt to 7e2502f7 
Dealt to 24cc1c45 
Dealt to 521dc9a3 
Dealt to 5530700d 
Dealt to 32be2c83 
Dealt to b4e45a7b 
Dealt to 6fd257e7 
Dealt to Hero [5c Qc]
b4e45a7b: raises 550 to 1,050
6fd257e7: folds
Hero: folds
7e2502f7: folds
24cc1c45: folds
521dc9a3: folds
5530700d: folds
32be2c83: calls 550
*** FLOP *** [Js 6d 3s]
32be2c83: checks
b4e45a7b: bets 1,434
32be2c83: folds
Uncalled bet (1,434) returned to b4e45a7b
*** SHOWDOWN ***
b4e45a7b collected 2,830 from pot
*** SUMMARY ***
Total pot 2,830 | Rake 0 | Jackpot 0 | Bingo 0 | Fortune 0 | Tax 0
Board [Js 6d 3s]
Seat 1: 7e2502f7 folded before Flop
Seat 2: 24cc1c45 folded before Flop
Seat 3: 521dc9a3 (button) folded before Flop
Seat 4: 5530700d (small blind) folded before Flop
Seat 5: 32be2c83 (big blind) folded on the Flop
Seat 6: b4e45a7b won (2,830)
Seat 7: 6fd257e7 folded before Flop
Seat 8: Hero folded before Flop


Poker Hand #TM2978052251: Tournament #126846289, Global MILLION$, $1M GTD [Day 1] Hold'em No Limit - Level8(250/500) - 2024/02/18 14:35:38
Table '85' 8-max Seat #2 is the button
Seat 1: 7e2502f7 (8,604 in chips)
Seat 2: 24cc1c45 (26,231 in chips)
Seat 3: 521dc9a3 (55 in chips)
Seat 4: 5530700d (14,193 in chips)
Seat 5: 32be2c83 (9,085 in chips)
Seat 6: b4e45a7b (27,590 in chips)
Seat 7: 6fd257e7 (5,138 in chips)
Seat 8: Hero (19,880 in chips)
32be2c83: posts the ante 60
Hero: posts the ante 60
b4e45a7b: posts the ante 60
5530700d: posts the ante 60
24cc1c45: posts the ante 60
6fd257e7: posts the ante 60
7e2502f7: posts the ante 60
521dc9a3: posts the ante 55
521dc9a3: posts small blind 0
5530700d: posts big blind 500
*** HOLE CARDS ***
Dealt to 7e2502f7 
Dealt to 24cc1c45 
Dealt to 521dc9a3 
Dealt to 5530700d 
Dealt to 32be2c83 
Dealt to b4e45a7b 
Dealt to 6fd257e7 
Dealt to Hero [Jh 6s]
32be2c83: raises 500 to 1,000
b4e45a7b: raises 1,500 to 2,500
6fd257e7: folds
Hero: folds
7e2502f7: folds
24cc1c45: folds
5530700d: folds
32be2c83: folds
Uncalled bet (1,500) returned to b4e45a7b
b4e45a7b: shows [Ac Kc]
521dc9a3: shows [2c 3s]
*** FLOP *** [Kh Qd As]
*** TURN *** [Kh Qd As] [4d]
*** RIVER *** [Kh Qd As 4d] [5d]
*** SHOWDOWN ***
521dc9a3 collected 440 from pot
b4e45a7b collected 2,535 from pot
*** SUMMARY ***
Total pot 2,975 | Rake 0 | Jackpot 0 | Bingo 0 | Fortune 0 | Tax 0
Board [Kh Qd As 4d 5d]
Seat 1: 7e2502f7 folded before Flop
Seat 2: 24cc1c45 (button) folded before Flop
Seat 3: 521dc9a3 (small blind) showed [2c 3s] and won (440) with Fives-High Straight
Seat 4: 5530700d (big blind) folded before Flop
Seat 5: 32be2c83 folded before Flop
Seat 6: b4e45a7b showed [Ac Kc] and won (2,535) with Pair of Aces and Pair of Kings
Seat 7: 6fd257e7 folded before Flop
Seat 8: Hero folded before Flop


Poker Hand #TM2978052129: Tournament #126846289, Global MILLION$, $1M GTD [Day 1] Hold'em No Limit - Level8(250/500) - 2024/02/18 14:33:15
Table '85' 8-max Seat #1 is the button
Seat 1: 7e2502f7 (8,664 in chips)
Seat 2: 24cc1c45 (26,541 in chips)
Seat 3: 521dc9a3 (9,690 in chips)
Seat 4: 5530700d (14,253 in chips)
Seat 5: 32be2c83 (9,145 in chips)
Seat 6: b4e45a7b (27,650 in chips)
Seat 7: 6fd257e7 (5,198 in chips)
Seat 8: Hero (9,635 in chips)
32be2c83: posts the ante 60
Hero: posts the ante 60
b4e45a7b: posts the ante 60
5530700d: posts the ante 60
24cc1c45: posts the ante 60
6fd257e7: posts the ante 60
7e2502f7: posts the ante 60
521dc9a3: posts the ante 60
24cc1c45: posts small blind 250
521dc9a3: posts big blind 500
*** HOLE CARDS ***
Dealt to 7e2502f7 
Dealt to 24cc1c45 
Dealt to 521dc9a3 
Dealt to 5530700d 
Dealt to 32be2c83 
Dealt to b4e45a7b 
Dealt to 6fd257e7 
Dealt to Hero [Ad 5c]
5530700d: folds
32be2c83: folds
b4e45a7b: folds
6fd257e7: folds
Hero: raises 500 to 1,000
7e2502f7: folds
24cc1c45: folds
521dc9a3: calls 500
*** FLOP *** [6h 8d 7s]
521dc9a3: bets 1,765
Hero: calls 1,765
*** TURN *** [6h 8d 7s] [5h]
521dc9a3: bets 6,865 and is all-in
Hero: calls 6,810 and is all-in
Uncalled bet (55) returned to 521dc9a3
521dc9a3: shows [Qh Tc] (Queen-High)
Hero: shows [Ad 5c] (Pair of Fives)
*** RIVER *** [6h 8d 7s 5h] [Jd]
*** SHOWDOWN ***
Hero collected 19,880 from pot
*** SUMMARY ***
Total pot 19,880 | Rake 0 | Jackpot 0 | Bingo 0 | Fortune 0 | Tax 0
Board [6h 8d 7s 5h Jd]
Seat 1: 7e2502f7 (button) folded before Flop
Seat 2: 24cc1c45 (small blind) folded before Flop
Seat 3: 521dc9a3 (big blind) showed [Qh Tc] and lost with Queen-High
Seat 4: 5530700d folded before Flop
Seat 5: 32be2c83 folded before Flop
Seat 6: b4e45a7b folded before Flop
Seat 7: 6fd257e7 folded before Flop
Seat 8: Hero showed [Ad 5c] and won (19,880) with Pair of Fives


Poker Hand #TM2978052055: Tournament #126846289, Global MILLION$, $1M GTD [Day 1] Hold'em No Limit - Level7(200/400) - 2024/02/18 14:31:48
Table '85' 8-max Seat #8 is the button
Seat 1: 7e2502f7 (20,263 in chips)
Seat 2: 24cc1c45 (26,991 in chips)
Seat 3: 521dc9a3 (9,740 in chips)
Seat 4: 5530700d (14,303 in chips)
Seat 5: 32be2c83 (9,195 in chips)
Seat 6: b4e45a7b (9,000 in chips)
Seat 7: 6fd257e7 (11,599 in chips)
Seat 8: Hero (9,685 in chips)
32be2c83: posts the ante 50
Hero: posts the ante 50
b4e45a7b: posts the ante 50
5530700d: posts the ante 50
24cc1c45: posts the ante 50
6fd257e7: posts the ante 50
521dc9a3: posts the ante 50
7e2502f7: posts the ante 50
7e2502f7: posts small blind 200
24cc1c45: posts big blind 400
*** HOLE CARDS ***
Dealt to 7e2502f7 
Dealt to 24cc1c45 
Dealt to 521dc9a3 
Dealt to 5530700d 
Dealt to 32be2c83 
Dealt to b4e45a7b 
Dealt to 6fd257e7 
Dealt to Hero [9s Kc]
521dc9a3: folds
5530700d: folds
32be2c83: folds
b4e45a7b: raises 440 to 840
6fd257e7: calls 840
Hero: folds
7e2502f7: raises 19,373 to 20,213 and is all-in
24cc1c45: folds
b4e45a7b: calls 8,110 and is all-in
6fd257e7: calls 10,709 and is all-in
Uncalled bet (8,664) returned to 7e2502f7
7e2502f7: shows [Qh Kh]
b4e45a7b: shows [Ad Ac]
6fd257e7: shows [Th Ts]
*** FLOP *** [4s 8c 5s]
*** TURN *** [4s 8c 5s] [7d]
*** RIVER *** [4s 8c 5s 7d] [4c]
*** SHOWDOWN ***
b4e45a7b collected 27,650 from pot
6fd257e7 collected 5,198 from pot
*** SUMMARY ***
Total pot 32,848 | Rake 0 | Jackpot 0 | Bingo 0 | Fortune 0 | Tax 0
Board [4s 8c 5s 7d 4c]
Seat 1: 7e2502f7 (small blind) showed [Qh Kh] and lost with Pair of Fours
Seat 2: 24cc1c45 (big blind) folded before Flop
Seat 3: 521dc9a3 folded before Flop
Seat 4: 5530700d folded before Flop
Seat 5: 32be2c83 folded before Flop
Seat 6: b4e45a7b showed [Ad Ac] and won (27,650) with Pair of Aces and Pair of Fours
Seat 7: 6fd257e7 showed [Th Ts] and won (5,198) with Pair of Tens and Pair of Fours
Seat 8: Hero (button) folded before Flop


Poker Hand #TM2978051971: Tournament #126846289, Global MILLION$, $1M GTD [Day 1] Hold'em No Limit - Level7(200/400) - 2024/02/18 14:30:10
Table '85' 8-max Seat #7 is the button
Seat 1: 7e2502f7 (20,713 in chips)
Seat 2: 24cc1c45 (25,361 in chips)
Seat 3: 521dc9a3 (9,790 in chips)
Seat 4: 5530700d (14,353 in chips)
Seat 5: 32be2c83 (9,245 in chips)
Seat 6: b4e45a7b (9,050 in chips)
Seat 7: 6fd257e7 (11,649 in chips)
Seat 8: Hero (10,615 in chips)
32be2c83: posts the ante 50
Hero: posts the ante 50
b4e45a7b: posts the ante 50
5530700d: posts the ante 50
24cc1c45: posts the ante 50
6fd257e7: posts the ante 50
521dc9a3: posts the ante 50
7e2502f7: posts the ante 50
Hero: posts small blind 200
7e2502f7: posts big blind 400
*** HOLE CARDS ***
Dealt to 7e2502f7 
Dealt to 24cc1c45 
Dealt to 521dc9a3 
Dealt to 5530700d 
Dealt to 32be2c83 
Dealt to b4e45a7b 
Dealt to 6fd257e7 
Dealt to Hero [Ah 3h]
24cc1c45: raises 480 to 880
521dc9a3: folds
5530700d: folds
32be2c83: folds
b4e45a7b: folds
6fd257e7: folds
Hero: calls 680
7e2502f7: folds
*** FLOP *** [9c 7c 8d]
Hero: checks
24cc1c45: checks
*** TURN *** [9c 7c 8d] [Kd]
Hero: checks
24cc1c45: bets 1,280
Hero: folds
Uncalled bet (1,280) returned to 24cc1c45
*** SHOWDOWN ***
24cc1c45 collected 2,560 from pot
*** SUMMARY ***
Total pot 2,560 | Rake 0 | Jackpot 0 | Bingo 0 | Fortune 0 | Tax 0
Board [9c 7c 8d Kd]
Seat 1: 7e2502f7 (big blind) folded before Flop
Seat 2: 24cc1c45 won (2,560)
Seat 3: 521dc9a3 folded before Flop
Seat 4: 5530700d folded before Flop
Seat 5: 32be2c83 folded before Flop
Seat 6: b4e45a7b folded before Flop
Seat 7: 6fd257e7 (button) folded before Flop
Seat 8: Hero (small blind) folded on the Turn


Poker Hand #TM2978051913: Tournament #126846289, Global MILLION$, $1M GTD [Day 1] Hold'em No Limit - Level7(200/400) - 2024/02/18 14:28:59
Table '85' 8-max Seat #6 is the button
Seat 1: 7e2502f7 (20,763 in chips)
Seat 2: 24cc1c45 (25,411 in chips)
Seat 3: 521dc9a3 (9,840 in chips)
Seat 4: 5530700d (12,203 in chips)
Seat 5: 32be2c83 (9,295 in chips)
Seat 6: b4e45a7b (9,900 in chips)
Seat 7: 6fd257e7 (11,899 in chips)
Seat 8: Hero (11,465 in chips)
32be2c83: posts the ante 50
Hero: posts the ante 50
b4e45a7b: posts the ante 50
5530700d: posts the ante 50
24cc1c45: posts the ante 50
6fd257e7: posts the ante 50
521dc9a3: posts the ante 50
7e2502f7: posts the ante 50
6fd257e7: posts small blind 200
Hero: posts big blind 400
*** HOLE CARDS ***
Dealt to 7e2502f7 
Dealt to 24cc1c45 
Dealt to 521dc9a3 
Dealt to 5530700d 
Dealt to 32be2c83 
Dealt to b4e45a7b 
Dealt to 6fd257e7 
Dealt to Hero [Ac 7d]
7e2502f7: folds
24cc1c45: folds
521dc9a3: folds
5530700d: raises 400 to 800
32be2c83: folds
b4e45a7b: calls 800
6fd257e7: folds
Hero: calls 400
*** FLOP *** [Qh Th Jh]
Hero: checks
5530700d: bets 990
b4e45a7b: folds
Hero: folds
Uncalled bet (990) returned to 5530700d
*** SHOWDOWN ***
5530700d collected 3,000 from pot
*** SUMMARY ***
Total pot 3,000 | Rake 0 | Jackpot 0 | Bingo 0 | Fortune 0 | Tax 0
Board [Qh Th Jh]
Seat 1: 7e2502f7 folded before Flop
Seat 2: 24cc1c45 folded before Flop
Seat 3: 521dc9a3 folded before Flop
Seat 4: 5530700d won (3,000)
Seat 5: 32be2c83 folded before Flop
Seat 6: b4e45a7b (button) folded on the Flop
Seat 7: 6fd257e7 (small blind) folded before Flop
Seat 8: Hero (big blind) folded on the Flop


Poker Hand #TM2978051857: Tournament #126846289, Global MILLION$, $1M GTD [Day 1] Hold'em No Limit - Level7(200/400) - 2024/02/18 14:27:55
Table '85' 8-max Seat #5 is the button
Seat 1: 7e2502f7 (20,813 in chips)
Seat 2: 24cc1c45 (25,461 in chips)
Seat 3: 521dc9a3 (11,090 in chips)
Seat 4: 5530700d (12,253 in chips)
Seat 5: 32be2c83 (9,345 in chips)
Seat 6: b4e45a7b (7,950 in chips)
Seat 7: 6fd257e7 (12,349 in chips)
Seat 8: Hero (11,515 in chips)
32be2c83: posts the ante 50
Hero: posts the ante 50
b4e45a7b: posts the ante 50
5530700d: posts the ante 50
24cc1c45: posts the ante 50
6fd257e7: posts the ante 50
521dc9a3: posts the ante 50
7e2502f7: posts the ante 50
b4e45a7b: posts small blind 200
6fd257e7: posts big blind 400
*** HOLE CARDS ***
Dealt to 7e2502f7 
Dealt to 24cc1c45 
Dealt to 521dc9a3 
Dealt to 5530700d 
Dealt to 32be2c83 
Dealt to b4e45a7b 
Dealt to 6fd257e7 
Dealt to Hero [9s 3d]
Hero: folds
7e2502f7: folds
24cc1c45: folds
521dc9a3: raises 800 to 1,200
5530700d: folds
32be2c83: folds
b4e45a7b: calls 1,000
6fd257e7: folds
*** FLOP *** [Jd 2c 8h]
b4e45a7b: checks
521dc9a3: checks
*** TURN *** [Jd 2c 8h] [2s]
b4e45a7b: bets 1,600
521dc9a3: folds
Uncalled bet (1,600) returned to b4e45a7b
*** SHOWDOWN ***
b4e45a7b collected 3,200 from pot
*** SUMMARY ***
Total pot 3,200 | Rake 0 | Jackpot 0 | Bingo 0 | Fortune 0 | Tax 0
Board [Jd 2c 8h 2s]
Seat 1: 7e2502f7 folded before Flop
Seat 2: 24cc1c45 folded before Flop
Seat 3: 521dc9a3 folded on the Turn
Seat 4: 5530700d folded before Flop
Seat 5: 32be2c83 (button) folded before Flop
Seat 6: b4e45a7b (small blind) won (3,200)
Seat 7: 6fd257e7 (big blind) folded before Flop
Seat 8: Hero folded before Flop


Poker Hand #TM2978051788: Tournament #126846289, Global MILLION$, $1M GTD [Day 1] Hold'em No Limit - Level7(200/400) - 2024/02/18 14:26:28
Table '85' 8-max Seat #4 is the button
Seat 1: 7e2502f7 (21,663 in chips)
Seat 2: 24cc1c45 (25,511 in chips)
Seat 3: 521dc9a3 (9,340 in chips)
Seat 4: 5530700d (12,303 in chips)
Seat 5: 32be2c83 (9,595 in chips)
Seat 6: b4e45a7b (8,400 in chips)
Seat 7: 6fd257e7 (12,399 in chips)
Seat 8: Hero (11,565 in chips)
32be2c83: posts the ante 50
Hero: posts the ante 50
b4e45a7b: posts the ante 50
5530700d: posts the ante 50
24cc1c45: posts the ante 50
6fd257e7: posts the ante 50
521dc9a3: posts the ante 50
7e2502f7: posts the ante 50
32be2c83: posts small blind 200
b4e45a7b: posts big blind 400
*** HOLE CARDS ***
Dealt to 7e2502f7 
Dealt to 24cc1c45 
Dealt to 521dc9a3 
Dealt to 5530700d 
Dealt to 32be2c83 
Dealt to b4e45a7b 
Dealt to 6fd257e7 
Dealt to Hero [Kc 6c]
6fd257e7: folds
Hero: folds
7e2502f7: raises 400 to 800
24cc1c45: folds
521dc9a3: raises 2,516 to 3,316
5530700d: folds
32be2c83: folds
b4e45a7b: folds
7e2502f7: folds
Uncalled bet (2,516) returned to 521dc9a3
*** SHOWDOWN ***
521dc9a3 collected 2,600 from pot
*** SUMMARY ***
Total pot 2,600 | Rake 0 | Jackpot 0 | Bingo 0 | Fortune 0 | Tax 0
Seat 1: 7e2502f7 folded before Flop
Seat 2: 24cc1c45 folded before Flop
Seat 3: 521dc9a3 collected (2,600)
Seat 4: 5530700d (button) folded before Flop
Seat 5: 32be2c83 (small blind) folded before Flop
Seat 6: b4e45a7b (big blind) folded before Flop
Seat 7: 6fd257e7 folded before Flop
Seat 8: Hero folded before Flop


Poker Hand #TM2978051683: Tournament #126846289, Global MILLION$, $1M GTD [Day 1] Hold'em No Limit - Level6(150/300) - 2024/02/18 14:24:43
Table '85' 8-max Seat #3 is the button
Seat 1: 7e2502f7 (21,698 in chips)
Seat 2: 24cc1c45 (25,546 in chips)
Seat 3: 521dc9a3 (9,375 in chips)
Seat 4: 5530700d (10,228 in chips)
Seat 5: 32be2c83 (9,930 in chips)
Seat 6: b4e45a7b (9,965 in chips)
Seat 7: 6fd257e7 (12,434 in chips)
Seat 8: Hero (11,600 in chips)
32be2c83: posts the ante 35
Hero: posts the ante 35
b4e45a7b: posts the ante 35
5530700d: posts the ante 35
24cc1c45: posts the ante 35
6fd257e7: posts the ante 35
521dc9a3: posts the ante 35
7e2502f7: posts the ante 35
5530700d: posts small blind 150
32be2c83: posts big blind 300
*** HOLE CARDS ***
Dealt to 7e2502f7 
Dealt to 24cc1c45 
Dealt to 521dc9a3 
Dealt to 5530700d 
Dealt to 32be2c83 
Dealt to b4e45a7b 
Dealt to 6fd257e7 
Dealt to Hero [8s 2c]
b4e45a7b: raises 330 to 630
6fd257e7: folds
Hero: folds
7e2502f7: folds
24cc1c45: folds
521dc9a3: folds
5530700d: calls 480
32be2c83: folds
*** FLOP *** [4c Kh Ac]
5530700d: checks
b4e45a7b: checks
*** TURN *** [4c Kh Ac] [Kd]
5530700d: checks
b4e45a7b: bets 900
5530700d: calls 900
*** RIVER *** [4c Kh Ac Kd] [4d]
5530700d: checks
b4e45a7b: checks
5530700d: shows [As Qs] (Pair of Aces and Pair of Kings)
b4e45a7b: shows [Qh Qc] (Pair of Kings and Pair of Queens)
*** SHOWDOWN ***
5530700d collected 3,640 from pot
*** SUMMARY ***
Total pot 3,640 | Rake 0 | Jackpot 0 | Bingo 0 | Fortune 0 | Tax 0
Board [4c Kh Ac Kd 4d]
Seat 1: 7e2502f7 folded before Flop
Seat 2: 24cc1c45 folded before Flop
Seat 3: 521dc9a3 (button) folded before Flop
Seat 4: 5530700d (small blind) showed [As Qs] and won (3,640) with Pair of Aces and Pair of Kings
Seat 5: 32be2c83 (big blind) folded before Flop
Seat 6: b4e45a7b showed [Qh Qc] and lost with Pair of Kings and Pair of Queens
Seat 7: 6fd257e7 folded before Flop
Seat 8: Hero folded before Flop


Poker Hand #TM2978051647: Tournament #126846289, Global MILLION$, $1M GTD [Day 1] Hold'em No Limit - Level6(150/300) - 2024/02/18 14:24:01
Table '85' 8-max Seat #2 is the button
Seat 1: 7e2502f7 (21,733 in chips)
Seat 2: 24cc1c45 (25,581 in chips)
Seat 3: 521dc9a3 (9,560 in chips)
Seat 4: 5530700d (9,833 in chips)
Seat 5: 32be2c83 (9,965 in chips)
Seat 6: b4e45a7b (10,000 in chips)
Seat 7: 6fd257e7 (12,469 in chips)
Seat 8: Hero (11,635 in chips)
32be2c83: posts the ante 35
Hero: posts the ante 35
b4e45a7b: posts the ante 35
5530700d: posts the ante 35
24cc1c45: posts the ante 35
6fd257e7: posts the ante 35
7e2502f7: posts the ante 35
521dc9a3: posts the ante 35
521dc9a3: posts small blind 150
5530700d: posts big blind 300
*** HOLE CARDS ***
Dealt to 7e2502f7 
Dealt to 24cc1c45 
Dealt to 521dc9a3 
Dealt to 5530700d 
Dealt to 32be2c83 
Dealt to b4e45a7b 
Dealt to 6fd257e7 
Dealt to Hero [2c 7d]
32be2c83: folds
b4e45a7b: folds
6fd257e7: folds
Hero: folds
7e2502f7: folds
24cc1c45: folds
521dc9a3: folds
Uncalled bet (150) returned to 5530700d
*** SHOWDOWN ***
5530700d collected 580 from pot
*** SUMMARY ***
Total pot 580 | Rake 0 | Jackpot 0 | Bingo 0 | Fortune 0 | Tax 0
Seat 1: 7e2502f7 folded before Flop
Seat 2: 24cc1c45 (button) folded before Flop
Seat 3: 521dc9a3 (small blind) folded before Flop
Seat 4: 5530700d (big blind) collected (580)
Seat 5: 32be2c83 folded before Flop
Seat 6: b4e45a7b folded before Flop
Seat 7: 6fd257e7 folded before Flop
Seat 8: Hero folded before Flop


Poker Hand #TM2978051618: Tournament #126846289, Global MILLION$, $1M GTD [Day 1] Hold'em No Limit - Level6(150/300) - 2024/02/18 14:23:30
Table '85' 8-max Seat #1 is the button
Seat 1: 7e2502f7 (21,038 in chips)
Seat 2: 24cc1c45 (25,766 in chips)
Seat 3: 521dc9a3 (9,895 in chips)
Seat 4: 5530700d (9,868 in chips)
Seat 5: 32be2c83 (10,000 in chips)
Seat 6: 4a86904 (10,108 in chips)
Seat 7: 6fd257e7 (12,504 in chips)
Seat 8: Hero (11,670 in chips)
4a86904: posts the ante 35
32be2c83: posts the ante 35
Hero: posts the ante 35
5530700d: posts the ante 35
24cc1c45: posts the ante 35
6fd257e7: posts the ante 35
7e2502f7: posts the ante 35
521dc9a3: posts the ante 35
24cc1c45: posts small blind 150
521dc9a3: posts big blind 300
*** HOLE CARDS ***
Dealt to 7e2502f7 
Dealt to 24cc1c45 
Dealt to 521dc9a3 
Dealt to 5530700d 
Dealt to 32be2c83 
Dealt to 4a86904 
Dealt to 6fd257e7 
Dealt to Hero [4d 5c]
5530700d: folds
32be2c83: folds
4a86904: folds
6fd257e7: folds
Hero: folds
7e2502f7: raises 300 to 600
24cc1c45: folds
521dc9a3: folds
Uncalled bet (300) returned to 7e2502f7
*** SHOWDOWN ***
7e2502f7 collected 1,030 from pot
*** SUMMARY ***
Total pot 1,030 | Rake 0 | Jackpot 0 | Bingo 0 | Fortune 0 | Tax 0
Seat 1: 7e2502f7 (button) collected (1,030)
Seat 2: 24cc1c45 (small blind) folded before Flop
Seat 3: 521dc9a3 (big blind) folded before Flop
Seat 4: 5530700d folded before Flop
Seat 5: 32be2c83 folded before Flop
Seat 6: 4a86904 folded before Flop
Seat 7: 6fd257e7 folded before Flop
Seat 8: Hero folded before Flop


Poker Hand #TM2978051553: Tournament #126846289, Global MILLION$, $1M GTD [Day 1] Hold'em No Limit - Level6(150/300) - 2024/02/18 14:22:21
Table '85' 8-max Seat #8 is the button
Seat 1: 7e2502f7 (21,223 in chips)
Seat 2: 24cc1c45 (20,006 in chips)
Seat 3: 521dc9a3 (9,930 in chips)
Seat 4: 5530700d (9,903 in chips)
Seat 6: 4a86904 (15,543 in chips)
Seat 7: 6fd257e7 (12,539 in chips)
Seat 8: Hero (11,705 in chips)
4a86904: posts the ante 35
Hero: posts the ante 35
5530700d: posts the ante 35
24cc1c45: posts the ante 35
6fd257e7: posts the ante 35
521dc9a3: posts the ante 35
7e2502f7: posts the ante 35
7e2502f7: posts small blind 150
24cc1c45: posts big blind 300
*** HOLE CARDS ***
Dealt to 7e2502f7 
Dealt to 24cc1c45 
Dealt to 521dc9a3 
Dealt to 5530700d 
Dealt to 4a86904 
Dealt to 6fd257e7 
Dealt to Hero [Jc 8h]
521dc9a3: folds
5530700d: folds
4a86904: raises 300 to 600
6fd257e7: folds
Hero: folds
7e2502f7: folds
24cc1c45: raises 2,100 to 2,700
4a86904: raises 2,700 to 5,400
24cc1c45: raises 14,571 to 19,971 and is all-in
4a86904: folds
Uncalled bet (14,571) returned to 24cc1c45
*** SHOWDOWN ***
24cc1c45 collected 11,195 from pot
*** SUMMARY ***
Total pot 11,195 | Rake 0 | Jackpot 0 | Bingo 0 | Fortune 0 | Tax 0
Seat 1: 7e2502f7 (small blind) folded before Flop
Seat 2: 24cc1c45 (big blind) collected (11,195)
Seat 3: 521dc9a3 folded before Flop
Seat 4: 5530700d folded before Flop
Seat 6: 4a86904 folded before Flop
Seat 7: 6fd257e7 folded before Flop
Seat 8: Hero (button) folded before Flop


Poker Hand #TM2978051457: Tournament #126846289, Global MILLION$, $1M GTD [Day 1] Hold'em No Limit - Level6(150/300) - 2024/02/18 14:20:27
Table '85' 8-max Seat #7 is the button
Seat 1: 7e2502f7 (10,637 in chips)
Seat 2: 24cc1c45 (20,041 in chips)
Seat 3: 521dc9a3 (9,965 in chips)
Seat 4: 5530700d (9,938 in chips)
Seat 5: 1c5562af (10,226 in chips)
Seat 6: 4a86904 (15,578 in chips)
Seat 7: 6fd257e7 (12,574 in chips)
Seat 8: Hero (11,890 in chips)
4a86904: posts the ante 35
Hero: posts the ante 35
5530700d: posts the ante 35
1c5562af: posts the ante 35
24cc1c45: posts the ante 35
6fd257e7: posts the ante 35
521dc9a3: posts the ante 35
7e2502f7: posts the ante 35
Hero: posts small blind 150
7e2502f7: posts big blind 300
*** HOLE CARDS ***
Dealt to 7e2502f7 
Dealt to 24cc1c45 
Dealt to 521dc9a3 
Dealt to 5530700d 
Dealt to 1c5562af 
Dealt to 4a86904 
Dealt to 6fd257e7 
Dealt to Hero [6d 7s]
24cc1c45: folds
521dc9a3: folds
5530700d: folds
1c5562af: raises 300 to 600
4a86904: folds
6fd257e7: folds
Hero: folds
7e2502f7: calls 300
*** FLOP *** [Js Tc 7d]
7e2502f7: checks
1c5562af: bets 538
7e2502f7: raises 1,262 to 1,800
1c5562af: calls 1,262
*** TURN *** [Js Tc 7d] [9d]
7e2502f7: bets 2,929
1c5562af: raises 4,862 to 7,791 and is all-in
7e2502f7: calls 4,862
1c5562af: shows [Ad Jh] (Pair of Jacks)
7e2502f7: shows [Qc Kh] (Kings-High Straight)
*** RIVER *** [Js Tc 7d 9d] [Qd]
*** SHOWDOWN ***
7e2502f7 collected 20,812 from pot
*** SUMMARY ***
Total pot 20,812 | Rake 0 | Jackpot 0 | Bingo 0 | Fortune 0 | Tax 0
Board [Js Tc 7d 9d Qd]
Seat 1: 7e2502f7 (big blind) showed [Qc Kh] and won (20,812) with Kings-High Straight
Seat 2: 24cc1c45 folded before Flop
Seat 3: 521dc9a3 folded before Flop
Seat 4: 5530700d folded before Flop
Seat 5: 1c5562af showed [Ad Jh] and lost with Pair of Jacks
Seat 6: 4a86904 folded before Flop
Seat 7: 6fd257e7 (button) folded before Flop
Seat 8: Hero (small blind) folded before Flop


Poker Hand #TM2978051405: Tournament #126846289, Global MILLION$, $1M GTD [Day 1] Hold'em No Limit - Level6(150/300) - 2024/02/18 14:19:31
Table '85' 8-max Seat #6 is the button
Seat 1: 7e2502f7 (10,672 in chips)
Seat 2: 24cc1c45 (20,076 in chips)
Seat 3: 521dc9a3 (10,000 in chips)
Seat 4: 5530700d (9,973 in chips)
Seat 5: 1c5562af (10,861 in chips)
Seat 6: 4a86904 (15,613 in chips)
Seat 7: 6fd257e7 (12,759 in chips)
Seat 8: Hero (10,895 in chips)
4a86904: posts the ante 35
Hero: posts the ante 35
5530700d: posts the ante 35
1c5562af: posts the ante 35
24cc1c45: posts the ante 35
6fd257e7: posts the ante 35
521dc9a3: posts the ante 35
7e2502f7: posts the ante 35
6fd257e7: posts small blind 150
Hero: posts big blind 300
*** HOLE CARDS ***
Dealt to 7e2502f7 
Dealt to 24cc1c45 
Dealt to 521dc9a3 
Dealt to 5530700d 
Dealt to 1c5562af 
Dealt to 4a86904 
Dealt to 6fd257e7 
Dealt to Hero [6c 6s]
7e2502f7: folds
24cc1c45: folds
521dc9a3: folds
5530700d: folds
1c5562af: raises 300 to 600
4a86904: folds
6fd257e7: folds
Hero: raises 10,260 to 10,860 and is all-in
1c5562af: folds
Uncalled bet (10,260) returned to Hero
*** SHOWDOWN ***
Hero collected 1,630 from pot
*** SUMMARY ***
Total pot 1,630 | Rake 0 | Jackpot 0 | Bingo 0 | Fortune 0 | Tax 0
Seat 1: 7e2502f7 folded before Flop
Seat 2: 24cc1c45 folded before Flop
Seat 3: 521dc9a3 folded before Flop
Seat 4: 5530700d folded before Flop
Seat 5: 1c5562af folded before Flop
Seat 6: 4a86904 (button) folded before Flop
Seat 7: 6fd257e7 (small blind) folded before Flop
Seat 8: Hero (big blind) collected (1,630)


Poker Hand #TM2978051350: Tournament #126846289, Global MILLION$, $1M GTD [Day 1] Hold'em No Limit - Level6(150/300) - 2024/02/18 14:18:33
Table '85' 8-max Seat #5 is the button
Seat 1: 7e2502f7 (10,707 in chips)
Seat 2: 24cc1c45 (21,821 in chips)
Seat 4: 5530700d (10,008 in chips)
Seat 5: 1c5562af (10,896 in chips)
Seat 6: 4a86904 (15,798 in chips)
Seat 7: 6fd257e7 (10,689 in chips)
Seat 8: Hero (10,930 in chips)
4a86904: posts the ante 35
Hero: posts the ante 35
5530700d: posts the ante 35
1c5562af: posts the ante 35
24cc1c45: posts the ante 35
6fd257e7: posts the ante 35
7e2502f7: posts the ante 35
4a86904: posts small blind 150
6fd257e7: posts big blind 300
*** HOLE CARDS ***
Dealt to 7e2502f7 
Dealt to 24cc1c45 
Dealt to 5530700d 
Dealt to 1c5562af 
Dealt to 4a86904 
Dealt to 6fd257e7 
Dealt to Hero [4s Kd]
Hero: folds
7e2502f7: folds
24cc1c45: raises 360 to 660
5530700d: folds
1c5562af: folds
4a86904: folds
6fd257e7: calls 360
*** FLOP *** [Ts 2c 5d]
6fd257e7: checks
24cc1c45: checks
*** TURN *** [Ts 2c 5d] [5c]
6fd257e7: bets 1,050
24cc1c45: calls 1,050
*** RIVER *** [Ts 2c 5d 5c] [Js]
6fd257e7: checks
24cc1c45: checks
6fd257e7: shows [Tc 4c] (Pair of Tens and Pair of Fives)
24cc1c45: shows [4d 4h] (Pair of Fives and Pair of Fours)
*** SHOWDOWN ***
6fd257e7 collected 3,815 from pot
*** SUMMARY ***
Total pot 3,815 | Rake 0 | Jackpot 0 | Bingo 0 | Fortune 0 | Tax 0
Board [Ts 2c 5d 5c Js]
Seat 1: 7e2502f7 folded before Flop
Seat 2: 24cc1c45 showed [4d 4h] and lost with Pair of Fives and Pair of Fours
Seat 4: 5530700d folded before Flop
Seat 5: 1c5562af (button) folded before Flop
Seat 6: 4a86904 (small blind) folded before Flop
Seat 7: 6fd257e7 (big blind) showed [Tc 4c] and won (3,815) with Pair of Tens and Pair of Fives
Seat 8: Hero folded before Flop


Poker Hand #TM2978051263: Tournament #126846289, Global MILLION$, $1M GTD [Day 1] Hold'em No Limit - Level6(150/300) - 2024/02/18 14:17:00
Table '85' 8-max Seat #4 is the button
Seat 1: 7e2502f7 (10,742 in chips)
Seat 2: 24cc1c45 (21,856 in chips)
Seat 4: 5530700d (10,043 in chips)
Seat 5: 1c5562af (11,081 in chips)
Seat 6: 4a86904 (16,463 in chips)
Seat 7: 6fd257e7 (10,724 in chips)
Seat 8: Hero (9,940 in chips)
4a86904: posts the ante 35
Hero: posts the ante 35
5530700d: posts the ante 35
24cc1c45: posts the ante 35
1c5562af: posts the ante 35
6fd257e7: posts the ante 35
7e2502f7: posts the ante 35
1c5562af: posts small blind 150
4a86904: posts big blind 300
*** HOLE CARDS ***
Dealt to 7e2502f7 
Dealt to 24cc1c45 
Dealt to 5530700d 
Dealt to 1c5562af 
Dealt to 4a86904 
Dealt to 6fd257e7 
Dealt to Hero [Kd 8d]
6fd257e7: folds
Hero: raises 330 to 630
7e2502f7: folds
24cc1c45: folds
5530700d: folds
1c5562af: folds
4a86904: calls 330
*** FLOP *** [3h 4h 7c]
4a86904: checks
Hero: bets 911
4a86904: folds
Uncalled bet (911) returned to Hero
*** SHOWDOWN ***
Hero collected 1,655 from pot
*** SUMMARY ***
Total pot 1,655 | Rake 0 | Jackpot 0 | Bingo 0 | Fortune 0 | Tax 0
Board [3h 4h 7c]
Seat 1: 7e2502f7 folded before Flop
Seat 2: 24cc1c45 folded before Flop
Seat 4: 5530700d (button) folded before Flop
Seat 5: 1c5562af (small blind) folded before Flop
Seat 6: 4a86904 (big blind) folded on the Flop
Seat 7: 6fd257e7 folded before Flop
Seat 8: Hero won (1,655)


Poker Hand #TM2978051167: Tournament #126846289, Global MILLION$, $1M GTD [Day 1] Hold'em No Limit - Level5(125/250) - 2024/02/18 14:15:36
Table '85' 8-max Seat #2 is the button
Seat 1: 7e2502f7 (11,272 in chips)
Seat 2: 24cc1c45 (21,886 in chips)
Seat 3: 27623659 (555 in chips)
Seat 4: 5530700d (8,808 in chips)
Seat 5: 1c5562af (11,111 in chips)
Seat 6: 4a86904 (16,493 in chips)
Seat 7: 6fd257e7 (10,754 in chips)
Seat 8: Hero (9,970 in chips)
4a86904: posts the ante 30
Hero: posts the ante 30
5530700d: posts the ante 30
27623659: posts the ante 30
24cc1c45: posts the ante 30
1c5562af: posts the ante 30
6fd257e7: posts the ante 30
7e2502f7: posts the ante 30
27623659: posts small blind 125
5530700d: posts big blind 250
*** HOLE CARDS ***
Dealt to 7e2502f7 
Dealt to 24cc1c45 
Dealt to 27623659 
Dealt to 5530700d 
Dealt to 1c5562af 
Dealt to 4a86904 
Dealt to 6fd257e7 
Dealt to Hero [5s 2d]
1c5562af: folds
4a86904: folds
6fd257e7: folds
Hero: folds
7e2502f7: raises 250 to 500
24cc1c45: folds
27623659: calls 375
5530700d: raises 8,278 to 8,778 and is all-in
7e2502f7: folds
27623659: calls 25 and is all-in
Uncalled bet (8,253) returned to 5530700d
5530700d: shows [8h 8d]
27623659: shows [7s Th]
*** FLOP *** [6h 9c 9s]
*** TURN *** [6h 9c 9s] [Qc]
*** RIVER *** [6h 9c 9s Qc] [Kd]
*** SHOWDOWN ***
5530700d collected 1,790 from pot
*** SUMMARY ***
Total pot 1,790 | Rake 0 | Jackpot 0 | Bingo 0 | Fortune 0 | Tax 0
Board [6h 9c 9s Qc Kd]
Seat 1: 7e2502f7 folded before Flop
Seat 2: 24cc1c45 (button) folded before Flop
Seat 3: 27623659 (small blind) showed [7s Th] and lost with Pair of Nines
Seat 4: 5530700d (big blind) showed [8h 8d] and won (1,790) with Pair of Nines and Pair of Eights
Seat 5: 1c5562af folded before Flop
Seat 6: 4a86904 folded before Flop
Seat 7: 6fd257e7 folded before Flop
Seat 8: Hero folded before Flop


Poker Hand #TM2978051061: Tournament #126846289, Global MILLION$, $1M GTD [Day 1] Hold'em No Limit - Level5(125/250) - 2024/02/18 14:13:49
Table '85' 8-max Seat #1 is the button
Seat 1: 7e2502f7 (11,302 in chips)
Seat 2: 24cc1c45 (10,853 in chips)
Seat 3: 27623659 (11,408 in chips)
Seat 4: 5530700d (8,838 in chips)
Seat 5: 1c5562af (11,141 in chips)
Seat 6: 4a86904 (16,523 in chips)
Seat 7: 6fd257e7 (10,784 in chips)
Seat 8: Hero (10,000 in chips)
4a86904: posts the ante 30
Hero: posts the ante 30
5530700d: posts the ante 30
27623659: posts the ante 30
1c5562af: posts the ante 30
24cc1c45: posts the ante 30
6fd257e7: posts the ante 30
7e2502f7: posts the ante 30
24cc1c45: posts small blind 125
27623659: posts big blind 250
*** HOLE CARDS ***
Dealt to 7e2502f7 
Dealt to 24cc1c45 
Dealt to 27623659 
Dealt to 5530700d 
Dealt to 1c5562af 
Dealt to 4a86904 
Dealt to 6fd257e7 
Dealt to Hero [7s 8h]
5530700d: folds
1c5562af: folds
4a86904: folds
6fd257e7: folds
Hero: folds
7e2502f7: folds
24cc1c45: raises 500 to 750
27623659: raises 1,575 to 2,325
24cc1c45: raises 8,498 to 10,823 and is all-in
27623659: calls 8,498
24cc1c45: shows [Jh As]
27623659: shows [Kd Ac]
*** FLOP *** [6h Qh Js]
*** TURN *** [6h Qh Js] [Ad]
*** RIVER *** [6h Qh Js Ad] [8c]
*** SHOWDOWN ***
24cc1c45 collected 21,886 from pot
*** SUMMARY ***
Total pot 21,886 | Rake 0 | Jackpot 0 | Bingo 0 | Fortune 0 | Tax 0
Board [6h Qh Js Ad 8c]
Seat 1: 7e2502f7 (button) folded before Flop
Seat 2: 24cc1c45 (small blind) showed [Jh As] and won (21,886) with Pair of Aces and Pair of Jacks
Seat 3: 27623659 (big blind) showed [Kd Ac] and lost with Pair of Aces
Seat 4: 5530700d folded before Flop
Seat 5: 1c5562af folded before Flop
Seat 6: 4a86904 folded before Flop
Seat 7: 6fd257e7 folded before Flop
Seat 8: Hero folded before Flop


