Poker Hand #TM2999614898: Tournament #128365008, Daily Big $15 Hold'em No Limit - Level12(350/700) - 2024/02/24 13:38:55
Table '31' 8-max Seat #7 is the button
Seat 1: 42473544 (17,159 in chips)
Seat 2: Hero (3,065 in chips)
Seat 3: 1012c21f (10,297 in chips)
Seat 4: f882d452 (16,855 in chips)
Seat 5: 5d53c95f (16,519 in chips)
Seat 6: 206b18e0 (36,833 in chips)
Seat 7: ad8cd91e (33,218 in chips)
Seat 8: 5513203 (24,672 in chips)
ad8cd91e: posts the ante 85
1012c21f: posts the ante 85
f882d452: posts the ante 85
Hero: posts the ante 85
5d53c95f: posts the ante 85
42473544: posts the ante 85
5513203: posts the ante 85
206b18e0: posts the ante 85
5513203: posts small blind 350
42473544: posts big blind 700
*** HOLE CARDS ***
Dealt to 42473544 
Dealt to Hero [Ad 9h]
Dealt to 1012c21f 
Dealt to f882d452 
Dealt to 5d53c95f 
Dealt to 206b18e0 
Dealt to ad8cd91e 
Dealt to 5513203 
Hero: raises 2,280 to 2,980 and is all-in
1012c21f: folds
f882d452: folds
5d53c95f: folds
206b18e0: folds
ad8cd91e: folds
5513203: folds
42473544: calls 2,280
Hero: shows [Ad 9h]
42473544: shows [7h Jh]
*** FLOP *** [Js Ts 2d]
*** TURN *** [Js Ts 2d] [6c]
*** RIVER *** [Js Ts 2d 6c] [9s]
*** SHOWDOWN ***
42473544 collected 6,990 from pot
*** SUMMARY ***
Total pot 6,990 | Rake 0 | Jackpot 0 | Bingo 0 | Fortune 0 | Tax 0
Board [Js Ts 2d 6c 9s]
Seat 1: 42473544 (big blind) showed [7h Jh] and won (6,990) with Pair of Jacks
Seat 2: Hero showed [Ad 9h] and lost with Pair of Nines
Seat 3: 1012c21f folded before Flop
Seat 4: f882d452 folded before Flop
Seat 5: 5d53c95f folded before Flop
Seat 6: 206b18e0 folded before Flop
Seat 7: ad8cd91e (button) folded before Flop
Seat 8: 5513203 (small blind) folded before Flop


Poker Hand #TM2999614820: Tournament #128365008, Daily Big $15 Hold'em No Limit - Level12(350/700) - 2024/02/24 13:37:30
Table '31' 8-max Seat #6 is the button
Seat 1: 42473544 (17,244 in chips)
Seat 2: Hero (3,150 in chips)
Seat 3: 1012c21f (10,382 in chips)
Seat 4: f882d452 (16,940 in chips)
Seat 5: 5d53c95f (16,604 in chips)
Seat 6: 206b18e0 (36,918 in chips)
Seat 7: ad8cd91e (45,299 in chips)
Seat 8: 5513203 (12,081 in chips)
1012c21f: posts the ante 85
ad8cd91e: posts the ante 85
f882d452: posts the ante 85
Hero: posts the ante 85
5d53c95f: posts the ante 85
42473544: posts the ante 85
5513203: posts the ante 85
206b18e0: posts the ante 85
ad8cd91e: posts small blind 350
5513203: posts big blind 700
*** HOLE CARDS ***
Dealt to 42473544 
Dealt to Hero [7d 8d]
Dealt to 1012c21f 
Dealt to f882d452 
Dealt to 5d53c95f 
Dealt to 206b18e0 
Dealt to ad8cd91e 
Dealt to 5513203 
42473544: folds
Hero: folds
1012c21f: folds
f882d452: folds
5d53c95f: folds
206b18e0: folds
ad8cd91e: raises 44,514 to 45,214 and is all-in
5513203: calls 11,296 and is all-in
Uncalled bet (33,218) returned to ad8cd91e
ad8cd91e: shows [Qc Js]
5513203: shows [Ts Th]
*** FLOP *** [Kh 9s Kc]
*** TURN *** [Kh 9s Kc] [8c]
*** RIVER *** [Kh 9s Kc 8c] [7s]
*** SHOWDOWN ***
5513203 collected 24,672 from pot
*** SUMMARY ***
Total pot 24,672 | Rake 0 | Jackpot 0 | Bingo 0 | Fortune 0 | Tax 0
Board [Kh 9s Kc 8c 7s]
Seat 1: 42473544 folded before Flop
Seat 2: Hero folded before Flop
Seat 3: 1012c21f folded before Flop
Seat 4: f882d452 folded before Flop
Seat 5: 5d53c95f folded before Flop
Seat 6: 206b18e0 (button) folded before Flop
Seat 7: ad8cd91e (small blind) showed [Qc Js] and lost with Pair of Kings
Seat 8: 5513203 (big blind) showed [Ts Th] and won (24,672) with Pair of Kings and Pair of Tens


Poker Hand #TM2999614733: Tournament #128365008, Daily Big $15 Hold'em No Limit - Level12(350/700) - 2024/02/24 13:35:49
Table '31' 8-max Seat #5 is the button
Seat 1: 42473544 (23,976 in chips)
Seat 2: Hero (3,235 in chips)
Seat 3: 1012c21f (10,467 in chips)
Seat 4: f882d452 (17,025 in chips)
Seat 5: 5d53c95f (16,689 in chips)
Seat 6: 206b18e0 (28,976 in chips)
Seat 7: ad8cd91e (46,084 in chips)
Seat 8: 5513203 (12,166 in chips)
1012c21f: posts the ante 85
ad8cd91e: posts the ante 85
f882d452: posts the ante 85
Hero: posts the ante 85
5d53c95f: posts the ante 85
42473544: posts the ante 85
5513203: posts the ante 85
206b18e0: posts the ante 85
206b18e0: posts small blind 350
ad8cd91e: posts big blind 700
*** HOLE CARDS ***
Dealt to 42473544 
Dealt to Hero [8c 2h]
Dealt to 1012c21f 
Dealt to f882d452 
Dealt to 5d53c95f 
Dealt to 206b18e0 
Dealt to ad8cd91e 
Dealt to 5513203 
5513203: folds
42473544: calls 700
Hero: folds
1012c21f: folds
f882d452: folds
5d53c95f: folds
206b18e0: raises 2,447 to 3,147
ad8cd91e: folds
42473544: calls 2,447
*** FLOP *** [5c 9s Ad]
206b18e0: bets 2,310
42473544: calls 2,310
*** TURN *** [5c 9s Ad] [7s]
206b18e0: checks
42473544: checks
*** RIVER *** [5c 9s Ad 7s] [5s]
206b18e0: bets 1,190
42473544: calls 1,190
206b18e0: shows [Th Ts] (Pair of Tens and Pair of Fives)
42473544: shows [Jc 9c] (Pair of Nines and Pair of Fives)
*** SHOWDOWN ***
206b18e0 collected 14,674 from pot
*** SUMMARY ***
Total pot 14,674 | Rake 0 | Jackpot 0 | Bingo 0 | Fortune 0 | Tax 0
Board [5c 9s Ad 7s 5s]
Seat 1: 42473544 showed [Jc 9c] and lost with Pair of Nines and Pair of Fives
Seat 2: Hero folded before Flop
Seat 3: 1012c21f folded before Flop
Seat 4: f882d452 folded before Flop
Seat 5: 5d53c95f (button) folded before Flop
Seat 6: 206b18e0 (small blind) showed [Th Ts] and won (14,674) with Pair of Tens and Pair of Fives
Seat 7: ad8cd91e (big blind) folded before Flop
Seat 8: 5513203 folded before Flop


Poker Hand #TM2999614693: Tournament #128365008, Daily Big $15 Hold'em No Limit - Level12(350/700) - 2024/02/24 13:35:16
Table '31' 8-max Seat #4 is the button
Seat 1: 42473544 (24,061 in chips)
Seat 2: Hero (3,320 in chips)
Seat 3: 1012c21f (10,552 in chips)
Seat 4: f882d452 (15,380 in chips)
Seat 5: 5d53c95f (17,124 in chips)
Seat 6: 206b18e0 (29,761 in chips)
Seat 7: ad8cd91e (46,169 in chips)
Seat 8: 5513203 (12,251 in chips)
1012c21f: posts the ante 85
ad8cd91e: posts the ante 85
f882d452: posts the ante 85
Hero: posts the ante 85
5d53c95f: posts the ante 85
42473544: posts the ante 85
5513203: posts the ante 85
206b18e0: posts the ante 85
5d53c95f: posts small blind 350
206b18e0: posts big blind 700
*** HOLE CARDS ***
Dealt to 42473544 
Dealt to Hero [2h Js]
Dealt to 1012c21f 
Dealt to f882d452 
Dealt to 5d53c95f 
Dealt to 206b18e0 
Dealt to ad8cd91e 
Dealt to 5513203 
ad8cd91e: folds
5513203: folds
42473544: folds
Hero: folds
1012c21f: folds
f882d452: raises 770 to 1,470
5d53c95f: folds
206b18e0: folds
Uncalled bet (770) returned to f882d452
*** SHOWDOWN ***
f882d452 collected 2,430 from pot
*** SUMMARY ***
Total pot 2,430 | Rake 0 | Jackpot 0 | Bingo 0 | Fortune 0 | Tax 0
Seat 1: 42473544 folded before Flop
Seat 2: Hero folded before Flop
Seat 3: 1012c21f folded before Flop
Seat 4: f882d452 (button) collected (2,430)
Seat 5: 5d53c95f (small blind) folded before Flop
Seat 6: 206b18e0 (big blind) folded before Flop
Seat 7: ad8cd91e folded before Flop
Seat 8: 5513203 folded before Flop


Poker Hand #TM2999614653: Tournament #128365008, Daily Big $15 Hold'em No Limit - Level12(350/700) - 2024/02/24 13:34:33
Table '31' 8-max Seat #3 is the button
Seat 1: 42473544 (24,146 in chips)
Seat 2: Hero (3,405 in chips)
Seat 3: 1012c21f (10,637 in chips)
Seat 4: f882d452 (15,815 in chips)
Seat 5: 5d53c95f (17,909 in chips)
Seat 6: 206b18e0 (28,116 in chips)
Seat 7: ad8cd91e (46,254 in chips)
Seat 8: 5513203 (12,336 in chips)
1012c21f: posts the ante 85
ad8cd91e: posts the ante 85
f882d452: posts the ante 85
Hero: posts the ante 85
5d53c95f: posts the ante 85
42473544: posts the ante 85
5513203: posts the ante 85
206b18e0: posts the ante 85
f882d452: posts small blind 350
5d53c95f: posts big blind 700
*** HOLE CARDS ***
Dealt to 42473544 
Dealt to Hero [Kd 4d]
Dealt to 1012c21f 
Dealt to f882d452 
Dealt to 5d53c95f 
Dealt to 206b18e0 
Dealt to ad8cd91e 
Dealt to 5513203 
206b18e0: raises 700 to 1,400
ad8cd91e: folds
5513203: folds
42473544: folds
Hero: folds
1012c21f: folds
f882d452: folds
5d53c95f: folds
Uncalled bet (700) returned to 206b18e0
*** SHOWDOWN ***
206b18e0 collected 2,430 from pot
*** SUMMARY ***
Total pot 2,430 | Rake 0 | Jackpot 0 | Bingo 0 | Fortune 0 | Tax 0
Seat 1: 42473544 folded before Flop
Seat 2: Hero folded before Flop
Seat 3: 1012c21f (button) folded before Flop
Seat 4: f882d452 (small blind) folded before Flop
Seat 5: 5d53c95f (big blind) folded before Flop
Seat 6: 206b18e0 collected (2,430)
Seat 7: ad8cd91e folded before Flop
Seat 8: 5513203 folded before Flop


Poker Hand #TM2999614568: Tournament #128365008, Daily Big $15 Hold'em No Limit - Level11(300/600) - 2024/02/24 13:33:10
Table '31' 8-max Seat #2 is the button
Seat 1: 42473544 (24,221 in chips)
Seat 2: Hero (3,480 in chips)
Seat 3: 1012c21f (11,012 in chips)
Seat 4: f882d452 (17,390 in chips)
Seat 5: 5d53c95f (17,984 in chips)
Seat 6: 206b18e0 (25,791 in chips)
Seat 7: ad8cd91e (46,329 in chips)
Seat 8: 5513203 (12,411 in chips)
ad8cd91e: posts the ante 75
1012c21f: posts the ante 75
f882d452: posts the ante 75
Hero: posts the ante 75
5d53c95f: posts the ante 75
42473544: posts the ante 75
5513203: posts the ante 75
206b18e0: posts the ante 75
1012c21f: posts small blind 300
f882d452: posts big blind 600
*** HOLE CARDS ***
Dealt to 42473544 
Dealt to Hero [Kd 3c]
Dealt to 1012c21f 
Dealt to f882d452 
Dealt to 5d53c95f 
Dealt to 206b18e0 
Dealt to ad8cd91e 
Dealt to 5513203 
5d53c95f: folds
206b18e0: raises 900 to 1,500
ad8cd91e: folds
5513203: folds
42473544: folds
Hero: folds
1012c21f: folds
f882d452: calls 900
*** FLOP *** [Ks 9s 9c]
f882d452: checks
206b18e0: bets 1,287
f882d452: folds
Uncalled bet (1,287) returned to 206b18e0
*** SHOWDOWN ***
206b18e0 collected 3,900 from pot
*** SUMMARY ***
Total pot 3,900 | Rake 0 | Jackpot 0 | Bingo 0 | Fortune 0 | Tax 0
Board [Ks 9s 9c]
Seat 1: 42473544 folded before Flop
Seat 2: Hero (button) folded before Flop
Seat 3: 1012c21f (small blind) folded before Flop
Seat 4: f882d452 (big blind) folded on the Flop
Seat 5: 5d53c95f folded before Flop
Seat 6: 206b18e0 won (3,900)
Seat 7: ad8cd91e folded before Flop
Seat 8: 5513203 folded before Flop


Poker Hand #TM2999614491: Tournament #128365008, Daily Big $15 Hold'em No Limit - Level11(300/600) - 2024/02/24 13:32:00
Table '31' 8-max Seat #1 is the button
Seat 1: 42473544 (24,296 in chips)
Seat 2: Hero (4,755 in chips)
Seat 3: 1012c21f (4,681 in chips)
Seat 4: f882d452 (17,465 in chips)
Seat 5: 5d53c95f (18,059 in chips)
Seat 6: 206b18e0 (25,866 in chips)
Seat 7: ad8cd91e (46,404 in chips)
Seat 8: 5513203 (17,092 in chips)
ad8cd91e: posts the ante 75
1012c21f: posts the ante 75
f882d452: posts the ante 75
Hero: posts the ante 75
5d53c95f: posts the ante 75
42473544: posts the ante 75
5513203: posts the ante 75
206b18e0: posts the ante 75
Hero: posts small blind 300
1012c21f: posts big blind 600
*** HOLE CARDS ***
Dealt to 42473544 
Dealt to Hero [9c Jc]
Dealt to 1012c21f 
Dealt to f882d452 
Dealt to 5d53c95f 
Dealt to 206b18e0 
Dealt to ad8cd91e 
Dealt to 5513203 
f882d452: folds
5d53c95f: folds
206b18e0: folds
ad8cd91e: folds
5513203: raises 600 to 1,200
42473544: folds
Hero: calls 900
1012c21f: raises 3,406 to 4,606 and is all-in
5513203: raises 3,406 to 8,012
Hero: folds
Uncalled bet (3,406) returned to 5513203
5513203: shows [Qs Tc]
1012c21f: shows [Ac 5s]
*** FLOP *** [8s Td Ah]
*** TURN *** [8s Td Ah] [Qd]
*** RIVER *** [8s Td Ah Qd] [8d]
*** SHOWDOWN ***
1012c21f collected 11,012 from pot
*** SUMMARY ***
Total pot 11,012 | Rake 0 | Jackpot 0 | Bingo 0 | Fortune 0 | Tax 0
Board [8s Td Ah Qd 8d]
Seat 1: 42473544 (button) folded before Flop
Seat 2: Hero (small blind) folded before Flop
Seat 3: 1012c21f (big blind) showed [Ac 5s] and won (11,012) with Pair of Aces and Pair of Eights
Seat 4: f882d452 folded before Flop
Seat 5: 5d53c95f folded before Flop
Seat 6: 206b18e0 folded before Flop
Seat 7: ad8cd91e folded before Flop
Seat 8: 5513203 showed [Qs Tc] and lost with Pair of Queens and Pair of Tens


Poker Hand #TM2999614432: Tournament #128365008, Daily Big $15 Hold'em No Limit - Level11(300/600) - 2024/02/24 13:31:02
Table '31' 8-max Seat #8 is the button
Seat 1: 42473544 (24,671 in chips)
Seat 2: Hero (5,430 in chips)
Seat 3: 1012c21f (4,756 in chips)
Seat 4: f882d452 (17,540 in chips)
Seat 5: 5d53c95f (18,134 in chips)
Seat 6: 206b18e0 (27,141 in chips)
Seat 7: ad8cd91e (49,824 in chips)
Seat 8: 5513203 (11,122 in chips)
ad8cd91e: posts the ante 75
1012c21f: posts the ante 75
f882d452: posts the ante 75
Hero: posts the ante 75
5d53c95f: posts the ante 75
5513203: posts the ante 75
42473544: posts the ante 75
206b18e0: posts the ante 75
42473544: posts small blind 300
Hero: posts big blind 600
*** HOLE CARDS ***
Dealt to 42473544 
Dealt to Hero [4d 9c]
Dealt to 1012c21f 
Dealt to f882d452 
Dealt to 5d53c95f 
Dealt to 206b18e0 
Dealt to ad8cd91e 
Dealt to 5513203 
1012c21f: folds
f882d452: folds
5d53c95f: folds
206b18e0: raises 600 to 1,200
ad8cd91e: raises 2,145 to 3,345
5513203: raises 7,702 to 11,047 and is all-in
42473544: folds
Hero: folds
206b18e0: folds
ad8cd91e: folds
Uncalled bet (7,702) returned to 5513203
*** SHOWDOWN ***
5513203 collected 9,390 from pot
*** SUMMARY ***
Total pot 9,390 | Rake 0 | Jackpot 0 | Bingo 0 | Fortune 0 | Tax 0
Seat 1: 42473544 (small blind) folded before Flop
Seat 2: Hero (big blind) folded before Flop
Seat 3: 1012c21f folded before Flop
Seat 4: f882d452 folded before Flop
Seat 5: 5d53c95f folded before Flop
Seat 6: 206b18e0 folded before Flop
Seat 7: ad8cd91e folded before Flop
Seat 8: 5513203 (button) collected (9,390)


Poker Hand #TM2999614399: Tournament #128365008, Daily Big $15 Hold'em No Limit - Level11(300/600) - 2024/02/24 13:30:28
Table '31' 8-max Seat #7 is the button
Seat 1: 42473544 (25,346 in chips)
Seat 2: Hero (5,505 in chips)
Seat 3: 1012c21f (4,831 in chips)
Seat 4: f882d452 (17,615 in chips)
Seat 5: 5d53c95f (18,209 in chips)
Seat 6: 206b18e0 (27,216 in chips)
Seat 7: ad8cd91e (48,399 in chips)
Seat 8: 5513203 (11,497 in chips)
ad8cd91e: posts the ante 75
1012c21f: posts the ante 75
f882d452: posts the ante 75
Hero: posts the ante 75
5d53c95f: posts the ante 75
42473544: posts the ante 75
5513203: posts the ante 75
206b18e0: posts the ante 75
5513203: posts small blind 300
42473544: posts big blind 600
*** HOLE CARDS ***
Dealt to 42473544 
Dealt to Hero [2d Js]
Dealt to 1012c21f 
Dealt to f882d452 
Dealt to 5d53c95f 
Dealt to 206b18e0 
Dealt to ad8cd91e 
Dealt to 5513203 
Hero: folds
1012c21f: folds
f882d452: folds
5d53c95f: folds
206b18e0: folds
ad8cd91e: raises 600 to 1,200
5513203: folds
42473544: folds
Uncalled bet (600) returned to ad8cd91e
*** SHOWDOWN ***
ad8cd91e collected 2,100 from pot
*** SUMMARY ***
Total pot 2,100 | Rake 0 | Jackpot 0 | Bingo 0 | Fortune 0 | Tax 0
Seat 1: 42473544 (big blind) folded before Flop
Seat 2: Hero folded before Flop
Seat 3: 1012c21f folded before Flop
Seat 4: f882d452 folded before Flop
Seat 5: 5d53c95f folded before Flop
Seat 6: 206b18e0 folded before Flop
Seat 7: ad8cd91e (button) collected (2,100)
Seat 8: 5513203 (small blind) folded before Flop


Poker Hand #TM2999614314: Tournament #128365008, Daily Big $15 Hold'em No Limit - Level11(300/600) - 2024/02/24 13:29:09
Table '31' 8-max Seat #6 is the button
Seat 1: 42473544 (25,421 in chips)
Seat 2: Hero (5,580 in chips)
Seat 3: 1012c21f (4,906 in chips)
Seat 4: f882d452 (17,690 in chips)
Seat 5: 5d53c95f (18,284 in chips)
Seat 6: 206b18e0 (27,291 in chips)
Seat 7: ad8cd91e (50,034 in chips)
Seat 8: 5513203 (9,412 in chips)
1012c21f: posts the ante 75
ad8cd91e: posts the ante 75
f882d452: posts the ante 75
Hero: posts the ante 75
5d53c95f: posts the ante 75
42473544: posts the ante 75
5513203: posts the ante 75
206b18e0: posts the ante 75
ad8cd91e: posts small blind 300
5513203: posts big blind 600
*** HOLE CARDS ***
Dealt to 42473544 
Dealt to Hero [3h 2s]
Dealt to 1012c21f 
Dealt to f882d452 
Dealt to 5d53c95f 
Dealt to 206b18e0 
Dealt to ad8cd91e 
Dealt to 5513203 
42473544: folds
Hero: folds
1012c21f: folds
f882d452: folds
5d53c95f: folds
206b18e0: folds
ad8cd91e: raises 960 to 1,560
5513203: raises 7,777 to 9,337 and is all-in
ad8cd91e: folds
Uncalled bet (7,777) returned to 5513203
*** SHOWDOWN ***
5513203 collected 3,720 from pot
*** SUMMARY ***
Total pot 3,720 | Rake 0 | Jackpot 0 | Bingo 0 | Fortune 0 | Tax 0
Seat 1: 42473544 folded before Flop
Seat 2: Hero folded before Flop
Seat 3: 1012c21f folded before Flop
Seat 4: f882d452 folded before Flop
Seat 5: 5d53c95f folded before Flop
Seat 6: 206b18e0 (button) folded before Flop
Seat 7: ad8cd91e (small blind) folded before Flop
Seat 8: 5513203 (big blind) collected (3,720)


Poker Hand #TM2999614208: Tournament #128365008, Daily Big $15 Hold'em No Limit - Level11(300/600) - 2024/02/24 13:27:31
Table '31' 8-max Seat #5 is the button
Seat 1: 42473544 (25,496 in chips)
Seat 2: Hero (5,655 in chips)
Seat 3: 1012c21f (4,569 in chips)
Seat 4: f882d452 (17,765 in chips)
Seat 5: 5d53c95f (18,359 in chips)
Seat 6: 206b18e0 (27,666 in chips)
Seat 7: ad8cd91e (49,696 in chips)
1012c21f: posts the ante 75
ad8cd91e: posts the ante 75
f882d452: posts the ante 75
Hero: posts the ante 75
5d53c95f: posts the ante 75
42473544: posts the ante 75
206b18e0: posts the ante 75
206b18e0: posts small blind 300
ad8cd91e: posts big blind 600
*** HOLE CARDS ***
Dealt to 42473544 
Dealt to Hero [7s 6d]
Dealt to 1012c21f 
Dealt to f882d452 
Dealt to 5d53c95f 
Dealt to 206b18e0 
Dealt to ad8cd91e 
42473544: folds
Hero: folds
1012c21f: raises 3,894 to 4,494 and is all-in
f882d452: folds
5d53c95f: folds
206b18e0: folds
ad8cd91e: calls 3,894
1012c21f: shows [Ad 3s]
ad8cd91e: shows [3h As]
*** FLOP *** [Qd Jd 2s]
*** TURN *** [Qd Jd 2s] [6c]
*** RIVER *** [Qd Jd 2s 6c] [Th]
*** SHOWDOWN ***
ad8cd91e collected 4,907 from pot
1012c21f collected 4,906 from pot
*** SUMMARY ***
Total pot 9,813 | Rake 0 | Jackpot 0 | Bingo 0 | Fortune 0 | Tax 0
Board [Qd Jd 2s 6c Th]
Seat 1: 42473544 folded before Flop
Seat 2: Hero folded before Flop
Seat 3: 1012c21f showed [Ad 3s] and won (4,906) with Ace-High
Seat 4: f882d452 folded before Flop
Seat 5: 5d53c95f (button) folded before Flop
Seat 6: 206b18e0 (small blind) folded before Flop
Seat 7: ad8cd91e (big blind) showed [3h As] and won (4,907) with Ace-High


Poker Hand #TM2999614148: Tournament #128365008, Daily Big $15 Hold'em No Limit - Level11(300/600) - 2024/02/24 13:26:33
Table '31' 8-max Seat #4 is the button
Seat 1: 42473544 (25,571 in chips)
Seat 2: Hero (5,730 in chips)
Seat 3: 1012c21f (4,644 in chips)
Seat 4: f882d452 (17,840 in chips)
Seat 5: 5d53c95f (8,992 in chips)
Seat 6: 206b18e0 (36,658 in chips)
Seat 7: ad8cd91e (49,771 in chips)
1012c21f: posts the ante 75
ad8cd91e: posts the ante 75
f882d452: posts the ante 75
Hero: posts the ante 75
5d53c95f: posts the ante 75
42473544: posts the ante 75
206b18e0: posts the ante 75
5d53c95f: posts small blind 300
206b18e0: posts big blind 600
*** HOLE CARDS ***
Dealt to 42473544 
Dealt to Hero [Qc 3d]
Dealt to 1012c21f 
Dealt to f882d452 
Dealt to 5d53c95f 
Dealt to 206b18e0 
Dealt to ad8cd91e 
ad8cd91e: folds
42473544: folds
Hero: folds
1012c21f: folds
f882d452: folds
5d53c95f: calls 300
206b18e0: raises 19,800 to 20,400
5d53c95f: calls 8,317 and is all-in
Uncalled bet (11,483) returned to 206b18e0
206b18e0: shows [Ad 2s]
5d53c95f: shows [9s 9d]
*** FLOP *** [Qh 2d Tc]
*** TURN *** [Qh 2d Tc] [3h]
*** RIVER *** [Qh 2d Tc 3h] [5d]
*** SHOWDOWN ***
5d53c95f collected 18,359 from pot
*** SUMMARY ***
Total pot 18,359 | Rake 0 | Jackpot 0 | Bingo 0 | Fortune 0 | Tax 0
Board [Qh 2d Tc 3h 5d]
Seat 1: 42473544 folded before Flop
Seat 2: Hero folded before Flop
Seat 3: 1012c21f folded before Flop
Seat 4: f882d452 (button) folded before Flop
Seat 5: 5d53c95f (small blind) showed [9s 9d] and won (18,359) with Pair of Nines
Seat 6: 206b18e0 (big blind) showed [Ad 2s] and lost with Pair of Twos
Seat 7: ad8cd91e folded before Flop


Poker Hand #TM2999614064: Tournament #128365008, Daily Big $15 Hold'em No Limit - Level10(250/500) - 2024/02/24 13:25:15
Table '31' 8-max Seat #3 is the button
Seat 1: 42473544 (13,720 in chips)
Seat 2: Hero (5,790 in chips)
Seat 3: 1012c21f (4,704 in chips)
Seat 4: f882d452 (18,150 in chips)
Seat 5: 5d53c95f (9,552 in chips)
Seat 6: 206b18e0 (36,718 in chips)
Seat 7: ad8cd91e (49,831 in chips)
Seat 8: 4017257b (10,741 in chips)
1012c21f: posts the ante 60
ad8cd91e: posts the ante 60
f882d452: posts the ante 60
Hero: posts the ante 60
4017257b: posts the ante 60
5d53c95f: posts the ante 60
42473544: posts the ante 60
206b18e0: posts the ante 60
f882d452: posts small blind 250
5d53c95f: posts big blind 500
*** HOLE CARDS ***
Dealt to 42473544 
Dealt to Hero [5h 8h]
Dealt to 1012c21f 
Dealt to f882d452 
Dealt to 5d53c95f 
Dealt to 206b18e0 
Dealt to ad8cd91e 
Dealt to 4017257b 
206b18e0: folds
ad8cd91e: folds
4017257b: raises 500 to 1,000
42473544: calls 1,000
Hero: folds
1012c21f: folds
f882d452: folds
5d53c95f: folds
*** FLOP *** [2c Ac 6s]
4017257b: bets 808
42473544: raises 11,852 to 12,660 and is all-in
4017257b: calls 8,873 and is all-in
Uncalled bet (2,979) returned to 42473544
42473544: shows [As 9s] (Pair of Aces)
4017257b: shows [Qs Ah] (Pair of Aces)
*** TURN *** [2c Ac 6s] [Kc]
*** RIVER *** [2c Ac 6s Kc] [9h]
*** SHOWDOWN ***
42473544 collected 22,592 from pot
*** SUMMARY ***
Total pot 22,592 | Rake 0 | Jackpot 0 | Bingo 0 | Fortune 0 | Tax 0
Board [2c Ac 6s Kc 9h]
Seat 1: 42473544 showed [As 9s] and won (22,592) with Pair of Aces and Pair of Nines
Seat 2: Hero folded before Flop
Seat 3: 1012c21f (button) folded before Flop
Seat 4: f882d452 (small blind) folded before Flop
Seat 5: 5d53c95f (big blind) folded before Flop
Seat 6: 206b18e0 folded before Flop
Seat 7: ad8cd91e folded before Flop
Seat 8: 4017257b showed [Qs Ah] and lost with Pair of Aces


Poker Hand #TM2999614017: Tournament #128365008, Daily Big $15 Hold'em No Limit - Level10(250/500) - 2024/02/24 13:24:32
Table '31' 8-max Seat #2 is the button
Seat 1: 42473544 (13,780 in chips)
Seat 2: Hero (5,850 in chips)
Seat 3: 1012c21f (13,599 in chips)
Seat 4: f882d452 (8,895 in chips)
Seat 5: 5d53c95f (9,612 in chips)
Seat 6: 206b18e0 (36,778 in chips)
Seat 7: ad8cd91e (49,891 in chips)
Seat 8: 4017257b (10,801 in chips)
ad8cd91e: posts the ante 60
1012c21f: posts the ante 60
f882d452: posts the ante 60
Hero: posts the ante 60
4017257b: posts the ante 60
5d53c95f: posts the ante 60
42473544: posts the ante 60
206b18e0: posts the ante 60
1012c21f: posts small blind 250
f882d452: posts big blind 500
*** HOLE CARDS ***
Dealt to 42473544 
Dealt to Hero [3c Jh]
Dealt to 1012c21f 
Dealt to f882d452 
Dealt to 5d53c95f 
Dealt to 206b18e0 
Dealt to ad8cd91e 
Dealt to 4017257b 
5d53c95f: folds
206b18e0: folds
ad8cd91e: folds
4017257b: folds
42473544: folds
Hero: folds
1012c21f: calls 250
f882d452: raises 8,335 to 8,835 and is all-in
1012c21f: calls 8,335
f882d452: shows [Th 9h]
1012c21f: shows [Js As]
*** FLOP *** [5h 2c 7c]
*** TURN *** [5h 2c 7c] [Ts]
*** RIVER *** [5h 2c 7c Ts] [7d]
*** SHOWDOWN ***
f882d452 collected 18,150 from pot
*** SUMMARY ***
Total pot 18,150 | Rake 0 | Jackpot 0 | Bingo 0 | Fortune 0 | Tax 0
Board [5h 2c 7c Ts 7d]
Seat 1: 42473544 folded before Flop
Seat 2: Hero (button) folded before Flop
Seat 3: 1012c21f (small blind) showed [Js As] and lost with Pair of Sevens
Seat 4: f882d452 (big blind) showed [Th 9h] and won (18,150) with Pair of Tens and Pair of Sevens
Seat 5: 5d53c95f folded before Flop
Seat 6: 206b18e0 folded before Flop
Seat 7: ad8cd91e folded before Flop
Seat 8: 4017257b folded before Flop


Poker Hand #TM2999613976: Tournament #128365008, Daily Big $15 Hold'em No Limit - Level10(250/500) - 2024/02/24 13:23:55
Table '31' 8-max Seat #1 is the button
Seat 1: 42473544 (13,840 in chips)
Seat 2: Hero (6,160 in chips)
Seat 3: 1012c21f (14,159 in chips)
Seat 4: f882d452 (7,725 in chips)
Seat 5: 5d53c95f (9,672 in chips)
Seat 6: 206b18e0 (36,838 in chips)
Seat 7: ad8cd91e (49,951 in chips)
Seat 8: 4017257b (10,861 in chips)
ad8cd91e: posts the ante 60
1012c21f: posts the ante 60
f882d452: posts the ante 60
Hero: posts the ante 60
4017257b: posts the ante 60
5d53c95f: posts the ante 60
42473544: posts the ante 60
206b18e0: posts the ante 60
Hero: posts small blind 250
1012c21f: posts big blind 500
*** HOLE CARDS ***
Dealt to 42473544 
Dealt to Hero [Jh Ad]
Dealt to 1012c21f 
Dealt to f882d452 
Dealt to 5d53c95f 
Dealt to 206b18e0 
Dealt to ad8cd91e 
Dealt to 4017257b 
f882d452: raises 500 to 1,000
5d53c95f: folds
206b18e0: folds
ad8cd91e: folds
4017257b: folds
42473544: folds
Hero: folds
1012c21f: folds
Uncalled bet (500) returned to f882d452
*** SHOWDOWN ***
f882d452 collected 1,730 from pot
*** SUMMARY ***
Total pot 1,730 | Rake 0 | Jackpot 0 | Bingo 0 | Fortune 0 | Tax 0
Seat 1: 42473544 (button) folded before Flop
Seat 2: Hero (small blind) folded before Flop
Seat 3: 1012c21f (big blind) folded before Flop
Seat 4: f882d452 collected (1,730)
Seat 5: 5d53c95f folded before Flop
Seat 6: 206b18e0 folded before Flop
Seat 7: ad8cd91e folded before Flop
Seat 8: 4017257b folded before Flop


Poker Hand #TM2999613918: Tournament #128365008, Daily Big $15 Hold'em No Limit - Level10(250/500) - 2024/02/24 13:23:11
Table '31' 8-max Seat #2 is the button
Seat 1: 42473544 (10,000 in chips)
Seat 2: Hero (10,000 in chips)
Hero: posts the ante 60
42473544: posts the ante 60
Hero: posts small blind 250
42473544: posts big blind 500
*** HOLE CARDS ***
Dealt to 42473544 
Dealt to Hero [6c Ts]
Hero: raises 500 to 1,000
42473544: calls 500
*** FLOP *** [Qc 8s 5c]
42473544: checks
Hero: bets 530
42473544: calls 530
*** TURN *** [Qc 8s 5c] [2s]
42473544: checks
Hero: bets 2,250
42473544: raises 6,160 to 8,410 and is all-in
Hero: folds
Uncalled bet (6,160) returned to 42473544
42473544: shows [5h 2d] (Pair of Fives and Pair of Twos)
*** SHOWDOWN ***
42473544 collected 7,680 from pot
*** SUMMARY ***
Total pot 7,680 | Rake 0 | Jackpot 0 | Bingo 0 | Fortune 0 | Tax 0
Board [Qc 8s 5c 2s]
Seat 1: 42473544 (big blind) showed [5h 2d] and won (7,680)
Seat 2: Hero (small blind) folded on the Turn


