Poker Hand #TM2930367773: Tournament #124619339, $21.60 Big Game Hold'em No Limit - Level11(3,000/6,000) - 2024/02/05 16:49:34
Table '318' 8-max Seat #7 is the button
Seat 1: 4d2a05f2 (190,094 in chips)
Seat 2: c73acff0 (200,204 in chips)
Seat 3: a869781 (160,088 in chips)
Seat 4: Hero (8,076 in chips)
Seat 5: 290fad1a (314,863 in chips)
Seat 6: 3f3590d5 (277,978 in chips)
Seat 7: 1d1fe611 (113,095 in chips)
Seat 8: 6710b98e (197,000 in chips)
3f3590d5: posts the ante 900
6710b98e: posts the ante 900
Hero: posts the ante 900
290fad1a: posts the ante 900
1d1fe611: posts the ante 900
c73acff0: posts the ante 900
4d2a05f2: posts the ante 900
a869781: posts the ante 900
6710b98e: posts small blind 3,000
4d2a05f2: posts big blind 6,000
*** HOLE CARDS ***
Dealt to 4d2a05f2 
Dealt to c73acff0 
Dealt to a869781 
Dealt to Hero [5c Ks]
Dealt to 290fad1a 
Dealt to 3f3590d5 
Dealt to 1d1fe611 
Dealt to 6710b98e 
c73acff0: raises 6,000 to 12,000
a869781: folds
Hero: calls 7,176 and is all-in
290fad1a: folds
3f3590d5: folds
1d1fe611: folds
6710b98e: calls 9,000
4d2a05f2: calls 6,000
*** FLOP *** [7d 2s Qh]
6710b98e: checks
4d2a05f2: checks
c73acff0: bets 15,617
6710b98e: folds
4d2a05f2: folds
Uncalled bet (15,617) returned to c73acff0
c73acff0: shows [9d 8d] (Queen-High)
Hero: shows [5c Ks] (King-High)
*** TURN *** [7d 2s Qh] [9s]
*** RIVER *** [7d 2s Qh 9s] [2c]
*** SHOWDOWN ***
c73acff0 collected 35,904 from pot
c73acff0 collected 14,472 from pot
*** SUMMARY ***
Total pot 50,376 | Rake 0 | Jackpot 0 | Bingo 0 | Fortune 0 | Tax 0
Board [7d 2s Qh 9s 2c]
Seat 1: 4d2a05f2 (big blind) folded on the Flop
Seat 2: c73acff0 showed [9d 8d] and won (50,376) with Pair of Nines and Pair of Twos
Seat 3: a869781 folded before Flop
Seat 4: Hero showed [5c Ks] and lost with Pair of Twos
Seat 5: 290fad1a folded before Flop
Seat 6: 3f3590d5 folded before Flop
Seat 7: 1d1fe611 (button) folded before Flop
Seat 8: 6710b98e (small blind) folded on the Flop


Poker Hand #TM2930367650: Tournament #124619339, $21.60 Big Game Hold'em No Limit - Level11(3,000/6,000) - 2024/02/05 16:48:42
Table '318' 8-max Seat #6 is the button
Seat 1: 4d2a05f2 (190,994 in chips)
Seat 2: c73acff0 (201,104 in chips)
Seat 3: a869781 (160,988 in chips)
Seat 4: Hero (8,976 in chips)
Seat 5: 290fad1a (315,763 in chips)
Seat 6: 3f3590d5 (278,878 in chips)
Seat 7: 1d1fe611 (208,895 in chips)
Seat 8: 6710b98e (95,800 in chips)
3f3590d5: posts the ante 900
6710b98e: posts the ante 900
Hero: posts the ante 900
290fad1a: posts the ante 900
c73acff0: posts the ante 900
1d1fe611: posts the ante 900
4d2a05f2: posts the ante 900
a869781: posts the ante 900
1d1fe611: posts small blind 3,000
6710b98e: posts big blind 6,000
*** HOLE CARDS ***
Dealt to 4d2a05f2 
Dealt to c73acff0 
Dealt to a869781 
Dealt to Hero [2d 6d]
Dealt to 290fad1a 
Dealt to 3f3590d5 
Dealt to 1d1fe611 
Dealt to 6710b98e 
4d2a05f2: folds
c73acff0: folds
a869781: folds
Hero: folds
290fad1a: folds
3f3590d5: folds
1d1fe611: raises 201,995 to 207,995 and is all-in
6710b98e: calls 88,900 and is all-in
Uncalled bet (113,095) returned to 1d1fe611
1d1fe611: shows [4h Jh]
6710b98e: shows [Ac 8d]
*** FLOP *** [Kc Ah 3h]
*** TURN *** [Kc Ah 3h] [8c]
*** RIVER *** [Kc Ah 3h 8c] [2c]
*** SHOWDOWN ***
6710b98e collected 197,000 from pot
*** SUMMARY ***
Total pot 197,000 | Rake 0 | Jackpot 0 | Bingo 0 | Fortune 0 | Tax 0
Board [Kc Ah 3h 8c 2c]
Seat 1: 4d2a05f2 folded before Flop
Seat 2: c73acff0 folded before Flop
Seat 3: a869781 folded before Flop
Seat 4: Hero folded before Flop
Seat 5: 290fad1a folded before Flop
Seat 6: 3f3590d5 (button) folded before Flop
Seat 7: 1d1fe611 (small blind) showed [4h Jh] and lost with Ace-High
Seat 8: 6710b98e (big blind) showed [Ac 8d] and won (197,000) with Pair of Aces and Pair of Eights


Poker Hand #TM2930367476: Tournament #124619339, $21.60 Big Game Hold'em No Limit - Level11(3,000/6,000) - 2024/02/05 16:47:32
Table '318' 8-max Seat #5 is the button
Seat 1: 4d2a05f2 (191,894 in chips)
Seat 2: c73acff0 (202,004 in chips)
Seat 3: a869781 (161,888 in chips)
Seat 4: Hero (136,715 in chips)
Seat 5: 290fad1a (328,663 in chips)
Seat 6: 3f3590d5 (127,739 in chips)
Seat 7: 1d1fe611 (215,795 in chips)
Seat 8: 6710b98e (96,700 in chips)
6710b98e: posts the ante 900
3f3590d5: posts the ante 900
Hero: posts the ante 900
290fad1a: posts the ante 900
c73acff0: posts the ante 900
1d1fe611: posts the ante 900
4d2a05f2: posts the ante 900
a869781: posts the ante 900
3f3590d5: posts small blind 3,000
1d1fe611: posts big blind 6,000
*** HOLE CARDS ***
Dealt to 4d2a05f2 
Dealt to c73acff0 
Dealt to a869781 
Dealt to Hero [Th Td]
Dealt to 290fad1a 
Dealt to 3f3590d5 
Dealt to 1d1fe611 
Dealt to 6710b98e 
6710b98e: folds
4d2a05f2: folds
c73acff0: folds
a869781: folds
Hero: raises 6,000 to 12,000
290fad1a: calls 12,000
3f3590d5: raises 114,839 to 126,839 and is all-in
1d1fe611: folds
Hero: raises 8,976 to 135,815 and is all-in
290fad1a: folds
Uncalled bet (8,976) returned to Hero
Hero: shows [Th Td]
3f3590d5: shows [Qc Qs]
*** FLOP *** [2c 3s Jh]
*** TURN *** [2c 3s Jh] [5h]
*** RIVER *** [2c 3s Jh 5h] [7h]
*** SHOWDOWN ***
3f3590d5 collected 278,878 from pot
*** SUMMARY ***
Total pot 278,878 | Rake 0 | Jackpot 0 | Bingo 0 | Fortune 0 | Tax 0
Board [2c 3s Jh 5h 7h]
Seat 1: 4d2a05f2 folded before Flop
Seat 2: c73acff0 folded before Flop
Seat 3: a869781 folded before Flop
Seat 4: Hero showed [Th Td] and lost with Pair of Tens
Seat 5: 290fad1a (button) folded before Flop
Seat 6: 3f3590d5 (small blind) showed [Qc Qs] and won (278,878) with Pair of Queens
Seat 7: 1d1fe611 (big blind) folded before Flop
Seat 8: 6710b98e folded before Flop


Poker Hand #TM2930367368: Tournament #124619339, $21.60 Big Game Hold'em No Limit - Level11(3,000/6,000) - 2024/02/05 16:46:46
Table '318' 8-max Seat #4 is the button
Seat 1: 4d2a05f2 (169,394 in chips)
Seat 2: c73acff0 (202,904 in chips)
Seat 3: a869781 (162,788 in chips)
Seat 4: Hero (137,615 in chips)
Seat 5: 290fad1a (332,563 in chips)
Seat 6: 3f3590d5 (141,839 in chips)
Seat 7: 1d1fe611 (216,695 in chips)
Seat 8: 6710b98e (97,600 in chips)
6710b98e: posts the ante 900
3f3590d5: posts the ante 900
Hero: posts the ante 900
290fad1a: posts the ante 900
c73acff0: posts the ante 900
1d1fe611: posts the ante 900
4d2a05f2: posts the ante 900
a869781: posts the ante 900
290fad1a: posts small blind 3,000
3f3590d5: posts big blind 6,000
*** HOLE CARDS ***
Dealt to 4d2a05f2 
Dealt to c73acff0 
Dealt to a869781 
Dealt to Hero [9d 3d]
Dealt to 290fad1a 
Dealt to 3f3590d5 
Dealt to 1d1fe611 
Dealt to 6710b98e 
1d1fe611: folds
6710b98e: folds
4d2a05f2: raises 7,200 to 13,200
c73acff0: folds
a869781: folds
Hero: folds
290fad1a: folds
3f3590d5: calls 7,200
*** FLOP *** [4d Ac 6s]
3f3590d5: checks
4d2a05f2: bets 12,078
3f3590d5: folds
Uncalled bet (12,078) returned to 4d2a05f2
*** SHOWDOWN ***
4d2a05f2 collected 36,600 from pot
*** SUMMARY ***
Total pot 36,600 | Rake 0 | Jackpot 0 | Bingo 0 | Fortune 0 | Tax 0
Board [4d Ac 6s]
Seat 1: 4d2a05f2 won (36,600)
Seat 2: c73acff0 folded before Flop
Seat 3: a869781 folded before Flop
Seat 4: Hero (button) folded before Flop
Seat 5: 290fad1a (small blind) folded before Flop
Seat 6: 3f3590d5 (big blind) folded on the Flop
Seat 7: 1d1fe611 folded before Flop
Seat 8: 6710b98e folded before Flop


Poker Hand #TM2930367239: Tournament #124619339, $21.60 Big Game Hold'em No Limit - Level11(3,000/6,000) - 2024/02/05 16:45:55
Table '318' 8-max Seat #3 is the button
Seat 1: 4d2a05f2 (128,594 in chips)
Seat 2: c73acff0 (203,804 in chips)
Seat 3: a869781 (163,688 in chips)
Seat 4: Hero (141,515 in chips)
Seat 5: 290fad1a (364,963 in chips)
Seat 6: 3f3590d5 (142,739 in chips)
Seat 7: 1d1fe611 (217,595 in chips)
Seat 8: 6710b98e (98,500 in chips)
6710b98e: posts the ante 900
3f3590d5: posts the ante 900
Hero: posts the ante 900
290fad1a: posts the ante 900
c73acff0: posts the ante 900
1d1fe611: posts the ante 900
4d2a05f2: posts the ante 900
a869781: posts the ante 900
Hero: posts small blind 3,000
290fad1a: posts big blind 6,000
*** HOLE CARDS ***
Dealt to 4d2a05f2 
Dealt to c73acff0 
Dealt to a869781 
Dealt to Hero [8d 5c]
Dealt to 290fad1a 
Dealt to 3f3590d5 
Dealt to 1d1fe611 
Dealt to 6710b98e 
3f3590d5: folds
1d1fe611: folds
6710b98e: folds
4d2a05f2: raises 7,200 to 13,200
c73acff0: folds
a869781: folds
Hero: folds
290fad1a: calls 7,200
*** FLOP *** [2c 3s Jc]
290fad1a: bets 18,300
4d2a05f2: calls 18,300
*** TURN *** [2c 3s Jc] [As]
290fad1a: checks
4d2a05f2: bets 36,000
290fad1a: folds
Uncalled bet (36,000) returned to 4d2a05f2
*** SHOWDOWN ***
4d2a05f2 collected 73,200 from pot
*** SUMMARY ***
Total pot 73,200 | Rake 0 | Jackpot 0 | Bingo 0 | Fortune 0 | Tax 0
Board [2c 3s Jc As]
Seat 1: 4d2a05f2 won (73,200)
Seat 2: c73acff0 folded before Flop
Seat 3: a869781 (button) folded before Flop
Seat 4: Hero (small blind) folded before Flop
Seat 5: 290fad1a (big blind) folded on the Turn
Seat 6: 3f3590d5 folded before Flop
Seat 7: 1d1fe611 folded before Flop
Seat 8: 6710b98e folded before Flop


Poker Hand #TM2930367112: Tournament #124619339, $21.60 Big Game Hold'em No Limit - Level10(2,500/5,000) - 2024/02/05 16:45:06
Table '318' 8-max Seat #2 is the button
Seat 1: 4d2a05f2 (129,344 in chips)
Seat 2: c73acff0 (97,152 in chips)
Seat 3: a869781 (260,840 in chips)
Seat 4: Hero (147,265 in chips)
Seat 5: 290fad1a (365,713 in chips)
Seat 6: 3f3590d5 (143,489 in chips)
Seat 7: 1d1fe611 (218,345 in chips)
Seat 8: 6710b98e (99,250 in chips)
6710b98e: posts the ante 750
3f3590d5: posts the ante 750
Hero: posts the ante 750
290fad1a: posts the ante 750
c73acff0: posts the ante 750
1d1fe611: posts the ante 750
4d2a05f2: posts the ante 750
a869781: posts the ante 750
a869781: posts small blind 2,500
Hero: posts big blind 5,000
*** HOLE CARDS ***
Dealt to 4d2a05f2 
Dealt to c73acff0 
Dealt to a869781 
Dealt to Hero [9d Ks]
Dealt to 290fad1a 
Dealt to 3f3590d5 
Dealt to 1d1fe611 
Dealt to 6710b98e 
290fad1a: folds
3f3590d5: folds
1d1fe611: folds
6710b98e: folds
4d2a05f2: folds
c73acff0: raises 5,000 to 10,000
a869781: raises 250,090 to 260,090 and is all-in
Hero: folds
c73acff0: calls 86,402 and is all-in
Uncalled bet (163,688) returned to a869781
a869781: shows [Ts Qs]
c73acff0: shows [Ah As]
*** FLOP *** [8h 7c 8d]
*** TURN *** [8h 7c 8d] [Js]
*** RIVER *** [8h 7c 8d Js] [4d]
*** SHOWDOWN ***
c73acff0 collected 203,804 from pot
*** SUMMARY ***
Total pot 203,804 | Rake 0 | Jackpot 0 | Bingo 0 | Fortune 0 | Tax 0
Board [8h 7c 8d Js 4d]
Seat 1: 4d2a05f2 folded before Flop
Seat 2: c73acff0 (button) showed [Ah As] and won (203,804) with Pair of Aces and Pair of Eights
Seat 3: a869781 (small blind) showed [Ts Qs] and lost with Pair of Eights
Seat 4: Hero (big blind) folded before Flop
Seat 5: 290fad1a folded before Flop
Seat 6: 3f3590d5 folded before Flop
Seat 7: 1d1fe611 folded before Flop
Seat 8: 6710b98e folded before Flop


Poker Hand #TM2930366786: Tournament #124619339, $21.60 Big Game Hold'em No Limit - Level10(2,500/5,000) - 2024/02/05 16:42:59
Table '318' 8-max Seat #1 is the button
Seat 1: 4d2a05f2 (160,094 in chips)
Seat 2: c73acff0 (100,402 in chips)
Seat 3: a869781 (111,920 in chips)
Seat 4: Hero (148,015 in chips)
Seat 5: 290fad1a (366,463 in chips)
Seat 6: 3f3590d5 (255,409 in chips)
Seat 7: 1d1fe611 (219,095 in chips)
Seat 8: 6710b98e (100,000 in chips)
6710b98e: posts the ante 750
3f3590d5: posts the ante 750
Hero: posts the ante 750
290fad1a: posts the ante 750
1d1fe611: posts the ante 750
c73acff0: posts the ante 750
4d2a05f2: posts the ante 750
a869781: posts the ante 750
c73acff0: posts small blind 2,500
a869781: posts big blind 5,000
*** HOLE CARDS ***
Dealt to 4d2a05f2 
Dealt to c73acff0 
Dealt to a869781 
Dealt to Hero [5h 7h]
Dealt to 290fad1a 
Dealt to 3f3590d5 
Dealt to 1d1fe611 
Dealt to 6710b98e 
Hero: folds
290fad1a: folds
3f3590d5: raises 5,000 to 10,000
1d1fe611: folds
6710b98e: folds
4d2a05f2: calls 10,000
c73acff0: folds
a869781: calls 5,000
*** FLOP *** [9d 8d Jc]
a869781: checks
3f3590d5: checks
4d2a05f2: bets 20,000
a869781: calls 20,000
3f3590d5: raises 30,000 to 50,000
4d2a05f2: folds
a869781: raises 47,500 to 97,500
3f3590d5: raises 47,500 to 145,000
a869781: calls 3,670 and is all-in
Uncalled bet (43,830) returned to 3f3590d5
3f3590d5: shows [Jd Kd] (Pair of Jacks)
a869781: shows [6d Qd] (Queen-High)
*** TURN *** [9d 8d Jc] [7s]
*** RIVER *** [9d 8d Jc 7s] [5s]
*** SHOWDOWN ***
a869781 collected 260,840 from pot
*** SUMMARY ***
Total pot 260,840 | Rake 0 | Jackpot 0 | Bingo 0 | Fortune 0 | Tax 0
Board [9d 8d Jc 7s 5s]
Seat 1: 4d2a05f2 (button) folded on the Flop
Seat 2: c73acff0 (small blind) folded before Flop
Seat 3: a869781 (big blind) showed [6d Qd] and won (260,840) with Nines-High Straight
Seat 4: Hero folded before Flop
Seat 5: 290fad1a folded before Flop
Seat 6: 3f3590d5 showed [Jd Kd] and lost with Pair of Jacks
Seat 7: 1d1fe611 folded before Flop
Seat 8: 6710b98e folded before Flop


Poker Hand #TM2930366651: Tournament #124619339, $21.60 Big Game Hold'em No Limit - Level10(2,500/5,000) - 2024/02/05 16:42:00
Table '318' 8-max Seat #7 is the button
Seat 1: 4d2a05f2 (165,844 in chips)
Seat 2: c73acff0 (90,902 in chips)
Seat 3: a869781 (112,670 in chips)
Seat 4: Hero (148,765 in chips)
Seat 5: 290fad1a (367,213 in chips)
Seat 6: 3f3590d5 (256,159 in chips)
Seat 7: 1d1fe611 (219,845 in chips)
3f3590d5: posts the ante 750
Hero: posts the ante 750
290fad1a: posts the ante 750
1d1fe611: posts the ante 750
c73acff0: posts the ante 750
4d2a05f2: posts the ante 750
a869781: posts the ante 750
4d2a05f2: posts small blind 2,500
c73acff0: posts big blind 5,000
*** HOLE CARDS ***
Dealt to 4d2a05f2 
Dealt to c73acff0 
Dealt to a869781 
Dealt to Hero [As 5c]
Dealt to 290fad1a 
Dealt to 3f3590d5 
Dealt to 1d1fe611 
a869781: folds
Hero: folds
290fad1a: folds
3f3590d5: folds
1d1fe611: folds
4d2a05f2: calls 2,500
c73acff0: checks
*** FLOP *** [Qs 2d 4h]
4d2a05f2: checks
c73acff0: checks
*** TURN *** [Qs 2d 4h] [7d]
4d2a05f2: checks
c73acff0: checks
*** RIVER *** [Qs 2d 4h 7d] [5d]
4d2a05f2: checks
c73acff0: checks
4d2a05f2: shows [Td 9h] (Queen-High)
c73acff0: shows [9d Js] (Queen-High)
*** SHOWDOWN ***
c73acff0 collected 15,250 from pot
*** SUMMARY ***
Total pot 15,250 | Rake 0 | Jackpot 0 | Bingo 0 | Fortune 0 | Tax 0
Board [Qs 2d 4h 7d 5d]
Seat 1: 4d2a05f2 (small blind) showed [Td 9h] and lost with Queen-High
Seat 2: c73acff0 (big blind) showed [9d Js] and won (15,250) with Queen-High
Seat 3: a869781 folded before Flop
Seat 4: Hero folded before Flop
Seat 5: 290fad1a folded before Flop
Seat 6: 3f3590d5 folded before Flop
Seat 7: 1d1fe611 (button) folded before Flop


Poker Hand #TM2930366415: Tournament #124619339, $21.60 Big Game Hold'em No Limit - Level10(2,500/5,000) - 2024/02/05 16:40:34
Table '318' 8-max Seat #6 is the button
Seat 1: 4d2a05f2 (92,250 in chips)
Seat 2: c73acff0 (91,652 in chips)
Seat 3: a869781 (113,420 in chips)
Seat 4: Hero (183,015 in chips)
Seat 5: 290fad1a (367,963 in chips)
Seat 6: 3f3590d5 (256,909 in chips)
Seat 7: 1d1fe611 (223,095 in chips)
Seat 8: ebcac122 (33,094 in chips)
3f3590d5: posts the ante 750
Hero: posts the ante 750
290fad1a: posts the ante 750
c73acff0: posts the ante 750
1d1fe611: posts the ante 750
4d2a05f2: posts the ante 750
a869781: posts the ante 750
ebcac122: posts the ante 750
1d1fe611: posts small blind 2,500
ebcac122: posts big blind 5,000
*** HOLE CARDS ***
Dealt to 4d2a05f2 
Dealt to c73acff0 
Dealt to a869781 
Dealt to Hero [Jc Ah]
Dealt to 290fad1a 
Dealt to 3f3590d5 
Dealt to 1d1fe611 
Dealt to ebcac122 
4d2a05f2: raises 6,000 to 11,000
c73acff0: folds
a869781: folds
Hero: calls 11,000
290fad1a: folds
3f3590d5: folds
1d1fe611: folds
ebcac122: calls 6,000
*** FLOP *** [3h Tc Kc]
ebcac122: checks
4d2a05f2: bets 22,500
Hero: calls 22,500
ebcac122: calls 21,344 and is all-in
*** TURN *** [3h Tc Kc] [8s]
4d2a05f2: bets 58,000 and is all-in
Hero: folds
Uncalled bet (58,000) returned to 4d2a05f2
4d2a05f2: shows [Kh Qc] (Pair of Kings)
ebcac122: shows [3d Js] (Pair of Treys)
*** RIVER *** [3h Tc Kc 8s] [Ks]
c73acff0: shows [Jh] (Pair of Kings)
*** SHOWDOWN ***
4d2a05f2 collected 105,532 from pot
4d2a05f2 collected 2,312 from pot
*** SUMMARY ***
Total pot 107,844 | Rake 0 | Jackpot 0 | Bingo 0 | Fortune 0 | Tax 0
Board [3h Tc Kc 8s Ks]
Seat 1: 4d2a05f2 showed [Kh Qc] and won (107,844) with Three Kings
Seat 2: c73acff0 folded before Flop
Seat 3: a869781 folded before Flop
Seat 4: Hero folded on the Turn
Seat 5: 290fad1a folded before Flop
Seat 6: 3f3590d5 (button) folded before Flop
Seat 7: 1d1fe611 (small blind) folded before Flop
Seat 8: ebcac122 (big blind) showed [3d Js] and lost with Pair of Kings and Pair of Treys


Poker Hand #TM2930366336: Tournament #124619339, $21.60 Big Game Hold'em No Limit - Level10(2,500/5,000) - 2024/02/05 16:40:02
Table '318' 8-max Seat #5 is the button
Seat 1: 4d2a05f2 (79,500 in chips)
Seat 2: c73acff0 (92,402 in chips)
Seat 3: a869781 (114,170 in chips)
Seat 4: Hero (183,765 in chips)
Seat 5: 290fad1a (368,713 in chips)
Seat 6: 3f3590d5 (260,159 in chips)
Seat 7: 1d1fe611 (228,845 in chips)
Seat 8: 3d76ea3c (399,523 in chips)
3f3590d5: posts the ante 750
Hero: posts the ante 750
290fad1a: posts the ante 750
c73acff0: posts the ante 750
1d1fe611: posts the ante 750
4d2a05f2: posts the ante 750
a869781: posts the ante 750
3d76ea3c: posts the ante 750
3f3590d5: posts small blind 2,500
1d1fe611: posts big blind 5,000
*** HOLE CARDS ***
Dealt to 4d2a05f2 
Dealt to c73acff0 
Dealt to a869781 
Dealt to Hero [Jc 7s]
Dealt to 290fad1a 
Dealt to 3f3590d5 
Dealt to 1d1fe611 
Dealt to 3d76ea3c 
3d76ea3c: folds
4d2a05f2: raises 73,750 to 78,750 and is all-in
c73acff0: folds
a869781: folds
Hero: folds
290fad1a: folds
3f3590d5: folds
1d1fe611: folds
Uncalled bet (73,750) returned to 4d2a05f2
*** SHOWDOWN ***
4d2a05f2 collected 18,500 from pot
*** SUMMARY ***
Total pot 18,500 | Rake 0 | Jackpot 0 | Bingo 0 | Fortune 0 | Tax 0
Seat 1: 4d2a05f2 collected (18,500)
Seat 2: c73acff0 folded before Flop
Seat 3: a869781 folded before Flop
Seat 4: Hero folded before Flop
Seat 5: 290fad1a (button) folded before Flop
Seat 6: 3f3590d5 (small blind) folded before Flop
Seat 7: 1d1fe611 (big blind) folded before Flop
Seat 8: 3d76ea3c folded before Flop


Poker Hand #TM2930366219: Tournament #124619339, $21.60 Big Game Hold'em No Limit - Level10(2,500/5,000) - 2024/02/05 16:39:22
Table '318' 8-max Seat #4 is the button
Seat 1: 4d2a05f2 (80,250 in chips)
Seat 2: c73acff0 (93,152 in chips)
Seat 3: a869781 (114,920 in chips)
Seat 4: Hero (196,015 in chips)
Seat 5: 290fad1a (371,963 in chips)
Seat 6: 3f3590d5 (240,909 in chips)
Seat 7: 1d1fe611 (229,595 in chips)
Seat 8: 3d76ea3c (400,273 in chips)
3f3590d5: posts the ante 750
Hero: posts the ante 750
290fad1a: posts the ante 750
c73acff0: posts the ante 750
1d1fe611: posts the ante 750
4d2a05f2: posts the ante 750
a869781: posts the ante 750
3d76ea3c: posts the ante 750
290fad1a: posts small blind 2,500
3f3590d5: posts big blind 5,000
*** HOLE CARDS ***
Dealt to 4d2a05f2 
Dealt to c73acff0 
Dealt to a869781 
Dealt to Hero [9s 4s]
Dealt to 290fad1a 
Dealt to 3f3590d5 
Dealt to 1d1fe611 
Dealt to 3d76ea3c 
1d1fe611: folds
3d76ea3c: folds
4d2a05f2: folds
c73acff0: folds
a869781: folds
Hero: raises 6,500 to 11,500
290fad1a: folds
3f3590d5: raises 226,159 to 237,659
Hero: folds
Uncalled bet (226,159) returned to 3f3590d5
*** SHOWDOWN ***
3f3590d5 collected 31,500 from pot
*** SUMMARY ***
Total pot 31,500 | Rake 0 | Jackpot 0 | Bingo 0 | Fortune 0 | Tax 0
Seat 1: 4d2a05f2 folded before Flop
Seat 2: c73acff0 folded before Flop
Seat 3: a869781 folded before Flop
Seat 4: Hero (button) folded before Flop
Seat 5: 290fad1a (small blind) folded before Flop
Seat 6: 3f3590d5 (big blind) collected (31,500)
Seat 7: 1d1fe611 folded before Flop
Seat 8: 3d76ea3c folded before Flop


Poker Hand #TM2930366091: Tournament #124619339, $21.60 Big Game Hold'em No Limit - Level10(2,500/5,000) - 2024/02/05 16:38:33
Table '318' 8-max Seat #3 is the button
Seat 1: 4d2a05f2 (81,000 in chips)
Seat 2: c73acff0 (93,902 in chips)
Seat 3: a869781 (115,670 in chips)
Seat 4: Hero (199,265 in chips)
Seat 5: 290fad1a (377,713 in chips)
Seat 6: 3f3590d5 (241,659 in chips)
Seat 7: 1d1fe611 (216,845 in chips)
Seat 8: 3d76ea3c (401,023 in chips)
3f3590d5: posts the ante 750
Hero: posts the ante 750
290fad1a: posts the ante 750
c73acff0: posts the ante 750
1d1fe611: posts the ante 750
4d2a05f2: posts the ante 750
a869781: posts the ante 750
3d76ea3c: posts the ante 750
Hero: posts small blind 2,500
290fad1a: posts big blind 5,000
*** HOLE CARDS ***
Dealt to 4d2a05f2 
Dealt to c73acff0 
Dealt to a869781 
Dealt to Hero [6d 8h]
Dealt to 290fad1a 
Dealt to 3f3590d5 
Dealt to 1d1fe611 
Dealt to 3d76ea3c 
3f3590d5: folds
1d1fe611: raises 5,000 to 10,000
3d76ea3c: folds
4d2a05f2: folds
c73acff0: folds
a869781: folds
Hero: folds
290fad1a: folds
Uncalled bet (5,000) returned to 1d1fe611
*** SHOWDOWN ***
1d1fe611 collected 18,500 from pot
*** SUMMARY ***
Total pot 18,500 | Rake 0 | Jackpot 0 | Bingo 0 | Fortune 0 | Tax 0
Seat 1: 4d2a05f2 folded before Flop
Seat 2: c73acff0 folded before Flop
Seat 3: a869781 (button) folded before Flop
Seat 4: Hero (small blind) folded before Flop
Seat 5: 290fad1a (big blind) folded before Flop
Seat 6: 3f3590d5 folded before Flop
Seat 7: 1d1fe611 collected (18,500)
Seat 8: 3d76ea3c folded before Flop


Poker Hand #TM2930365958: Tournament #124619339, $21.60 Big Game Hold'em No Limit - Level10(2,500/5,000) - 2024/02/05 16:37:41
Table '318' 8-max Seat #2 is the button
Seat 1: 4d2a05f2 (81,750 in chips)
Seat 2: c73acff0 (104,652 in chips)
Seat 3: a869781 (95,420 in chips)
Seat 4: Hero (205,015 in chips)
Seat 5: 290fad1a (378,463 in chips)
Seat 6: 3f3590d5 (242,409 in chips)
Seat 7: 1d1fe611 (217,595 in chips)
Seat 8: 3d76ea3c (401,773 in chips)
3f3590d5: posts the ante 750
Hero: posts the ante 750
290fad1a: posts the ante 750
c73acff0: posts the ante 750
1d1fe611: posts the ante 750
4d2a05f2: posts the ante 750
a869781: posts the ante 750
3d76ea3c: posts the ante 750
a869781: posts small blind 2,500
Hero: posts big blind 5,000
*** HOLE CARDS ***
Dealt to 4d2a05f2 
Dealt to c73acff0 
Dealt to a869781 
Dealt to Hero [7s Ah]
Dealt to 290fad1a 
Dealt to 3f3590d5 
Dealt to 1d1fe611 
Dealt to 3d76ea3c 
290fad1a: folds
3f3590d5: folds
1d1fe611: folds
3d76ea3c: folds
4d2a05f2: folds
c73acff0: raises 5,000 to 10,000
a869781: raises 84,670 to 94,670 and is all-in
Hero: folds
c73acff0: folds
Uncalled bet (84,670) returned to a869781
*** SHOWDOWN ***
a869781 collected 31,000 from pot
*** SUMMARY ***
Total pot 31,000 | Rake 0 | Jackpot 0 | Bingo 0 | Fortune 0 | Tax 0
Seat 1: 4d2a05f2 folded before Flop
Seat 2: c73acff0 (button) folded before Flop
Seat 3: a869781 (small blind) collected (31,000)
Seat 4: Hero (big blind) folded before Flop
Seat 5: 290fad1a folded before Flop
Seat 6: 3f3590d5 folded before Flop
Seat 7: 1d1fe611 folded before Flop
Seat 8: 3d76ea3c folded before Flop


Poker Hand #TM2930365743: Tournament #124619339, $21.60 Big Game Hold'em No Limit - Level10(2,500/5,000) - 2024/02/05 16:36:20
Table '318' 8-max Seat #1 is the button
Seat 1: 4d2a05f2 (82,500 in chips)
Seat 2: c73acff0 (107,902 in chips)
Seat 3: a869781 (77,170 in chips)
Seat 4: Hero (216,265 in chips)
Seat 5: 290fad1a (379,213 in chips)
Seat 6: 3f3590d5 (243,159 in chips)
Seat 7: 1d1fe611 (218,345 in chips)
Seat 8: 3d76ea3c (402,523 in chips)
3f3590d5: posts the ante 750
Hero: posts the ante 750
290fad1a: posts the ante 750
1d1fe611: posts the ante 750
c73acff0: posts the ante 750
4d2a05f2: posts the ante 750
a869781: posts the ante 750
3d76ea3c: posts the ante 750
c73acff0: posts small blind 2,500
a869781: posts big blind 5,000
*** HOLE CARDS ***
Dealt to 4d2a05f2 
Dealt to c73acff0 
Dealt to a869781 
Dealt to Hero [Th Kd]
Dealt to 290fad1a 
Dealt to 3f3590d5 
Dealt to 1d1fe611 
Dealt to 3d76ea3c 
Hero: raises 5,500 to 10,500
290fad1a: folds
3f3590d5: folds
1d1fe611: folds
3d76ea3c: folds
4d2a05f2: folds
c73acff0: folds
a869781: raises 49,500 to 60,000
Hero: folds
Uncalled bet (49,500) returned to a869781
*** SHOWDOWN ***
a869781 collected 29,500 from pot
*** SUMMARY ***
Total pot 29,500 | Rake 0 | Jackpot 0 | Bingo 0 | Fortune 0 | Tax 0
Seat 1: 4d2a05f2 (button) folded before Flop
Seat 2: c73acff0 (small blind) folded before Flop
Seat 3: a869781 (big blind) collected (29,500)
Seat 4: Hero folded before Flop
Seat 5: 290fad1a folded before Flop
Seat 6: 3f3590d5 folded before Flop
Seat 7: 1d1fe611 folded before Flop
Seat 8: 3d76ea3c folded before Flop


Poker Hand #TM2930365538: Tournament #124619339, $21.60 Big Game Hold'em No Limit - Level10(2,500/5,000) - 2024/02/05 16:34:58
Table '318' 8-max Seat #8 is the button
Seat 1: 4d2a05f2 (61,750 in chips)
Seat 2: c73acff0 (113,652 in chips)
Seat 3: a869781 (77,920 in chips)
Seat 4: Hero (227,515 in chips)
Seat 5: 290fad1a (379,963 in chips)
Seat 6: 3f3590d5 (243,909 in chips)
Seat 7: 1d1fe611 (219,095 in chips)
Seat 8: 3d76ea3c (403,273 in chips)
3f3590d5: posts the ante 750
Hero: posts the ante 750
290fad1a: posts the ante 750
1d1fe611: posts the ante 750
c73acff0: posts the ante 750
4d2a05f2: posts the ante 750
a869781: posts the ante 750
3d76ea3c: posts the ante 750
4d2a05f2: posts small blind 2,500
c73acff0: posts big blind 5,000
*** HOLE CARDS ***
Dealt to 4d2a05f2 
Dealt to c73acff0 
Dealt to a869781 
Dealt to Hero [5c 5d]
Dealt to 290fad1a 
Dealt to 3f3590d5 
Dealt to 1d1fe611 
Dealt to 3d76ea3c 
a869781: folds
Hero: raises 5,500 to 10,500
290fad1a: folds
3f3590d5: folds
1d1fe611: folds
3d76ea3c: folds
4d2a05f2: calls 8,000
c73acff0: folds
*** FLOP *** [Jh 2d Ts]
4d2a05f2: checks
Hero: checks
*** TURN *** [Jh 2d Ts] [Ad]
4d2a05f2: checks
Hero: checks
*** RIVER *** [Jh 2d Ts Ad] [3s]
4d2a05f2: checks
Hero: checks
4d2a05f2: shows [8s Jd] (Pair of Jacks)
Hero: shows [5c 5d] (Pair of Fives)
*** SHOWDOWN ***
4d2a05f2 collected 32,000 from pot
*** SUMMARY ***
Total pot 32,000 | Rake 0 | Jackpot 0 | Bingo 0 | Fortune 0 | Tax 0
Board [Jh 2d Ts Ad 3s]
Seat 1: 4d2a05f2 (small blind) showed [8s Jd] and won (32,000) with Pair of Jacks
Seat 2: c73acff0 (big blind) folded before Flop
Seat 3: a869781 folded before Flop
Seat 4: Hero showed [5c 5d] and lost with Pair of Fives
Seat 5: 290fad1a folded before Flop
Seat 6: 3f3590d5 folded before Flop
Seat 7: 1d1fe611 folded before Flop
Seat 8: 3d76ea3c (button) folded before Flop


Poker Hand #TM2930365374: Tournament #124619339, $21.60 Big Game Hold'em No Limit - Level10(2,500/5,000) - 2024/02/05 16:33:57
Table '318' 8-max Seat #7 is the button
Seat 1: 4d2a05f2 (72,500 in chips)
Seat 2: c73acff0 (76,277 in chips)
Seat 3: a869781 (78,670 in chips)
Seat 4: Hero (228,265 in chips)
Seat 5: 290fad1a (400,338 in chips)
Seat 6: 3f3590d5 (244,659 in chips)
Seat 7: 1d1fe611 (219,845 in chips)
Seat 8: 3d76ea3c (406,523 in chips)
3f3590d5: posts the ante 750
Hero: posts the ante 750
290fad1a: posts the ante 750
1d1fe611: posts the ante 750
c73acff0: posts the ante 750
4d2a05f2: posts the ante 750
a869781: posts the ante 750
3d76ea3c: posts the ante 750
3d76ea3c: posts small blind 2,500
4d2a05f2: posts big blind 5,000
*** HOLE CARDS ***
Dealt to 4d2a05f2 
Dealt to c73acff0 
Dealt to a869781 
Dealt to Hero [7s Ad]
Dealt to 290fad1a 
Dealt to 3f3590d5 
Dealt to 1d1fe611 
Dealt to 3d76ea3c 
c73acff0: raises 5,000 to 10,000
a869781: folds
Hero: folds
290fad1a: calls 10,000
3f3590d5: folds
1d1fe611: folds
3d76ea3c: folds
4d2a05f2: calls 5,000
*** FLOP *** [7c Kc Jc]
4d2a05f2: checks
c73acff0: checks
290fad1a: checks
*** TURN *** [7c Kc Jc] [Js]
4d2a05f2: checks
c73acff0: checks
290fad1a: checks
*** RIVER *** [7c Kc Jc Js] [4c]
4d2a05f2: checks
c73acff0: bets 9,625
290fad1a: calls 9,625
4d2a05f2: folds
c73acff0: shows [Qc Qh] (King High Flush)
290fad1a: shows [Tc Ts] (King High Flush)
*** SHOWDOWN ***
c73acff0 collected 57,750 from pot
*** SUMMARY ***
Total pot 57,750 | Rake 0 | Jackpot 0 | Bingo 0 | Fortune 0 | Tax 0
Board [7c Kc Jc Js 4c]
Seat 1: 4d2a05f2 (big blind) folded on the River
Seat 2: c73acff0 showed [Qc Qh] and won (57,750) with King High Flush
Seat 3: a869781 folded before Flop
Seat 4: Hero folded before Flop
Seat 5: 290fad1a showed [Tc Ts] and lost with King High Flush
Seat 6: 3f3590d5 folded before Flop
Seat 7: 1d1fe611 (button) folded before Flop
Seat 8: 3d76ea3c (small blind) folded before Flop


Poker Hand #TM2930365026: Tournament #124619339, $21.60 Big Game Hold'em No Limit - Level9(2,000/4,000) - 2024/02/05 16:31:54
Table '318' 8-max Seat #6 is the button
Seat 1: 4d2a05f2 (73,100 in chips)
Seat 2: c73acff0 (76,877 in chips)
Seat 3: a869781 (79,270 in chips)
Seat 4: Hero (228,865 in chips)
Seat 5: 290fad1a (400,938 in chips)
Seat 6: 3f3590d5 (245,259 in chips)
Seat 7: 1d1fe611 (308,445 in chips)
Seat 8: 3d76ea3c (314,323 in chips)
3f3590d5: posts the ante 600
Hero: posts the ante 600
290fad1a: posts the ante 600
c73acff0: posts the ante 600
1d1fe611: posts the ante 600
4d2a05f2: posts the ante 600
a869781: posts the ante 600
3d76ea3c: posts the ante 600
1d1fe611: posts small blind 2,000
3d76ea3c: posts big blind 4,000
*** HOLE CARDS ***
Dealt to 4d2a05f2 
Dealt to c73acff0 
Dealt to a869781 
Dealt to Hero [9h 5d]
Dealt to 290fad1a 
Dealt to 3f3590d5 
Dealt to 1d1fe611 
Dealt to 3d76ea3c 
4d2a05f2: folds
c73acff0: folds
a869781: folds
Hero: folds
290fad1a: folds
3f3590d5: folds
1d1fe611: raises 10,000 to 14,000
3d76ea3c: calls 10,000
*** FLOP *** [Jh 8c 9c]
1d1fe611: checks
3d76ea3c: checks
*** TURN *** [Jh 8c 9c] [Kh]
1d1fe611: checks
3d76ea3c: bets 20,000
1d1fe611: calls 20,000
*** RIVER *** [Jh 8c 9c Kh] [7d]
1d1fe611: checks
3d76ea3c: bets 54,000
1d1fe611: calls 54,000
3d76ea3c: shows [Td Kc] (Jacks-High Straight)
1d1fe611: shows [Jd 6h] (Pair of Jacks)
*** SHOWDOWN ***
3d76ea3c collected 180,800 from pot
*** SUMMARY ***
Total pot 180,800 | Rake 0 | Jackpot 0 | Bingo 0 | Fortune 0 | Tax 0
Board [Jh 8c 9c Kh 7d]
Seat 1: 4d2a05f2 folded before Flop
Seat 2: c73acff0 folded before Flop
Seat 3: a869781 folded before Flop
Seat 4: Hero folded before Flop
Seat 5: 290fad1a folded before Flop
Seat 6: 3f3590d5 (button) folded before Flop
Seat 7: 1d1fe611 (small blind) showed [Jd 6h] and lost with Pair of Jacks
Seat 8: 3d76ea3c (big blind) showed [Td Kc] and won (180,800) with Jacks-High Straight


Poker Hand #TM2930364749: Tournament #124619339, $21.60 Big Game Hold'em No Limit - Level9(2,000/4,000) - 2024/02/05 16:30:16
Table '318' 8-max Seat #5 is the button
Seat 1: 4d2a05f2 (73,700 in chips)
Seat 2: c73acff0 (77,477 in chips)
Seat 3: a869781 (79,870 in chips)
Seat 4: Hero (229,465 in chips)
Seat 5: 290fad1a (401,538 in chips)
Seat 6: 3f3590d5 (247,859 in chips)
Seat 7: 1d1fe611 (323,885 in chips)
Seat 8: 3d76ea3c (293,283 in chips)
3f3590d5: posts the ante 600
Hero: posts the ante 600
290fad1a: posts the ante 600
c73acff0: posts the ante 600
1d1fe611: posts the ante 600
4d2a05f2: posts the ante 600
a869781: posts the ante 600
3d76ea3c: posts the ante 600
3f3590d5: posts small blind 2,000
1d1fe611: posts big blind 4,000
*** HOLE CARDS ***
Dealt to 4d2a05f2 
Dealt to c73acff0 
Dealt to a869781 
Dealt to Hero [2c 8s]
Dealt to 290fad1a 
Dealt to 3f3590d5 
Dealt to 1d1fe611 
Dealt to 3d76ea3c 
3d76ea3c: raises 4,000 to 8,000
4d2a05f2: folds
c73acff0: folds
a869781: folds
Hero: folds
290fad1a: folds
3f3590d5: folds
1d1fe611: calls 4,000
*** FLOP *** [9c 6c 7d]
1d1fe611: checks
3d76ea3c: checks
*** TURN *** [9c 6c 7d] [5s]
1d1fe611: bets 6,840
3d76ea3c: calls 6,840
*** RIVER *** [9c 6c 7d 5s] [Ad]
1d1fe611: checks
3d76ea3c: bets 28,090
1d1fe611: folds
Uncalled bet (28,090) returned to 3d76ea3c
*** SHOWDOWN ***
3d76ea3c collected 36,480 from pot
*** SUMMARY ***
Total pot 36,480 | Rake 0 | Jackpot 0 | Bingo 0 | Fortune 0 | Tax 0
Board [9c 6c 7d 5s Ad]
Seat 1: 4d2a05f2 folded before Flop
Seat 2: c73acff0 folded before Flop
Seat 3: a869781 folded before Flop
Seat 4: Hero folded before Flop
Seat 5: 290fad1a (button) folded before Flop
Seat 6: 3f3590d5 (small blind) folded before Flop
Seat 7: 1d1fe611 (big blind) folded on the River
Seat 8: 3d76ea3c won (36,480)


Poker Hand #TM2930364538: Tournament #124619339, $21.60 Big Game Hold'em No Limit - Level9(2,000/4,000) - 2024/02/05 16:29:06
Table '318' 8-max Seat #4 is the button
Seat 1: 4d2a05f2 (74,300 in chips)
Seat 2: c73acff0 (78,077 in chips)
Seat 3: a869781 (80,470 in chips)
Seat 4: Hero (206,865 in chips)
Seat 5: 290fad1a (411,338 in chips)
Seat 6: 3f3590d5 (257,659 in chips)
Seat 7: 1d1fe611 (324,485 in chips)
Seat 8: 3d76ea3c (293,883 in chips)
3f3590d5: posts the ante 600
Hero: posts the ante 600
290fad1a: posts the ante 600
c73acff0: posts the ante 600
1d1fe611: posts the ante 600
4d2a05f2: posts the ante 600
a869781: posts the ante 600
3d76ea3c: posts the ante 600
290fad1a: posts small blind 2,000
3f3590d5: posts big blind 4,000
*** HOLE CARDS ***
Dealt to 4d2a05f2 
Dealt to c73acff0 
Dealt to a869781 
Dealt to Hero [Qs 8d]
Dealt to 290fad1a 
Dealt to 3f3590d5 
Dealt to 1d1fe611 
Dealt to 3d76ea3c 
1d1fe611: folds
3d76ea3c: folds
4d2a05f2: folds
c73acff0: folds
a869781: folds
Hero: raises 5,200 to 9,200
290fad1a: calls 7,200
3f3590d5: calls 5,200
*** FLOP *** [4d 9d Ah]
290fad1a: checks
3f3590d5: checks
Hero: bets 8,000
290fad1a: folds
3f3590d5: folds
Uncalled bet (8,000) returned to Hero
*** SHOWDOWN ***
Hero collected 32,400 from pot
*** SUMMARY ***
Total pot 32,400 | Rake 0 | Jackpot 0 | Bingo 0 | Fortune 0 | Tax 0
Board [4d 9d Ah]
Seat 1: 4d2a05f2 folded before Flop
Seat 2: c73acff0 folded before Flop
Seat 3: a869781 folded before Flop
Seat 4: Hero (button) won (32,400)
Seat 5: 290fad1a (small blind) folded on the Flop
Seat 6: 3f3590d5 (big blind) folded on the Flop
Seat 7: 1d1fe611 folded before Flop
Seat 8: 3d76ea3c folded before Flop


Poker Hand #TM2930364448: Tournament #124619339, $21.60 Big Game Hold'em No Limit - Level9(2,000/4,000) - 2024/02/05 16:28:30
Table '318' 8-max Seat #3 is the button
Seat 1: 4d2a05f2 (74,900 in chips)
Seat 2: c73acff0 (78,677 in chips)
Seat 3: a869781 (81,070 in chips)
Seat 4: Hero (209,465 in chips)
Seat 5: 290fad1a (415,938 in chips)
Seat 6: 3f3590d5 (258,259 in chips)
Seat 7: 1d1fe611 (325,085 in chips)
Seat 8: 3d76ea3c (283,683 in chips)
3f3590d5: posts the ante 600
Hero: posts the ante 600
290fad1a: posts the ante 600
c73acff0: posts the ante 600
1d1fe611: posts the ante 600
4d2a05f2: posts the ante 600
a869781: posts the ante 600
3d76ea3c: posts the ante 600
Hero: posts small blind 2,000
290fad1a: posts big blind 4,000
*** HOLE CARDS ***
Dealt to 4d2a05f2 
Dealt to c73acff0 
Dealt to a869781 
Dealt to Hero [6s 5d]
Dealt to 290fad1a 
Dealt to 3f3590d5 
Dealt to 1d1fe611 
Dealt to 3d76ea3c 
3f3590d5: folds
1d1fe611: folds
3d76ea3c: raises 4,000 to 8,000
4d2a05f2: folds
c73acff0: folds
a869781: folds
Hero: folds
290fad1a: folds
Uncalled bet (4,000) returned to 3d76ea3c
*** SHOWDOWN ***
3d76ea3c collected 14,800 from pot
*** SUMMARY ***
Total pot 14,800 | Rake 0 | Jackpot 0 | Bingo 0 | Fortune 0 | Tax 0
Seat 1: 4d2a05f2 folded before Flop
Seat 2: c73acff0 folded before Flop
Seat 3: a869781 (button) folded before Flop
Seat 4: Hero (small blind) folded before Flop
Seat 5: 290fad1a (big blind) folded before Flop
Seat 6: 3f3590d5 folded before Flop
Seat 7: 1d1fe611 folded before Flop
Seat 8: 3d76ea3c collected (14,800)


Poker Hand #TM2930364232: Tournament #124619339, $21.60 Big Game Hold'em No Limit - Level9(2,000/4,000) - 2024/02/05 16:27:19
Table '318' 8-max Seat #2 is the button
Seat 1: 4d2a05f2 (75,500 in chips)
Seat 2: c73acff0 (79,277 in chips)
Seat 3: a869781 (60,070 in chips)
Seat 4: Hero (226,865 in chips)
Seat 5: 290fad1a (416,538 in chips)
Seat 6: 3f3590d5 (258,859 in chips)
Seat 7: 1d1fe611 (325,685 in chips)
Seat 8: 3d76ea3c (284,283 in chips)
3f3590d5: posts the ante 600
Hero: posts the ante 600
290fad1a: posts the ante 600
c73acff0: posts the ante 600
1d1fe611: posts the ante 600
4d2a05f2: posts the ante 600
a869781: posts the ante 600
3d76ea3c: posts the ante 600
a869781: posts small blind 2,000
Hero: posts big blind 4,000
*** HOLE CARDS ***
Dealt to 4d2a05f2 
Dealt to c73acff0 
Dealt to a869781 
Dealt to Hero [5c Jc]
Dealt to 290fad1a 
Dealt to 3f3590d5 
Dealt to 1d1fe611 
Dealt to 3d76ea3c 
290fad1a: folds
3f3590d5: folds
1d1fe611: folds
3d76ea3c: folds
4d2a05f2: folds
c73acff0: folds
a869781: calls 2,000
Hero: checks
*** FLOP *** [Qd 3s 7d]
a869781: checks
Hero: checks
*** TURN *** [Qd 3s 7d] [Qh]
a869781: checks
Hero: checks
*** RIVER *** [Qd 3s 7d Qh] [7h]
a869781: bets 12,800
Hero: calls 12,800
a869781: shows [Qc 3c] (Queens Full over Sevens)
Hero: shows [5c Jc] (Pair of Queens and Pair of Sevens)
*** SHOWDOWN ***
a869781 collected 38,400 from pot
*** SUMMARY ***
Total pot 38,400 | Rake 0 | Jackpot 0 | Bingo 0 | Fortune 0 | Tax 0
Board [Qd 3s 7d Qh 7h]
Seat 1: 4d2a05f2 folded before Flop
Seat 2: c73acff0 (button) folded before Flop
Seat 3: a869781 (small blind) showed [Qc 3c] and won (38,400) with Queens Full over Sevens
Seat 4: Hero (big blind) showed [5c Jc] and lost with Pair of Queens and Pair of Sevens
Seat 5: 290fad1a folded before Flop
Seat 6: 3f3590d5 folded before Flop
Seat 7: 1d1fe611 folded before Flop
Seat 8: 3d76ea3c folded before Flop


Poker Hand #TM2930363894: Tournament #124619339, $21.60 Big Game Hold'em No Limit - Level9(2,000/4,000) - 2024/02/05 16:25:15
Table '318' 8-max Seat #1 is the button
Seat 1: 4d2a05f2 (76,100 in chips)
Seat 2: c73acff0 (81,877 in chips)
Seat 3: a869781 (80,858 in chips)
Seat 4: Hero (200,477 in chips)
Seat 5: 290fad1a (417,138 in chips)
Seat 6: 3f3590d5 (259,459 in chips)
Seat 7: 1d1fe611 (326,285 in chips)
Seat 8: 3d76ea3c (284,883 in chips)
3f3590d5: posts the ante 600
Hero: posts the ante 600
290fad1a: posts the ante 600
1d1fe611: posts the ante 600
c73acff0: posts the ante 600
4d2a05f2: posts the ante 600
a869781: posts the ante 600
3d76ea3c: posts the ante 600
c73acff0: posts small blind 2,000
a869781: posts big blind 4,000
*** HOLE CARDS ***
Dealt to 4d2a05f2 
Dealt to c73acff0 
Dealt to a869781 
Dealt to Hero [9c 9s]
Dealt to 290fad1a 
Dealt to 3f3590d5 
Dealt to 1d1fe611 
Dealt to 3d76ea3c 
Hero: raises 4,400 to 8,400
290fad1a: folds
3f3590d5: folds
1d1fe611: folds
3d76ea3c: folds
4d2a05f2: folds
c73acff0: folds
a869781: calls 4,400
*** FLOP *** [Td Ks Ah]
a869781: checks
Hero: bets 7,788
a869781: calls 7,788
*** TURN *** [Td Ks Ah] [5s]
a869781: checks
Hero: checks
*** RIVER *** [Td Ks Ah 5s] [9d]
a869781: bets 4,000
Hero: raises 179,689 to 183,689 and is all-in
a869781: folds
Uncalled bet (179,689) returned to Hero
*** SHOWDOWN ***
Hero collected 47,176 from pot
*** SUMMARY ***
Total pot 47,176 | Rake 0 | Jackpot 0 | Bingo 0 | Fortune 0 | Tax 0
Board [Td Ks Ah 5s 9d]
Seat 1: 4d2a05f2 (button) folded before Flop
Seat 2: c73acff0 (small blind) folded before Flop
Seat 3: a869781 (big blind) folded on the River
Seat 4: Hero won (47,176)
Seat 5: 290fad1a folded before Flop
Seat 6: 3f3590d5 folded before Flop
Seat 7: 1d1fe611 folded before Flop
Seat 8: 3d76ea3c folded before Flop


Poker Hand #TM2930363751: Tournament #124619339, $21.60 Big Game Hold'em No Limit - Level9(2,000/4,000) - 2024/02/05 16:24:27
Table '318' 8-max Seat #8 is the button
Seat 1: 4d2a05f2 (84,700 in chips)
Seat 2: c73acff0 (90,477 in chips)
Seat 3: a869781 (81,458 in chips)
Seat 4: Hero (201,077 in chips)
Seat 5: 290fad1a (417,738 in chips)
Seat 6: 3f3590d5 (260,059 in chips)
Seat 7: 1d1fe611 (306,085 in chips)
Seat 8: 3d76ea3c (285,483 in chips)
3f3590d5: posts the ante 600
Hero: posts the ante 600
290fad1a: posts the ante 600
1d1fe611: posts the ante 600
c73acff0: posts the ante 600
4d2a05f2: posts the ante 600
a869781: posts the ante 600
3d76ea3c: posts the ante 600
4d2a05f2: posts small blind 2,000
c73acff0: posts big blind 4,000
*** HOLE CARDS ***
Dealt to 4d2a05f2 
Dealt to c73acff0 
Dealt to a869781 
Dealt to Hero [Th 7s]
Dealt to 290fad1a 
Dealt to 3f3590d5 
Dealt to 1d1fe611 
Dealt to 3d76ea3c 
a869781: folds
Hero: folds
290fad1a: folds
3f3590d5: folds
1d1fe611: raises 4,000 to 8,000
3d76ea3c: folds
4d2a05f2: calls 6,000
c73acff0: calls 4,000
*** FLOP *** [7d Jh Jd]
4d2a05f2: checks
c73acff0: checks
1d1fe611: bets 8,000
4d2a05f2: folds
c73acff0: folds
Uncalled bet (8,000) returned to 1d1fe611
*** SHOWDOWN ***
1d1fe611 collected 28,800 from pot
*** SUMMARY ***
Total pot 28,800 | Rake 0 | Jackpot 0 | Bingo 0 | Fortune 0 | Tax 0
Board [7d Jh Jd]
Seat 1: 4d2a05f2 (small blind) folded on the Flop
Seat 2: c73acff0 (big blind) folded on the Flop
Seat 3: a869781 folded before Flop
Seat 4: Hero folded before Flop
Seat 5: 290fad1a folded before Flop
Seat 6: 3f3590d5 folded before Flop
Seat 7: 1d1fe611 won (28,800)
Seat 8: 3d76ea3c (button) folded before Flop


Poker Hand #TM2930176194: Tournament #124619339, $21.60 Big Game Hold'em No Limit - Level9(2,000/4,000) - 2024/02/05 16:21:59
Table '448' 8-max Seat #3 is the button
Seat 1: 586b0fd2 (154,475 in chips)
Seat 2: 34ecc50b (41,968 in chips)
Seat 3: 22d45d97 (255,177 in chips)
Seat 4: Hero (203,677 in chips)
Seat 5: caa863b0 (141,172 in chips)
Seat 6: 736fb8c2 (187,300 in chips)
Seat 7: 3488a9ce (279,979 in chips)
Seat 8: 264acd51 (178,890 in chips)
34ecc50b: posts the ante 600
caa863b0: posts the ante 600
Hero: posts the ante 600
736fb8c2: posts the ante 600
586b0fd2: posts the ante 600
264acd51: posts the ante 600
3488a9ce: posts the ante 600
22d45d97: posts the ante 600
Hero: posts small blind 2,000
caa863b0: posts big blind 4,000
*** HOLE CARDS ***
Dealt to 586b0fd2 
Dealt to 34ecc50b 
Dealt to 22d45d97 
Dealt to Hero [7d 3h]
Dealt to caa863b0 
Dealt to 736fb8c2 
Dealt to 3488a9ce 
Dealt to 264acd51 
736fb8c2: raises 4,800 to 8,800
3488a9ce: folds
264acd51: folds
586b0fd2: folds
34ecc50b: folds
22d45d97: calls 8,800
Hero: folds
caa863b0: calls 4,800
*** FLOP *** [5h 2d Ac]
caa863b0: checks
736fb8c2: bets 10,956
22d45d97: folds
caa863b0: calls 10,956
*** TURN *** [5h 2d Ac] [Qd]
caa863b0: checks
736fb8c2: bets 36,000
caa863b0: calls 36,000
*** RIVER *** [5h 2d Ac Qd] [Js]
caa863b0: checks
736fb8c2: bets 130,944 and is all-in
caa863b0: calls 84,816 and is all-in
Uncalled bet (46,128) returned to 736fb8c2
736fb8c2: shows [As Qc] (Pair of Aces and Pair of Queens)
caa863b0: shows [Ah 8d] (Pair of Aces)
*** SHOWDOWN ***
736fb8c2 collected 296,744 from pot
*** SUMMARY ***
Total pot 296,744 | Rake 0 | Jackpot 0 | Bingo 0 | Fortune 0 | Tax 0
Board [5h 2d Ac Qd Js]
Seat 1: 586b0fd2 folded before Flop
Seat 2: 34ecc50b folded before Flop
Seat 3: 22d45d97 (button) folded on the Flop
Seat 4: Hero (small blind) folded before Flop
Seat 5: caa863b0 (big blind) showed [Ah 8d] and lost with Pair of Aces
Seat 6: 736fb8c2 showed [As Qc] and won (296,744) with Pair of Aces and Pair of Queens
Seat 7: 3488a9ce folded before Flop
Seat 8: 264acd51 folded before Flop


Poker Hand #TM2930175921: Tournament #124619339, $21.60 Big Game Hold'em No Limit - Level8(1,500/3,000) - 2024/02/05 16:20:24
Table '448' 8-max Seat #2 is the button
Seat 1: 586b0fd2 (154,925 in chips)
Seat 2: 34ecc50b (42,418 in chips)
Seat 3: 22d45d97 (233,127 in chips)
Seat 4: Hero (223,027 in chips)
Seat 5: caa863b0 (141,622 in chips)
Seat 6: 736fb8c2 (187,750 in chips)
Seat 7: 3488a9ce (280,429 in chips)
Seat 8: 264acd51 (179,340 in chips)
34ecc50b: posts the ante 450
caa863b0: posts the ante 450
Hero: posts the ante 450
736fb8c2: posts the ante 450
586b0fd2: posts the ante 450
264acd51: posts the ante 450
3488a9ce: posts the ante 450
22d45d97: posts the ante 450
22d45d97: posts small blind 1,500
Hero: posts big blind 3,000
*** HOLE CARDS ***
Dealt to 586b0fd2 
Dealt to 34ecc50b 
Dealt to 22d45d97 
Dealt to Hero [8d Ad]
Dealt to caa863b0 
Dealt to 736fb8c2 
Dealt to 3488a9ce 
Dealt to 264acd51 
caa863b0: folds
736fb8c2: folds
3488a9ce: folds
264acd51: folds
586b0fd2: folds
34ecc50b: folds
22d45d97: calls 1,500
Hero: raises 9,000 to 12,000
22d45d97: calls 9,000
*** FLOP *** [9h 9c Kc]
22d45d97: checks
Hero: bets 6,900
22d45d97: calls 6,900
*** TURN *** [9h 9c Kc] [4c]
22d45d97: checks
Hero: checks
*** RIVER *** [9h 9c Kc 4c] [Qs]
22d45d97: checks
Hero: checks
22d45d97: shows [6s Ks] (Pair of Kings and Pair of Nines)
Hero: shows [8d Ad] (Pair of Nines)
*** SHOWDOWN ***
22d45d97 collected 41,400 from pot
*** SUMMARY ***
Total pot 41,400 | Rake 0 | Jackpot 0 | Bingo 0 | Fortune 0 | Tax 0
Board [9h 9c Kc 4c Qs]
Seat 1: 586b0fd2 folded before Flop
Seat 2: 34ecc50b (button) folded before Flop
Seat 3: 22d45d97 (small blind) showed [6s Ks] and won (41,400) with Pair of Kings and Pair of Nines
Seat 4: Hero (big blind) showed [8d Ad] and lost with Pair of Nines
Seat 5: caa863b0 folded before Flop
Seat 6: 736fb8c2 folded before Flop
Seat 7: 3488a9ce folded before Flop
Seat 8: 264acd51 folded before Flop


Poker Hand #TM2930175712: Tournament #124619339, $21.60 Big Game Hold'em No Limit - Level8(1,500/3,000) - 2024/02/05 16:19:18
Table '448' 8-max Seat #1 is the button
Seat 1: 586b0fd2 (155,375 in chips)
Seat 2: 34ecc50b (44,368 in chips)
Seat 3: 22d45d97 (239,877 in chips)
Seat 4: Hero (212,077 in chips)
Seat 5: caa863b0 (142,072 in chips)
Seat 6: 736fb8c2 (188,200 in chips)
Seat 7: 3488a9ce (280,879 in chips)
Seat 8: 264acd51 (179,790 in chips)
34ecc50b: posts the ante 450
caa863b0: posts the ante 450
Hero: posts the ante 450
736fb8c2: posts the ante 450
586b0fd2: posts the ante 450
264acd51: posts the ante 450
3488a9ce: posts the ante 450
22d45d97: posts the ante 450
34ecc50b: posts small blind 1,500
22d45d97: posts big blind 3,000
*** HOLE CARDS ***
Dealt to 586b0fd2 
Dealt to 34ecc50b 
Dealt to 22d45d97 
Dealt to Hero [Th Ac]
Dealt to caa863b0 
Dealt to 736fb8c2 
Dealt to 3488a9ce 
Dealt to 264acd51 
Hero: raises 3,300 to 6,300
caa863b0: folds
736fb8c2: folds
3488a9ce: folds
264acd51: folds
586b0fd2: folds
34ecc50b: folds
22d45d97: calls 3,300
*** FLOP *** [Tc 4h 7h]
22d45d97: checks
Hero: bets 5,841
22d45d97: folds
Uncalled bet (5,841) returned to Hero
*** SHOWDOWN ***
Hero collected 17,700 from pot
*** SUMMARY ***
Total pot 17,700 | Rake 0 | Jackpot 0 | Bingo 0 | Fortune 0 | Tax 0
Board [Tc 4h 7h]
Seat 1: 586b0fd2 (button) folded before Flop
Seat 2: 34ecc50b (small blind) folded before Flop
Seat 3: 22d45d97 (big blind) folded on the Flop
Seat 4: Hero won (17,700)
Seat 5: caa863b0 folded before Flop
Seat 6: 736fb8c2 folded before Flop
Seat 7: 3488a9ce folded before Flop
Seat 8: 264acd51 folded before Flop


Poker Hand #TM2930175585: Tournament #124619339, $21.60 Big Game Hold'em No Limit - Level8(1,500/3,000) - 2024/02/05 16:18:34
Table '448' 8-max Seat #8 is the button
Seat 1: 586b0fd2 (157,325 in chips)
Seat 2: 34ecc50b (65,818 in chips)
Seat 3: 22d45d97 (240,327 in chips)
Seat 4: Hero (212,527 in chips)
Seat 5: caa863b0 (142,522 in chips)
Seat 6: 736fb8c2 (188,650 in chips)
Seat 7: 3488a9ce (281,329 in chips)
Seat 8: 264acd51 (154,140 in chips)
34ecc50b: posts the ante 450
caa863b0: posts the ante 450
Hero: posts the ante 450
736fb8c2: posts the ante 450
264acd51: posts the ante 450
586b0fd2: posts the ante 450
3488a9ce: posts the ante 450
22d45d97: posts the ante 450
586b0fd2: posts small blind 1,500
34ecc50b: posts big blind 3,000
*** HOLE CARDS ***
Dealt to 586b0fd2 
Dealt to 34ecc50b 
Dealt to 22d45d97 
Dealt to Hero [5h Jd]
Dealt to caa863b0 
Dealt to 736fb8c2 
Dealt to 3488a9ce 
Dealt to 264acd51 
22d45d97: folds
Hero: folds
caa863b0: folds
736fb8c2: folds
3488a9ce: folds
264acd51: raises 3,000 to 6,000
586b0fd2: folds
34ecc50b: calls 3,000
*** FLOP *** [As Kc 9d]
34ecc50b: checks
264acd51: bets 5,643
34ecc50b: raises 9,357 to 15,000
264acd51: raises 132,690 to 147,690 and is all-in
34ecc50b: folds
Uncalled bet (132,690) returned to 264acd51
*** SHOWDOWN ***
264acd51 collected 47,100 from pot
*** SUMMARY ***
Total pot 47,100 | Rake 0 | Jackpot 0 | Bingo 0 | Fortune 0 | Tax 0
Board [As Kc 9d]
Seat 1: 586b0fd2 (small blind) folded before Flop
Seat 2: 34ecc50b (big blind) folded on the Flop
Seat 3: 22d45d97 folded before Flop
Seat 4: Hero folded before Flop
Seat 5: caa863b0 folded before Flop
Seat 6: 736fb8c2 folded before Flop
Seat 7: 3488a9ce folded before Flop
Seat 8: 264acd51 (button) won (47,100)


Poker Hand #TM2930175357: Tournament #124619339, $21.60 Big Game Hold'em No Limit - Level8(1,500/3,000) - 2024/02/05 16:17:20
Table '448' 8-max Seat #7 is the button
Seat 1: 586b0fd2 (160,775 in chips)
Seat 2: 34ecc50b (66,268 in chips)
Seat 3: 22d45d97 (240,777 in chips)
Seat 4: Hero (212,977 in chips)
Seat 5: caa863b0 (142,972 in chips)
Seat 6: 736fb8c2 (189,100 in chips)
Seat 7: 3488a9ce (273,679 in chips)
Seat 8: 264acd51 (156,090 in chips)
34ecc50b: posts the ante 450
caa863b0: posts the ante 450
Hero: posts the ante 450
736fb8c2: posts the ante 450
586b0fd2: posts the ante 450
264acd51: posts the ante 450
3488a9ce: posts the ante 450
22d45d97: posts the ante 450
264acd51: posts small blind 1,500
586b0fd2: posts big blind 3,000
*** HOLE CARDS ***
Dealt to 586b0fd2 
Dealt to 34ecc50b 
Dealt to 22d45d97 
Dealt to Hero [Ac 4h]
Dealt to caa863b0 
Dealt to 736fb8c2 
Dealt to 3488a9ce 
Dealt to 264acd51 
34ecc50b: folds
22d45d97: folds
Hero: folds
caa863b0: folds
736fb8c2: folds
3488a9ce: raises 3,300 to 6,300
264acd51: folds
586b0fd2: folds
Uncalled bet (3,300) returned to 3488a9ce
*** SHOWDOWN ***
3488a9ce collected 11,100 from pot
*** SUMMARY ***
Total pot 11,100 | Rake 0 | Jackpot 0 | Bingo 0 | Fortune 0 | Tax 0
Seat 1: 586b0fd2 (big blind) folded before Flop
Seat 2: 34ecc50b folded before Flop
Seat 3: 22d45d97 folded before Flop
Seat 4: Hero folded before Flop
Seat 5: caa863b0 folded before Flop
Seat 6: 736fb8c2 folded before Flop
Seat 7: 3488a9ce (button) collected (11,100)
Seat 8: 264acd51 (small blind) folded before Flop


Poker Hand #TM2930175248: Tournament #124619339, $21.60 Big Game Hold'em No Limit - Level8(1,500/3,000) - 2024/02/05 16:16:39
Table '448' 8-max Seat #6 is the button
Seat 1: 586b0fd2 (161,225 in chips)
Seat 2: 34ecc50b (66,718 in chips)
Seat 3: 22d45d97 (247,227 in chips)
Seat 4: Hero (199,327 in chips)
Seat 5: caa863b0 (143,422 in chips)
Seat 6: 736fb8c2 (189,550 in chips)
Seat 7: 3488a9ce (275,629 in chips)
Seat 8: 264acd51 (159,540 in chips)
34ecc50b: posts the ante 450
caa863b0: posts the ante 450
Hero: posts the ante 450
736fb8c2: posts the ante 450
586b0fd2: posts the ante 450
264acd51: posts the ante 450
3488a9ce: posts the ante 450
22d45d97: posts the ante 450
3488a9ce: posts small blind 1,500
264acd51: posts big blind 3,000
*** HOLE CARDS ***
Dealt to 586b0fd2 
Dealt to 34ecc50b 
Dealt to 22d45d97 
Dealt to Hero [5d Ad]
Dealt to caa863b0 
Dealt to 736fb8c2 
Dealt to 3488a9ce 
Dealt to 264acd51 
586b0fd2: folds
34ecc50b: folds
22d45d97: raises 3,000 to 6,000
Hero: raises 15,000 to 21,000
caa863b0: folds
736fb8c2: folds
3488a9ce: folds
264acd51: folds
22d45d97: folds
Uncalled bet (15,000) returned to Hero
*** SHOWDOWN ***
Hero collected 20,100 from pot
*** SUMMARY ***
Total pot 20,100 | Rake 0 | Jackpot 0 | Bingo 0 | Fortune 0 | Tax 0
Seat 1: 586b0fd2 folded before Flop
Seat 2: 34ecc50b folded before Flop
Seat 3: 22d45d97 folded before Flop
Seat 4: Hero collected (20,100)
Seat 5: caa863b0 folded before Flop
Seat 6: 736fb8c2 (button) folded before Flop
Seat 7: 3488a9ce (small blind) folded before Flop
Seat 8: 264acd51 (big blind) folded before Flop


Poker Hand #TM2930175097: Tournament #124619339, $21.60 Big Game Hold'em No Limit - Level8(1,500/3,000) - 2024/02/05 16:15:50
Table '448' 8-max Seat #5 is the button
Seat 1: 586b0fd2 (161,675 in chips)
Seat 2: 34ecc50b (67,168 in chips)
Seat 3: 22d45d97 (247,677 in chips)
Seat 4: Hero (199,777 in chips)
Seat 5: caa863b0 (135,772 in chips)
Seat 6: 736fb8c2 (191,500 in chips)
Seat 7: 3488a9ce (279,079 in chips)
Seat 8: 264acd51 (159,990 in chips)
34ecc50b: posts the ante 450
caa863b0: posts the ante 450
Hero: posts the ante 450
736fb8c2: posts the ante 450
586b0fd2: posts the ante 450
264acd51: posts the ante 450
3488a9ce: posts the ante 450
22d45d97: posts the ante 450
736fb8c2: posts small blind 1,500
3488a9ce: posts big blind 3,000
*** HOLE CARDS ***
Dealt to 586b0fd2 
Dealt to 34ecc50b 
Dealt to 22d45d97 
Dealt to Hero [3h 6h]
Dealt to caa863b0 
Dealt to 736fb8c2 
Dealt to 3488a9ce 
Dealt to 264acd51 
264acd51: folds
586b0fd2: folds
34ecc50b: folds
22d45d97: folds
Hero: folds
caa863b0: raises 3,000 to 6,000
736fb8c2: folds
3488a9ce: folds
Uncalled bet (3,000) returned to caa863b0
*** SHOWDOWN ***
caa863b0 collected 11,100 from pot
*** SUMMARY ***
Total pot 11,100 | Rake 0 | Jackpot 0 | Bingo 0 | Fortune 0 | Tax 0
Seat 1: 586b0fd2 folded before Flop
Seat 2: 34ecc50b folded before Flop
Seat 3: 22d45d97 folded before Flop
Seat 4: Hero folded before Flop
Seat 5: caa863b0 (button) collected (11,100)
Seat 6: 736fb8c2 (small blind) folded before Flop
Seat 7: 3488a9ce (big blind) folded before Flop
Seat 8: 264acd51 folded before Flop


Poker Hand #TM2930224272: Tournament #124619339, $21.60 Big Game Hold'em No Limit - Level8(1,500/3,000) - 2024/02/05 16:14:44
Table '533' 8-max Seat #5 is the button
Seat 1: fba3037c (79,500 in chips)
Seat 2: 16c63dd2 (351,669 in chips)
Seat 3: 70a4c74b (52,723 in chips)
Seat 4: 29af4e13 (57,825 in chips)
Seat 5: c20e2bc9 (155,446 in chips)
Seat 6: b5091b5f (99,350 in chips)
Seat 7: Hero (203,227 in chips)
Seat 8: 3ed227fc (274,190 in chips)
70a4c74b: posts the ante 450
c20e2bc9: posts the ante 450
29af4e13: posts the ante 450
16c63dd2: posts the ante 450
3ed227fc: posts the ante 450
Hero: posts the ante 450
b5091b5f: posts the ante 450
fba3037c: posts the ante 450
b5091b5f: posts small blind 1,500
Hero: posts big blind 3,000
*** HOLE CARDS ***
Dealt to fba3037c 
Dealt to 16c63dd2 
Dealt to 70a4c74b 
Dealt to 29af4e13 
Dealt to c20e2bc9 
Dealt to b5091b5f 
Dealt to Hero [Td 9c]
Dealt to 3ed227fc 
3ed227fc: folds
fba3037c: folds
16c63dd2: raises 3,000 to 6,000
70a4c74b: folds
29af4e13: raises 51,375 to 57,375 and is all-in
c20e2bc9: folds
b5091b5f: folds
Hero: folds
16c63dd2: calls 51,375
29af4e13: shows [Kc As]
16c63dd2: shows [8c Tc]
*** FLOP *** [8s 5h Qh]
*** TURN *** [8s 5h Qh] [6c]
*** RIVER *** [8s 5h Qh 6c] [Jd]
*** SHOWDOWN ***
16c63dd2 collected 122,850 from pot
*** SUMMARY ***
Total pot 122,850 | Rake 0 | Jackpot 0 | Bingo 0 | Fortune 0 | Tax 0
Board [8s 5h Qh 6c Jd]
Seat 1: fba3037c folded before Flop
Seat 2: 16c63dd2 showed [8c Tc] and won (122,850) with Pair of Eights
Seat 3: 70a4c74b folded before Flop
Seat 4: 29af4e13 showed [Kc As] and lost with Ace-High
Seat 5: c20e2bc9 (button) folded before Flop
Seat 6: b5091b5f (small blind) folded before Flop
Seat 7: Hero (big blind) folded before Flop
Seat 8: 3ed227fc folded before Flop


Poker Hand #TM2930224083: Tournament #124619339, $21.60 Big Game Hold'em No Limit - Level8(1,500/3,000) - 2024/02/05 16:13:36
Table '533' 8-max Seat #4 is the button
Seat 1: fba3037c (79,950 in chips)
Seat 2: 16c63dd2 (341,019 in chips)
Seat 3: 70a4c74b (53,173 in chips)
Seat 4: 29af4e13 (58,275 in chips)
Seat 5: c20e2bc9 (157,396 in chips)
Seat 6: b5091b5f (105,800 in chips)
Seat 7: Hero (203,677 in chips)
Seat 8: 3ed227fc (274,640 in chips)
70a4c74b: posts the ante 450
c20e2bc9: posts the ante 450
29af4e13: posts the ante 450
16c63dd2: posts the ante 450
3ed227fc: posts the ante 450
Hero: posts the ante 450
b5091b5f: posts the ante 450
fba3037c: posts the ante 450
c20e2bc9: posts small blind 1,500
b5091b5f: posts big blind 3,000
*** HOLE CARDS ***
Dealt to fba3037c 
Dealt to 16c63dd2 
Dealt to 70a4c74b 
Dealt to 29af4e13 
Dealt to c20e2bc9 
Dealt to b5091b5f 
Dealt to Hero [5h Jd]
Dealt to 3ed227fc 
Hero: folds
3ed227fc: folds
fba3037c: folds
16c63dd2: raises 3,000 to 6,000
70a4c74b: folds
29af4e13: folds
c20e2bc9: folds
b5091b5f: calls 3,000
*** FLOP *** [Ah 2h 9c]
b5091b5f: checks
16c63dd2: bets 10,260
b5091b5f: folds
Uncalled bet (10,260) returned to 16c63dd2
*** SHOWDOWN ***
16c63dd2 collected 17,100 from pot
*** SUMMARY ***
Total pot 17,100 | Rake 0 | Jackpot 0 | Bingo 0 | Fortune 0 | Tax 0
Board [Ah 2h 9c]
Seat 1: fba3037c folded before Flop
Seat 2: 16c63dd2 won (17,100)
Seat 3: 70a4c74b folded before Flop
Seat 4: 29af4e13 (button) folded before Flop
Seat 5: c20e2bc9 (small blind) folded before Flop
Seat 6: b5091b5f (big blind) folded on the Flop
Seat 7: Hero folded before Flop
Seat 8: 3ed227fc folded before Flop


Poker Hand #TM2930223941: Tournament #124619339, $21.60 Big Game Hold'em No Limit - Level8(1,500/3,000) - 2024/02/05 16:12:45
Table '533' 8-max Seat #3 is the button
Seat 1: fba3037c (80,400 in chips)
Seat 2: 16c63dd2 (341,469 in chips)
Seat 3: 70a4c74b (53,623 in chips)
Seat 4: 29af4e13 (65,025 in chips)
Seat 5: c20e2bc9 (160,846 in chips)
Seat 6: b5091b5f (106,250 in chips)
Seat 7: Hero (191,227 in chips)
Seat 8: 3ed227fc (275,090 in chips)
70a4c74b: posts the ante 450
c20e2bc9: posts the ante 450
16c63dd2: posts the ante 450
3ed227fc: posts the ante 450
29af4e13: posts the ante 450
Hero: posts the ante 450
b5091b5f: posts the ante 450
fba3037c: posts the ante 450
29af4e13: posts small blind 1,500
c20e2bc9: posts big blind 3,000
*** HOLE CARDS ***
Dealt to fba3037c 
Dealt to 16c63dd2 
Dealt to 70a4c74b 
Dealt to 29af4e13 
Dealt to c20e2bc9 
Dealt to b5091b5f 
Dealt to Hero [Ad 3d]
Dealt to 3ed227fc 
b5091b5f: folds
Hero: raises 3,300 to 6,300
3ed227fc: folds
fba3037c: folds
16c63dd2: folds
70a4c74b: folds
29af4e13: calls 4,800
c20e2bc9: folds
*** FLOP *** [4c Jc 7d]
29af4e13: checks
Hero: bets 6,336
29af4e13: folds
Uncalled bet (6,336) returned to Hero
*** SHOWDOWN ***
Hero collected 19,200 from pot
*** SUMMARY ***
Total pot 19,200 | Rake 0 | Jackpot 0 | Bingo 0 | Fortune 0 | Tax 0
Board [4c Jc 7d]
Seat 1: fba3037c folded before Flop
Seat 2: 16c63dd2 folded before Flop
Seat 3: 70a4c74b (button) folded before Flop
Seat 4: 29af4e13 (small blind) folded on the Flop
Seat 5: c20e2bc9 (big blind) folded before Flop
Seat 6: b5091b5f folded before Flop
Seat 7: Hero won (19,200)
Seat 8: 3ed227fc folded before Flop


Poker Hand #TM2930223838: Tournament #124619339, $21.60 Big Game Hold'em No Limit - Level8(1,500/3,000) - 2024/02/05 16:12:04
Table '533' 8-max Seat #2 is the button
Seat 1: fba3037c (80,850 in chips)
Seat 2: 16c63dd2 (341,919 in chips)
Seat 3: 70a4c74b (47,473 in chips)
Seat 4: 29af4e13 (68,475 in chips)
Seat 5: c20e2bc9 (161,296 in chips)
Seat 6: b5091b5f (106,700 in chips)
Seat 7: Hero (191,677 in chips)
Seat 8: 3ed227fc (275,540 in chips)
70a4c74b: posts the ante 450
c20e2bc9: posts the ante 450
16c63dd2: posts the ante 450
3ed227fc: posts the ante 450
29af4e13: posts the ante 450
Hero: posts the ante 450
b5091b5f: posts the ante 450
fba3037c: posts the ante 450
70a4c74b: posts small blind 1,500
29af4e13: posts big blind 3,000
*** HOLE CARDS ***
Dealt to fba3037c 
Dealt to 16c63dd2 
Dealt to 70a4c74b 
Dealt to 29af4e13 
Dealt to c20e2bc9 
Dealt to b5091b5f 
Dealt to Hero [Ks 5d]
Dealt to 3ed227fc 
c20e2bc9: folds
b5091b5f: folds
Hero: folds
3ed227fc: folds
fba3037c: folds
16c63dd2: folds
70a4c74b: raises 44,023 to 47,023 and is all-in
29af4e13: folds
Uncalled bet (44,023) returned to 70a4c74b
*** SHOWDOWN ***
70a4c74b collected 9,600 from pot
*** SUMMARY ***
Total pot 9,600 | Rake 0 | Jackpot 0 | Bingo 0 | Fortune 0 | Tax 0
Seat 1: fba3037c folded before Flop
Seat 2: 16c63dd2 (button) folded before Flop
Seat 3: 70a4c74b (small blind) collected (9,600)
Seat 4: 29af4e13 (big blind) folded before Flop
Seat 5: c20e2bc9 folded before Flop
Seat 6: b5091b5f folded before Flop
Seat 7: Hero folded before Flop
Seat 8: 3ed227fc folded before Flop


Poker Hand #TM2930223679: Tournament #124619339, $21.60 Big Game Hold'em No Limit - Level8(1,500/3,000) - 2024/02/05 16:11:05
Table '533' 8-max Seat #1 is the button
Seat 1: fba3037c (81,300 in chips)
Seat 2: 16c63dd2 (343,869 in chips)
Seat 3: 70a4c74b (92,723 in chips)
Seat 4: 29af4e13 (80,925 in chips)
Seat 5: c20e2bc9 (161,746 in chips)
Seat 6: b5091b5f (45,250 in chips)
Seat 7: Hero (192,127 in chips)
Seat 8: 3ed227fc (275,990 in chips)
70a4c74b: posts the ante 450
c20e2bc9: posts the ante 450
3ed227fc: posts the ante 450
29af4e13: posts the ante 450
16c63dd2: posts the ante 450
Hero: posts the ante 450
b5091b5f: posts the ante 450
fba3037c: posts the ante 450
16c63dd2: posts small blind 1,500
70a4c74b: posts big blind 3,000
*** HOLE CARDS ***
Dealt to fba3037c 
Dealt to 16c63dd2 
Dealt to 70a4c74b 
Dealt to 29af4e13 
Dealt to c20e2bc9 
Dealt to b5091b5f 
Dealt to Hero [3c 8c]
Dealt to 3ed227fc 
29af4e13: raises 9,000 to 12,000
c20e2bc9: folds
b5091b5f: raises 32,800 to 44,800 and is all-in
Hero: folds
3ed227fc: folds
fba3037c: folds
16c63dd2: folds
70a4c74b: raises 47,473 to 92,273 and is all-in
29af4e13: folds
Uncalled bet (47,473) returned to 70a4c74b
70a4c74b: shows [Ks Qh]
b5091b5f: shows [Ac Qd]
*** FLOP *** [5s Td Ts]
*** TURN *** [5s Td Ts] [6h]
*** RIVER *** [5s Td Ts 6h] [As]
29af4e13: shows [6s Ad] (Pair of Aces and Pair of Tens)
*** SHOWDOWN ***
b5091b5f collected 106,700 from pot
*** SUMMARY ***
Total pot 106,700 | Rake 0 | Jackpot 0 | Bingo 0 | Fortune 0 | Tax 0
Board [5s Td Ts 6h As]
Seat 1: fba3037c (button) folded before Flop
Seat 2: 16c63dd2 (small blind) folded before Flop
Seat 3: 70a4c74b (big blind) showed [Ks Qh] and lost with Pair of Tens
Seat 4: 29af4e13 folded before Flop
Seat 5: c20e2bc9 folded before Flop
Seat 6: b5091b5f showed [Ac Qd] and won (106,700) with Pair of Aces and Pair of Tens
Seat 7: Hero folded before Flop
Seat 8: 3ed227fc folded before Flop


Poker Hand #TM2930223447: Tournament #124619339, $21.60 Big Game Hold'em No Limit - Level8(1,500/3,000) - 2024/02/05 16:09:43
Table '533' 8-max Seat #8 is the button
Seat 1: fba3037c (83,250 in chips)
Seat 2: 16c63dd2 (356,460 in chips)
Seat 3: 70a4c74b (93,173 in chips)
Seat 4: 29af4e13 (81,375 in chips)
Seat 5: c20e2bc9 (162,196 in chips)
Seat 6: b5091b5f (45,700 in chips)
Seat 7: Hero (175,336 in chips)
Seat 8: 3ed227fc (276,440 in chips)
70a4c74b: posts the ante 450
c20e2bc9: posts the ante 450
3ed227fc: posts the ante 450
29af4e13: posts the ante 450
16c63dd2: posts the ante 450
Hero: posts the ante 450
b5091b5f: posts the ante 450
fba3037c: posts the ante 450
fba3037c: posts small blind 1,500
16c63dd2: posts big blind 3,000
*** HOLE CARDS ***
Dealt to fba3037c 
Dealt to 16c63dd2 
Dealt to 70a4c74b 
Dealt to 29af4e13 
Dealt to c20e2bc9 
Dealt to b5091b5f 
Dealt to Hero [8s Kc]
Dealt to 3ed227fc 
70a4c74b: folds
29af4e13: folds
c20e2bc9: folds
b5091b5f: folds
Hero: raises 3,300 to 6,300
3ed227fc: folds
fba3037c: folds
16c63dd2: calls 3,300
*** FLOP *** [3d Qh 7s]
16c63dd2: checks
Hero: bets 5,841
16c63dd2: calls 5,841
*** TURN *** [3d Qh 7s] [2s]
16c63dd2: checks
Hero: bets 36,728
16c63dd2: folds
Uncalled bet (36,728) returned to Hero
*** SHOWDOWN ***
Hero collected 29,382 from pot
*** SUMMARY ***
Total pot 29,382 | Rake 0 | Jackpot 0 | Bingo 0 | Fortune 0 | Tax 0
Board [3d Qh 7s 2s]
Seat 1: fba3037c (small blind) folded before Flop
Seat 2: 16c63dd2 (big blind) folded on the Turn
Seat 3: 70a4c74b folded before Flop
Seat 4: 29af4e13 folded before Flop
Seat 5: c20e2bc9 folded before Flop
Seat 6: b5091b5f folded before Flop
Seat 7: Hero won (29,382)
Seat 8: 3ed227fc (button) folded before Flop


Poker Hand #TM2930223206: Tournament #124619339, $21.60 Big Game Hold'em No Limit - Level7(1,250/2,500) - 2024/02/05 16:08:11
Table '533' 8-max Seat #7 is the button
Seat 1: fba3037c (86,100 in chips)
Seat 2: 16c63dd2 (356,810 in chips)
Seat 3: 70a4c74b (93,523 in chips)
Seat 4: 29af4e13 (71,425 in chips)
Seat 5: c20e2bc9 (162,546 in chips)
Seat 6: b5091b5f (46,050 in chips)
Seat 7: Hero (178,186 in chips)
Seat 8: 3ed227fc (279,290 in chips)
70a4c74b: posts the ante 350
c20e2bc9: posts the ante 350
29af4e13: posts the ante 350
16c63dd2: posts the ante 350
3ed227fc: posts the ante 350
Hero: posts the ante 350
b5091b5f: posts the ante 350
fba3037c: posts the ante 350
3ed227fc: posts small blind 1,250
fba3037c: posts big blind 2,500
*** HOLE CARDS ***
Dealt to fba3037c 
Dealt to 16c63dd2 
Dealt to 70a4c74b 
Dealt to 29af4e13 
Dealt to c20e2bc9 
Dealt to b5091b5f 
Dealt to Hero [5s 4s]
Dealt to 3ed227fc 
16c63dd2: folds
70a4c74b: folds
29af4e13: calls 2,500
c20e2bc9: folds
b5091b5f: folds
Hero: calls 2,500
3ed227fc: calls 1,250
fba3037c: checks
*** FLOP *** [9c Js Jc]
3ed227fc: checks
fba3037c: checks
29af4e13: checks
Hero: checks
*** TURN *** [9c Js Jc] [Ac]
3ed227fc: checks
fba3037c: checks
29af4e13: bets 2,500
Hero: folds
3ed227fc: folds
fba3037c: folds
Uncalled bet (2,500) returned to 29af4e13
29af4e13: shows [Ah] (Pair of Aces and Pair of Jacks)
*** SHOWDOWN ***
29af4e13 collected 12,800 from pot
*** SUMMARY ***
Total pot 12,800 | Rake 0 | Jackpot 0 | Bingo 0 | Fortune 0 | Tax 0
Board [9c Js Jc Ac]
Seat 1: fba3037c (big blind) folded on the Turn
Seat 2: 16c63dd2 folded before Flop
Seat 3: 70a4c74b folded before Flop
Seat 4: 29af4e13 showed [Ah] and won (12,800)
Seat 5: c20e2bc9 folded before Flop
Seat 6: b5091b5f folded before Flop
Seat 7: Hero (button) folded on the Turn
Seat 8: 3ed227fc (small blind) folded on the Turn


Poker Hand #TM2930222924: Tournament #124619339, $21.60 Big Game Hold'em No Limit - Level7(1,250/2,500) - 2024/02/05 16:06:22
Table '533' 8-max Seat #6 is the button
Seat 1: fba3037c (91,450 in chips)
Seat 2: 16c63dd2 (362,160 in chips)
Seat 3: 70a4c74b (93,873 in chips)
Seat 4: 29af4e13 (76,775 in chips)
Seat 5: c20e2bc9 (127,164 in chips)
Seat 6: b5091b5f (46,400 in chips)
Seat 7: Hero (179,786 in chips)
Seat 8: 3ed227fc (296,322 in chips)
70a4c74b: posts the ante 350
c20e2bc9: posts the ante 350
29af4e13: posts the ante 350
16c63dd2: posts the ante 350
3ed227fc: posts the ante 350
b5091b5f: posts the ante 350
Hero: posts the ante 350
fba3037c: posts the ante 350
Hero: posts small blind 1,250
3ed227fc: posts big blind 2,500
*** HOLE CARDS ***
Dealt to fba3037c 
Dealt to 16c63dd2 
Dealt to 70a4c74b 
Dealt to 29af4e13 
Dealt to c20e2bc9 
Dealt to b5091b5f 
Dealt to Hero [Ac 3d]
Dealt to 3ed227fc 
fba3037c: raises 2,500 to 5,000
16c63dd2: calls 5,000
70a4c74b: folds
29af4e13: calls 5,000
c20e2bc9: calls 5,000
b5091b5f: folds
Hero: folds
3ed227fc: calls 2,500
*** FLOP *** [2d 2h 7s]
3ed227fc: checks
fba3037c: checks
16c63dd2: checks
29af4e13: checks
c20e2bc9: bets 11,682
3ed227fc: calls 11,682
fba3037c: folds
16c63dd2: folds
29af4e13: folds
*** TURN *** [2d 2h 7s] [Qc]
3ed227fc: checks
c20e2bc9: checks
*** RIVER *** [2d 2h 7s Qc] [Ad]
3ed227fc: checks
c20e2bc9: bets 32,497
3ed227fc: folds
Uncalled bet (32,497) returned to c20e2bc9
fba3037c: shows [Ah] (Pair of Aces and Pair of Twos)
*** SHOWDOWN ***
c20e2bc9 collected 52,414 from pot
*** SUMMARY ***
Total pot 52,414 | Rake 0 | Jackpot 0 | Bingo 0 | Fortune 0 | Tax 0
Board [2d 2h 7s Qc Ad]
Seat 1: fba3037c folded on the Flop
Seat 2: 16c63dd2 folded on the Flop
Seat 3: 70a4c74b folded before Flop
Seat 4: 29af4e13 folded on the Flop
Seat 5: c20e2bc9 won (52,414)
Seat 6: b5091b5f (button) folded before Flop
Seat 7: Hero (small blind) folded before Flop
Seat 8: 3ed227fc (big blind) folded on the River


Poker Hand #TM2930222774: Tournament #124619339, $21.60 Big Game Hold'em No Limit - Level7(1,250/2,500) - 2024/02/05 16:05:23
Table '533' 8-max Seat #5 is the button
Seat 1: fba3037c (91,800 in chips)
Seat 2: 16c63dd2 (362,510 in chips)
Seat 3: 70a4c74b (94,223 in chips)
Seat 4: 29af4e13 (79,625 in chips)
Seat 5: c20e2bc9 (118,464 in chips)
Seat 6: b5091b5f (48,000 in chips)
Seat 7: Hero (182,636 in chips)
Seat 8: 3ed227fc (296,672 in chips)
70a4c74b: posts the ante 350
c20e2bc9: posts the ante 350
29af4e13: posts the ante 350
16c63dd2: posts the ante 350
3ed227fc: posts the ante 350
Hero: posts the ante 350
b5091b5f: posts the ante 350
fba3037c: posts the ante 350
b5091b5f: posts small blind 1,250
Hero: posts big blind 2,500
*** HOLE CARDS ***
Dealt to fba3037c 
Dealt to 16c63dd2 
Dealt to 70a4c74b 
Dealt to 29af4e13 
Dealt to c20e2bc9 
Dealt to b5091b5f 
Dealt to Hero [4h As]
Dealt to 3ed227fc 
3ed227fc: folds
fba3037c: folds
16c63dd2: folds
70a4c74b: folds
29af4e13: calls 2,500
c20e2bc9: raises 15,000 to 17,500
b5091b5f: folds
Hero: folds
29af4e13: folds
Uncalled bet (15,000) returned to c20e2bc9
*** SHOWDOWN ***
c20e2bc9 collected 11,550 from pot
*** SUMMARY ***
Total pot 11,550 | Rake 0 | Jackpot 0 | Bingo 0 | Fortune 0 | Tax 0
Seat 1: fba3037c folded before Flop
Seat 2: 16c63dd2 folded before Flop
Seat 3: 70a4c74b folded before Flop
Seat 4: 29af4e13 folded before Flop
Seat 5: c20e2bc9 (button) collected (11,550)
Seat 6: b5091b5f (small blind) folded before Flop
Seat 7: Hero (big blind) folded before Flop
Seat 8: 3ed227fc folded before Flop


Poker Hand #TM2930222629: Tournament #124619339, $21.60 Big Game Hold'em No Limit - Level7(1,250/2,500) - 2024/02/05 16:04:25
Table '533' 8-max Seat #4 is the button
Seat 1: fba3037c (92,150 in chips)
Seat 2: 16c63dd2 (362,860 in chips)
Seat 3: 70a4c74b (94,573 in chips)
Seat 4: 29af4e13 (101,950 in chips)
Seat 5: c20e2bc9 (120,064 in chips)
Seat 6: b5091b5f (22,325 in chips)
Seat 7: Hero (182,986 in chips)
Seat 8: 3ed227fc (297,022 in chips)
70a4c74b: posts the ante 350
c20e2bc9: posts the ante 350
29af4e13: posts the ante 350
16c63dd2: posts the ante 350
3ed227fc: posts the ante 350
Hero: posts the ante 350
b5091b5f: posts the ante 350
fba3037c: posts the ante 350
c20e2bc9: posts small blind 1,250
b5091b5f: posts big blind 2,500
*** HOLE CARDS ***
Dealt to fba3037c 
Dealt to 16c63dd2 
Dealt to 70a4c74b 
Dealt to 29af4e13 
Dealt to c20e2bc9 
Dealt to b5091b5f 
Dealt to Hero [2c 7c]
Dealt to 3ed227fc 
Hero: folds
3ed227fc: folds
fba3037c: folds
16c63dd2: folds
70a4c74b: folds
29af4e13: calls 2,500
c20e2bc9: folds
b5091b5f: raises 19,475 to 21,975 and is all-in
29af4e13: calls 19,475
b5091b5f: shows [Ad 9c]
29af4e13: shows [5s 2h]
*** FLOP *** [Js Ac 8d]
*** TURN *** [Js Ac 8d] [3d]
*** RIVER *** [Js Ac 8d 3d] [9d]
*** SHOWDOWN ***
b5091b5f collected 48,000 from pot
*** SUMMARY ***
Total pot 48,000 | Rake 0 | Jackpot 0 | Bingo 0 | Fortune 0 | Tax 0
Board [Js Ac 8d 3d 9d]
Seat 1: fba3037c folded before Flop
Seat 2: 16c63dd2 folded before Flop
Seat 3: 70a4c74b folded before Flop
Seat 4: 29af4e13 (button) showed [5s 2h] and lost with Ace-High
Seat 5: c20e2bc9 (small blind) folded before Flop
Seat 6: b5091b5f (big blind) showed [Ad 9c] and won (48,000) with Pair of Aces and Pair of Nines
Seat 7: Hero folded before Flop
Seat 8: 3ed227fc folded before Flop


Poker Hand #TM2930222423: Tournament #124619339, $21.60 Big Game Hold'em No Limit - Level7(1,250/2,500) - 2024/02/05 16:02:58
Table '533' 8-max Seat #3 is the button
Seat 1: 1e169d40 (90,900 in chips)
Seat 2: 16c63dd2 (363,210 in chips)
Seat 3: 70a4c74b (94,923 in chips)
Seat 4: 29af4e13 (79,725 in chips)
Seat 5: c20e2bc9 (125,664 in chips)
Seat 6: b5091b5f (22,675 in chips)
Seat 7: Hero (197,861 in chips)
Seat 8: 3ed227fc (297,372 in chips)
70a4c74b: posts the ante 350
c20e2bc9: posts the ante 350
16c63dd2: posts the ante 350
3ed227fc: posts the ante 350
29af4e13: posts the ante 350
Hero: posts the ante 350
b5091b5f: posts the ante 350
1e169d40: posts the ante 350
29af4e13: posts small blind 1,250
c20e2bc9: posts big blind 2,500
*** HOLE CARDS ***
Dealt to 1e169d40 
Dealt to 16c63dd2 
Dealt to 70a4c74b 
Dealt to 29af4e13 
Dealt to c20e2bc9 
Dealt to b5091b5f 
Dealt to Hero [8d 8c]
Dealt to 3ed227fc 
b5091b5f: folds
Hero: raises 2,750 to 5,250
3ed227fc: folds
1e169d40: folds
16c63dd2: folds
70a4c74b: folds
29af4e13: calls 4,000
c20e2bc9: calls 2,750
*** FLOP *** [Kd 9s Ks]
29af4e13: checks
c20e2bc9: checks
Hero: checks
*** TURN *** [Kd 9s Ks] [3s]
29af4e13: bets 9,275
c20e2bc9: folds
Hero: calls 9,275
*** RIVER *** [Kd 9s Ks 3s] [Ac]
29af4e13: bets 12,243
Hero: folds
Uncalled bet (12,243) returned to 29af4e13
29af4e13: shows [Kc] (Three Kings)
*** SHOWDOWN ***
29af4e13 collected 37,100 from pot
*** SUMMARY ***
Total pot 37,100 | Rake 0 | Jackpot 0 | Bingo 0 | Fortune 0 | Tax 0
Board [Kd 9s Ks 3s Ac]
Seat 1: 1e169d40 folded before Flop
Seat 2: 16c63dd2 folded before Flop
Seat 3: 70a4c74b (button) folded before Flop
Seat 4: 29af4e13 (small blind) showed [Kc] and won (37,100)
Seat 5: c20e2bc9 (big blind) folded on the Turn
Seat 6: b5091b5f folded before Flop
Seat 7: Hero folded on the River
Seat 8: 3ed227fc folded before Flop


Poker Hand #TM2930222162: Tournament #124619339, $21.60 Big Game Hold'em No Limit - Level7(1,250/2,500) - 2024/02/05 15:54:27
Table '533' 8-max Seat #2 is the button
Seat 1: 1e169d40 (91,250 in chips)
Seat 2: 16c63dd2 (179,930 in chips)
Seat 3: 70a4c74b (96,523 in chips)
Seat 4: 29af4e13 (259,655 in chips)
Seat 5: c20e2bc9 (126,014 in chips)
Seat 6: b5091b5f (23,025 in chips)
Seat 7: Hero (198,211 in chips)
Seat 8: 3ed227fc (297,722 in chips)
70a4c74b: posts the ante 350
c20e2bc9: posts the ante 350
16c63dd2: posts the ante 350
3ed227fc: posts the ante 350
29af4e13: posts the ante 350
Hero: posts the ante 350
b5091b5f: posts the ante 350
1e169d40: posts the ante 350
70a4c74b: posts small blind 1,250
29af4e13: posts big blind 2,500
*** HOLE CARDS ***
Dealt to 1e169d40 
Dealt to 16c63dd2 
Dealt to 70a4c74b 
Dealt to 29af4e13 
Dealt to c20e2bc9 
Dealt to b5091b5f 
Dealt to Hero [Qs 2c]
Dealt to 3ed227fc 
c20e2bc9: folds
b5091b5f: folds
Hero: folds
3ed227fc: folds
1e169d40: folds
16c63dd2: raises 3,000 to 5,500
70a4c74b: folds
29af4e13: calls 3,000
*** FLOP *** [7h 6s 5d]
29af4e13: checks
16c63dd2: bets 6,250
29af4e13: calls 6,250
*** TURN *** [7h 6s 5d] [Td]
29af4e13: bets 247,555 and is all-in
16c63dd2: calls 167,830 and is all-in
Uncalled bet (79,725) returned to 29af4e13
29af4e13: shows [Ts 5h] (Pair of Tens and Pair of Fives)
16c63dd2: shows [Tc 6c] (Pair of Tens and Pair of Sixes)
*** RIVER *** [7h 6s 5d Td] [Kc]
*** SHOWDOWN ***
16c63dd2 collected 363,210 from pot
*** SUMMARY ***
Total pot 363,210 | Rake 0 | Jackpot 0 | Bingo 0 | Fortune 0 | Tax 0
Board [7h 6s 5d Td Kc]
Seat 1: 1e169d40 folded before Flop
Seat 2: 16c63dd2 (button) showed [Tc 6c] and won (363,210) with Pair of Tens and Pair of Sixes
Seat 3: 70a4c74b (small blind) folded before Flop
Seat 4: 29af4e13 (big blind) showed [Ts 5h] and lost with Pair of Tens and Pair of Fives
Seat 5: c20e2bc9 folded before Flop
Seat 6: b5091b5f folded before Flop
Seat 7: Hero folded before Flop
Seat 8: 3ed227fc folded before Flop


Poker Hand #TM2930222059: Tournament #124619339, $21.60 Big Game Hold'em No Limit - Level7(1,250/2,500) - 2024/02/05 15:53:39
Table '533' 8-max Seat #1 is the button
Seat 1: 1e169d40 (91,600 in chips)
Seat 2: 16c63dd2 (181,530 in chips)
Seat 3: 70a4c74b (102,373 in chips)
Seat 4: 29af4e13 (260,005 in chips)
Seat 5: c20e2bc9 (126,364 in chips)
Seat 6: b5091b5f (23,375 in chips)
Seat 7: Hero (198,561 in chips)
Seat 8: 3ed227fc (288,522 in chips)
70a4c74b: posts the ante 350
c20e2bc9: posts the ante 350
3ed227fc: posts the ante 350
29af4e13: posts the ante 350
16c63dd2: posts the ante 350
Hero: posts the ante 350
b5091b5f: posts the ante 350
1e169d40: posts the ante 350
16c63dd2: posts small blind 1,250
70a4c74b: posts big blind 2,500
*** HOLE CARDS ***
Dealt to 1e169d40 
Dealt to 16c63dd2 
Dealt to 70a4c74b 
Dealt to 29af4e13 
Dealt to c20e2bc9 
Dealt to b5091b5f 
Dealt to Hero [5d 2h]
Dealt to 3ed227fc 
29af4e13: folds
c20e2bc9: folds
b5091b5f: folds
Hero: folds
3ed227fc: raises 3,000 to 5,500
1e169d40: folds
16c63dd2: folds
70a4c74b: calls 3,000
*** FLOP *** [6d Qs 2c]
70a4c74b: checks
3ed227fc: bets 5,000
70a4c74b: folds
Uncalled bet (5,000) returned to 3ed227fc
*** SHOWDOWN ***
3ed227fc collected 15,050 from pot
*** SUMMARY ***
Total pot 15,050 | Rake 0 | Jackpot 0 | Bingo 0 | Fortune 0 | Tax 0
Board [6d Qs 2c]
Seat 1: 1e169d40 (button) folded before Flop
Seat 2: 16c63dd2 (small blind) folded before Flop
Seat 3: 70a4c74b (big blind) folded on the Flop
Seat 4: 29af4e13 folded before Flop
Seat 5: c20e2bc9 folded before Flop
Seat 6: b5091b5f folded before Flop
Seat 7: Hero folded before Flop
Seat 8: 3ed227fc won (15,050)


Poker Hand #TM2930221971: Tournament #124619339, $21.60 Big Game Hold'em No Limit - Level7(1,250/2,500) - 2024/02/05 15:52:57
Table '533' 8-max Seat #8 is the button
Seat 1: 1e169d40 (93,200 in chips)
Seat 2: 16c63dd2 (186,880 in chips)
Seat 3: 70a4c74b (93,673 in chips)
Seat 4: 29af4e13 (260,355 in chips)
Seat 5: c20e2bc9 (126,714 in chips)
Seat 6: b5091b5f (23,725 in chips)
Seat 7: Hero (198,911 in chips)
Seat 8: 3ed227fc (288,872 in chips)
70a4c74b: posts the ante 350
c20e2bc9: posts the ante 350
3ed227fc: posts the ante 350
29af4e13: posts the ante 350
16c63dd2: posts the ante 350
Hero: posts the ante 350
b5091b5f: posts the ante 350
1e169d40: posts the ante 350
1e169d40: posts small blind 1,250
16c63dd2: posts big blind 2,500
*** HOLE CARDS ***
Dealt to 1e169d40 
Dealt to 16c63dd2 
Dealt to 70a4c74b 
Dealt to 29af4e13 
Dealt to c20e2bc9 
Dealt to b5091b5f 
Dealt to Hero [7c Kh]
Dealt to 3ed227fc 
70a4c74b: raises 2,500 to 5,000
29af4e13: folds
c20e2bc9: folds
b5091b5f: folds
Hero: folds
3ed227fc: folds
1e169d40: folds
16c63dd2: calls 2,500
*** FLOP *** [4h 5s Jh]
16c63dd2: checks
70a4c74b: bets 4,637
16c63dd2: folds
Uncalled bet (4,637) returned to 70a4c74b
*** SHOWDOWN ***
70a4c74b collected 14,050 from pot
*** SUMMARY ***
Total pot 14,050 | Rake 0 | Jackpot 0 | Bingo 0 | Fortune 0 | Tax 0
Board [4h 5s Jh]
Seat 1: 1e169d40 (small blind) folded before Flop
Seat 2: 16c63dd2 (big blind) folded on the Flop
Seat 3: 70a4c74b won (14,050)
Seat 4: 29af4e13 folded before Flop
Seat 5: c20e2bc9 folded before Flop
Seat 6: b5091b5f folded before Flop
Seat 7: Hero folded before Flop
Seat 8: 3ed227fc (button) folded before Flop


Poker Hand #TM2930221816: Tournament #124619339, $21.60 Big Game Hold'em No Limit - Level7(1,250/2,500) - 2024/02/05 15:51:51
Table '533' 8-max Seat #7 is the button
Seat 1: 1e169d40 (99,050 in chips)
Seat 2: 16c63dd2 (177,680 in chips)
Seat 3: 70a4c74b (94,023 in chips)
Seat 4: 29af4e13 (260,705 in chips)
Seat 5: c20e2bc9 (127,064 in chips)
Seat 6: b5091b5f (24,075 in chips)
Seat 7: Hero (199,261 in chips)
Seat 8: 3ed227fc (290,472 in chips)
70a4c74b: posts the ante 350
c20e2bc9: posts the ante 350
29af4e13: posts the ante 350
16c63dd2: posts the ante 350
3ed227fc: posts the ante 350
Hero: posts the ante 350
b5091b5f: posts the ante 350
1e169d40: posts the ante 350
3ed227fc: posts small blind 1,250
1e169d40: posts big blind 2,500
*** HOLE CARDS ***
Dealt to 1e169d40 
Dealt to 16c63dd2 
Dealt to 70a4c74b 
Dealt to 29af4e13 
Dealt to c20e2bc9 
Dealt to b5091b5f 
Dealt to Hero [7d 6s]
Dealt to 3ed227fc 
16c63dd2: raises 3,000 to 5,500
70a4c74b: folds
29af4e13: folds
c20e2bc9: folds
b5091b5f: folds
Hero: folds
3ed227fc: folds
1e169d40: calls 3,000
*** FLOP *** [7h 9h Ah]
1e169d40: checks
16c63dd2: bets 6,250
1e169d40: folds
Uncalled bet (6,250) returned to 16c63dd2
*** SHOWDOWN ***
16c63dd2 collected 15,050 from pot
*** SUMMARY ***
Total pot 15,050 | Rake 0 | Jackpot 0 | Bingo 0 | Fortune 0 | Tax 0
Board [7h 9h Ah]
Seat 1: 1e169d40 (big blind) folded on the Flop
Seat 2: 16c63dd2 won (15,050)
Seat 3: 70a4c74b folded before Flop
Seat 4: 29af4e13 folded before Flop
Seat 5: c20e2bc9 folded before Flop
Seat 6: b5091b5f folded before Flop
Seat 7: Hero (button) folded before Flop
Seat 8: 3ed227fc (small blind) folded before Flop


Poker Hand #TM2930221623: Tournament #124619339, $21.60 Big Game Hold'em No Limit - Level7(1,250/2,500) - 2024/02/05 15:50:30
Table '533' 8-max Seat #6 is the button
Seat 1: 1e169d40 (99,400 in chips)
Seat 2: 16c63dd2 (183,530 in chips)
Seat 3: 70a4c74b (94,373 in chips)
Seat 4: 29af4e13 (261,055 in chips)
Seat 5: c20e2bc9 (127,414 in chips)
Seat 6: b5091b5f (29,925 in chips)
Seat 7: Hero (205,111 in chips)
Seat 8: 3ed227fc (271,522 in chips)
70a4c74b: posts the ante 350
c20e2bc9: posts the ante 350
29af4e13: posts the ante 350
16c63dd2: posts the ante 350
3ed227fc: posts the ante 350
b5091b5f: posts the ante 350
Hero: posts the ante 350
1e169d40: posts the ante 350
Hero: posts small blind 1,250
3ed227fc: posts big blind 2,500
*** HOLE CARDS ***
Dealt to 1e169d40 
Dealt to 16c63dd2 
Dealt to 70a4c74b 
Dealt to 29af4e13 
Dealt to c20e2bc9 
Dealt to b5091b5f 
Dealt to Hero [2d 2c]
Dealt to 3ed227fc 
1e169d40: folds
16c63dd2: raises 3,000 to 5,500
70a4c74b: folds
29af4e13: folds
c20e2bc9: folds
b5091b5f: calls 5,500
Hero: calls 4,250
3ed227fc: calls 3,000
*** FLOP *** [As Qh 5d]
Hero: checks
3ed227fc: checks
16c63dd2: checks
b5091b5f: checks
*** TURN *** [As Qh 5d] [9c]
Hero: checks
3ed227fc: bets 17,250
16c63dd2: folds
b5091b5f: folds
Hero: folds
Uncalled bet (17,250) returned to 3ed227fc
*** SHOWDOWN ***
3ed227fc collected 24,800 from pot
*** SUMMARY ***
Total pot 24,800 | Rake 0 | Jackpot 0 | Bingo 0 | Fortune 0 | Tax 0
Board [As Qh 5d 9c]
Seat 1: 1e169d40 folded before Flop
Seat 2: 16c63dd2 folded on the Turn
Seat 3: 70a4c74b folded before Flop
Seat 4: 29af4e13 folded before Flop
Seat 5: c20e2bc9 folded before Flop
Seat 6: b5091b5f (button) folded on the Turn
Seat 7: Hero (small blind) folded on the Turn
Seat 8: 3ed227fc (big blind) won (24,800)


Poker Hand #TM2930221394: Tournament #124619339, $21.60 Big Game Hold'em No Limit - Level6(1,000/2,000) - 2024/02/05 15:48:49
Table '533' 8-max Seat #5 is the button
Seat 1: 1e169d40 (99,700 in chips)
Seat 2: 16c63dd2 (183,830 in chips)
Seat 3: 70a4c74b (94,673 in chips)
Seat 4: 29af4e13 (261,355 in chips)
Seat 5: c20e2bc9 (127,714 in chips)
Seat 6: b5091b5f (31,225 in chips)
Seat 7: Hero (210,411 in chips)
Seat 8: 3ed227fc (263,422 in chips)
70a4c74b: posts the ante 300
c20e2bc9: posts the ante 300
29af4e13: posts the ante 300
16c63dd2: posts the ante 300
3ed227fc: posts the ante 300
Hero: posts the ante 300
b5091b5f: posts the ante 300
1e169d40: posts the ante 300
b5091b5f: posts small blind 1,000
Hero: posts big blind 2,000
*** HOLE CARDS ***
Dealt to 1e169d40 
Dealt to 16c63dd2 
Dealt to 70a4c74b 
Dealt to 29af4e13 
Dealt to c20e2bc9 
Dealt to b5091b5f 
Dealt to Hero [Kc Jc]
Dealt to 3ed227fc 
3ed227fc: raises 3,000 to 5,000
1e169d40: folds
16c63dd2: folds
70a4c74b: folds
29af4e13: folds
c20e2bc9: folds
b5091b5f: folds
Hero: calls 3,000
*** FLOP *** [Qh 4d 9h]
Hero: checks
3ed227fc: checks
*** TURN *** [Qh 4d 9h] [Qs]
Hero: checks
3ed227fc: bets 5,400
Hero: folds
Uncalled bet (5,400) returned to 3ed227fc
*** SHOWDOWN ***
3ed227fc collected 13,400 from pot
*** SUMMARY ***
Total pot 13,400 | Rake 0 | Jackpot 0 | Bingo 0 | Fortune 0 | Tax 0
Board [Qh 4d 9h Qs]
Seat 1: 1e169d40 folded before Flop
Seat 2: 16c63dd2 folded before Flop
Seat 3: 70a4c74b folded before Flop
Seat 4: 29af4e13 folded before Flop
Seat 5: c20e2bc9 (button) folded before Flop
Seat 6: b5091b5f (small blind) folded before Flop
Seat 7: Hero (big blind) folded on the Turn
Seat 8: 3ed227fc won (13,400)


Poker Hand #TM2930221270: Tournament #124619339, $21.60 Big Game Hold'em No Limit - Level6(1,000/2,000) - 2024/02/05 15:47:58
Table '533' 8-max Seat #4 is the button
Seat 1: 1e169d40 (100,000 in chips)
Seat 2: 16c63dd2 (184,130 in chips)
Seat 3: 70a4c74b (94,973 in chips)
Seat 4: 29af4e13 (261,655 in chips)
Seat 5: c20e2bc9 (129,014 in chips)
Seat 6: b5091b5f (35,725 in chips)
Seat 7: Hero (203,111 in chips)
Seat 8: 3ed227fc (263,722 in chips)
70a4c74b: posts the ante 300
c20e2bc9: posts the ante 300
29af4e13: posts the ante 300
16c63dd2: posts the ante 300
3ed227fc: posts the ante 300
Hero: posts the ante 300
b5091b5f: posts the ante 300
1e169d40: posts the ante 300
c20e2bc9: posts small blind 1,000
b5091b5f: posts big blind 2,000
*** HOLE CARDS ***
Dealt to 1e169d40 
Dealt to 16c63dd2 
Dealt to 70a4c74b 
Dealt to 29af4e13 
Dealt to c20e2bc9 
Dealt to b5091b5f 
Dealt to Hero [Ah Jd]
Dealt to 3ed227fc 
Hero: raises 2,200 to 4,200
3ed227fc: folds
1e169d40: folds
16c63dd2: folds
70a4c74b: folds
29af4e13: folds
c20e2bc9: folds
b5091b5f: calls 2,200
*** FLOP *** [3c 4h Ts]
b5091b5f: checks
Hero: bets 3,894
b5091b5f: folds
Uncalled bet (3,894) returned to Hero
*** SHOWDOWN ***
Hero collected 11,800 from pot
*** SUMMARY ***
Total pot 11,800 | Rake 0 | Jackpot 0 | Bingo 0 | Fortune 0 | Tax 0
Board [3c 4h Ts]
Seat 1: 1e169d40 folded before Flop
Seat 2: 16c63dd2 folded before Flop
Seat 3: 70a4c74b folded before Flop
Seat 4: 29af4e13 (button) folded before Flop
Seat 5: c20e2bc9 (small blind) folded before Flop
Seat 6: b5091b5f (big blind) folded on the Flop
Seat 7: Hero won (11,800)
Seat 8: 3ed227fc folded before Flop


Poker Hand #TM2930045344: Tournament #124619339, $21.60 Big Game Hold'em No Limit - Level6(1,000/2,000) - 2024/02/05 15:46:11
Table '484' 8-max Seat #4 is the button
Seat 1: c20e2bc9 (129,314 in chips)
Seat 2: b5091b5f (36,025 in chips)
Seat 3: Hero (203,411 in chips)
Seat 4: 29af4e13 (261,955 in chips)
Seat 5: ee1f044e (93,000 in chips)
Seat 6: 3ed227fc (103,090 in chips)
Seat 7: 70a4c74b (95,273 in chips)
Seat 8: e923780a (66,132 in chips)
70a4c74b: posts the ante 300
c20e2bc9: posts the ante 300
29af4e13: posts the ante 300
3ed227fc: posts the ante 300
Hero: posts the ante 300
b5091b5f: posts the ante 300
ee1f044e: posts the ante 300
e923780a: posts the ante 300
ee1f044e: posts small blind 1,000
3ed227fc: posts big blind 2,000
*** HOLE CARDS ***
Dealt to c20e2bc9 
Dealt to b5091b5f 
Dealt to Hero [8d 2h]
Dealt to 29af4e13 
Dealt to ee1f044e 
Dealt to 3ed227fc 
Dealt to 70a4c74b 
Dealt to e923780a 
70a4c74b: folds
e923780a: raises 2,000 to 4,000
c20e2bc9: folds
b5091b5f: folds
Hero: folds
29af4e13: folds
ee1f044e: calls 3,000
3ed227fc: raises 14,400 to 18,400
e923780a: raises 47,432 to 65,832 and is all-in
ee1f044e: raises 26,868 to 92,700 and is all-in
3ed227fc: calls 74,300
ee1f044e: shows [Qc 7c]
3ed227fc: shows [Jc Jd]
e923780a: shows [As Kc]
*** FLOP *** [6h Jh Qd]
*** TURN *** [6h Jh Qd] [Ah]
*** RIVER *** [6h Jh Qd Ah] [3s]
*** SHOWDOWN ***
3ed227fc collected 199,896 from pot
3ed227fc collected 53,736 from pot
*** SUMMARY ***
Total pot 253,632 | Rake 0 | Jackpot 0 | Bingo 0 | Fortune 0 | Tax 0
Board [6h Jh Qd Ah 3s]
Seat 1: c20e2bc9 folded before Flop
Seat 2: b5091b5f folded before Flop
Seat 3: Hero folded before Flop
Seat 4: 29af4e13 (button) folded before Flop
Seat 5: ee1f044e (small blind) showed [Qc 7c] and lost with Pair of Queens
Seat 6: 3ed227fc (big blind) showed [Jc Jd] and won (253,632) with Three Jacks
Seat 7: 70a4c74b folded before Flop
Seat 8: e923780a showed [As Kc] and lost with Pair of Aces


Poker Hand #TM2930045198: Tournament #124619339, $21.60 Big Game Hold'em No Limit - Level6(1,000/2,000) - 2024/02/05 15:45:11
Table '484' 8-max Seat #3 is the button
Seat 1: c20e2bc9 (129,614 in chips)
Seat 2: b5091b5f (36,325 in chips)
Seat 3: Hero (203,711 in chips)
Seat 4: 29af4e13 (254,655 in chips)
Seat 5: ee1f044e (98,500 in chips)
Seat 6: 3ed227fc (103,390 in chips)
Seat 7: 70a4c74b (95,573 in chips)
Seat 8: e923780a (66,432 in chips)
70a4c74b: posts the ante 300
c20e2bc9: posts the ante 300
3ed227fc: posts the ante 300
29af4e13: posts the ante 300
Hero: posts the ante 300
b5091b5f: posts the ante 300
ee1f044e: posts the ante 300
e923780a: posts the ante 300
29af4e13: posts small blind 1,000
ee1f044e: posts big blind 2,000
*** HOLE CARDS ***
Dealt to c20e2bc9 
Dealt to b5091b5f 
Dealt to Hero [5c Th]
Dealt to 29af4e13 
Dealt to ee1f044e 
Dealt to 3ed227fc 
Dealt to 70a4c74b 
Dealt to e923780a 
3ed227fc: folds
70a4c74b: folds
e923780a: folds
c20e2bc9: folds
b5091b5f: folds
Hero: folds
29af4e13: calls 1,000
ee1f044e: checks
*** FLOP *** [Jd Ks 8c]
29af4e13: checks
ee1f044e: checks
*** TURN *** [Jd Ks 8c] [4d]
29af4e13: bets 3,200
ee1f044e: calls 3,200
*** RIVER *** [Jd Ks 8c 4d] [Qs]
29af4e13: bets 6,400
ee1f044e: folds
Uncalled bet (6,400) returned to 29af4e13
29af4e13: shows [Qc] (Pair of Queens)
*** SHOWDOWN ***
29af4e13 collected 12,800 from pot
*** SUMMARY ***
Total pot 12,800 | Rake 0 | Jackpot 0 | Bingo 0 | Fortune 0 | Tax 0
Board [Jd Ks 8c 4d Qs]
Seat 1: c20e2bc9 folded before Flop
Seat 2: b5091b5f folded before Flop
Seat 3: Hero (button) folded before Flop
Seat 4: 29af4e13 (small blind) showed [Qc] and won (12,800)
Seat 5: ee1f044e (big blind) folded on the River
Seat 6: 3ed227fc folded before Flop
Seat 7: 70a4c74b folded before Flop
Seat 8: e923780a folded before Flop


Poker Hand #TM2930045077: Tournament #124619339, $21.60 Big Game Hold'em No Limit - Level6(1,000/2,000) - 2024/02/05 15:44:21
Table '484' 8-max Seat #2 is the button
Seat 1: c20e2bc9 (129,914 in chips)
Seat 2: b5091b5f (36,625 in chips)
Seat 3: Hero (205,011 in chips)
Seat 4: 29af4e13 (253,255 in chips)
Seat 5: ee1f044e (98,800 in chips)
Seat 6: 3ed227fc (103,690 in chips)
Seat 7: 70a4c74b (94,173 in chips)
Seat 8: e923780a (66,732 in chips)
70a4c74b: posts the ante 300
c20e2bc9: posts the ante 300
3ed227fc: posts the ante 300
29af4e13: posts the ante 300
b5091b5f: posts the ante 300
Hero: posts the ante 300
ee1f044e: posts the ante 300
e923780a: posts the ante 300
Hero: posts small blind 1,000
29af4e13: posts big blind 2,000
*** HOLE CARDS ***
Dealt to c20e2bc9 
Dealt to b5091b5f 
Dealt to Hero [2d 7c]
Dealt to 29af4e13 
Dealt to ee1f044e 
Dealt to 3ed227fc 
Dealt to 70a4c74b 
Dealt to e923780a 
ee1f044e: folds
3ed227fc: folds
70a4c74b: raises 2,000 to 4,000
e923780a: folds
c20e2bc9: folds
b5091b5f: folds
Hero: folds
29af4e13: raises 2,000 to 6,000
70a4c74b: raises 87,873 to 93,873 and is all-in
29af4e13: calls 87,873
70a4c74b: shows [Kh As]
29af4e13: shows [Ah Ts]
*** FLOP *** [9d 3d Td]
*** TURN *** [9d 3d Td] [7d]
*** RIVER *** [9d 3d Td 7d] [5d]
*** SHOWDOWN ***
29af4e13 collected 95,573 from pot
70a4c74b collected 95,573 from pot
*** SUMMARY ***
Total pot 191,146 | Rake 0 | Jackpot 0 | Bingo 0 | Fortune 0 | Tax 0
Board [9d 3d Td 7d 5d]
Seat 1: c20e2bc9 folded before Flop
Seat 2: b5091b5f (button) folded before Flop
Seat 3: Hero (small blind) folded before Flop
Seat 4: 29af4e13 (big blind) showed [Ah Ts] and won (95,573) with Ten High Flush
Seat 5: ee1f044e folded before Flop
Seat 6: 3ed227fc folded before Flop
Seat 7: 70a4c74b showed [Kh As] and won (95,573) with Ten High Flush
Seat 8: e923780a folded before Flop


Poker Hand #TM2930044941: Tournament #124619339, $21.60 Big Game Hold'em No Limit - Level6(1,000/2,000) - 2024/02/05 15:43:25
Table '484' 8-max Seat #1 is the button
Seat 1: c20e2bc9 (130,214 in chips)
Seat 2: b5091b5f (37,925 in chips)
Seat 3: Hero (207,311 in chips)
Seat 4: 29af4e13 (240,155 in chips)
Seat 5: ee1f044e (99,100 in chips)
Seat 6: 3ed227fc (103,990 in chips)
Seat 7: 70a4c74b (102,473 in chips)
Seat 8: e923780a (67,032 in chips)
70a4c74b: posts the ante 300
c20e2bc9: posts the ante 300
3ed227fc: posts the ante 300
29af4e13: posts the ante 300
Hero: posts the ante 300
b5091b5f: posts the ante 300
ee1f044e: posts the ante 300
e923780a: posts the ante 300
b5091b5f: posts small blind 1,000
Hero: posts big blind 2,000
*** HOLE CARDS ***
Dealt to c20e2bc9 
Dealt to b5091b5f 
Dealt to Hero [As 7d]
Dealt to 29af4e13 
Dealt to ee1f044e 
Dealt to 3ed227fc 
Dealt to 70a4c74b 
Dealt to e923780a 
29af4e13: calls 2,000
ee1f044e: folds
3ed227fc: folds
70a4c74b: raises 6,000 to 8,000
e923780a: folds
c20e2bc9: folds
b5091b5f: folds
Hero: folds
29af4e13: calls 6,000
*** FLOP *** [4h Jc 2s]
29af4e13: bets 231,855 and is all-in
70a4c74b: folds
Uncalled bet (231,855) returned to 29af4e13
29af4e13: shows [Js]
*** SHOWDOWN ***
29af4e13 collected 21,400 from pot
*** SUMMARY ***
Total pot 21,400 | Rake 0 | Jackpot 0 | Bingo 0 | Fortune 0 | Tax 0
Board [4h Jc 2s]
Seat 1: c20e2bc9 (button) folded before Flop
Seat 2: b5091b5f (small blind) folded before Flop
Seat 3: Hero (big blind) folded before Flop
Seat 4: 29af4e13 showed [Js] and won (21,400)
Seat 5: ee1f044e folded before Flop
Seat 6: 3ed227fc folded before Flop
Seat 7: 70a4c74b folded on the Flop
Seat 8: e923780a folded before Flop


Poker Hand #TM2930044825: Tournament #124619339, $21.60 Big Game Hold'em No Limit - Level6(1,000/2,000) - 2024/02/05 15:42:39
Table '484' 8-max Seat #8 is the button
Seat 1: c20e2bc9 (131,514 in chips)
Seat 2: b5091b5f (40,225 in chips)
Seat 3: Hero (207,611 in chips)
Seat 4: 29af4e13 (240,455 in chips)
Seat 5: ee1f044e (99,400 in chips)
Seat 6: 3ed227fc (104,290 in chips)
Seat 7: 70a4c74b (97,373 in chips)
Seat 8: e923780a (67,332 in chips)
70a4c74b: posts the ante 300
c20e2bc9: posts the ante 300
3ed227fc: posts the ante 300
29af4e13: posts the ante 300
Hero: posts the ante 300
b5091b5f: posts the ante 300
ee1f044e: posts the ante 300
e923780a: posts the ante 300
c20e2bc9: posts small blind 1,000
b5091b5f: posts big blind 2,000
*** HOLE CARDS ***
Dealt to c20e2bc9 
Dealt to b5091b5f 
Dealt to Hero [3h 9s]
Dealt to 29af4e13 
Dealt to ee1f044e 
Dealt to 3ed227fc 
Dealt to 70a4c74b 
Dealt to e923780a 
Hero: folds
29af4e13: folds
ee1f044e: folds
3ed227fc: folds
70a4c74b: raises 2,000 to 4,000
e923780a: folds
c20e2bc9: folds
b5091b5f: folds
Uncalled bet (2,000) returned to 70a4c74b
*** SHOWDOWN ***
70a4c74b collected 7,400 from pot
*** SUMMARY ***
Total pot 7,400 | Rake 0 | Jackpot 0 | Bingo 0 | Fortune 0 | Tax 0
Seat 1: c20e2bc9 (small blind) folded before Flop
Seat 2: b5091b5f (big blind) folded before Flop
Seat 3: Hero folded before Flop
Seat 4: 29af4e13 folded before Flop
Seat 5: ee1f044e folded before Flop
Seat 6: 3ed227fc folded before Flop
Seat 7: 70a4c74b collected (7,400)
Seat 8: e923780a (button) folded before Flop


Poker Hand #TM2930044612: Tournament #124619339, $21.60 Big Game Hold'em No Limit - Level6(1,000/2,000) - 2024/02/05 15:41:07
Table '484' 8-max Seat #7 is the button
Seat 1: c20e2bc9 (117,814 in chips)
Seat 2: b5091b5f (40,525 in chips)
Seat 3: Hero (207,911 in chips)
Seat 4: 29af4e13 (240,755 in chips)
Seat 5: ee1f044e (99,700 in chips)
Seat 6: 3ed227fc (104,590 in chips)
Seat 7: 70a4c74b (97,673 in chips)
Seat 8: e923780a (79,232 in chips)
70a4c74b: posts the ante 300
c20e2bc9: posts the ante 300
3ed227fc: posts the ante 300
29af4e13: posts the ante 300
Hero: posts the ante 300
b5091b5f: posts the ante 300
ee1f044e: posts the ante 300
e923780a: posts the ante 300
e923780a: posts small blind 1,000
c20e2bc9: posts big blind 2,000
*** HOLE CARDS ***
Dealt to c20e2bc9 
Dealt to b5091b5f 
Dealt to Hero [Td Kh]
Dealt to 29af4e13 
Dealt to ee1f044e 
Dealt to 3ed227fc 
Dealt to 70a4c74b 
Dealt to e923780a 
b5091b5f: folds
Hero: folds
29af4e13: folds
ee1f044e: folds
3ed227fc: folds
70a4c74b: folds
e923780a: calls 1,000
c20e2bc9: checks
*** FLOP *** [9s 3s 6h]
e923780a: bets 3,200
c20e2bc9: calls 3,200
*** TURN *** [9s 3s 6h] [3c]
e923780a: bets 6,400
c20e2bc9: calls 6,400
*** RIVER *** [9s 3s 6h 3c] [6s]
e923780a: checks
c20e2bc9: bets 28,417
e923780a: folds
Uncalled bet (28,417) returned to c20e2bc9
*** SHOWDOWN ***
c20e2bc9 collected 25,600 from pot
*** SUMMARY ***
Total pot 25,600 | Rake 0 | Jackpot 0 | Bingo 0 | Fortune 0 | Tax 0
Board [9s 3s 6h 3c 6s]
Seat 1: c20e2bc9 (big blind) won (25,600)
Seat 2: b5091b5f folded before Flop
Seat 3: Hero folded before Flop
Seat 4: 29af4e13 folded before Flop
Seat 5: ee1f044e folded before Flop
Seat 6: 3ed227fc folded before Flop
Seat 7: 70a4c74b (button) folded before Flop
Seat 8: e923780a (small blind) folded on the River


Poker Hand #TM2930044481: Tournament #124619339, $21.60 Big Game Hold'em No Limit - Level6(1,000/2,000) - 2024/02/05 15:40:15
Table '484' 8-max Seat #6 is the button
Seat 1: c20e2bc9 (110,514 in chips)
Seat 2: b5091b5f (40,825 in chips)
Seat 3: Hero (208,211 in chips)
Seat 4: 29af4e13 (241,055 in chips)
Seat 5: ee1f044e (100,000 in chips)
Seat 6: 3ed227fc (104,890 in chips)
Seat 7: 70a4c74b (98,973 in chips)
Seat 8: e923780a (83,732 in chips)
70a4c74b: posts the ante 300
c20e2bc9: posts the ante 300
3ed227fc: posts the ante 300
29af4e13: posts the ante 300
Hero: posts the ante 300
b5091b5f: posts the ante 300
ee1f044e: posts the ante 300
e923780a: posts the ante 300
70a4c74b: posts small blind 1,000
e923780a: posts big blind 2,000
*** HOLE CARDS ***
Dealt to c20e2bc9 
Dealt to b5091b5f 
Dealt to Hero [9d 6c]
Dealt to 29af4e13 
Dealt to ee1f044e 
Dealt to 3ed227fc 
Dealt to 70a4c74b 
Dealt to e923780a 
c20e2bc9: raises 2,200 to 4,200
b5091b5f: folds
Hero: folds
29af4e13: folds
ee1f044e: folds
3ed227fc: folds
70a4c74b: folds
e923780a: calls 2,200
*** FLOP *** [3d 8s 9h]
e923780a: checks
c20e2bc9: checks
*** TURN *** [3d 8s 9h] [Jc]
e923780a: checks
c20e2bc9: bets 4,366
e923780a: folds
Uncalled bet (4,366) returned to c20e2bc9
*** SHOWDOWN ***
c20e2bc9 collected 11,800 from pot
*** SUMMARY ***
Total pot 11,800 | Rake 0 | Jackpot 0 | Bingo 0 | Fortune 0 | Tax 0
Board [3d 8s 9h Jc]
Seat 1: c20e2bc9 won (11,800)
Seat 2: b5091b5f folded before Flop
Seat 3: Hero folded before Flop
Seat 4: 29af4e13 folded before Flop
Seat 5: ee1f044e folded before Flop
Seat 6: 3ed227fc (button) folded before Flop
Seat 7: 70a4c74b (small blind) folded before Flop
Seat 8: e923780a (big blind) folded on the Turn


Poker Hand #TM2930044285: Tournament #124619339, $21.60 Big Game Hold'em No Limit - Level6(1,000/2,000) - 2024/02/05 15:38:57
Table '484' 8-max Seat #4 is the button
Seat 1: c20e2bc9 (110,814 in chips)
Seat 2: b5091b5f (41,125 in chips)
Seat 3: Hero (186,916 in chips)
Seat 4: 29af4e13 (241,355 in chips)
Seat 6: 3ed227fc (106,190 in chips)
Seat 7: 70a4c74b (117,768 in chips)
Seat 8: e923780a (84,032 in chips)
70a4c74b: posts the ante 300
c20e2bc9: posts the ante 300
29af4e13: posts the ante 300
3ed227fc: posts the ante 300
Hero: posts the ante 300
b5091b5f: posts the ante 300
e923780a: posts the ante 300
3ed227fc: posts small blind 1,000
70a4c74b: posts big blind 2,000
*** HOLE CARDS ***
Dealt to c20e2bc9 
Dealt to b5091b5f 
Dealt to Hero [Qs Kc]
Dealt to 29af4e13 
Dealt to 3ed227fc 
Dealt to 70a4c74b 
Dealt to e923780a 
e923780a: folds
c20e2bc9: folds
b5091b5f: folds
Hero: raises 2,200 to 4,200
29af4e13: folds
3ed227fc: folds
70a4c74b: calls 2,200
*** FLOP *** [6h Kh Ad]
70a4c74b: checks
Hero: bets 3,795
70a4c74b: calls 3,795
*** TURN *** [6h Kh Ad] [Jd]
70a4c74b: checks
Hero: checks
*** RIVER *** [6h Kh Ad Jd] [2c]
70a4c74b: checks
Hero: bets 10,500
70a4c74b: calls 10,500
Hero: shows [Qs Kc] (Pair of Kings)
70a4c74b: shows [Jh 9h] (Pair of Jacks)
*** SHOWDOWN ***
Hero collected 40,090 from pot
*** SUMMARY ***
Total pot 40,090 | Rake 0 | Jackpot 0 | Bingo 0 | Fortune 0 | Tax 0
Board [6h Kh Ad Jd 2c]
Seat 1: c20e2bc9 folded before Flop
Seat 2: b5091b5f folded before Flop
Seat 3: Hero showed [Qs Kc] and won (40,090) with Pair of Kings
Seat 4: 29af4e13 (button) folded before Flop
Seat 6: 3ed227fc (small blind) folded before Flop
Seat 7: 70a4c74b (big blind) showed [Jh 9h] and lost with Pair of Jacks
Seat 8: e923780a folded before Flop


Poker Hand #TM2930044046: Tournament #124619339, $21.60 Big Game Hold'em No Limit - Level5(800/1,600) - 2024/02/05 15:37:16
Table '484' 8-max Seat #3 is the button
Seat 1: c20e2bc9 (124,448 in chips)
Seat 2: b5091b5f (41,375 in chips)
Seat 3: Hero (187,166 in chips)
Seat 4: 29af4e13 (220,071 in chips)
Seat 6: 3ed227fc (109,640 in chips)
Seat 7: 70a4c74b (118,018 in chips)
Seat 8: e923780a (87,482 in chips)
70a4c74b: posts the ante 250
c20e2bc9: posts the ante 250
3ed227fc: posts the ante 250
29af4e13: posts the ante 250
Hero: posts the ante 250
b5091b5f: posts the ante 250
e923780a: posts the ante 250
29af4e13: posts small blind 800
3ed227fc: posts big blind 1,600
*** HOLE CARDS ***
Dealt to c20e2bc9 
Dealt to b5091b5f 
Dealt to Hero [Qc 2d]
Dealt to 29af4e13 
Dealt to 3ed227fc 
Dealt to 70a4c74b 
Dealt to e923780a 
70a4c74b: folds
e923780a: raises 1,600 to 3,200
c20e2bc9: calls 3,200
b5091b5f: folds
Hero: folds
29af4e13: calls 2,400
3ed227fc: calls 1,600
*** FLOP *** [5s Jc Ad]
29af4e13: checks
3ed227fc: checks
e923780a: checks
c20e2bc9: checks
*** TURN *** [5s Jc Ad] [2c]
29af4e13: checks
3ed227fc: checks
e923780a: checks
c20e2bc9: bets 10,184
29af4e13: calls 10,184
3ed227fc: folds
e923780a: folds
*** RIVER *** [5s Jc Ad 2c] [8d]
29af4e13: checks
c20e2bc9: checks
29af4e13: shows [Qh Jd] (Pair of Jacks)
c20e2bc9: shows [4h 4d] (Pair of Fours)
*** SHOWDOWN ***
29af4e13 collected 34,918 from pot
*** SUMMARY ***
Total pot 34,918 | Rake 0 | Jackpot 0 | Bingo 0 | Fortune 0 | Tax 0
Board [5s Jc Ad 2c 8d]
Seat 1: c20e2bc9 showed [4h 4d] and lost with Pair of Fours
Seat 2: b5091b5f folded before Flop
Seat 3: Hero (button) folded before Flop
Seat 4: 29af4e13 (small blind) showed [Qh Jd] and won (34,918) with Pair of Jacks
Seat 6: 3ed227fc (big blind) folded on the Turn
Seat 7: 70a4c74b folded before Flop
Seat 8: e923780a folded on the Turn


Poker Hand #TM2930043898: Tournament #124619339, $21.60 Big Game Hold'em No Limit - Level5(800/1,600) - 2024/02/05 15:36:12
Table '484' 8-max Seat #2 is the button
Seat 1: c20e2bc9 (124,698 in chips)
Seat 2: b5091b5f (41,625 in chips)
Seat 3: Hero (188,216 in chips)
Seat 4: 29af4e13 (211,121 in chips)
Seat 5: 91e73a4 (118,344 in chips)
Seat 6: 3ed227fc (109,890 in chips)
Seat 7: 70a4c74b (118,268 in chips)
Seat 8: e923780a (94,132 in chips)
70a4c74b: posts the ante 250
c20e2bc9: posts the ante 250
3ed227fc: posts the ante 250
91e73a4: posts the ante 250
29af4e13: posts the ante 250
b5091b5f: posts the ante 250
Hero: posts the ante 250
e923780a: posts the ante 250
Hero: posts small blind 800
29af4e13: posts big blind 1,600
*** HOLE CARDS ***
Dealt to c20e2bc9 
Dealt to b5091b5f 
Dealt to Hero [5h 7s]
Dealt to 29af4e13 
Dealt to 91e73a4 
Dealt to 3ed227fc 
Dealt to 70a4c74b 
Dealt to e923780a 
91e73a4: folds
3ed227fc: folds
70a4c74b: folds
e923780a: raises 1,600 to 3,200
c20e2bc9: folds
b5091b5f: folds
Hero: folds
29af4e13: calls 1,600
*** FLOP *** [Ts Qh 6c]
29af4e13: bets 1,600
e923780a: calls 1,600
*** TURN *** [Ts Qh 6c] [6s]
29af4e13: bets 1,600
e923780a: calls 1,600
*** RIVER *** [Ts Qh 6c 6s] [Th]
29af4e13: bets 204,471 and is all-in
e923780a: folds
Uncalled bet (204,471) returned to 29af4e13
29af4e13: shows [5s] (Pair of Tens and Pair of Sixes)
*** SHOWDOWN ***
29af4e13 collected 15,600 from pot
*** SUMMARY ***
Total pot 15,600 | Rake 0 | Jackpot 0 | Bingo 0 | Fortune 0 | Tax 0
Board [Ts Qh 6c 6s Th]
Seat 1: c20e2bc9 folded before Flop
Seat 2: b5091b5f (button) folded before Flop
Seat 3: Hero (small blind) folded before Flop
Seat 4: 29af4e13 (big blind) showed [5s] and won (15,600)
Seat 5: 91e73a4 folded before Flop
Seat 6: 3ed227fc folded before Flop
Seat 7: 70a4c74b folded before Flop
Seat 8: e923780a folded on the River


Poker Hand #TM2930043788: Tournament #124619339, $21.60 Big Game Hold'em No Limit - Level5(800/1,600) - 2024/02/05 15:35:22
Table '484' 8-max Seat #1 is the button
Seat 1: c20e2bc9 (124,948 in chips)
Seat 2: b5091b5f (42,675 in chips)
Seat 3: Hero (192,574 in chips)
Seat 4: 29af4e13 (215,479 in chips)
Seat 5: 91e73a4 (103,470 in chips)
Seat 6: 3ed227fc (110,140 in chips)
Seat 7: 70a4c74b (118,518 in chips)
Seat 8: e923780a (98,490 in chips)
70a4c74b: posts the ante 250
c20e2bc9: posts the ante 250
3ed227fc: posts the ante 250
91e73a4: posts the ante 250
29af4e13: posts the ante 250
Hero: posts the ante 250
b5091b5f: posts the ante 250
e923780a: posts the ante 250
b5091b5f: posts small blind 800
Hero: posts big blind 1,600
*** HOLE CARDS ***
Dealt to c20e2bc9 
Dealt to b5091b5f 
Dealt to Hero [Jc Ts]
Dealt to 29af4e13 
Dealt to 91e73a4 
Dealt to 3ed227fc 
Dealt to 70a4c74b 
Dealt to e923780a 
29af4e13: calls 1,600
91e73a4: raises 2,508 to 4,108
3ed227fc: folds
70a4c74b: folds
e923780a: calls 4,108
c20e2bc9: folds
b5091b5f: folds
Hero: calls 2,508
29af4e13: calls 2,508
*** FLOP *** [2s Jh Qd]
Hero: checks
29af4e13: checks
91e73a4: bets 6,347
e923780a: folds
Hero: folds
29af4e13: folds
Uncalled bet (6,347) returned to 91e73a4
*** SHOWDOWN ***
91e73a4 collected 19,232 from pot
*** SUMMARY ***
Total pot 19,232 | Rake 0 | Jackpot 0 | Bingo 0 | Fortune 0 | Tax 0
Board [2s Jh Qd]
Seat 1: c20e2bc9 (button) folded before Flop
Seat 2: b5091b5f (small blind) folded before Flop
Seat 3: Hero (big blind) folded on the Flop
Seat 4: 29af4e13 folded on the Flop
Seat 5: 91e73a4 won (19,232)
Seat 6: 3ed227fc folded before Flop
Seat 7: 70a4c74b folded before Flop
Seat 8: e923780a folded on the Flop


Poker Hand #TM2930043588: Tournament #124619339, $21.60 Big Game Hold'em No Limit - Level5(800/1,600) - 2024/02/05 15:34:00
Table '484' 8-max Seat #8 is the button
Seat 1: c20e2bc9 (91,210 in chips)
Seat 2: b5091b5f (44,525 in chips)
Seat 3: Hero (219,852 in chips)
Seat 4: 29af4e13 (215,729 in chips)
Seat 5: 91e73a4 (103,720 in chips)
Seat 6: 3ed227fc (110,390 in chips)
Seat 7: 70a4c74b (118,768 in chips)
Seat 8: e923780a (102,100 in chips)
70a4c74b: posts the ante 250
c20e2bc9: posts the ante 250
3ed227fc: posts the ante 250
91e73a4: posts the ante 250
29af4e13: posts the ante 250
Hero: posts the ante 250
b5091b5f: posts the ante 250
e923780a: posts the ante 250
c20e2bc9: posts small blind 800
b5091b5f: posts big blind 1,600
*** HOLE CARDS ***
Dealt to c20e2bc9 
Dealt to b5091b5f 
Dealt to Hero [6s 6d]
Dealt to 29af4e13 
Dealt to 91e73a4 
Dealt to 3ed227fc 
Dealt to 70a4c74b 
Dealt to e923780a 
Hero: raises 1,760 to 3,360
29af4e13: folds
91e73a4: folds
3ed227fc: folds
70a4c74b: folds
e923780a: calls 3,360
c20e2bc9: raises 12,960 to 16,320
b5091b5f: folds
Hero: calls 12,960
e923780a: folds
*** FLOP *** [2s As 8h]
c20e2bc9: bets 10,708
Hero: calls 10,708
*** TURN *** [2s As 8h] [9s]
c20e2bc9: bets 63,932 and is all-in
Hero: folds
Uncalled bet (63,932) returned to c20e2bc9
*** SHOWDOWN ***
c20e2bc9 collected 61,016 from pot
*** SUMMARY ***
Total pot 61,016 | Rake 0 | Jackpot 0 | Bingo 0 | Fortune 0 | Tax 0
Board [2s As 8h 9s]
Seat 1: c20e2bc9 (small blind) won (61,016)
Seat 2: b5091b5f (big blind) folded before Flop
Seat 3: Hero folded on the Turn
Seat 4: 29af4e13 folded before Flop
Seat 5: 91e73a4 folded before Flop
Seat 6: 3ed227fc folded before Flop
Seat 7: 70a4c74b folded before Flop
Seat 8: e923780a (button) folded before Flop


Poker Hand #TM2930043408: Tournament #124619339, $21.60 Big Game Hold'em No Limit - Level5(800/1,600) - 2024/02/05 15:32:42
Table '484' 8-max Seat #7 is the button
Seat 1: c20e2bc9 (97,700 in chips)
Seat 2: b5091b5f (44,775 in chips)
Seat 3: Hero (220,102 in chips)
Seat 4: 29af4e13 (217,579 in chips)
Seat 5: 91e73a4 (103,970 in chips)
Seat 6: 3ed227fc (100,000 in chips)
Seat 7: 70a4c74b (119,018 in chips)
Seat 8: e923780a (103,150 in chips)
70a4c74b: posts the ante 250
c20e2bc9: posts the ante 250
3ed227fc: posts the ante 250
91e73a4: posts the ante 250
29af4e13: posts the ante 250
Hero: posts the ante 250
b5091b5f: posts the ante 250
e923780a: posts the ante 250
e923780a: posts small blind 800
c20e2bc9: posts big blind 1,600
*** HOLE CARDS ***
Dealt to c20e2bc9 
Dealt to b5091b5f 
Dealt to Hero [8c 2d]
Dealt to 29af4e13 
Dealt to 91e73a4 
Dealt to 3ed227fc 
Dealt to 70a4c74b 
Dealt to e923780a 
b5091b5f: folds
Hero: folds
29af4e13: calls 1,600
91e73a4: folds
3ed227fc: raises 4,640 to 6,240
70a4c74b: folds
e923780a: folds
c20e2bc9: calls 4,640
29af4e13: folds
*** FLOP *** [Ah Kh 8h]
c20e2bc9: checks
3ed227fc: bets 5,760
c20e2bc9: folds
Uncalled bet (5,760) returned to 3ed227fc
*** SHOWDOWN ***
3ed227fc collected 16,880 from pot
*** SUMMARY ***
Total pot 16,880 | Rake 0 | Jackpot 0 | Bingo 0 | Fortune 0 | Tax 0
Board [Ah Kh 8h]
Seat 1: c20e2bc9 (big blind) folded on the Flop
Seat 2: b5091b5f folded before Flop
Seat 3: Hero folded before Flop
Seat 4: 29af4e13 folded before Flop
Seat 5: 91e73a4 folded before Flop
Seat 6: 3ed227fc won (16,880)
Seat 7: 70a4c74b (button) folded before Flop
Seat 8: e923780a (small blind) folded before Flop


Poker Hand #TM2930043166: Tournament #124619339, $21.60 Big Game Hold'em No Limit - Level5(800/1,600) - 2024/02/05 15:30:58
Table '484' 8-max Seat #5 is the button
Seat 1: c20e2bc9 (97,950 in chips)
Seat 2: b5091b5f (100,500 in chips)
Seat 3: Hero (220,352 in chips)
Seat 4: 29af4e13 (158,204 in chips)
Seat 5: 91e73a4 (104,220 in chips)
Seat 7: 70a4c74b (120,068 in chips)
Seat 8: e923780a (105,000 in chips)
70a4c74b: posts the ante 250
c20e2bc9: posts the ante 250
91e73a4: posts the ante 250
29af4e13: posts the ante 250
Hero: posts the ante 250
b5091b5f: posts the ante 250
e923780a: posts the ante 250
70a4c74b: posts small blind 800
e923780a: posts big blind 1,600
*** HOLE CARDS ***
Dealt to c20e2bc9 
Dealt to b5091b5f 
Dealt to Hero [8c Kh]
Dealt to 29af4e13 
Dealt to 91e73a4 
Dealt to 70a4c74b 
Dealt to e923780a 
c20e2bc9: folds
b5091b5f: raises 1,600 to 3,200
Hero: folds
29af4e13: calls 3,200
91e73a4: folds
70a4c74b: folds
e923780a: folds
*** FLOP *** [4c 5c Tc]
b5091b5f: checks
29af4e13: checks
*** TURN *** [4c 5c Tc] [2d]
b5091b5f: bets 10,550
29af4e13: raises 10,550 to 21,100
b5091b5f: calls 10,550
*** RIVER *** [4c 5c Tc 2d] [4h]
b5091b5f: checks
29af4e13: bets 31,175
b5091b5f: calls 31,175
29af4e13: shows [Kc 2c] (King High Flush)
b5091b5f: shows [3d Ad] (Fives-High Straight)
*** SHOWDOWN ***
29af4e13 collected 115,100 from pot
*** SUMMARY ***
Total pot 115,100 | Rake 0 | Jackpot 0 | Bingo 0 | Fortune 0 | Tax 0
Board [4c 5c Tc 2d 4h]
Seat 1: c20e2bc9 folded before Flop
Seat 2: b5091b5f showed [3d Ad] and lost with Fives-High Straight
Seat 3: Hero folded before Flop
Seat 4: 29af4e13 showed [Kc 2c] and won (115,100) with King High Flush
Seat 5: 91e73a4 (button) folded before Flop
Seat 7: 70a4c74b (small blind) folded before Flop
Seat 8: e923780a (big blind) folded before Flop


Poker Hand #TM2930042986: Tournament #124619339, $21.60 Big Game Hold'em No Limit - Level5(800/1,600) - 2024/02/05 15:29:37
Table '484' 8-max Seat #4 is the button
Seat 1: c20e2bc9 (98,200 in chips)
Seat 2: b5091b5f (100,750 in chips)
Seat 3: Hero (220,602 in chips)
Seat 4: 29af4e13 (148,554 in chips)
Seat 5: 91e73a4 (105,270 in chips)
Seat 7: 70a4c74b (127,668 in chips)
Seat 8: e923780a (105,250 in chips)
70a4c74b: posts the ante 250
c20e2bc9: posts the ante 250
29af4e13: posts the ante 250
91e73a4: posts the ante 250
Hero: posts the ante 250
b5091b5f: posts the ante 250
e923780a: posts the ante 250
91e73a4: posts small blind 800
70a4c74b: posts big blind 1,600
*** HOLE CARDS ***
Dealt to c20e2bc9 
Dealt to b5091b5f 
Dealt to Hero [Js 7c]
Dealt to 29af4e13 
Dealt to 91e73a4 
Dealt to 70a4c74b 
Dealt to e923780a 
e923780a: folds
c20e2bc9: folds
b5091b5f: folds
Hero: folds
29af4e13: calls 1,600
91e73a4: folds
70a4c74b: checks
*** FLOP *** [2h 3h Ks]
70a4c74b: checks
29af4e13: bets 5,750
70a4c74b: calls 5,750
*** TURN *** [2h 3h Ks] [Jc]
70a4c74b: checks
29af4e13: bets 140,954 and is all-in
70a4c74b: folds
Uncalled bet (140,954) returned to 29af4e13
*** SHOWDOWN ***
29af4e13 collected 17,250 from pot
*** SUMMARY ***
Total pot 17,250 | Rake 0 | Jackpot 0 | Bingo 0 | Fortune 0 | Tax 0
Board [2h 3h Ks Jc]
Seat 1: c20e2bc9 folded before Flop
Seat 2: b5091b5f folded before Flop
Seat 3: Hero folded before Flop
Seat 4: 29af4e13 (button) won (17,250)
Seat 5: 91e73a4 (small blind) folded before Flop
Seat 7: 70a4c74b (big blind) folded on the Turn
Seat 8: e923780a folded before Flop


Poker Hand #TM2930042855: Tournament #124619339, $21.60 Big Game Hold'em No Limit - Level5(800/1,600) - 2024/02/05 15:28:42
Table '484' 8-max Seat #3 is the button
Seat 1: c20e2bc9 (98,450 in chips)
Seat 2: b5091b5f (101,000 in chips)
Seat 3: Hero (220,852 in chips)
Seat 4: 29af4e13 (99,625 in chips)
Seat 5: 91e73a4 (107,120 in chips)
Seat 6: bb786e34 (45,829 in chips)
Seat 7: 70a4c74b (127,918 in chips)
Seat 8: e923780a (105,500 in chips)
70a4c74b: posts the ante 250
c20e2bc9: posts the ante 250
91e73a4: posts the ante 250
29af4e13: posts the ante 250
Hero: posts the ante 250
b5091b5f: posts the ante 250
bb786e34: posts the ante 250
e923780a: posts the ante 250
29af4e13: posts small blind 800
91e73a4: posts big blind 1,600
*** HOLE CARDS ***
Dealt to c20e2bc9 
Dealt to b5091b5f 
Dealt to Hero [Jc 5c]
Dealt to 29af4e13 
Dealt to 91e73a4 
Dealt to bb786e34 
Dealt to 70a4c74b 
Dealt to e923780a 
bb786e34: raises 43,979 to 45,579 and is all-in
70a4c74b: folds
e923780a: folds
c20e2bc9: folds
b5091b5f: folds
Hero: folds
29af4e13: raises 53,796 to 99,375 and is all-in
91e73a4: folds
Uncalled bet (53,796) returned to 29af4e13
29af4e13: shows [Ad Qs]
bb786e34: shows [2s 2d]
*** FLOP *** [7h 9s 7s]
*** TURN *** [7h 9s 7s] [3h]
*** RIVER *** [7h 9s 7s 3h] [Qh]
*** SHOWDOWN ***
29af4e13 collected 94,758 from pot
*** SUMMARY ***
Total pot 94,758 | Rake 0 | Jackpot 0 | Bingo 0 | Fortune 0 | Tax 0
Board [7h 9s 7s 3h Qh]
Seat 1: c20e2bc9 folded before Flop
Seat 2: b5091b5f folded before Flop
Seat 3: Hero (button) folded before Flop
Seat 4: 29af4e13 (small blind) showed [Ad Qs] and won (94,758) with Pair of Queens and Pair of Sevens
Seat 5: 91e73a4 (big blind) folded before Flop
Seat 6: bb786e34 showed [2s 2d] and lost with Pair of Sevens and Pair of Twos
Seat 7: 70a4c74b folded before Flop
Seat 8: e923780a folded before Flop


Poker Hand #TM2930042633: Tournament #124619339, $21.60 Big Game Hold'em No Limit - Level5(800/1,600) - 2024/02/05 15:27:07
Table '484' 8-max Seat #2 is the button
Seat 1: c20e2bc9 (98,700 in chips)
Seat 2: b5091b5f (101,250 in chips)
Seat 3: Hero (148,680 in chips)
Seat 4: 29af4e13 (101,475 in chips)
Seat 5: 91e73a4 (107,370 in chips)
Seat 6: bb786e34 (98,780 in chips)
Seat 7: 70a4c74b (144,289 in chips)
Seat 8: e923780a (105,750 in chips)
70a4c74b: posts the ante 250
c20e2bc9: posts the ante 250
91e73a4: posts the ante 250
29af4e13: posts the ante 250
b5091b5f: posts the ante 250
bb786e34: posts the ante 250
Hero: posts the ante 250
e923780a: posts the ante 250
Hero: posts small blind 800
29af4e13: posts big blind 1,600
*** HOLE CARDS ***
Dealt to c20e2bc9 
Dealt to b5091b5f 
Dealt to Hero [Tc Jc]
Dealt to 29af4e13 
Dealt to 91e73a4 
Dealt to bb786e34 
Dealt to 70a4c74b 
Dealt to e923780a 
91e73a4: folds
bb786e34: raises 2,079 to 3,679
70a4c74b: calls 3,679
e923780a: folds
c20e2bc9: folds
b5091b5f: folds
Hero: calls 2,879
29af4e13: folds
*** FLOP *** [Ac 3c 2c]
Hero: checks
bb786e34: checks
70a4c74b: checks
*** TURN *** [Ac 3c 2c] [6s]
Hero: bets 12,442
bb786e34: calls 12,442
70a4c74b: calls 12,442
*** RIVER *** [Ac 3c 2c 6s] [As]
Hero: bets 36,580
bb786e34: calls 36,580
70a4c74b: folds
Hero: shows [Tc Jc] (Ace High Flush)
bb786e34: shows [Qd Ah] (Three Aces)
*** SHOWDOWN ***
Hero collected 125,123 from pot
*** SUMMARY ***
Total pot 125,123 | Rake 0 | Jackpot 0 | Bingo 0 | Fortune 0 | Tax 0
Board [Ac 3c 2c 6s As]
Seat 1: c20e2bc9 folded before Flop
Seat 2: b5091b5f (button) folded before Flop
Seat 3: Hero (small blind) showed [Tc Jc] and won (125,123) with Ace High Flush
Seat 4: 29af4e13 (big blind) folded before Flop
Seat 5: 91e73a4 folded before Flop
Seat 6: bb786e34 showed [Qd Ah] and lost with Three Aces
Seat 7: 70a4c74b folded on the River
Seat 8: e923780a folded before Flop


Poker Hand #TM2930042434: Tournament #124619339, $21.60 Big Game Hold'em No Limit - Level5(800/1,600) - 2024/02/05 15:25:49
Table '484' 8-max Seat #1 is the button
Seat 1: c20e2bc9 (98,950 in chips)
Seat 2: b5091b5f (102,300 in chips)
Seat 3: Hero (152,130 in chips)
Seat 4: 29af4e13 (101,725 in chips)
Seat 5: 91e73a4 (107,620 in chips)
Seat 6: bb786e34 (99,030 in chips)
Seat 7: 70a4c74b (144,539 in chips)
Seat 8: e923780a (100,000 in chips)
70a4c74b: posts the ante 250
c20e2bc9: posts the ante 250
91e73a4: posts the ante 250
29af4e13: posts the ante 250
bb786e34: posts the ante 250
Hero: posts the ante 250
b5091b5f: posts the ante 250
e923780a: posts the ante 250
b5091b5f: posts small blind 800
Hero: posts big blind 1,600
*** HOLE CARDS ***
Dealt to c20e2bc9 
Dealt to b5091b5f 
Dealt to Hero [5h Kh]
Dealt to 29af4e13 
Dealt to 91e73a4 
Dealt to bb786e34 
Dealt to 70a4c74b 
Dealt to e923780a 
29af4e13: folds
91e73a4: folds
bb786e34: folds
70a4c74b: folds
e923780a: raises 1,600 to 3,200
c20e2bc9: folds
b5091b5f: folds
Hero: calls 1,600
*** FLOP *** [6d 6s Ts]
Hero: checks
e923780a: bets 3,036
Hero: folds
Uncalled bet (3,036) returned to e923780a
*** SHOWDOWN ***
e923780a collected 9,200 from pot
*** SUMMARY ***
Total pot 9,200 | Rake 0 | Jackpot 0 | Bingo 0 | Fortune 0 | Tax 0
Board [6d 6s Ts]
Seat 1: c20e2bc9 (button) folded before Flop
Seat 2: b5091b5f (small blind) folded before Flop
Seat 3: Hero (big blind) folded on the Flop
Seat 4: 29af4e13 folded before Flop
Seat 5: 91e73a4 folded before Flop
Seat 6: bb786e34 folded before Flop
Seat 7: 70a4c74b folded before Flop
Seat 8: e923780a won (9,200)


Poker Hand #TM2930042376: Tournament #124619339, $21.60 Big Game Hold'em No Limit - Level5(800/1,600) - 2024/02/05 15:25:28
Table '484' 8-max Seat #7 is the button
Seat 1: c20e2bc9 (100,000 in chips)
Seat 2: b5091b5f (100,000 in chips)
Seat 3: Hero (152,380 in chips)
Seat 4: 29af4e13 (101,975 in chips)
Seat 5: 91e73a4 (107,870 in chips)
Seat 6: bb786e34 (99,280 in chips)
Seat 7: 70a4c74b (144,789 in chips)
70a4c74b: posts the ante 250
c20e2bc9: posts the ante 250
91e73a4: posts the ante 250
29af4e13: posts the ante 250
bb786e34: posts the ante 250
Hero: posts the ante 250
b5091b5f: posts the ante 250
c20e2bc9: posts small blind 800
b5091b5f: posts big blind 1,600
*** HOLE CARDS ***
Dealt to c20e2bc9 
Dealt to b5091b5f 
Dealt to Hero [Jd 2s]
Dealt to 29af4e13 
Dealt to 91e73a4 
Dealt to bb786e34 
Dealt to 70a4c74b 
Hero: folds
29af4e13: folds
91e73a4: folds
bb786e34: folds
70a4c74b: folds
c20e2bc9: folds
Uncalled bet (800) returned to b5091b5f
*** SHOWDOWN ***
b5091b5f collected 3,350 from pot
*** SUMMARY ***
Total pot 3,350 | Rake 0 | Jackpot 0 | Bingo 0 | Fortune 0 | Tax 0
Seat 1: c20e2bc9 (small blind) folded before Flop
Seat 2: b5091b5f (big blind) collected (3,350)
Seat 3: Hero folded before Flop
Seat 4: 29af4e13 folded before Flop
Seat 5: 91e73a4 folded before Flop
Seat 6: bb786e34 folded before Flop
Seat 7: 70a4c74b (button) folded before Flop


Poker Hand #TM2929865827: Tournament #124619339, $21.60 Big Game Hold'em No Limit - Level4(600/1,200) - 2024/02/05 15:24:33
Table '194' 8-max Seat #2 is the button
Seat 1: 1d5dba87 (218,495 in chips)
Seat 2: cd77579 (95,920 in chips)
Seat 4: 91ad986a (92,703 in chips)
Seat 5: aa6fea55 (8,183 in chips)
Seat 6: Hero (152,560 in chips)
Seat 7: f3185c4 (203,554 in chips)
Seat 8: b1c03012 (193,795 in chips)
cd77579: posts the ante 180
1d5dba87: posts the ante 180
Hero: posts the ante 180
aa6fea55: posts the ante 180
b1c03012: posts the ante 180
f3185c4: posts the ante 180
91ad986a: posts the ante 180
91ad986a: posts small blind 600
aa6fea55: posts big blind 1,200
*** HOLE CARDS ***
Dealt to 1d5dba87 
Dealt to cd77579 
Dealt to 91ad986a 
Dealt to aa6fea55 
Dealt to Hero [2d 8c]
Dealt to f3185c4 
Dealt to b1c03012 
Hero: folds
f3185c4: raises 1,440 to 2,640
b1c03012: folds
1d5dba87: folds
cd77579: folds
91ad986a: folds
aa6fea55: calls 1,440
*** FLOP *** [6c 5d 7h]
aa6fea55: bets 5,363 and is all-in
f3185c4: calls 5,363
aa6fea55: shows [9d 4d] (Nine-High)
f3185c4: shows [Kd Jc] (King-High)
*** TURN *** [6c 5d 7h] [3s]
*** RIVER *** [6c 5d 7h 3s] [5c]
*** SHOWDOWN ***
aa6fea55 collected 17,866 from pot
*** SUMMARY ***
Total pot 17,866 | Rake 0 | Jackpot 0 | Bingo 0 | Fortune 0 | Tax 0
Board [6c 5d 7h 3s 5c]
Seat 1: 1d5dba87 folded before Flop
Seat 2: cd77579 (button) folded before Flop
Seat 4: 91ad986a (small blind) folded before Flop
Seat 5: aa6fea55 (big blind) showed [9d 4d] and won (17,866) with Sevens-High Straight
Seat 6: Hero folded before Flop
Seat 7: f3185c4 showed [Kd Jc] and lost with Pair of Fives
Seat 8: b1c03012 folded before Flop


Poker Hand #TM2929865628: Tournament #124619339, $21.60 Big Game Hold'em No Limit - Level4(600/1,200) - 2024/02/05 15:23:06
Table '194' 8-max Seat #1 is the button
Seat 1: 1d5dba87 (178,437 in chips)
Seat 2: cd77579 (96,700 in chips)
Seat 3: 6074221f (32,152 in chips)
Seat 4: 91ad986a (92,883 in chips)
Seat 5: aa6fea55 (8,363 in chips)
Seat 6: Hero (152,740 in chips)
Seat 7: f3185c4 (209,960 in chips)
Seat 8: b1c03012 (193,975 in chips)
cd77579: posts the ante 180
1d5dba87: posts the ante 180
Hero: posts the ante 180
6074221f: posts the ante 180
aa6fea55: posts the ante 180
b1c03012: posts the ante 180
f3185c4: posts the ante 180
91ad986a: posts the ante 180
cd77579: posts small blind 600
6074221f: posts big blind 1,200
*** HOLE CARDS ***
Dealt to 1d5dba87 
Dealt to cd77579 
Dealt to 6074221f 
Dealt to 91ad986a 
Dealt to aa6fea55 
Dealt to Hero [8h Qs]
Dealt to f3185c4 
Dealt to b1c03012 
91ad986a: folds
aa6fea55: folds
Hero: folds
f3185c4: raises 1,440 to 2,640
b1c03012: folds
1d5dba87: calls 2,640
cd77579: folds
6074221f: calls 1,440
*** FLOP *** [5h 5c Jc]
6074221f: checks
f3185c4: bets 3,586
1d5dba87: calls 3,586
6074221f: calls 3,586
*** TURN *** [5h 5c Jc] [4d]
6074221f: bets 25,746 and is all-in
f3185c4: folds
1d5dba87: calls 25,746
6074221f: shows [6c 7c] (Pair of Fives)
1d5dba87: shows [Ac 3c] (Pair of Fives)
*** RIVER *** [5h 5c Jc 4d] [Ad]
*** SHOWDOWN ***
1d5dba87 collected 72,210 from pot
*** SUMMARY ***
Total pot 72,210 | Rake 0 | Jackpot 0 | Bingo 0 | Fortune 0 | Tax 0
Board [5h 5c Jc 4d Ad]
Seat 1: 1d5dba87 (button) showed [Ac 3c] and won (72,210) with Pair of Aces and Pair of Fives
Seat 2: cd77579 (small blind) folded before Flop
Seat 3: 6074221f (big blind) showed [6c 7c] and lost with Pair of Fives
Seat 4: 91ad986a folded before Flop
Seat 5: aa6fea55 folded before Flop
Seat 6: Hero folded before Flop
Seat 7: f3185c4 folded on the Turn
Seat 8: b1c03012 folded before Flop


Poker Hand #TM2929865455: Tournament #124619339, $21.60 Big Game Hold'em No Limit - Level4(600/1,200) - 2024/02/05 15:21:50
Table '194' 8-max Seat #8 is the button
Seat 1: 1d5dba87 (179,217 in chips)
Seat 2: cd77579 (98,080 in chips)
Seat 3: 6074221f (33,532 in chips)
Seat 4: 91ad986a (93,063 in chips)
Seat 5: aa6fea55 (8,543 in chips)
Seat 6: Hero (150,700 in chips)
Seat 7: f3185c4 (207,920 in chips)
Seat 8: b1c03012 (194,155 in chips)
cd77579: posts the ante 180
1d5dba87: posts the ante 180
Hero: posts the ante 180
6074221f: posts the ante 180
aa6fea55: posts the ante 180
b1c03012: posts the ante 180
f3185c4: posts the ante 180
91ad986a: posts the ante 180
1d5dba87: posts small blind 600
cd77579: posts big blind 1,200
*** HOLE CARDS ***
Dealt to 1d5dba87 
Dealt to cd77579 
Dealt to 6074221f 
Dealt to 91ad986a 
Dealt to aa6fea55 
Dealt to Hero [Td Ah]
Dealt to f3185c4 
Dealt to b1c03012 
6074221f: calls 1,200
91ad986a: folds
aa6fea55: folds
Hero: raises 7,200 to 8,400
f3185c4: calls 8,400
b1c03012: folds
1d5dba87: folds
cd77579: folds
6074221f: folds
*** FLOP *** [8c 8s 5c]
Hero: checks
f3185c4: checks
*** TURN *** [8c 8s 5c] [5s]
Hero: bets 4,800
f3185c4: calls 4,800
*** RIVER *** [8c 8s 5c 5s] [4h]
Hero: checks
f3185c4: checks
Hero: shows [Td Ah] (Pair of Eights and Pair of Fives)
f3185c4: shows [Qd Ac] (Pair of Eights and Pair of Fives)
*** SHOWDOWN ***
f3185c4 collected 15,420 from pot
Hero collected 15,420 from pot
*** SUMMARY ***
Total pot 30,840 | Rake 0 | Jackpot 0 | Bingo 0 | Fortune 0 | Tax 0
Board [8c 8s 5c 5s 4h]
Seat 1: 1d5dba87 (small blind) folded before Flop
Seat 2: cd77579 (big blind) folded before Flop
Seat 3: 6074221f folded before Flop
Seat 4: 91ad986a folded before Flop
Seat 5: aa6fea55 folded before Flop
Seat 6: Hero showed [Td Ah] and won (15,420) with Pair of Eights and Pair of Fives
Seat 7: f3185c4 showed [Qd Ac] and won (15,420) with Pair of Eights and Pair of Fives
Seat 8: b1c03012 (button) folded before Flop


Poker Hand #TM2929865323: Tournament #124619339, $21.60 Big Game Hold'em No Limit - Level4(600/1,200) - 2024/02/05 15:20:56
Table '194' 8-max Seat #7 is the button
Seat 1: 1d5dba87 (175,557 in chips)
Seat 2: cd77579 (99,460 in chips)
Seat 3: 6074221f (33,712 in chips)
Seat 4: 91ad986a (93,243 in chips)
Seat 5: aa6fea55 (8,723 in chips)
Seat 6: Hero (150,880 in chips)
Seat 7: f3185c4 (208,100 in chips)
Seat 8: b1c03012 (195,535 in chips)
cd77579: posts the ante 180
1d5dba87: posts the ante 180
Hero: posts the ante 180
6074221f: posts the ante 180
aa6fea55: posts the ante 180
b1c03012: posts the ante 180
f3185c4: posts the ante 180
91ad986a: posts the ante 180
b1c03012: posts small blind 600
1d5dba87: posts big blind 1,200
*** HOLE CARDS ***
Dealt to 1d5dba87 
Dealt to cd77579 
Dealt to 6074221f 
Dealt to 91ad986a 
Dealt to aa6fea55 
Dealt to Hero [7d 2h]
Dealt to f3185c4 
Dealt to b1c03012 
cd77579: calls 1,200
6074221f: folds
91ad986a: folds
aa6fea55: folds
Hero: folds
f3185c4: folds
b1c03012: calls 600
1d5dba87: checks
*** FLOP *** [7c 8h 7s]
b1c03012: checks
1d5dba87: checks
cd77579: checks
*** TURN *** [7c 8h 7s] [Td]
b1c03012: checks
1d5dba87: bets 1,666
cd77579: folds
b1c03012: folds
Uncalled bet (1,666) returned to 1d5dba87
*** SHOWDOWN ***
1d5dba87 collected 5,040 from pot
*** SUMMARY ***
Total pot 5,040 | Rake 0 | Jackpot 0 | Bingo 0 | Fortune 0 | Tax 0
Board [7c 8h 7s Td]
Seat 1: 1d5dba87 (big blind) won (5,040)
Seat 2: cd77579 folded on the Turn
Seat 3: 6074221f folded before Flop
Seat 4: 91ad986a folded before Flop
Seat 5: aa6fea55 folded before Flop
Seat 6: Hero folded before Flop
Seat 7: f3185c4 (button) folded before Flop
Seat 8: b1c03012 (small blind) folded on the Turn


Poker Hand #TM2929865058: Tournament #124619339, $21.60 Big Game Hold'em No Limit - Level4(600/1,200) - 2024/02/05 15:19:04
Table '194' 8-max Seat #6 is the button
Seat 1: 1d5dba87 (175,737 in chips)
Seat 2: cd77579 (99,640 in chips)
Seat 3: 6074221f (43,012 in chips)
Seat 4: 91ad986a (95,823 in chips)
Seat 5: aa6fea55 (8,903 in chips)
Seat 6: Hero (115,780 in chips)
Seat 7: f3185c4 (210,680 in chips)
Seat 8: b1c03012 (215,635 in chips)
cd77579: posts the ante 180
1d5dba87: posts the ante 180
Hero: posts the ante 180
6074221f: posts the ante 180
aa6fea55: posts the ante 180
b1c03012: posts the ante 180
91ad986a: posts the ante 180
f3185c4: posts the ante 180
f3185c4: posts small blind 600
b1c03012: posts big blind 1,200
*** HOLE CARDS ***
Dealt to 1d5dba87 
Dealt to cd77579 
Dealt to 6074221f 
Dealt to 91ad986a 
Dealt to aa6fea55 
Dealt to Hero [7h 7s]
Dealt to f3185c4 
Dealt to b1c03012 
1d5dba87: folds
cd77579: folds
6074221f: raises 1,200 to 2,400
91ad986a: calls 2,400
aa6fea55: folds
Hero: calls 2,400
f3185c4: calls 1,800
b1c03012: calls 1,200
*** FLOP *** [4d 4c 4s]
f3185c4: checks
b1c03012: checks
6074221f: bets 6,720
91ad986a: folds
Hero: calls 6,720
f3185c4: folds
b1c03012: calls 6,720
*** TURN *** [4d 4c 4s] [3s]
b1c03012: checks
6074221f: checks
Hero: checks
*** RIVER *** [4d 4c 4s 3s] [2c]
b1c03012: bets 10,800
6074221f: folds
Hero: calls 10,800
b1c03012: shows [3h 3c] (Fours Full over Treys)
Hero: shows [7h 7s] (Fours Full over Sevens)
*** SHOWDOWN ***
Hero collected 55,200 from pot
*** SUMMARY ***
Total pot 55,200 | Rake 0 | Jackpot 0 | Bingo 0 | Fortune 0 | Tax 0
Board [4d 4c 4s 3s 2c]
Seat 1: 1d5dba87 folded before Flop
Seat 2: cd77579 folded before Flop
Seat 3: 6074221f folded on the River
Seat 4: 91ad986a folded on the Flop
Seat 5: aa6fea55 folded before Flop
Seat 6: Hero (button) showed [7h 7s] and won (55,200) with Fours Full over Sevens
Seat 7: f3185c4 (small blind) folded on the Flop
Seat 8: b1c03012 (big blind) showed [3h 3c] and lost with Fours Full over Treys


Poker Hand #TM2929864662: Tournament #124619339, $21.60 Big Game Hold'em No Limit - Level4(600/1,200) - 2024/02/05 15:16:14
Table '194' 8-max Seat #5 is the button
Seat 1: 1d5dba87 (175,917 in chips)
Seat 2: cd77579 (99,820 in chips)
Seat 3: 6074221f (51,112 in chips)
Seat 4: 91ad986a (96,003 in chips)
Seat 5: aa6fea55 (105,783 in chips)
Seat 6: Hero (123,880 in chips)
Seat 7: f3185c4 (96,880 in chips)
Seat 8: 4c9f2879 (156,722 in chips)
cd77579: posts the ante 180
1d5dba87: posts the ante 180
4c9f2879: posts the ante 180
Hero: posts the ante 180
6074221f: posts the ante 180
aa6fea55: posts the ante 180
91ad986a: posts the ante 180
f3185c4: posts the ante 180
Hero: posts small blind 600
f3185c4: posts big blind 1,200
*** HOLE CARDS ***
Dealt to 1d5dba87 
Dealt to cd77579 
Dealt to 6074221f 
Dealt to 91ad986a 
Dealt to aa6fea55 
Dealt to Hero [Th 8h]
Dealt to f3185c4 
Dealt to 4c9f2879 
4c9f2879: folds
1d5dba87: folds
cd77579: folds
6074221f: raises 1,200 to 2,400
91ad986a: folds
aa6fea55: calls 2,400
Hero: calls 1,800
f3185c4: calls 1,200
*** FLOP *** [3h Jh 4c]
Hero: checks
f3185c4: checks
6074221f: bets 5,520
aa6fea55: calls 5,520
Hero: calls 5,520
f3185c4: calls 5,520
*** TURN *** [3h Jh 4c] [5s]
Hero: checks
f3185c4: checks
6074221f: checks
aa6fea55: bets 13,248
Hero: folds
f3185c4: calls 13,248
6074221f: folds
*** RIVER *** [3h Jh 4c 5s] [7d]
f3185c4: bets 75,532 and is all-in
aa6fea55: calls 75,532
f3185c4: shows [7h 7s] (Three Sevens)
aa6fea55: shows [4s 4d] (Three Fours)
6074221f: shows [Qh Js] (Pair of Jacks)
*** SHOWDOWN ***
f3185c4 collected 210,680 from pot
*** SUMMARY ***
Total pot 210,680 | Rake 0 | Jackpot 0 | Bingo 0 | Fortune 0 | Tax 0
Board [3h Jh 4c 5s 7d]
Seat 1: 1d5dba87 folded before Flop
Seat 2: cd77579 folded before Flop
Seat 3: 6074221f folded on the Turn
Seat 4: 91ad986a folded before Flop
Seat 5: aa6fea55 (button) showed [4s 4d] and lost with Three Fours
Seat 6: Hero (small blind) folded on the Turn
Seat 7: f3185c4 (big blind) showed [7h 7s] and won (210,680) with Three Sevens
Seat 8: 4c9f2879 folded before Flop


Poker Hand #TM2929864527: Tournament #124619339, $21.60 Big Game Hold'em No Limit - Level4(600/1,200) - 2024/02/05 15:15:15
Table '194' 8-max Seat #4 is the button
Seat 1: 1d5dba87 (176,097 in chips)
Seat 2: cd77579 (100,000 in chips)
Seat 3: 6074221f (51,292 in chips)
Seat 4: 91ad986a (96,183 in chips)
Seat 5: aa6fea55 (108,603 in chips)
Seat 6: Hero (117,340 in chips)
Seat 7: f3185c4 (99,700 in chips)
Seat 8: 4c9f2879 (156,902 in chips)
cd77579: posts the ante 180
1d5dba87: posts the ante 180
4c9f2879: posts the ante 180
Hero: posts the ante 180
6074221f: posts the ante 180
aa6fea55: posts the ante 180
91ad986a: posts the ante 180
f3185c4: posts the ante 180
aa6fea55: posts small blind 600
Hero: posts big blind 1,200
*** HOLE CARDS ***
Dealt to 1d5dba87 
Dealt to cd77579 
Dealt to 6074221f 
Dealt to 91ad986a 
Dealt to aa6fea55 
Dealt to Hero [Qh Qc]
Dealt to f3185c4 
Dealt to 4c9f2879 
f3185c4: raises 1,440 to 2,640
4c9f2879: folds
1d5dba87: folds
cd77579: folds
6074221f: folds
91ad986a: folds
aa6fea55: calls 2,040
Hero: raises 9,840 to 12,480
f3185c4: folds
aa6fea55: folds
Uncalled bet (9,840) returned to Hero
*** SHOWDOWN ***
Hero collected 9,360 from pot
*** SUMMARY ***
Total pot 9,360 | Rake 0 | Jackpot 0 | Bingo 0 | Fortune 0 | Tax 0
Seat 1: 1d5dba87 folded before Flop
Seat 2: cd77579 folded before Flop
Seat 3: 6074221f folded before Flop
Seat 4: 91ad986a (button) folded before Flop
Seat 5: aa6fea55 (small blind) folded before Flop
Seat 6: Hero (big blind) collected (9,360)
Seat 7: f3185c4 folded before Flop
Seat 8: 4c9f2879 folded before Flop


Poker Hand #TM2929864324: Tournament #124619339, $21.60 Big Game Hold'em No Limit - Level4(600/1,200) - 2024/02/05 15:13:37
Table '194' 8-max Seat #3 is the button
Seat 1: 1d5dba87 (176,277 in chips)
Seat 3: 6074221f (52,672 in chips)
Seat 4: 91ad986a (97,563 in chips)
Seat 5: aa6fea55 (105,123 in chips)
Seat 6: Hero (117,520 in chips)
Seat 7: f3185c4 (99,880 in chips)
Seat 8: 4c9f2879 (157,082 in chips)
1d5dba87: posts the ante 180
4c9f2879: posts the ante 180
Hero: posts the ante 180
6074221f: posts the ante 180
aa6fea55: posts the ante 180
f3185c4: posts the ante 180
91ad986a: posts the ante 180
91ad986a: posts small blind 600
aa6fea55: posts big blind 1,200
*** HOLE CARDS ***
Dealt to 1d5dba87 
Dealt to 6074221f 
Dealt to 91ad986a 
Dealt to aa6fea55 
Dealt to Hero [2d 7s]
Dealt to f3185c4 
Dealt to 4c9f2879 
Hero: folds
f3185c4: folds
4c9f2879: folds
1d5dba87: folds
6074221f: calls 1,200
91ad986a: calls 600
aa6fea55: checks
*** FLOP *** [Tc 3c 8s]
91ad986a: checks
aa6fea55: checks
6074221f: checks
*** TURN *** [Tc 3c 8s] [Kd]
91ad986a: checks
aa6fea55: checks
6074221f: checks
*** RIVER *** [Tc 3c 8s Kd] [4h]
91ad986a: checks
aa6fea55: checks
6074221f: checks
91ad986a: shows [7h Qs] (King-High)
aa6fea55: shows [Jh 8d] (Pair of Eights)
6074221f: shows [Qd 5d] (King-High)
*** SHOWDOWN ***
aa6fea55 collected 4,860 from pot
*** SUMMARY ***
Total pot 4,860 | Rake 0 | Jackpot 0 | Bingo 0 | Fortune 0 | Tax 0
Board [Tc 3c 8s Kd 4h]
Seat 1: 1d5dba87 folded before Flop
Seat 3: 6074221f (button) showed [Qd 5d] and lost with King-High
Seat 4: 91ad986a (small blind) showed [7h Qs] and lost with King-High
Seat 5: aa6fea55 (big blind) showed [Jh 8d] and won (4,860) with Pair of Eights
Seat 6: Hero folded before Flop
Seat 7: f3185c4 folded before Flop
Seat 8: 4c9f2879 folded before Flop


Poker Hand #TM2929864198: Tournament #124619339, $21.60 Big Game Hold'em No Limit - Level3(400/800) - 2024/02/05 15:12:49
Table '194' 8-max Seat #2 is the button
Seat 1: 1d5dba87 (176,397 in chips)
Seat 2: c3a2f069 (84,314 in chips)
Seat 3: 6074221f (53,192 in chips)
Seat 4: 91ad986a (98,483 in chips)
Seat 5: aa6fea55 (105,243 in chips)
Seat 6: Hero (117,640 in chips)
Seat 7: f3185c4 (100,000 in chips)
Seat 8: 4c9f2879 (157,202 in chips)
1d5dba87: posts the ante 120
4c9f2879: posts the ante 120
Hero: posts the ante 120
6074221f: posts the ante 120
aa6fea55: posts the ante 120
c3a2f069: posts the ante 120
f3185c4: posts the ante 120
91ad986a: posts the ante 120
6074221f: posts small blind 400
91ad986a: posts big blind 800
*** HOLE CARDS ***
Dealt to 1d5dba87 
Dealt to c3a2f069 
Dealt to 6074221f 
Dealt to 91ad986a 
Dealt to aa6fea55 
Dealt to Hero [7s 5h]
Dealt to f3185c4 
Dealt to 4c9f2879 
aa6fea55: folds
Hero: folds
f3185c4: folds
4c9f2879: folds
1d5dba87: folds
c3a2f069: raises 1,200 to 2,000
6074221f: folds
91ad986a: folds
Uncalled bet (1,200) returned to c3a2f069
*** SHOWDOWN ***
c3a2f069 collected 2,960 from pot
*** SUMMARY ***
Total pot 2,960 | Rake 0 | Jackpot 0 | Bingo 0 | Fortune 0 | Tax 0
Seat 1: 1d5dba87 folded before Flop
Seat 2: c3a2f069 (button) collected (2,960)
Seat 3: 6074221f (small blind) folded before Flop
Seat 4: 91ad986a (big blind) folded before Flop
Seat 5: aa6fea55 folded before Flop
Seat 6: Hero folded before Flop
Seat 7: f3185c4 folded before Flop
Seat 8: 4c9f2879 folded before Flop


Poker Hand #TM2929863983: Tournament #124619339, $21.60 Big Game Hold'em No Limit - Level3(400/800) - 2024/02/05 15:11:16
Table '194' 8-max Seat #1 is the button
Seat 1: 1d5dba87 (126,700 in chips)
Seat 2: c3a2f069 (84,834 in chips)
Seat 3: 6074221f (54,112 in chips)
Seat 4: 91ad986a (98,603 in chips)
Seat 5: aa6fea55 (105,363 in chips)
Seat 6: Hero (119,440 in chips)
Seat 7: a04b50bb (46,097 in chips)
Seat 8: 4c9f2879 (157,322 in chips)
1d5dba87: posts the ante 120
4c9f2879: posts the ante 120
Hero: posts the ante 120
6074221f: posts the ante 120
a04b50bb: posts the ante 120
aa6fea55: posts the ante 120
91ad986a: posts the ante 120
c3a2f069: posts the ante 120
c3a2f069: posts small blind 400
6074221f: posts big blind 800
*** HOLE CARDS ***
Dealt to 1d5dba87 
Dealt to c3a2f069 
Dealt to 6074221f 
Dealt to 91ad986a 
Dealt to aa6fea55 
Dealt to Hero [9s Kd]
Dealt to a04b50bb 
Dealt to 4c9f2879 
91ad986a: folds
aa6fea55: folds
Hero: raises 880 to 1,680
a04b50bb: raises 4,140 to 5,820
4c9f2879: folds
1d5dba87: calls 5,820
c3a2f069: folds
6074221f: folds
Hero: folds
*** FLOP *** [3d Js Qc]
a04b50bb: bets 6,347
1d5dba87: calls 6,347
*** TURN *** [3d Js Qc] [2c]
a04b50bb: bets 11,552
1d5dba87: calls 11,552
*** RIVER *** [3d Js Qc 2c] [Tc]
a04b50bb: bets 22,258 and is all-in
1d5dba87: calls 22,258
a04b50bb: shows [Qd As] (Pair of Queens)
1d5dba87: shows [Jc Kc] (King High Flush)
*** SHOWDOWN ***
1d5dba87 collected 95,794 from pot
*** SUMMARY ***
Total pot 95,794 | Rake 0 | Jackpot 0 | Bingo 0 | Fortune 0 | Tax 0
Board [3d Js Qc 2c Tc]
Seat 1: 1d5dba87 (button) showed [Jc Kc] and won (95,794) with King High Flush
Seat 2: c3a2f069 (small blind) folded before Flop
Seat 3: 6074221f (big blind) folded before Flop
Seat 4: 91ad986a folded before Flop
Seat 5: aa6fea55 folded before Flop
Seat 6: Hero folded before Flop
Seat 7: a04b50bb showed [Qd As] and lost with Pair of Queens
Seat 8: 4c9f2879 folded before Flop


Poker Hand #TM2929863940: Tournament #124619339, $21.60 Big Game Hold'em No Limit - Level3(400/800) - 2024/02/05 15:10:58
Table '194' 8-max Seat #8 is the button
Seat 1: 1d5dba87 (127,220 in chips)
Seat 2: c3a2f069 (83,594 in chips)
Seat 3: 6074221f (54,232 in chips)
Seat 4: 91ad986a (98,723 in chips)
Seat 5: aa6fea55 (105,483 in chips)
Seat 6: Hero (119,560 in chips)
Seat 7: a04b50bb (46,217 in chips)
Seat 8: 4c9f2879 (157,442 in chips)
4c9f2879: posts the ante 120
1d5dba87: posts the ante 120
Hero: posts the ante 120
6074221f: posts the ante 120
a04b50bb: posts the ante 120
aa6fea55: posts the ante 120
91ad986a: posts the ante 120
c3a2f069: posts the ante 120
1d5dba87: posts small blind 400
c3a2f069: posts big blind 800
*** HOLE CARDS ***
Dealt to 1d5dba87 
Dealt to c3a2f069 
Dealt to 6074221f 
Dealt to 91ad986a 
Dealt to aa6fea55 
Dealt to Hero [2c 6s]
Dealt to a04b50bb 
Dealt to 4c9f2879 
6074221f: folds
91ad986a: folds
aa6fea55: folds
Hero: folds
a04b50bb: folds
4c9f2879: folds
1d5dba87: folds
Uncalled bet (400) returned to c3a2f069
*** SHOWDOWN ***
c3a2f069 collected 1,760 from pot
*** SUMMARY ***
Total pot 1,760 | Rake 0 | Jackpot 0 | Bingo 0 | Fortune 0 | Tax 0
Seat 1: 1d5dba87 (small blind) folded before Flop
Seat 2: c3a2f069 (big blind) collected (1,760)
Seat 3: 6074221f folded before Flop
Seat 4: 91ad986a folded before Flop
Seat 5: aa6fea55 folded before Flop
Seat 6: Hero folded before Flop
Seat 7: a04b50bb folded before Flop
Seat 8: 4c9f2879 (button) folded before Flop


Poker Hand #TM2929863750: Tournament #124619339, $21.60 Big Game Hold'em No Limit - Level3(400/800) - 2024/02/05 15:09:37
Table '194' 8-max Seat #7 is the button
Seat 1: 1d5dba87 (128,140 in chips)
Seat 2: c3a2f069 (83,714 in chips)
Seat 3: 6074221f (54,352 in chips)
Seat 4: 91ad986a (98,843 in chips)
Seat 5: aa6fea55 (105,603 in chips)
Seat 6: Hero (119,680 in chips)
Seat 7: a04b50bb (95,839 in chips)
Seat 8: 4c9f2879 (106,300 in chips)
1d5dba87: posts the ante 120
4c9f2879: posts the ante 120
Hero: posts the ante 120
6074221f: posts the ante 120
a04b50bb: posts the ante 120
aa6fea55: posts the ante 120
91ad986a: posts the ante 120
c3a2f069: posts the ante 120
4c9f2879: posts small blind 400
1d5dba87: posts big blind 800
*** HOLE CARDS ***
Dealt to 1d5dba87 
Dealt to c3a2f069 
Dealt to 6074221f 
Dealt to 91ad986a 
Dealt to aa6fea55 
Dealt to Hero [3d Ts]
Dealt to a04b50bb 
Dealt to 4c9f2879 
c3a2f069: folds
6074221f: folds
91ad986a: folds
aa6fea55: folds
Hero: folds
a04b50bb: raises 800 to 1,600
4c9f2879: raises 4,800 to 6,400
1d5dba87: folds
a04b50bb: raises 14,560 to 20,960
4c9f2879: calls 14,560
*** FLOP *** [6s Qd 7s]
4c9f2879: checks
a04b50bb: bets 12,668
4c9f2879: calls 12,668
*** TURN *** [6s Qd 7s] [8s]
4c9f2879: checks
a04b50bb: checks
*** RIVER *** [6s Qd 7s 8s] [7d]
4c9f2879: bets 15,874
a04b50bb: calls 15,874
4c9f2879: shows [Jc Jh] (Pair of Jacks and Pair of Sevens)
a04b50bb: shows [As Kh] (Pair of Sevens)
*** SHOWDOWN ***
4c9f2879 collected 100,764 from pot
*** SUMMARY ***
Total pot 100,764 | Rake 0 | Jackpot 0 | Bingo 0 | Fortune 0 | Tax 0
Board [6s Qd 7s 8s 7d]
Seat 1: 1d5dba87 (big blind) folded before Flop
Seat 2: c3a2f069 folded before Flop
Seat 3: 6074221f folded before Flop
Seat 4: 91ad986a folded before Flop
Seat 5: aa6fea55 folded before Flop
Seat 6: Hero folded before Flop
Seat 7: a04b50bb (button) showed [As Kh] and lost with Pair of Sevens
Seat 8: 4c9f2879 (small blind) showed [Jc Jh] and won (100,764) with Pair of Jacks and Pair of Sevens


Poker Hand #TM2929863642: Tournament #124619339, $21.60 Big Game Hold'em No Limit - Level3(400/800) - 2024/02/05 15:08:43
Table '194' 8-max Seat #6 is the button
Seat 1: 1d5dba87 (128,260 in chips)
Seat 2: c3a2f069 (83,834 in chips)
Seat 3: 6074221f (54,472 in chips)
Seat 4: 91ad986a (105,363 in chips)
Seat 5: aa6fea55 (105,723 in chips)
Seat 6: Hero (119,800 in chips)
Seat 7: a04b50bb (96,359 in chips)
Seat 8: 4c9f2879 (98,660 in chips)
1d5dba87: posts the ante 120
4c9f2879: posts the ante 120
Hero: posts the ante 120
6074221f: posts the ante 120
aa6fea55: posts the ante 120
a04b50bb: posts the ante 120
91ad986a: posts the ante 120
c3a2f069: posts the ante 120
a04b50bb: posts small blind 400
4c9f2879: posts big blind 800
*** HOLE CARDS ***
Dealt to 1d5dba87 
Dealt to c3a2f069 
Dealt to 6074221f 
Dealt to 91ad986a 
Dealt to aa6fea55 
Dealt to Hero [Jc 6d]
Dealt to a04b50bb 
Dealt to 4c9f2879 
1d5dba87: folds
c3a2f069: folds
6074221f: folds
91ad986a: raises 960 to 1,760
aa6fea55: folds
Hero: folds
a04b50bb: folds
4c9f2879: raises 4,640 to 6,400
91ad986a: calls 4,640
*** FLOP *** [Qs Ts 9d]
4c9f2879: bets 4,248
91ad986a: folds
Uncalled bet (4,248) returned to 4c9f2879
*** SHOWDOWN ***
4c9f2879 collected 14,160 from pot
*** SUMMARY ***
Total pot 14,160 | Rake 0 | Jackpot 0 | Bingo 0 | Fortune 0 | Tax 0
Board [Qs Ts 9d]
Seat 1: 1d5dba87 folded before Flop
Seat 2: c3a2f069 folded before Flop
Seat 3: 6074221f folded before Flop
Seat 4: 91ad986a folded on the Flop
Seat 5: aa6fea55 folded before Flop
Seat 6: Hero (button) folded before Flop
Seat 7: a04b50bb (small blind) folded before Flop
Seat 8: 4c9f2879 (big blind) won (14,160)


Poker Hand #TM2929863476: Tournament #124619339, $21.60 Big Game Hold'em No Limit - Level3(400/800) - 2024/02/05 15:07:33
Table '194' 8-max Seat #5 is the button
Seat 1: 1d5dba87 (128,380 in chips)
Seat 2: c3a2f069 (83,954 in chips)
Seat 3: 6074221f (57,392 in chips)
Seat 4: 91ad986a (100,523 in chips)
Seat 5: aa6fea55 (105,843 in chips)
Seat 6: Hero (120,320 in chips)
Seat 7: a04b50bb (97,279 in chips)
Seat 8: 4c9f2879 (98,780 in chips)
1d5dba87: posts the ante 120
4c9f2879: posts the ante 120
Hero: posts the ante 120
6074221f: posts the ante 120
aa6fea55: posts the ante 120
a04b50bb: posts the ante 120
91ad986a: posts the ante 120
c3a2f069: posts the ante 120
Hero: posts small blind 400
a04b50bb: posts big blind 800
*** HOLE CARDS ***
Dealt to 1d5dba87 
Dealt to c3a2f069 
Dealt to 6074221f 
Dealt to 91ad986a 
Dealt to aa6fea55 
Dealt to Hero [4h 8h]
Dealt to a04b50bb 
Dealt to 4c9f2879 
4c9f2879: folds
1d5dba87: folds
c3a2f069: folds
6074221f: calls 800
91ad986a: raises 2,000 to 2,800
aa6fea55: folds
Hero: folds
a04b50bb: folds
6074221f: calls 2,000
*** FLOP *** [6s 6c 5d]
6074221f: checks
91ad986a: bets 2,561
6074221f: folds
Uncalled bet (2,561) returned to 91ad986a
*** SHOWDOWN ***
91ad986a collected 7,760 from pot
*** SUMMARY ***
Total pot 7,760 | Rake 0 | Jackpot 0 | Bingo 0 | Fortune 0 | Tax 0
Board [6s 6c 5d]
Seat 1: 1d5dba87 folded before Flop
Seat 2: c3a2f069 folded before Flop
Seat 3: 6074221f folded on the Flop
Seat 4: 91ad986a won (7,760)
Seat 5: aa6fea55 (button) folded before Flop
Seat 6: Hero (small blind) folded before Flop
Seat 7: a04b50bb (big blind) folded before Flop
Seat 8: 4c9f2879 folded before Flop


Poker Hand #TM2929863320: Tournament #124619339, $21.60 Big Game Hold'em No Limit - Level3(400/800) - 2024/02/05 15:06:19
Table '194' 8-max Seat #4 is the button
Seat 1: 1d5dba87 (128,500 in chips)
Seat 2: c3a2f069 (89,694 in chips)
Seat 3: 6074221f (57,512 in chips)
Seat 4: 91ad986a (91,263 in chips)
Seat 5: aa6fea55 (106,363 in chips)
Seat 6: Hero (121,240 in chips)
Seat 7: a04b50bb (97,399 in chips)
Seat 8: 4c9f2879 (100,500 in chips)
1d5dba87: posts the ante 120
4c9f2879: posts the ante 120
Hero: posts the ante 120
6074221f: posts the ante 120
a04b50bb: posts the ante 120
aa6fea55: posts the ante 120
91ad986a: posts the ante 120
c3a2f069: posts the ante 120
aa6fea55: posts small blind 400
Hero: posts big blind 800
*** HOLE CARDS ***
Dealt to 1d5dba87 
Dealt to c3a2f069 
Dealt to 6074221f 
Dealt to 91ad986a 
Dealt to aa6fea55 
Dealt to Hero [4d Jh]
Dealt to a04b50bb 
Dealt to 4c9f2879 
a04b50bb: folds
4c9f2879: raises 800 to 1,600
1d5dba87: folds
c3a2f069: raises 4,020 to 5,620
6074221f: folds
91ad986a: raises 9,100 to 14,720
aa6fea55: folds
Hero: folds
4c9f2879: folds
c3a2f069: folds
Uncalled bet (9,100) returned to 91ad986a
*** SHOWDOWN ***
91ad986a collected 15,000 from pot
*** SUMMARY ***
Total pot 15,000 | Rake 0 | Jackpot 0 | Bingo 0 | Fortune 0 | Tax 0
Seat 1: 1d5dba87 folded before Flop
Seat 2: c3a2f069 folded before Flop
Seat 3: 6074221f folded before Flop
Seat 4: 91ad986a (button) collected (15,000)
Seat 5: aa6fea55 (small blind) folded before Flop
Seat 6: Hero (big blind) folded before Flop
Seat 7: a04b50bb folded before Flop
Seat 8: 4c9f2879 folded before Flop


Poker Hand #TM2929863039: Tournament #124619339, $21.60 Big Game Hold'em No Limit - Level3(400/800) - 2024/02/05 15:04:11
Table '194' 8-max Seat #3 is the button
Seat 1: 1d5dba87 (128,620 in chips)
Seat 2: c3a2f069 (89,814 in chips)
Seat 3: 6074221f (78,212 in chips)
Seat 4: 91ad986a (91,783 in chips)
Seat 5: aa6fea55 (107,283 in chips)
Seat 6: Hero (96,940 in chips)
Seat 7: a04b50bb (99,199 in chips)
Seat 8: 4c9f2879 (100,620 in chips)
1d5dba87: posts the ante 120
4c9f2879: posts the ante 120
Hero: posts the ante 120
6074221f: posts the ante 120
a04b50bb: posts the ante 120
aa6fea55: posts the ante 120
c3a2f069: posts the ante 120
91ad986a: posts the ante 120
91ad986a: posts small blind 400
aa6fea55: posts big blind 800
*** HOLE CARDS ***
Dealt to 1d5dba87 
Dealt to c3a2f069 
Dealt to 6074221f 
Dealt to 91ad986a 
Dealt to aa6fea55 
Dealt to Hero [Ad Jd]
Dealt to a04b50bb 
Dealt to 4c9f2879 
Hero: raises 880 to 1,680
a04b50bb: calls 1,680
4c9f2879: folds
1d5dba87: folds
c3a2f069: folds
6074221f: raises 5,400 to 7,080
91ad986a: folds
aa6fea55: folds
Hero: calls 5,400
a04b50bb: folds
*** FLOP *** [Td 8s 6h]
Hero: checks
6074221f: checks
*** TURN *** [Td 8s 6h] [8d]
Hero: checks
6074221f: bets 13,500
Hero: calls 13,500
*** RIVER *** [Td 8s 6h 8d] [2s]
Hero: checks
6074221f: checks
Hero: shows [Ad Jd] (Pair of Eights)
6074221f: shows [Qd Kc] (Pair of Eights)
*** SHOWDOWN ***
Hero collected 45,000 from pot
*** SUMMARY ***
Total pot 45,000 | Rake 0 | Jackpot 0 | Bingo 0 | Fortune 0 | Tax 0
Board [Td 8s 6h 8d 2s]
Seat 1: 1d5dba87 folded before Flop
Seat 2: c3a2f069 folded before Flop
Seat 3: 6074221f (button) showed [Qd Kc] and lost with Pair of Eights
Seat 4: 91ad986a (small blind) folded before Flop
Seat 5: aa6fea55 (big blind) folded before Flop
Seat 6: Hero showed [Ad Jd] and won (45,000) with Pair of Eights
Seat 7: a04b50bb folded before Flop
Seat 8: 4c9f2879 folded before Flop


Poker Hand #TM2929862829: Tournament #124619339, $21.60 Big Game Hold'em No Limit - Level3(400/800) - 2024/02/05 15:02:17
Table '194' 8-max Seat #2 is the button
Seat 1: 1d5dba87 (128,740 in chips)
Seat 2: c3a2f069 (89,934 in chips)
Seat 3: 6074221f (78,732 in chips)
Seat 4: 91ad986a (110,276 in chips)
Seat 5: aa6fea55 (87,670 in chips)
Seat 6: Hero (97,060 in chips)
Seat 7: a04b50bb (99,319 in chips)
Seat 8: 4c9f2879 (100,740 in chips)
1d5dba87: posts the ante 120
4c9f2879: posts the ante 120
Hero: posts the ante 120
6074221f: posts the ante 120
a04b50bb: posts the ante 120
aa6fea55: posts the ante 120
c3a2f069: posts the ante 120
91ad986a: posts the ante 120
6074221f: posts small blind 400
91ad986a: posts big blind 800
*** HOLE CARDS ***
Dealt to 1d5dba87 
Dealt to c3a2f069 
Dealt to 6074221f 
Dealt to 91ad986a 
Dealt to aa6fea55 
Dealt to Hero [2c 7h]
Dealt to a04b50bb 
Dealt to 4c9f2879 
aa6fea55: raises 1,200 to 2,000
Hero: folds
a04b50bb: folds
4c9f2879: folds
1d5dba87: folds
c3a2f069: folds
6074221f: folds
91ad986a: calls 1,200
*** FLOP *** [9h 7d 3c]
91ad986a: checks
aa6fea55: bets 5,360
91ad986a: calls 5,360
*** TURN *** [9h 7d 3c] [3s]
91ad986a: checks
aa6fea55: checks
*** RIVER *** [9h 7d 3c 3s] [8d]
91ad986a: bets 11,013
aa6fea55: calls 11,013
91ad986a: shows [Tc Ac] (Pair of Treys)
aa6fea55: shows [Qc 8c] (Pair of Eights and Pair of Treys)
*** SHOWDOWN ***
aa6fea55 collected 38,106 from pot
*** SUMMARY ***
Total pot 38,106 | Rake 0 | Jackpot 0 | Bingo 0 | Fortune 0 | Tax 0
Board [9h 7d 3c 3s 8d]
Seat 1: 1d5dba87 folded before Flop
Seat 2: c3a2f069 (button) folded before Flop
Seat 3: 6074221f (small blind) folded before Flop
Seat 4: 91ad986a (big blind) showed [Tc Ac] and lost with Pair of Treys
Seat 5: aa6fea55 showed [Qc 8c] and won (38,106) with Pair of Eights and Pair of Treys
Seat 6: Hero folded before Flop
Seat 7: a04b50bb folded before Flop
Seat 8: 4c9f2879 folded before Flop


Poker Hand #TM2929862676: Tournament #124619339, $21.60 Big Game Hold'em No Limit - Level3(400/800) - 2024/02/05 14:54:47
Table '194' 8-max Seat #1 is the button
Seat 1: 1d5dba87 (111,065 in chips)
Seat 2: c3a2f069 (90,454 in chips)
Seat 3: 6074221f (95,287 in chips)
Seat 4: 91ad986a (110,396 in chips)
Seat 5: aa6fea55 (87,790 in chips)
Seat 6: Hero (97,180 in chips)
Seat 7: a04b50bb (99,439 in chips)
Seat 8: 4c9f2879 (100,860 in chips)
1d5dba87: posts the ante 120
4c9f2879: posts the ante 120
Hero: posts the ante 120
6074221f: posts the ante 120
a04b50bb: posts the ante 120
aa6fea55: posts the ante 120
91ad986a: posts the ante 120
c3a2f069: posts the ante 120
c3a2f069: posts small blind 400
6074221f: posts big blind 800
*** HOLE CARDS ***
Dealt to 1d5dba87 
Dealt to c3a2f069 
Dealt to 6074221f 
Dealt to 91ad986a 
Dealt to aa6fea55 
Dealt to Hero [6d Ac]
Dealt to a04b50bb 
Dealt to 4c9f2879 
91ad986a: folds
aa6fea55: folds
Hero: folds
a04b50bb: folds
4c9f2879: folds
1d5dba87: raises 800 to 1,600
c3a2f069: folds
6074221f: calls 800
*** FLOP *** [7c Jh Kc]
6074221f: checks
1d5dba87: bets 1,366
6074221f: raises 5,469 to 6,835
1d5dba87: calls 5,469
*** TURN *** [7c Jh Kc] [9c]
6074221f: checks
1d5dba87: bets 8,000
6074221f: calls 8,000
*** RIVER *** [7c Jh Kc 9c] [Ah]
6074221f: checks
1d5dba87: bets 19,515
6074221f: folds
Uncalled bet (19,515) returned to 1d5dba87
*** SHOWDOWN ***
1d5dba87 collected 34,230 from pot
*** SUMMARY ***
Total pot 34,230 | Rake 0 | Jackpot 0 | Bingo 0 | Fortune 0 | Tax 0
Board [7c Jh Kc 9c Ah]
Seat 1: 1d5dba87 (button) won (34,230)
Seat 2: c3a2f069 (small blind) folded before Flop
Seat 3: 6074221f (big blind) folded on the River
Seat 4: 91ad986a folded before Flop
Seat 5: aa6fea55 folded before Flop
Seat 6: Hero folded before Flop
Seat 7: a04b50bb folded before Flop
Seat 8: 4c9f2879 folded before Flop


Poker Hand #TM2929862549: Tournament #124619339, $21.60 Big Game Hold'em No Limit - Level2(300/600) - 2024/02/05 14:53:27
Table '194' 8-max Seat #8 is the button
Seat 1: 1d5dba87 (111,455 in chips)
Seat 2: c3a2f069 (86,996 in chips)
Seat 3: d1c5fe50 (100,058 in chips)
Seat 4: 91ad986a (113,014 in chips)
Seat 5: aa6fea55 (87,880 in chips)
Seat 6: Hero (97,270 in chips)
Seat 7: a04b50bb (99,529 in chips)
Seat 8: 4c9f2879 (100,950 in chips)
4c9f2879: posts the ante 90
1d5dba87: posts the ante 90
d1c5fe50: posts the ante 90
Hero: posts the ante 90
a04b50bb: posts the ante 90
aa6fea55: posts the ante 90
91ad986a: posts the ante 90
c3a2f069: posts the ante 90
1d5dba87: posts small blind 300
c3a2f069: posts big blind 600
*** HOLE CARDS ***
Dealt to 1d5dba87 
Dealt to c3a2f069 
Dealt to d1c5fe50 
Dealt to 91ad986a 
Dealt to aa6fea55 
Dealt to Hero [9c 3h]
Dealt to a04b50bb 
Dealt to 4c9f2879 
d1c5fe50: folds
91ad986a: raises 720 to 1,320
aa6fea55: folds
Hero: folds
a04b50bb: folds
4c9f2879: folds
1d5dba87: folds
c3a2f069: calls 720
*** FLOP *** [Qc 7s Kh]
c3a2f069: checks
91ad986a: bets 1,208
c3a2f069: calls 1,208
*** TURN *** [Qc 7s Kh] [7c]
c3a2f069: checks
91ad986a: checks
*** RIVER *** [Qc 7s Kh 7c] [5d]
c3a2f069: bets 3,900
91ad986a: folds
Uncalled bet (3,900) returned to c3a2f069
c3a2f069: shows [7d] (Three Sevens)
*** SHOWDOWN ***
c3a2f069 collected 6,076 from pot
*** SUMMARY ***
Total pot 6,076 | Rake 0 | Jackpot 0 | Bingo 0 | Fortune 0 | Tax 0
Board [Qc 7s Kh 7c 5d]
Seat 1: 1d5dba87 (small blind) folded before Flop
Seat 2: c3a2f069 (big blind) showed [7d] and won (6,076)
Seat 3: d1c5fe50 folded before Flop
Seat 4: 91ad986a folded on the River
Seat 5: aa6fea55 folded before Flop
Seat 6: Hero folded before Flop
Seat 7: a04b50bb folded before Flop
Seat 8: 4c9f2879 (button) folded before Flop


Poker Hand #TM2929862399: Tournament #124619339, $21.60 Big Game Hold'em No Limit - Level2(300/600) - 2024/02/05 14:51:45
Table '194' 8-max Seat #7 is the button
Seat 1: 1d5dba87 (99,820 in chips)
Seat 2: c3a2f069 (87,086 in chips)
Seat 3: d1c5fe50 (100,148 in chips)
Seat 4: 91ad986a (123,809 in chips)
Seat 5: aa6fea55 (87,970 in chips)
Seat 6: Hero (97,360 in chips)
Seat 7: a04b50bb (99,619 in chips)
Seat 8: 4c9f2879 (101,340 in chips)
1d5dba87: posts the ante 90
4c9f2879: posts the ante 90
d1c5fe50: posts the ante 90
Hero: posts the ante 90
a04b50bb: posts the ante 90
aa6fea55: posts the ante 90
91ad986a: posts the ante 90
c3a2f069: posts the ante 90
4c9f2879: posts small blind 300
1d5dba87: posts big blind 600
*** HOLE CARDS ***
Dealt to 1d5dba87 
Dealt to c3a2f069 
Dealt to d1c5fe50 
Dealt to 91ad986a 
Dealt to aa6fea55 
Dealt to Hero [2c Qh]
Dealt to a04b50bb 
Dealt to 4c9f2879 
c3a2f069: folds
d1c5fe50: folds
91ad986a: raises 720 to 1,320
aa6fea55: folds
Hero: folds
a04b50bb: folds
4c9f2879: folds
1d5dba87: calls 720
*** FLOP *** [6s 4s Td]
1d5dba87: checks
91ad986a: checks
*** TURN *** [6s 4s Td] [Kd]
1d5dba87: checks
91ad986a: bets 2,416
1d5dba87: raises 6,969 to 9,385
91ad986a: calls 6,969
*** RIVER *** [6s 4s Td Kd] [7d]
1d5dba87: checks
91ad986a: checks
1d5dba87: shows [7c As] (Pair of Sevens)
91ad986a: shows [Js Ac] (Ace-High)
*** SHOWDOWN ***
1d5dba87 collected 22,430 from pot
*** SUMMARY ***
Total pot 22,430 | Rake 0 | Jackpot 0 | Bingo 0 | Fortune 0 | Tax 0
Board [6s 4s Td Kd 7d]
Seat 1: 1d5dba87 (big blind) showed [7c As] and won (22,430) with Pair of Sevens
Seat 2: c3a2f069 folded before Flop
Seat 3: d1c5fe50 folded before Flop
Seat 4: 91ad986a showed [Js Ac] and lost with Ace-High
Seat 5: aa6fea55 folded before Flop
Seat 6: Hero folded before Flop
Seat 7: a04b50bb (button) folded before Flop
Seat 8: 4c9f2879 (small blind) folded before Flop


Poker Hand #TM2929862314: Tournament #124619339, $21.60 Big Game Hold'em No Limit - Level2(300/600) - 2024/02/05 14:50:57
Table '194' 8-max Seat #6 is the button
Seat 1: 1d5dba87 (99,910 in chips)
Seat 2: c3a2f069 (87,176 in chips)
Seat 3: d1c5fe50 (100,238 in chips)
Seat 4: 91ad986a (123,899 in chips)
Seat 5: aa6fea55 (88,060 in chips)
Seat 6: Hero (98,830 in chips)
Seat 7: a04b50bb (100,009 in chips)
Seat 8: 4c9f2879 (99,030 in chips)
1d5dba87: posts the ante 90
4c9f2879: posts the ante 90
d1c5fe50: posts the ante 90
Hero: posts the ante 90
aa6fea55: posts the ante 90
a04b50bb: posts the ante 90
91ad986a: posts the ante 90
c3a2f069: posts the ante 90
a04b50bb: posts small blind 300
4c9f2879: posts big blind 600
*** HOLE CARDS ***
Dealt to 1d5dba87 
Dealt to c3a2f069 
Dealt to d1c5fe50 
Dealt to 91ad986a 
Dealt to aa6fea55 
Dealt to Hero [Qc 3c]
Dealt to a04b50bb 
Dealt to 4c9f2879 
1d5dba87: folds
c3a2f069: folds
d1c5fe50: folds
91ad986a: folds
aa6fea55: folds
Hero: raises 780 to 1,380
a04b50bb: folds
4c9f2879: raises 5,820 to 7,200
Hero: folds
Uncalled bet (5,820) returned to 4c9f2879
*** SHOWDOWN ***
4c9f2879 collected 3,780 from pot
*** SUMMARY ***
Total pot 3,780 | Rake 0 | Jackpot 0 | Bingo 0 | Fortune 0 | Tax 0
Seat 1: 1d5dba87 folded before Flop
Seat 2: c3a2f069 folded before Flop
Seat 3: d1c5fe50 folded before Flop
Seat 4: 91ad986a folded before Flop
Seat 5: aa6fea55 folded before Flop
Seat 6: Hero (button) folded before Flop
Seat 7: a04b50bb (small blind) folded before Flop
Seat 8: 4c9f2879 (big blind) collected (3,780)


Poker Hand #TM2929862260: Tournament #124619339, $21.60 Big Game Hold'em No Limit - Level2(300/600) - 2024/02/05 14:50:20
Table '194' 8-max Seat #5 is the button
Seat 1: 1d5dba87 (100,000 in chips)
Seat 2: c3a2f069 (85,646 in chips)
Seat 3: d1c5fe50 (100,328 in chips)
Seat 4: 91ad986a (123,989 in chips)
Seat 5: aa6fea55 (88,150 in chips)
Seat 6: Hero (99,220 in chips)
Seat 7: a04b50bb (100,699 in chips)
Seat 8: 4c9f2879 (99,120 in chips)
1d5dba87: posts the ante 90
4c9f2879: posts the ante 90
d1c5fe50: posts the ante 90
Hero: posts the ante 90
aa6fea55: posts the ante 90
a04b50bb: posts the ante 90
91ad986a: posts the ante 90
c3a2f069: posts the ante 90
Hero: posts small blind 300
a04b50bb: posts big blind 600
*** HOLE CARDS ***
Dealt to 1d5dba87 
Dealt to c3a2f069 
Dealt to d1c5fe50 
Dealt to 91ad986a 
Dealt to aa6fea55 
Dealt to Hero [6s Qc]
Dealt to a04b50bb 
Dealt to 4c9f2879 
4c9f2879: folds
1d5dba87: folds
c3a2f069: raises 1,200 to 1,800
d1c5fe50: folds
91ad986a: folds
aa6fea55: folds
Hero: folds
a04b50bb: folds
Uncalled bet (1,200) returned to c3a2f069
*** SHOWDOWN ***
c3a2f069 collected 2,220 from pot
*** SUMMARY ***
Total pot 2,220 | Rake 0 | Jackpot 0 | Bingo 0 | Fortune 0 | Tax 0
Seat 1: 1d5dba87 folded before Flop
Seat 2: c3a2f069 collected (2,220)
Seat 3: d1c5fe50 folded before Flop
Seat 4: 91ad986a folded before Flop
Seat 5: aa6fea55 (button) folded before Flop
Seat 6: Hero (small blind) folded before Flop
Seat 7: a04b50bb (big blind) folded before Flop
Seat 8: 4c9f2879 folded before Flop


Poker Hand #TM2929862114: Tournament #124619339, $21.60 Big Game Hold'em No Limit - Level2(300/600) - 2024/02/05 14:48:48
Table '194' 8-max Seat #4 is the button
Seat 1: 8ce366ae (98,150 in chips)
Seat 2: c3a2f069 (85,736 in chips)
Seat 3: d1c5fe50 (113,458 in chips)
Seat 4: 91ad986a (109,419 in chips)
Seat 5: aa6fea55 (88,540 in chips)
Seat 6: Hero (99,910 in chips)
Seat 7: a04b50bb (100,789 in chips)
Seat 8: 4c9f2879 (99,210 in chips)
4c9f2879: posts the ante 90
d1c5fe50: posts the ante 90
Hero: posts the ante 90
a04b50bb: posts the ante 90
aa6fea55: posts the ante 90
8ce366ae: posts the ante 90
91ad986a: posts the ante 90
c3a2f069: posts the ante 90
aa6fea55: posts small blind 300
Hero: posts big blind 600
*** HOLE CARDS ***
Dealt to 8ce366ae 
Dealt to c3a2f069 
Dealt to d1c5fe50 
Dealt to 91ad986a 
Dealt to aa6fea55 
Dealt to Hero [9c 4d]
Dealt to a04b50bb 
Dealt to 4c9f2879 
a04b50bb: folds
4c9f2879: folds
8ce366ae: folds
c3a2f069: folds
d1c5fe50: raises 600 to 1,200
91ad986a: calls 1,200
aa6fea55: folds
Hero: folds
*** FLOP *** [7c Qc 5s]
d1c5fe50: checks
91ad986a: bets 1,327
d1c5fe50: calls 1,327
*** TURN *** [7c Qc 5s] [4h]
d1c5fe50: bets 2,203
91ad986a: calls 2,203
*** RIVER *** [7c Qc 5s 4h] [3c]
d1c5fe50: bets 8,310
91ad986a: calls 8,310
d1c5fe50: shows [Kc Jh] (King-High)
91ad986a: shows [Qd 8d] (Pair of Queens)
*** SHOWDOWN ***
91ad986a collected 27,700 from pot
*** SUMMARY ***
Total pot 27,700 | Rake 0 | Jackpot 0 | Bingo 0 | Fortune 0 | Tax 0
Board [7c Qc 5s 4h 3c]
Seat 1: 8ce366ae folded before Flop
Seat 2: c3a2f069 folded before Flop
Seat 3: d1c5fe50 showed [Kc Jh] and lost with King-High
Seat 4: 91ad986a (button) showed [Qd 8d] and won (27,700) with Pair of Queens
Seat 5: aa6fea55 (small blind) folded before Flop
Seat 6: Hero (big blind) folded before Flop
Seat 7: a04b50bb folded before Flop
Seat 8: 4c9f2879 folded before Flop


Poker Hand #TM2929861881: Tournament #124619339, $21.60 Big Game Hold'em No Limit - Level2(300/600) - 2024/02/05 14:46:31
Table '194' 8-max Seat #3 is the button
Seat 1: 8ce366ae (98,240 in chips)
Seat 2: c3a2f069 (85,826 in chips)
Seat 3: d1c5fe50 (95,818 in chips)
Seat 4: 91ad986a (109,809 in chips)
Seat 5: aa6fea55 (104,140 in chips)
Seat 6: Hero (100,000 in chips)
Seat 7: a04b50bb (100,879 in chips)
Seat 8: 4c9f2879 (100,500 in chips)
4c9f2879: posts the ante 90
d1c5fe50: posts the ante 90
Hero: posts the ante 90
a04b50bb: posts the ante 90
aa6fea55: posts the ante 90
8ce366ae: posts the ante 90
c3a2f069: posts the ante 90
91ad986a: posts the ante 90
91ad986a: posts small blind 300
aa6fea55: posts big blind 600
*** HOLE CARDS ***
Dealt to 8ce366ae 
Dealt to c3a2f069 
Dealt to d1c5fe50 
Dealt to 91ad986a 
Dealt to aa6fea55 
Dealt to Hero [8c 2d]
Dealt to a04b50bb 
Dealt to 4c9f2879 
Hero: folds
a04b50bb: folds
4c9f2879: raises 600 to 1,200
8ce366ae: folds
c3a2f069: folds
d1c5fe50: calls 1,200
91ad986a: folds
aa6fea55: calls 600
*** FLOP *** [7c 8h 5d]
aa6fea55: checks
4c9f2879: checks
d1c5fe50: bets 1,525
aa6fea55: raises 4,475 to 6,000
4c9f2879: folds
d1c5fe50: calls 4,475
*** TURN *** [7c 8h 5d] [6d]
aa6fea55: checks
d1c5fe50: bets 8,310
aa6fea55: calls 8,310
*** RIVER *** [7c 8h 5d 6d] [4s]
aa6fea55: checks
d1c5fe50: bets 24,930
aa6fea55: folds
Uncalled bet (24,930) returned to d1c5fe50
*** SHOWDOWN ***
d1c5fe50 collected 33,240 from pot
*** SUMMARY ***
Total pot 33,240 | Rake 0 | Jackpot 0 | Bingo 0 | Fortune 0 | Tax 0
Board [7c 8h 5d 6d 4s]
Seat 1: 8ce366ae folded before Flop
Seat 2: c3a2f069 folded before Flop
Seat 3: d1c5fe50 (button) won (33,240)
Seat 4: 91ad986a (small blind) folded before Flop
Seat 5: aa6fea55 (big blind) folded on the River
Seat 6: Hero folded before Flop
Seat 7: a04b50bb folded before Flop
Seat 8: 4c9f2879 folded on the Flop


