Poker Hand #TM2983242301: Tournament #127546937, Daily Big $20 Hold'em No Limit - Level16(800/1,600) - 2024/02/19 16:13:56
Table '9' 8-max Seat #7 is the button
Seat 1: e96e436d (11,575 in chips)
Seat 2: c8d79666 (42,552 in chips)
Seat 3: 441cd476 (36,050 in chips)
Seat 4: bd3ce5f0 (23,133 in chips)
Seat 5: Hero (15,029 in chips)
Seat 6: b25d5b7b (22,937 in chips)
Seat 7: 3b1b4849 (17,596 in chips)
Seat 8: bfdf8afd (18,950 in chips)
3b1b4849: posts the ante 200
b25d5b7b: posts the ante 200
Hero: posts the ante 200
bfdf8afd: posts the ante 200
441cd476: posts the ante 200
e96e436d: posts the ante 200
bd3ce5f0: posts the ante 200
c8d79666: posts the ante 200
bfdf8afd: posts small blind 800
e96e436d: posts big blind 1,600
*** HOLE CARDS ***
Dealt to e96e436d 
Dealt to c8d79666 
Dealt to 441cd476 
Dealt to bd3ce5f0 
Dealt to Hero [4d 4h]
Dealt to b25d5b7b 
Dealt to 3b1b4849 
Dealt to bfdf8afd 
c8d79666: folds
441cd476: folds
bd3ce5f0: folds
Hero: raises 13,229 to 14,829 and is all-in
b25d5b7b: folds
3b1b4849: raises 2,567 to 17,396 and is all-in
bfdf8afd: folds
e96e436d: folds
Uncalled bet (2,567) returned to 3b1b4849
3b1b4849: shows [Qc Ah]
Hero: shows [4d 4h]
*** FLOP *** [Qd 3s 8s]
*** TURN *** [Qd 3s 8s] [7s]
*** RIVER *** [Qd 3s 8s 7s] [Ad]
*** SHOWDOWN ***
3b1b4849 collected 33,658 from pot
*** SUMMARY ***
Total pot 33,658 | Rake 0 | Jackpot 0 | Bingo 0 | Fortune 0 | Tax 0
Board [Qd 3s 8s 7s Ad]
Seat 1: e96e436d (big blind) folded before Flop
Seat 2: c8d79666 folded before Flop
Seat 3: 441cd476 folded before Flop
Seat 4: bd3ce5f0 folded before Flop
Seat 5: Hero showed [4d 4h] and lost with Pair of Fours
Seat 6: b25d5b7b folded before Flop
Seat 7: 3b1b4849 (button) showed [Qc Ah] and won (33,658) with Pair of Aces and Pair of Queens
Seat 8: bfdf8afd (small blind) folded before Flop


Poker Hand #TM2983242261: Tournament #127546937, Daily Big $20 Hold'em No Limit - Level15(600/1,200) - 2024/02/19 16:13:25
Table '9' 8-max Seat #6 is the button
Seat 1: e96e436d (11,725 in chips)
Seat 2: c8d79666 (45,102 in chips)
Seat 3: 441cd476 (30,800 in chips)
Seat 4: bd3ce5f0 (23,283 in chips)
Seat 5: Hero (15,179 in chips)
Seat 6: b25d5b7b (23,087 in chips)
Seat 7: 3b1b4849 (18,346 in chips)
Seat 8: bfdf8afd (20,300 in chips)
3b1b4849: posts the ante 150
b25d5b7b: posts the ante 150
Hero: posts the ante 150
bfdf8afd: posts the ante 150
441cd476: posts the ante 150
e96e436d: posts the ante 150
bd3ce5f0: posts the ante 150
c8d79666: posts the ante 150
3b1b4849: posts small blind 600
bfdf8afd: posts big blind 1,200
*** HOLE CARDS ***
Dealt to e96e436d 
Dealt to c8d79666 
Dealt to 441cd476 
Dealt to bd3ce5f0 
Dealt to Hero [7h 5h]
Dealt to b25d5b7b 
Dealt to 3b1b4849 
Dealt to bfdf8afd 
e96e436d: folds
c8d79666: raises 1,200 to 2,400
441cd476: raises 28,250 to 30,650 and is all-in
bd3ce5f0: folds
Hero: folds
b25d5b7b: folds
3b1b4849: folds
bfdf8afd: folds
c8d79666: folds
Uncalled bet (28,250) returned to 441cd476
*** SHOWDOWN ***
441cd476 collected 7,800 from pot
*** SUMMARY ***
Total pot 7,800 | Rake 0 | Jackpot 0 | Bingo 0 | Fortune 0 | Tax 0
Seat 1: e96e436d folded before Flop
Seat 2: c8d79666 folded before Flop
Seat 3: 441cd476 collected (7,800)
Seat 4: bd3ce5f0 folded before Flop
Seat 5: Hero folded before Flop
Seat 6: b25d5b7b (button) folded before Flop
Seat 7: 3b1b4849 (small blind) folded before Flop
Seat 8: bfdf8afd (big blind) folded before Flop


Poker Hand #TM2983242218: Tournament #127546937, Daily Big $20 Hold'em No Limit - Level15(600/1,200) - 2024/02/19 16:12:53
Table '9' 8-max Seat #5 is the button
Seat 1: e96e436d (11,875 in chips)
Seat 2: c8d79666 (45,252 in chips)
Seat 3: 441cd476 (30,950 in chips)
Seat 4: bd3ce5f0 (23,433 in chips)
Seat 5: Hero (15,329 in chips)
Seat 6: b25d5b7b (23,837 in chips)
Seat 7: 3b1b4849 (16,696 in chips)
Seat 8: bfdf8afd (20,450 in chips)
3b1b4849: posts the ante 150
b25d5b7b: posts the ante 150
Hero: posts the ante 150
bfdf8afd: posts the ante 150
441cd476: posts the ante 150
e96e436d: posts the ante 150
bd3ce5f0: posts the ante 150
c8d79666: posts the ante 150
b25d5b7b: posts small blind 600
3b1b4849: posts big blind 1,200
*** HOLE CARDS ***
Dealt to e96e436d 
Dealt to c8d79666 
Dealt to 441cd476 
Dealt to bd3ce5f0 
Dealt to Hero [8s 6h]
Dealt to b25d5b7b 
Dealt to 3b1b4849 
Dealt to bfdf8afd 
bfdf8afd: folds
e96e436d: folds
c8d79666: folds
441cd476: folds
bd3ce5f0: folds
Hero: folds
b25d5b7b: folds
Uncalled bet (600) returned to 3b1b4849
*** SHOWDOWN ***
3b1b4849 collected 2,400 from pot
*** SUMMARY ***
Total pot 2,400 | Rake 0 | Jackpot 0 | Bingo 0 | Fortune 0 | Tax 0
Seat 1: e96e436d folded before Flop
Seat 2: c8d79666 folded before Flop
Seat 3: 441cd476 folded before Flop
Seat 4: bd3ce5f0 folded before Flop
Seat 5: Hero (button) folded before Flop
Seat 6: b25d5b7b (small blind) folded before Flop
Seat 7: 3b1b4849 (big blind) collected (2,400)
Seat 8: bfdf8afd folded before Flop


Poker Hand #TM2983242182: Tournament #127546937, Daily Big $20 Hold'em No Limit - Level15(600/1,200) - 2024/02/19 16:12:22
Table '9' 8-max Seat #4 is the button
Seat 1: e96e436d (12,025 in chips)
Seat 2: c8d79666 (45,402 in chips)
Seat 3: 441cd476 (31,100 in chips)
Seat 4: bd3ce5f0 (23,583 in chips)
Seat 5: Hero (16,079 in chips)
Seat 6: b25d5b7b (25,187 in chips)
Seat 7: 3b1b4849 (13,846 in chips)
Seat 8: bfdf8afd (20,600 in chips)
3b1b4849: posts the ante 150
b25d5b7b: posts the ante 150
Hero: posts the ante 150
bfdf8afd: posts the ante 150
441cd476: posts the ante 150
e96e436d: posts the ante 150
bd3ce5f0: posts the ante 150
c8d79666: posts the ante 150
Hero: posts small blind 600
b25d5b7b: posts big blind 1,200
*** HOLE CARDS ***
Dealt to e96e436d 
Dealt to c8d79666 
Dealt to 441cd476 
Dealt to bd3ce5f0 
Dealt to Hero [Kh 7d]
Dealt to b25d5b7b 
Dealt to 3b1b4849 
Dealt to bfdf8afd 
3b1b4849: raises 12,496 to 13,696 and is all-in
bfdf8afd: folds
e96e436d: folds
c8d79666: folds
441cd476: folds
bd3ce5f0: folds
Hero: folds
b25d5b7b: folds
Uncalled bet (12,496) returned to 3b1b4849
*** SHOWDOWN ***
3b1b4849 collected 4,200 from pot
*** SUMMARY ***
Total pot 4,200 | Rake 0 | Jackpot 0 | Bingo 0 | Fortune 0 | Tax 0
Seat 1: e96e436d folded before Flop
Seat 2: c8d79666 folded before Flop
Seat 3: 441cd476 folded before Flop
Seat 4: bd3ce5f0 (button) folded before Flop
Seat 5: Hero (small blind) folded before Flop
Seat 6: b25d5b7b (big blind) folded before Flop
Seat 7: 3b1b4849 collected (4,200)
Seat 8: bfdf8afd folded before Flop


Poker Hand #TM2983242149: Tournament #127546937, Daily Big $20 Hold'em No Limit - Level15(600/1,200) - 2024/02/19 16:11:59
Table '9' 8-max Seat #3 is the button
Seat 1: e96e436d (12,175 in chips)
Seat 2: c8d79666 (45,552 in chips)
Seat 3: 441cd476 (31,250 in chips)
Seat 4: bd3ce5f0 (24,333 in chips)
Seat 5: Hero (14,429 in chips)
Seat 6: b25d5b7b (25,337 in chips)
Seat 7: 3b1b4849 (13,996 in chips)
Seat 8: bfdf8afd (20,750 in chips)
3b1b4849: posts the ante 150
b25d5b7b: posts the ante 150
Hero: posts the ante 150
bfdf8afd: posts the ante 150
441cd476: posts the ante 150
e96e436d: posts the ante 150
bd3ce5f0: posts the ante 150
c8d79666: posts the ante 150
bd3ce5f0: posts small blind 600
Hero: posts big blind 1,200
*** HOLE CARDS ***
Dealt to e96e436d 
Dealt to c8d79666 
Dealt to 441cd476 
Dealt to bd3ce5f0 
Dealt to Hero [4c 9c]
Dealt to b25d5b7b 
Dealt to 3b1b4849 
Dealt to bfdf8afd 
b25d5b7b: folds
3b1b4849: folds
bfdf8afd: folds
e96e436d: folds
c8d79666: folds
441cd476: folds
bd3ce5f0: folds
Uncalled bet (600) returned to Hero
*** SHOWDOWN ***
Hero collected 2,400 from pot
*** SUMMARY ***
Total pot 2,400 | Rake 0 | Jackpot 0 | Bingo 0 | Fortune 0 | Tax 0
Seat 1: e96e436d folded before Flop
Seat 2: c8d79666 folded before Flop
Seat 3: 441cd476 (button) folded before Flop
Seat 4: bd3ce5f0 (small blind) folded before Flop
Seat 5: Hero (big blind) collected (2,400)
Seat 6: b25d5b7b folded before Flop
Seat 7: 3b1b4849 folded before Flop
Seat 8: bfdf8afd folded before Flop


Poker Hand #TM2983242085: Tournament #127546937, Daily Big $20 Hold'em No Limit - Level15(600/1,200) - 2024/02/19 16:11:03
Table '9' 8-max Seat #2 is the button
Seat 1: e96e436d (12,325 in chips)
Seat 2: c8d79666 (45,702 in chips)
Seat 3: 441cd476 (32,000 in chips)
Seat 4: bd3ce5f0 (25,683 in chips)
Seat 5: Hero (11,579 in chips)
Seat 6: b25d5b7b (25,487 in chips)
Seat 7: 3b1b4849 (14,146 in chips)
Seat 8: bfdf8afd (20,900 in chips)
3b1b4849: posts the ante 150
b25d5b7b: posts the ante 150
Hero: posts the ante 150
bfdf8afd: posts the ante 150
441cd476: posts the ante 150
e96e436d: posts the ante 150
bd3ce5f0: posts the ante 150
c8d79666: posts the ante 150
441cd476: posts small blind 600
bd3ce5f0: posts big blind 1,200
*** HOLE CARDS ***
Dealt to e96e436d 
Dealt to c8d79666 
Dealt to 441cd476 
Dealt to bd3ce5f0 
Dealt to Hero [Ks Ac]
Dealt to b25d5b7b 
Dealt to 3b1b4849 
Dealt to bfdf8afd 
Hero: raises 9,029 to 10,229
b25d5b7b: folds
3b1b4849: folds
bfdf8afd: folds
e96e436d: folds
c8d79666: folds
441cd476: folds
bd3ce5f0: folds
Uncalled bet (9,029) returned to Hero
*** SHOWDOWN ***
Hero collected 4,200 from pot
*** SUMMARY ***
Total pot 4,200 | Rake 0 | Jackpot 0 | Bingo 0 | Fortune 0 | Tax 0
Seat 1: e96e436d folded before Flop
Seat 2: c8d79666 (button) folded before Flop
Seat 3: 441cd476 (small blind) folded before Flop
Seat 4: bd3ce5f0 (big blind) folded before Flop
Seat 5: Hero collected (4,200)
Seat 6: b25d5b7b folded before Flop
Seat 7: 3b1b4849 folded before Flop
Seat 8: bfdf8afd folded before Flop


Poker Hand #TM2983242008: Tournament #127546937, Daily Big $20 Hold'em No Limit - Level15(600/1,200) - 2024/02/19 16:10:04
Table '9' 8-max Seat #1 is the button
Seat 1: e96e436d (12,475 in chips)
Seat 2: c8d79666 (46,452 in chips)
Seat 3: 441cd476 (33,350 in chips)
Seat 5: Hero (11,729 in chips)
Seat 6: b25d5b7b (28,037 in chips)
Seat 7: 3b1b4849 (14,296 in chips)
Seat 8: bfdf8afd (15,800 in chips)
3b1b4849: posts the ante 150
b25d5b7b: posts the ante 150
Hero: posts the ante 150
bfdf8afd: posts the ante 150
441cd476: posts the ante 150
e96e436d: posts the ante 150
c8d79666: posts the ante 150
c8d79666: posts small blind 600
441cd476: posts big blind 1,200
*** HOLE CARDS ***
Dealt to e96e436d 
Dealt to c8d79666 
Dealt to 441cd476 
Dealt to Hero [Qs 9h]
Dealt to b25d5b7b 
Dealt to 3b1b4849 
Dealt to bfdf8afd 
Hero: folds
b25d5b7b: raises 1,200 to 2,400
3b1b4849: folds
bfdf8afd: raises 13,250 to 15,650 and is all-in
e96e436d: folds
c8d79666: folds
441cd476: folds
b25d5b7b: folds
Uncalled bet (13,250) returned to bfdf8afd
*** SHOWDOWN ***
bfdf8afd collected 7,650 from pot
*** SUMMARY ***
Total pot 7,650 | Rake 0 | Jackpot 0 | Bingo 0 | Fortune 0 | Tax 0
Seat 1: e96e436d (button) folded before Flop
Seat 2: c8d79666 (small blind) folded before Flop
Seat 3: 441cd476 (big blind) folded before Flop
Seat 5: Hero folded before Flop
Seat 6: b25d5b7b folded before Flop
Seat 7: 3b1b4849 folded before Flop
Seat 8: bfdf8afd collected (7,650)


Poker Hand #TM2983241940: Tournament #127546937, Daily Big $20 Hold'em No Limit - Level15(600/1,200) - 2024/02/19 16:09:10
Table '9' 8-max Seat #8 is the button
Seat 1: e96e436d (13,225 in chips)
Seat 2: c8d79666 (35,640 in chips)
Seat 3: 441cd476 (33,500 in chips)
Seat 4: c800b07e (9,312 in chips)
Seat 5: Hero (11,879 in chips)
Seat 6: b25d5b7b (28,187 in chips)
Seat 7: 3b1b4849 (14,446 in chips)
Seat 8: bfdf8afd (15,950 in chips)
3b1b4849: posts the ante 150
b25d5b7b: posts the ante 150
Hero: posts the ante 150
bfdf8afd: posts the ante 150
441cd476: posts the ante 150
e96e436d: posts the ante 150
c800b07e: posts the ante 150
c8d79666: posts the ante 150
e96e436d: posts small blind 600
c8d79666: posts big blind 1,200
*** HOLE CARDS ***
Dealt to e96e436d 
Dealt to c8d79666 
Dealt to 441cd476 
Dealt to c800b07e 
Dealt to Hero [9s 5d]
Dealt to b25d5b7b 
Dealt to 3b1b4849 
Dealt to bfdf8afd 
441cd476: folds
c800b07e: raises 7,962 to 9,162 and is all-in
Hero: folds
b25d5b7b: folds
3b1b4849: folds
bfdf8afd: folds
e96e436d: folds
c8d79666: calls 7,962
c800b07e: shows [Tc Jc]
c8d79666: shows [Ac Qc]
*** FLOP *** [4d 2d 8d]
*** TURN *** [4d 2d 8d] [Ks]
*** RIVER *** [4d 2d 8d Ks] [As]
*** SHOWDOWN ***
c8d79666 collected 20,124 from pot
*** SUMMARY ***
Total pot 20,124 | Rake 0 | Jackpot 0 | Bingo 0 | Fortune 0 | Tax 0
Board [4d 2d 8d Ks As]
Seat 1: e96e436d (small blind) folded before Flop
Seat 2: c8d79666 (big blind) showed [Ac Qc] and won (20,124) with Pair of Aces
Seat 3: 441cd476 folded before Flop
Seat 4: c800b07e showed [Tc Jc] and lost with Ace-High
Seat 5: Hero folded before Flop
Seat 6: b25d5b7b folded before Flop
Seat 7: 3b1b4849 folded before Flop
Seat 8: bfdf8afd (button) folded before Flop


Poker Hand #TM2983241899: Tournament #127546937, Daily Big $20 Hold'em No Limit - Level15(600/1,200) - 2024/02/19 16:08:34
Table '9' 8-max Seat #7 is the button
Seat 1: e96e436d (14,575 in chips)
Seat 2: c8d79666 (35,790 in chips)
Seat 3: 441cd476 (33,650 in chips)
Seat 4: c800b07e (9,462 in chips)
Seat 5: Hero (12,029 in chips)
Seat 6: b25d5b7b (28,337 in chips)
Seat 7: 3b1b4849 (11,596 in chips)
Seat 8: bfdf8afd (16,700 in chips)
3b1b4849: posts the ante 150
b25d5b7b: posts the ante 150
Hero: posts the ante 150
bfdf8afd: posts the ante 150
441cd476: posts the ante 150
e96e436d: posts the ante 150
c800b07e: posts the ante 150
c8d79666: posts the ante 150
bfdf8afd: posts small blind 600
e96e436d: posts big blind 1,200
*** HOLE CARDS ***
Dealt to e96e436d 
Dealt to c8d79666 
Dealt to 441cd476 
Dealt to c800b07e 
Dealt to Hero [4h 9c]
Dealt to b25d5b7b 
Dealt to 3b1b4849 
Dealt to bfdf8afd 
c8d79666: folds
441cd476: folds
c800b07e: folds
Hero: folds
b25d5b7b: folds
3b1b4849: raises 10,246 to 11,446 and is all-in
bfdf8afd: folds
e96e436d: folds
Uncalled bet (10,246) returned to 3b1b4849
*** SHOWDOWN ***
3b1b4849 collected 4,200 from pot
*** SUMMARY ***
Total pot 4,200 | Rake 0 | Jackpot 0 | Bingo 0 | Fortune 0 | Tax 0
Seat 1: e96e436d (big blind) folded before Flop
Seat 2: c8d79666 folded before Flop
Seat 3: 441cd476 folded before Flop
Seat 4: c800b07e folded before Flop
Seat 5: Hero folded before Flop
Seat 6: b25d5b7b folded before Flop
Seat 7: 3b1b4849 (button) collected (4,200)
Seat 8: bfdf8afd (small blind) folded before Flop


Poker Hand #TM2983241815: Tournament #127546937, Daily Big $20 Hold'em No Limit - Level15(600/1,200) - 2024/02/19 16:07:31
Table '9' 8-max Seat #6 is the button
Seat 1: e96e436d (14,725 in chips)
Seat 2: c8d79666 (35,940 in chips)
Seat 3: 441cd476 (27,800 in chips)
Seat 4: c800b07e (9,612 in chips)
Seat 5: Hero (12,179 in chips)
Seat 6: b25d5b7b (28,487 in chips)
Seat 7: 3b1b4849 (12,346 in chips)
Seat 8: bfdf8afd (21,050 in chips)
3b1b4849: posts the ante 150
b25d5b7b: posts the ante 150
Hero: posts the ante 150
bfdf8afd: posts the ante 150
441cd476: posts the ante 150
e96e436d: posts the ante 150
c800b07e: posts the ante 150
c8d79666: posts the ante 150
3b1b4849: posts small blind 600
bfdf8afd: posts big blind 1,200
*** HOLE CARDS ***
Dealt to e96e436d 
Dealt to c8d79666 
Dealt to 441cd476 
Dealt to c800b07e 
Dealt to Hero [Qd Ts]
Dealt to b25d5b7b 
Dealt to 3b1b4849 
Dealt to bfdf8afd 
e96e436d: folds
c8d79666: folds
441cd476: raises 1,200 to 2,400
c800b07e: folds
Hero: folds
b25d5b7b: folds
3b1b4849: folds
bfdf8afd: calls 1,200
*** FLOP *** [6d 9s Ad]
bfdf8afd: checks
441cd476: bets 1,800
bfdf8afd: calls 1,800
*** TURN *** [6d 9s Ad] [Kd]
bfdf8afd: checks
441cd476: bets 3,600
bfdf8afd: folds
Uncalled bet (3,600) returned to 441cd476
*** SHOWDOWN ***
441cd476 collected 10,200 from pot
*** SUMMARY ***
Total pot 10,200 | Rake 0 | Jackpot 0 | Bingo 0 | Fortune 0 | Tax 0
Board [6d 9s Ad Kd]
Seat 1: e96e436d folded before Flop
Seat 2: c8d79666 folded before Flop
Seat 3: 441cd476 won (10,200)
Seat 4: c800b07e folded before Flop
Seat 5: Hero folded before Flop
Seat 6: b25d5b7b (button) folded before Flop
Seat 7: 3b1b4849 (small blind) folded before Flop
Seat 8: bfdf8afd (big blind) folded on the Turn


Poker Hand #TM2983241763: Tournament #127546937, Daily Big $20 Hold'em No Limit - Level15(600/1,200) - 2024/02/19 16:06:48
Table '9' 8-max Seat #5 is the button
Seat 1: e96e436d (14,875 in chips)
Seat 2: c8d79666 (36,090 in chips)
Seat 3: 441cd476 (27,950 in chips)
Seat 4: c800b07e (9,762 in chips)
Seat 5: Hero (12,329 in chips)
Seat 6: b25d5b7b (29,237 in chips)
Seat 7: 3b1b4849 (14,896 in chips)
Seat 8: bfdf8afd (17,000 in chips)
3b1b4849: posts the ante 150
b25d5b7b: posts the ante 150
Hero: posts the ante 150
bfdf8afd: posts the ante 150
441cd476: posts the ante 150
e96e436d: posts the ante 150
c800b07e: posts the ante 150
c8d79666: posts the ante 150
b25d5b7b: posts small blind 600
3b1b4849: posts big blind 1,200
*** HOLE CARDS ***
Dealt to e96e436d 
Dealt to c8d79666 
Dealt to 441cd476 
Dealt to c800b07e 
Dealt to Hero [Tc 4s]
Dealt to b25d5b7b 
Dealt to 3b1b4849 
Dealt to bfdf8afd 
bfdf8afd: raises 1,200 to 2,400
e96e436d: folds
c8d79666: folds
441cd476: folds
c800b07e: folds
Hero: folds
b25d5b7b: folds
3b1b4849: calls 1,200
*** FLOP *** [9h Jh 8h]
3b1b4849: checks
bfdf8afd: bets 1,584
3b1b4849: folds
Uncalled bet (1,584) returned to bfdf8afd
*** SHOWDOWN ***
bfdf8afd collected 6,600 from pot
*** SUMMARY ***
Total pot 6,600 | Rake 0 | Jackpot 0 | Bingo 0 | Fortune 0 | Tax 0
Board [9h Jh 8h]
Seat 1: e96e436d folded before Flop
Seat 2: c8d79666 folded before Flop
Seat 3: 441cd476 folded before Flop
Seat 4: c800b07e folded before Flop
Seat 5: Hero (button) folded before Flop
Seat 6: b25d5b7b (small blind) folded before Flop
Seat 7: 3b1b4849 (big blind) folded on the Flop
Seat 8: bfdf8afd won (6,600)


Poker Hand #TM2983241640: Tournament #127546937, Daily Big $20 Hold'em No Limit - Level14(500/1,000) - 2024/02/19 16:05:08
Table '9' 8-max Seat #4 is the button
Seat 1: e96e436d (15,000 in chips)
Seat 2: c8d79666 (36,215 in chips)
Seat 3: 441cd476 (28,075 in chips)
Seat 4: c800b07e (9,887 in chips)
Seat 5: Hero (8,454 in chips)
Seat 6: b25d5b7b (30,362 in chips)
Seat 7: 3b1b4849 (17,021 in chips)
Seat 8: bfdf8afd (17,125 in chips)
3b1b4849: posts the ante 125
b25d5b7b: posts the ante 125
Hero: posts the ante 125
bfdf8afd: posts the ante 125
441cd476: posts the ante 125
e96e436d: posts the ante 125
c800b07e: posts the ante 125
c8d79666: posts the ante 125
Hero: posts small blind 500
b25d5b7b: posts big blind 1,000
*** HOLE CARDS ***
Dealt to e96e436d 
Dealt to c8d79666 
Dealt to 441cd476 
Dealt to c800b07e 
Dealt to Hero [6s 9s]
Dealt to b25d5b7b 
Dealt to 3b1b4849 
Dealt to bfdf8afd 
3b1b4849: raises 1,000 to 2,000
bfdf8afd: folds
e96e436d: folds
c8d79666: folds
441cd476: folds
c800b07e: folds
Hero: calls 1,500
b25d5b7b: folds
*** FLOP *** [2d 8s Qh]
Hero: checks
3b1b4849: checks
*** TURN *** [2d 8s Qh] [Th]
Hero: checks
3b1b4849: checks
*** RIVER *** [2d 8s Qh Th] [Qd]
Hero: bets 6,329 and is all-in
3b1b4849: folds
Uncalled bet (6,329) returned to Hero
*** SHOWDOWN ***
Hero collected 6,000 from pot
*** SUMMARY ***
Total pot 6,000 | Rake 0 | Jackpot 0 | Bingo 0 | Fortune 0 | Tax 0
Board [2d 8s Qh Th Qd]
Seat 1: e96e436d folded before Flop
Seat 2: c8d79666 folded before Flop
Seat 3: 441cd476 folded before Flop
Seat 4: c800b07e (button) folded before Flop
Seat 5: Hero (small blind) won (6,000)
Seat 6: b25d5b7b (big blind) folded before Flop
Seat 7: 3b1b4849 folded on the River
Seat 8: bfdf8afd folded before Flop


Poker Hand #TM2983241594: Tournament #127546937, Daily Big $20 Hold'em No Limit - Level14(500/1,000) - 2024/02/19 16:04:22
Table '9' 8-max Seat #3 is the button
Seat 1: e96e436d (15,125 in chips)
Seat 2: c8d79666 (36,340 in chips)
Seat 3: 441cd476 (28,200 in chips)
Seat 4: c800b07e (10,512 in chips)
Seat 5: Hero (9,579 in chips)
Seat 6: b25d5b7b (30,487 in chips)
Seat 7: 3b1b4849 (17,146 in chips)
Seat 8: bfdf8afd (14,750 in chips)
3b1b4849: posts the ante 125
b25d5b7b: posts the ante 125
Hero: posts the ante 125
bfdf8afd: posts the ante 125
441cd476: posts the ante 125
e96e436d: posts the ante 125
c800b07e: posts the ante 125
c8d79666: posts the ante 125
c800b07e: posts small blind 500
Hero: posts big blind 1,000
*** HOLE CARDS ***
Dealt to e96e436d 
Dealt to c8d79666 
Dealt to 441cd476 
Dealt to c800b07e 
Dealt to Hero [7c Td]
Dealt to b25d5b7b 
Dealt to 3b1b4849 
Dealt to bfdf8afd 
b25d5b7b: folds
3b1b4849: folds
bfdf8afd: raises 1,000 to 2,000
e96e436d: folds
c8d79666: folds
441cd476: folds
c800b07e: folds
Hero: folds
Uncalled bet (1,000) returned to bfdf8afd
*** SHOWDOWN ***
bfdf8afd collected 3,500 from pot
*** SUMMARY ***
Total pot 3,500 | Rake 0 | Jackpot 0 | Bingo 0 | Fortune 0 | Tax 0
Seat 1: e96e436d folded before Flop
Seat 2: c8d79666 folded before Flop
Seat 3: 441cd476 (button) folded before Flop
Seat 4: c800b07e (small blind) folded before Flop
Seat 5: Hero (big blind) folded before Flop
Seat 6: b25d5b7b folded before Flop
Seat 7: 3b1b4849 folded before Flop
Seat 8: bfdf8afd collected (3,500)


Poker Hand #TM2983241555: Tournament #127546937, Daily Big $20 Hold'em No Limit - Level14(500/1,000) - 2024/02/19 16:03:47
Table '9' 8-max Seat #2 is the button
Seat 1: e96e436d (15,250 in chips)
Seat 2: c8d79666 (36,465 in chips)
Seat 3: 441cd476 (28,825 in chips)
Seat 4: c800b07e (11,637 in chips)
Seat 5: Hero (9,704 in chips)
Seat 6: b25d5b7b (30,612 in chips)
Seat 7: 3b1b4849 (17,271 in chips)
Seat 8: bfdf8afd (12,375 in chips)
3b1b4849: posts the ante 125
b25d5b7b: posts the ante 125
Hero: posts the ante 125
bfdf8afd: posts the ante 125
441cd476: posts the ante 125
e96e436d: posts the ante 125
c800b07e: posts the ante 125
c8d79666: posts the ante 125
441cd476: posts small blind 500
c800b07e: posts big blind 1,000
*** HOLE CARDS ***
Dealt to e96e436d 
Dealt to c8d79666 
Dealt to 441cd476 
Dealt to c800b07e 
Dealt to Hero [5s 9d]
Dealt to b25d5b7b 
Dealt to 3b1b4849 
Dealt to bfdf8afd 
Hero: folds
b25d5b7b: folds
3b1b4849: folds
bfdf8afd: raises 1,000 to 2,000
e96e436d: folds
c8d79666: folds
441cd476: folds
c800b07e: folds
Uncalled bet (1,000) returned to bfdf8afd
*** SHOWDOWN ***
bfdf8afd collected 3,500 from pot
*** SUMMARY ***
Total pot 3,500 | Rake 0 | Jackpot 0 | Bingo 0 | Fortune 0 | Tax 0
Seat 1: e96e436d folded before Flop
Seat 2: c8d79666 (button) folded before Flop
Seat 3: 441cd476 (small blind) folded before Flop
Seat 4: c800b07e (big blind) folded before Flop
Seat 5: Hero folded before Flop
Seat 6: b25d5b7b folded before Flop
Seat 7: 3b1b4849 folded before Flop
Seat 8: bfdf8afd collected (3,500)


Poker Hand #TM2983241499: Tournament #127546937, Daily Big $20 Hold'em No Limit - Level14(500/1,000) - 2024/02/19 16:02:50
Table '9' 8-max Seat #1 is the button
Seat 1: e96e436d (15,375 in chips)
Seat 2: c8d79666 (37,090 in chips)
Seat 3: 441cd476 (29,950 in chips)
Seat 4: c800b07e (11,762 in chips)
Seat 5: Hero (9,829 in chips)
Seat 6: b25d5b7b (30,737 in chips)
Seat 7: 3b1b4849 (17,396 in chips)
Seat 8: bfdf8afd (10,000 in chips)
3b1b4849: posts the ante 125
b25d5b7b: posts the ante 125
Hero: posts the ante 125
bfdf8afd: posts the ante 125
441cd476: posts the ante 125
e96e436d: posts the ante 125
c800b07e: posts the ante 125
c8d79666: posts the ante 125
c8d79666: posts small blind 500
441cd476: posts big blind 1,000
*** HOLE CARDS ***
Dealt to e96e436d 
Dealt to c8d79666 
Dealt to 441cd476 
Dealt to c800b07e 
Dealt to Hero [6s 3d]
Dealt to b25d5b7b 
Dealt to 3b1b4849 
Dealt to bfdf8afd 
c800b07e: folds
Hero: folds
b25d5b7b: folds
3b1b4849: folds
bfdf8afd: raises 8,875 to 9,875 and is all-in
e96e436d: folds
c8d79666: folds
441cd476: folds
Uncalled bet (8,875) returned to bfdf8afd
*** SHOWDOWN ***
bfdf8afd collected 3,500 from pot
*** SUMMARY ***
Total pot 3,500 | Rake 0 | Jackpot 0 | Bingo 0 | Fortune 0 | Tax 0
Seat 1: e96e436d (button) folded before Flop
Seat 2: c8d79666 (small blind) folded before Flop
Seat 3: 441cd476 (big blind) folded before Flop
Seat 4: c800b07e folded before Flop
Seat 5: Hero folded before Flop
Seat 6: b25d5b7b folded before Flop
Seat 7: 3b1b4849 folded before Flop
Seat 8: bfdf8afd collected (3,500)


Poker Hand #TM2983241413: Tournament #127546937, Daily Big $20 Hold'em No Limit - Level14(500/1,000) - 2024/02/19 16:01:30
Table '9' 8-max Seat #7 is the button
Seat 1: e96e436d (16,000 in chips)
Seat 2: c8d79666 (41,442 in chips)
Seat 3: 441cd476 (30,075 in chips)
Seat 4: c800b07e (11,887 in chips)
Seat 5: Hero (4,352 in chips)
Seat 6: b25d5b7b (30,862 in chips)
Seat 7: 3b1b4849 (17,521 in chips)
3b1b4849: posts the ante 125
b25d5b7b: posts the ante 125
Hero: posts the ante 125
441cd476: posts the ante 125
e96e436d: posts the ante 125
c800b07e: posts the ante 125
c8d79666: posts the ante 125
e96e436d: posts small blind 500
c8d79666: posts big blind 1,000
*** HOLE CARDS ***
Dealt to e96e436d 
Dealt to c8d79666 
Dealt to 441cd476 
Dealt to c800b07e 
Dealt to Hero [6h 6c]
Dealt to b25d5b7b 
Dealt to 3b1b4849 
441cd476: folds
c800b07e: folds
Hero: raises 3,227 to 4,227 and is all-in
b25d5b7b: folds
3b1b4849: folds
e96e436d: folds
c8d79666: calls 3,227
Hero: shows [6h 6c]
c8d79666: shows [Ac Kh]
*** FLOP *** [3h 7h 5s]
*** TURN *** [3h 7h 5s] [7d]
*** RIVER *** [3h 7h 5s 7d] [5h]
*** SHOWDOWN ***
Hero collected 9,829 from pot
*** SUMMARY ***
Total pot 9,829 | Rake 0 | Jackpot 0 | Bingo 0 | Fortune 0 | Tax 0
Board [3h 7h 5s 7d 5h]
Seat 1: e96e436d (small blind) folded before Flop
Seat 2: c8d79666 (big blind) showed [Ac Kh] and lost with Pair of Sevens and Pair of Fives
Seat 3: 441cd476 folded before Flop
Seat 4: c800b07e folded before Flop
Seat 5: Hero showed [6h 6c] and won (9,829) with Pair of Sevens and Pair of Sixes
Seat 6: b25d5b7b folded before Flop
Seat 7: 3b1b4849 (button) folded before Flop


Poker Hand #TM2983241319: Tournament #127546937, Daily Big $20 Hold'em No Limit - Level14(500/1,000) - 2024/02/19 15:53:58
Table '9' 8-max Seat #6 is the button
Seat 1: e96e436d (16,125 in chips)
Seat 2: c8d79666 (41,567 in chips)
Seat 3: 441cd476 (17,445 in chips)
Seat 4: c800b07e (12,012 in chips)
Seat 5: Hero (4,477 in chips)
Seat 6: b25d5b7b (30,987 in chips)
Seat 7: 3b1b4849 (18,146 in chips)
Seat 8: bff1440d (11,380 in chips)
3b1b4849: posts the ante 125
b25d5b7b: posts the ante 125
Hero: posts the ante 125
441cd476: posts the ante 125
e96e436d: posts the ante 125
bff1440d: posts the ante 125
c800b07e: posts the ante 125
c8d79666: posts the ante 125
3b1b4849: posts small blind 500
bff1440d: posts big blind 1,000
*** HOLE CARDS ***
Dealt to e96e436d 
Dealt to c8d79666 
Dealt to 441cd476 
Dealt to c800b07e 
Dealt to Hero [6s 2c]
Dealt to b25d5b7b 
Dealt to 3b1b4849 
Dealt to bff1440d 
e96e436d: folds
c8d79666: folds
441cd476: raises 1,000 to 2,000
c800b07e: folds
Hero: folds
b25d5b7b: folds
3b1b4849: folds
bff1440d: calls 1,000
*** FLOP *** [8s 4c Kd]
bff1440d: checks
441cd476: bets 1,000
bff1440d: raises 1,900 to 2,900
441cd476: calls 1,900
*** TURN *** [8s 4c Kd] [Th]
bff1440d: checks
441cd476: checks
*** RIVER *** [8s 4c Kd Th] [Js]
bff1440d: bets 6,355 and is all-in
441cd476: calls 6,355
bff1440d: shows [Ac 6c] (Ace-High)
441cd476: shows [Qd Ks] (Pair of Kings)
*** SHOWDOWN ***
441cd476 collected 24,010 from pot
*** SUMMARY ***
Total pot 24,010 | Rake 0 | Jackpot 0 | Bingo 0 | Fortune 0 | Tax 0
Board [8s 4c Kd Th Js]
Seat 1: e96e436d folded before Flop
Seat 2: c8d79666 folded before Flop
Seat 3: 441cd476 showed [Qd Ks] and won (24,010) with Pair of Kings
Seat 4: c800b07e folded before Flop
Seat 5: Hero folded before Flop
Seat 6: b25d5b7b (button) folded before Flop
Seat 7: 3b1b4849 (small blind) folded before Flop
Seat 8: bff1440d (big blind) showed [Ac 6c] and lost with Ace-High


Poker Hand #TM2983241287: Tournament #127546937, Daily Big $20 Hold'em No Limit - Level14(500/1,000) - 2024/02/19 15:53:28
Table '9' 8-max Seat #5 is the button
Seat 1: e96e436d (16,250 in chips)
Seat 2: c8d79666 (39,192 in chips)
Seat 3: 441cd476 (17,570 in chips)
Seat 4: c800b07e (12,137 in chips)
Seat 5: Hero (4,602 in chips)
Seat 6: b25d5b7b (31,612 in chips)
Seat 7: 3b1b4849 (19,271 in chips)
Seat 8: bff1440d (11,505 in chips)
3b1b4849: posts the ante 125
b25d5b7b: posts the ante 125
Hero: posts the ante 125
441cd476: posts the ante 125
e96e436d: posts the ante 125
bff1440d: posts the ante 125
c800b07e: posts the ante 125
c8d79666: posts the ante 125
b25d5b7b: posts small blind 500
3b1b4849: posts big blind 1,000
*** HOLE CARDS ***
Dealt to e96e436d 
Dealt to c8d79666 
Dealt to 441cd476 
Dealt to c800b07e 
Dealt to Hero [Tc Qs]
Dealt to b25d5b7b 
Dealt to 3b1b4849 
Dealt to bff1440d 
bff1440d: folds
e96e436d: folds
c8d79666: raises 1,000 to 2,000
441cd476: folds
c800b07e: folds
Hero: folds
b25d5b7b: folds
3b1b4849: folds
Uncalled bet (1,000) returned to c8d79666
*** SHOWDOWN ***
c8d79666 collected 3,500 from pot
*** SUMMARY ***
Total pot 3,500 | Rake 0 | Jackpot 0 | Bingo 0 | Fortune 0 | Tax 0
Seat 1: e96e436d folded before Flop
Seat 2: c8d79666 collected (3,500)
Seat 3: 441cd476 folded before Flop
Seat 4: c800b07e folded before Flop
Seat 5: Hero (button) folded before Flop
Seat 6: b25d5b7b (small blind) folded before Flop
Seat 7: 3b1b4849 (big blind) folded before Flop
Seat 8: bff1440d folded before Flop


Poker Hand #TM2983241252: Tournament #127546937, Daily Big $20 Hold'em No Limit - Level14(500/1,000) - 2024/02/19 15:52:58
Table '9' 8-max Seat #4 is the button
Seat 1: e96e436d (16,375 in chips)
Seat 2: c8d79666 (39,317 in chips)
Seat 3: 441cd476 (17,695 in chips)
Seat 4: c800b07e (12,262 in chips)
Seat 5: Hero (5,227 in chips)
Seat 6: b25d5b7b (30,237 in chips)
Seat 7: 3b1b4849 (19,396 in chips)
Seat 8: bff1440d (11,630 in chips)
3b1b4849: posts the ante 125
b25d5b7b: posts the ante 125
Hero: posts the ante 125
441cd476: posts the ante 125
e96e436d: posts the ante 125
bff1440d: posts the ante 125
c800b07e: posts the ante 125
c8d79666: posts the ante 125
Hero: posts small blind 500
b25d5b7b: posts big blind 1,000
*** HOLE CARDS ***
Dealt to e96e436d 
Dealt to c8d79666 
Dealt to 441cd476 
Dealt to c800b07e 
Dealt to Hero [2h 7d]
Dealt to b25d5b7b 
Dealt to 3b1b4849 
Dealt to bff1440d 
3b1b4849: folds
bff1440d: folds
e96e436d: folds
c8d79666: folds
441cd476: folds
c800b07e: folds
Hero: folds
Uncalled bet (500) returned to b25d5b7b
*** SHOWDOWN ***
b25d5b7b collected 2,000 from pot
*** SUMMARY ***
Total pot 2,000 | Rake 0 | Jackpot 0 | Bingo 0 | Fortune 0 | Tax 0
Seat 1: e96e436d folded before Flop
Seat 2: c8d79666 folded before Flop
Seat 3: 441cd476 folded before Flop
Seat 4: c800b07e (button) folded before Flop
Seat 5: Hero (small blind) folded before Flop
Seat 6: b25d5b7b (big blind) collected (2,000)
Seat 7: 3b1b4849 folded before Flop
Seat 8: bff1440d folded before Flop


Poker Hand #TM2983241181: Tournament #127546937, Daily Big $20 Hold'em No Limit - Level14(500/1,000) - 2024/02/19 15:52:00
Table '9' 8-max Seat #3 is the button
Seat 1: e96e436d (16,500 in chips)
Seat 2: c8d79666 (39,442 in chips)
Seat 3: 441cd476 (17,820 in chips)
Seat 4: c800b07e (12,887 in chips)
Seat 5: Hero (14,300 in chips)
Seat 6: b25d5b7b (30,362 in chips)
Seat 7: 3b1b4849 (9,073 in chips)
Seat 8: bff1440d (11,755 in chips)
3b1b4849: posts the ante 125
b25d5b7b: posts the ante 125
Hero: posts the ante 125
441cd476: posts the ante 125
e96e436d: posts the ante 125
bff1440d: posts the ante 125
c800b07e: posts the ante 125
c8d79666: posts the ante 125
c800b07e: posts small blind 500
Hero: posts big blind 1,000
*** HOLE CARDS ***
Dealt to e96e436d 
Dealt to c8d79666 
Dealt to 441cd476 
Dealt to c800b07e 
Dealt to Hero [Qh Th]
Dealt to b25d5b7b 
Dealt to 3b1b4849 
Dealt to bff1440d 
b25d5b7b: folds
3b1b4849: raises 7,948 to 8,948 and is all-in
bff1440d: folds
e96e436d: folds
c8d79666: folds
441cd476: folds
c800b07e: folds
Hero: calls 7,948
3b1b4849: shows [Ad Ts]
Hero: shows [Qh Th]
*** FLOP *** [4h 9h Ac]
*** TURN *** [4h 9h Ac] [Td]
*** RIVER *** [4h 9h Ac Td] [Ah]
*** SHOWDOWN ***
3b1b4849 collected 19,396 from pot
*** SUMMARY ***
Total pot 19,396 | Rake 0 | Jackpot 0 | Bingo 0 | Fortune 0 | Tax 0
Board [4h 9h Ac Td Ah]
Seat 1: e96e436d folded before Flop
Seat 2: c8d79666 folded before Flop
Seat 3: 441cd476 (button) folded before Flop
Seat 4: c800b07e (small blind) folded before Flop
Seat 5: Hero (big blind) showed [Qh Th] and lost with Ace High Flush
Seat 6: b25d5b7b folded before Flop
Seat 7: 3b1b4849 showed [Ad Ts] and won (19,396) with Aces Full over Tens
Seat 8: bff1440d folded before Flop


Poker Hand #TM2983241105: Tournament #127546937, Daily Big $20 Hold'em No Limit - Level13(400/800) - 2024/02/19 15:50:52
Table '9' 8-max Seat #1 is the button
Seat 1: e96e436d (7,400 in chips)
Seat 3: 441cd476 (18,320 in chips)
Seat 4: c800b07e (13,787 in chips)
Seat 5: Hero (14,400 in chips)
Seat 6: b25d5b7b (30,462 in chips)
Seat 7: 3b1b4849 (9,173 in chips)
Seat 8: bff1440d (19,155 in chips)
3b1b4849: posts the ante 100
b25d5b7b: posts the ante 100
Hero: posts the ante 100
441cd476: posts the ante 100
e96e436d: posts the ante 100
bff1440d: posts the ante 100
c800b07e: posts the ante 100
441cd476: posts small blind 400
c800b07e: posts big blind 800
*** HOLE CARDS ***
Dealt to e96e436d 
Dealt to 441cd476 
Dealt to c800b07e 
Dealt to Hero [Qd Ts]
Dealt to b25d5b7b 
Dealt to 3b1b4849 
Dealt to bff1440d 
Hero: folds
b25d5b7b: folds
3b1b4849: folds
bff1440d: raises 800 to 1,600
e96e436d: raises 5,700 to 7,300 and is all-in
441cd476: folds
c800b07e: folds
bff1440d: calls 5,700
e96e436d: shows [Ac Td]
bff1440d: shows [As 4c]
*** FLOP *** [Tc 7h Kh]
*** TURN *** [Tc 7h Kh] [4d]
*** RIVER *** [Tc 7h Kh 4d] [Kd]
*** SHOWDOWN ***
e96e436d collected 16,500 from pot
*** SUMMARY ***
Total pot 16,500 | Rake 0 | Jackpot 0 | Bingo 0 | Fortune 0 | Tax 0
Board [Tc 7h Kh 4d Kd]
Seat 1: e96e436d (button) showed [Ac Td] and won (16,500) with Pair of Kings and Pair of Tens
Seat 3: 441cd476 (small blind) folded before Flop
Seat 4: c800b07e (big blind) folded before Flop
Seat 5: Hero folded before Flop
Seat 6: b25d5b7b folded before Flop
Seat 7: 3b1b4849 folded before Flop
Seat 8: bff1440d showed [As 4c] and lost with Pair of Kings and Pair of Fours


Poker Hand #TM2983241055: Tournament #127546937, Daily Big $20 Hold'em No Limit - Level13(400/800) - 2024/02/19 15:50:09
Table '9' 8-max Seat #8 is the button
Seat 1: e96e436d (7,900 in chips)
Seat 3: 441cd476 (19,220 in chips)
Seat 4: c800b07e (13,887 in chips)
Seat 5: Hero (14,500 in chips)
Seat 6: b25d5b7b (30,562 in chips)
Seat 7: 3b1b4849 (9,273 in chips)
Seat 8: bff1440d (17,355 in chips)
3b1b4849: posts the ante 100
b25d5b7b: posts the ante 100
Hero: posts the ante 100
441cd476: posts the ante 100
bff1440d: posts the ante 100
e96e436d: posts the ante 100
c800b07e: posts the ante 100
e96e436d: posts small blind 400
441cd476: posts big blind 800
*** HOLE CARDS ***
Dealt to e96e436d 
Dealt to 441cd476 
Dealt to c800b07e 
Dealt to Hero [4h 5h]
Dealt to b25d5b7b 
Dealt to 3b1b4849 
Dealt to bff1440d 
c800b07e: folds
Hero: folds
b25d5b7b: folds
3b1b4849: folds
bff1440d: raises 800 to 1,600
e96e436d: folds
441cd476: folds
Uncalled bet (800) returned to bff1440d
*** SHOWDOWN ***
bff1440d collected 2,700 from pot
*** SUMMARY ***
Total pot 2,700 | Rake 0 | Jackpot 0 | Bingo 0 | Fortune 0 | Tax 0
Seat 1: e96e436d (small blind) folded before Flop
Seat 3: 441cd476 (big blind) folded before Flop
Seat 4: c800b07e folded before Flop
Seat 5: Hero folded before Flop
Seat 6: b25d5b7b folded before Flop
Seat 7: 3b1b4849 folded before Flop
Seat 8: bff1440d (button) collected (2,700)


Poker Hand #TM2983241000: Tournament #127546937, Daily Big $20 Hold'em No Limit - Level13(400/800) - 2024/02/19 15:49:19
Table '9' 8-max Seat #7 is the button
Seat 1: e96e436d (9,600 in chips)
Seat 2: 593fe99d (20,172 in chips)
Seat 3: 441cd476 (19,320 in chips)
Seat 4: c800b07e (13,987 in chips)
Seat 5: Hero (14,600 in chips)
Seat 6: b25d5b7b (27,862 in chips)
Seat 7: 3b1b4849 (9,373 in chips)
Seat 8: bff1440d (17,855 in chips)
3b1b4849: posts the ante 100
b25d5b7b: posts the ante 100
Hero: posts the ante 100
441cd476: posts the ante 100
593fe99d: posts the ante 100
e96e436d: posts the ante 100
bff1440d: posts the ante 100
c800b07e: posts the ante 100
bff1440d: posts small blind 400
e96e436d: posts big blind 800
*** HOLE CARDS ***
Dealt to e96e436d 
Dealt to 593fe99d 
Dealt to 441cd476 
Dealt to c800b07e 
Dealt to Hero [3s 9d]
Dealt to b25d5b7b 
Dealt to 3b1b4849 
Dealt to bff1440d 
593fe99d: folds
441cd476: folds
c800b07e: folds
Hero: folds
b25d5b7b: raises 800 to 1,600
3b1b4849: folds
bff1440d: folds
e96e436d: calls 800
*** FLOP *** [2d As Ad]
e96e436d: checks
b25d5b7b: bets 1,100
e96e436d: folds
Uncalled bet (1,100) returned to b25d5b7b
*** SHOWDOWN ***
b25d5b7b collected 4,400 from pot
*** SUMMARY ***
Total pot 4,400 | Rake 0 | Jackpot 0 | Bingo 0 | Fortune 0 | Tax 0
Board [2d As Ad]
Seat 1: e96e436d (big blind) folded on the Flop
Seat 2: 593fe99d folded before Flop
Seat 3: 441cd476 folded before Flop
Seat 4: c800b07e folded before Flop
Seat 5: Hero folded before Flop
Seat 6: b25d5b7b won (4,400)
Seat 7: 3b1b4849 (button) folded before Flop
Seat 8: bff1440d (small blind) folded before Flop


Poker Hand #TM2983240938: Tournament #127546937, Daily Big $20 Hold'em No Limit - Level13(400/800) - 2024/02/19 15:48:30
Table '9' 8-max Seat #6 is the button
Seat 1: e96e436d (9,700 in chips)
Seat 2: 593fe99d (20,272 in chips)
Seat 3: 441cd476 (21,020 in chips)
Seat 4: c800b07e (14,087 in chips)
Seat 5: Hero (11,100 in chips)
Seat 6: b25d5b7b (27,962 in chips)
Seat 7: 3b1b4849 (9,873 in chips)
Seat 8: bff1440d (18,755 in chips)
3b1b4849: posts the ante 100
b25d5b7b: posts the ante 100
Hero: posts the ante 100
441cd476: posts the ante 100
593fe99d: posts the ante 100
e96e436d: posts the ante 100
bff1440d: posts the ante 100
c800b07e: posts the ante 100
3b1b4849: posts small blind 400
bff1440d: posts big blind 800
*** HOLE CARDS ***
Dealt to e96e436d 
Dealt to 593fe99d 
Dealt to 441cd476 
Dealt to c800b07e 
Dealt to Hero [Kc As]
Dealt to b25d5b7b 
Dealt to 3b1b4849 
Dealt to bff1440d 
e96e436d: folds
593fe99d: folds
441cd476: raises 800 to 1,600
c800b07e: folds
Hero: raises 9,400 to 11,000 and is all-in
b25d5b7b: folds
3b1b4849: folds
bff1440d: folds
441cd476: folds
Uncalled bet (9,400) returned to Hero
*** SHOWDOWN ***
Hero collected 5,200 from pot
*** SUMMARY ***
Total pot 5,200 | Rake 0 | Jackpot 0 | Bingo 0 | Fortune 0 | Tax 0
Seat 1: e96e436d folded before Flop
Seat 2: 593fe99d folded before Flop
Seat 3: 441cd476 folded before Flop
Seat 4: c800b07e folded before Flop
Seat 5: Hero collected (5,200)
Seat 6: b25d5b7b (button) folded before Flop
Seat 7: 3b1b4849 (small blind) folded before Flop
Seat 8: bff1440d (big blind) folded before Flop


Poker Hand #TM2983240898: Tournament #127546937, Daily Big $20 Hold'em No Limit - Level13(400/800) - 2024/02/19 15:47:55
Table '9' 8-max Seat #5 is the button
Seat 1: e96e436d (9,800 in chips)
Seat 2: 593fe99d (20,372 in chips)
Seat 3: 441cd476 (21,120 in chips)
Seat 4: c800b07e (15,787 in chips)
Seat 5: Hero (7,600 in chips)
Seat 6: b25d5b7b (28,462 in chips)
Seat 7: 3b1b4849 (10,773 in chips)
Seat 8: bff1440d (18,855 in chips)
3b1b4849: posts the ante 100
b25d5b7b: posts the ante 100
Hero: posts the ante 100
441cd476: posts the ante 100
593fe99d: posts the ante 100
e96e436d: posts the ante 100
bff1440d: posts the ante 100
c800b07e: posts the ante 100
b25d5b7b: posts small blind 400
3b1b4849: posts big blind 800
*** HOLE CARDS ***
Dealt to e96e436d 
Dealt to 593fe99d 
Dealt to 441cd476 
Dealt to c800b07e 
Dealt to Hero [Kd Qh]
Dealt to b25d5b7b 
Dealt to 3b1b4849 
Dealt to bff1440d 
bff1440d: folds
e96e436d: folds
593fe99d: folds
441cd476: folds
c800b07e: raises 800 to 1,600
Hero: raises 5,900 to 7,500 and is all-in
b25d5b7b: folds
3b1b4849: folds
c800b07e: folds
Uncalled bet (5,900) returned to Hero
*** SHOWDOWN ***
Hero collected 5,200 from pot
*** SUMMARY ***
Total pot 5,200 | Rake 0 | Jackpot 0 | Bingo 0 | Fortune 0 | Tax 0
Seat 1: e96e436d folded before Flop
Seat 2: 593fe99d folded before Flop
Seat 3: 441cd476 folded before Flop
Seat 4: c800b07e folded before Flop
Seat 5: Hero (button) collected (5,200)
Seat 6: b25d5b7b (small blind) folded before Flop
Seat 7: 3b1b4849 (big blind) folded before Flop
Seat 8: bff1440d folded before Flop


Poker Hand #TM2983240865: Tournament #127546937, Daily Big $20 Hold'em No Limit - Level13(400/800) - 2024/02/19 15:47:24
Table '9' 8-max Seat #4 is the button
Seat 1: e96e436d (9,900 in chips)
Seat 2: 593fe99d (20,472 in chips)
Seat 3: 441cd476 (21,220 in chips)
Seat 4: c800b07e (15,887 in chips)
Seat 5: Hero (8,100 in chips)
Seat 6: b25d5b7b (27,362 in chips)
Seat 7: 3b1b4849 (10,873 in chips)
Seat 8: bff1440d (18,955 in chips)
3b1b4849: posts the ante 100
b25d5b7b: posts the ante 100
Hero: posts the ante 100
441cd476: posts the ante 100
593fe99d: posts the ante 100
e96e436d: posts the ante 100
bff1440d: posts the ante 100
c800b07e: posts the ante 100
Hero: posts small blind 400
b25d5b7b: posts big blind 800
*** HOLE CARDS ***
Dealt to e96e436d 
Dealt to 593fe99d 
Dealt to 441cd476 
Dealt to c800b07e 
Dealt to Hero [5d Jh]
Dealt to b25d5b7b 
Dealt to 3b1b4849 
Dealt to bff1440d 
3b1b4849: folds
bff1440d: folds
e96e436d: folds
593fe99d: folds
441cd476: folds
c800b07e: folds
Hero: folds
Uncalled bet (400) returned to b25d5b7b
*** SHOWDOWN ***
b25d5b7b collected 1,600 from pot
*** SUMMARY ***
Total pot 1,600 | Rake 0 | Jackpot 0 | Bingo 0 | Fortune 0 | Tax 0
Seat 1: e96e436d folded before Flop
Seat 2: 593fe99d folded before Flop
Seat 3: 441cd476 folded before Flop
Seat 4: c800b07e (button) folded before Flop
Seat 5: Hero (small blind) folded before Flop
Seat 6: b25d5b7b (big blind) collected (1,600)
Seat 7: 3b1b4849 folded before Flop
Seat 8: bff1440d folded before Flop


Poker Hand #TM2983240781: Tournament #127546937, Daily Big $20 Hold'em No Limit - Level13(400/800) - 2024/02/19 15:46:14
Table '9' 8-max Seat #3 is the button
Seat 1: e96e436d (10,000 in chips)
Seat 2: 593fe99d (17,772 in chips)
Seat 3: 441cd476 (21,320 in chips)
Seat 4: c800b07e (16,387 in chips)
Seat 5: Hero (9,800 in chips)
Seat 6: b25d5b7b (27,462 in chips)
Seat 7: 3b1b4849 (10,973 in chips)
Seat 8: bff1440d (19,055 in chips)
3b1b4849: posts the ante 100
b25d5b7b: posts the ante 100
Hero: posts the ante 100
441cd476: posts the ante 100
593fe99d: posts the ante 100
e96e436d: posts the ante 100
bff1440d: posts the ante 100
c800b07e: posts the ante 100
c800b07e: posts small blind 400
Hero: posts big blind 800
*** HOLE CARDS ***
Dealt to e96e436d 
Dealt to 593fe99d 
Dealt to 441cd476 
Dealt to c800b07e 
Dealt to Hero [7d 8c]
Dealt to b25d5b7b 
Dealt to 3b1b4849 
Dealt to bff1440d 
b25d5b7b: folds
3b1b4849: folds
bff1440d: folds
e96e436d: folds
593fe99d: raises 800 to 1,600
441cd476: folds
c800b07e: folds
Hero: calls 800
*** FLOP *** [4s Jh 6h]
Hero: checks
593fe99d: checks
*** TURN *** [4s Jh 6h] [Ks]
Hero: checks
593fe99d: bets 2,160
Hero: folds
Uncalled bet (2,160) returned to 593fe99d
*** SHOWDOWN ***
593fe99d collected 4,400 from pot
*** SUMMARY ***
Total pot 4,400 | Rake 0 | Jackpot 0 | Bingo 0 | Fortune 0 | Tax 0
Board [4s Jh 6h Ks]
Seat 1: e96e436d folded before Flop
Seat 2: 593fe99d won (4,400)
Seat 3: 441cd476 (button) folded before Flop
Seat 4: c800b07e (small blind) folded before Flop
Seat 5: Hero (big blind) folded on the Turn
Seat 6: b25d5b7b folded before Flop
Seat 7: 3b1b4849 folded before Flop
Seat 8: bff1440d folded before Flop


Poker Hand #TM2983240746: Tournament #127546937, Daily Big $20 Hold'em No Limit - Level13(400/800) - 2024/02/19 15:45:42
Table '9' 8-max Seat #2 is the button
Seat 2: 593fe99d (15,972 in chips)
Seat 3: 441cd476 (21,820 in chips)
Seat 4: c800b07e (17,287 in chips)
Seat 5: Hero (9,900 in chips)
Seat 6: b25d5b7b (27,562 in chips)
Seat 7: 3b1b4849 (11,073 in chips)
Seat 8: bff1440d (19,155 in chips)
3b1b4849: posts the ante 100
b25d5b7b: posts the ante 100
Hero: posts the ante 100
593fe99d: posts the ante 100
441cd476: posts the ante 100
bff1440d: posts the ante 100
c800b07e: posts the ante 100
441cd476: posts small blind 400
c800b07e: posts big blind 800
*** HOLE CARDS ***
Dealt to 593fe99d 
Dealt to 441cd476 
Dealt to c800b07e 
Dealt to Hero [Ad 4h]
Dealt to b25d5b7b 
Dealt to 3b1b4849 
Dealt to bff1440d 
Hero: folds
b25d5b7b: folds
3b1b4849: folds
bff1440d: folds
593fe99d: raises 800 to 1,600
441cd476: folds
c800b07e: folds
Uncalled bet (800) returned to 593fe99d
*** SHOWDOWN ***
593fe99d collected 2,700 from pot
*** SUMMARY ***
Total pot 2,700 | Rake 0 | Jackpot 0 | Bingo 0 | Fortune 0 | Tax 0
Seat 2: 593fe99d (button) collected (2,700)
Seat 3: 441cd476 (small blind) folded before Flop
Seat 4: c800b07e (big blind) folded before Flop
Seat 5: Hero folded before Flop
Seat 6: b25d5b7b folded before Flop
Seat 7: 3b1b4849 folded before Flop
Seat 8: bff1440d folded before Flop


Poker Hand #TM2983240656: Tournament #127546937, Daily Big $20 Hold'em No Limit - Level13(400/800) - 2024/02/19 15:44:24
Table '9' 8-max Seat #8 is the button
Seat 1: 156508ab (1,439 in chips)
Seat 2: 593fe99d (18,632 in chips)
Seat 3: 441cd476 (21,920 in chips)
Seat 4: c800b07e (17,387 in chips)
Seat 5: Hero (10,000 in chips)
Seat 6: b25d5b7b (27,662 in chips)
Seat 7: 3b1b4849 (11,173 in chips)
Seat 8: bff1440d (14,556 in chips)
3b1b4849: posts the ante 100
b25d5b7b: posts the ante 100
Hero: posts the ante 100
441cd476: posts the ante 100
593fe99d: posts the ante 100
156508ab: posts the ante 100
bff1440d: posts the ante 100
c800b07e: posts the ante 100
156508ab: posts small blind 400
593fe99d: posts big blind 800
*** HOLE CARDS ***
Dealt to 156508ab 
Dealt to 593fe99d 
Dealt to 441cd476 
Dealt to c800b07e 
Dealt to Hero [4s 9d]
Dealt to b25d5b7b 
Dealt to 3b1b4849 
Dealt to bff1440d 
441cd476: folds
c800b07e: folds
Hero: folds
b25d5b7b: folds
3b1b4849: folds
bff1440d: raises 800 to 1,600
156508ab: calls 939 and is all-in
593fe99d: calls 800
*** FLOP *** [Ac 8h 7s]
593fe99d: checks
bff1440d: bets 960
593fe99d: calls 960
*** TURN *** [Ac 8h 7s] [8d]
593fe99d: checks
bff1440d: checks
*** RIVER *** [Ac 8h 7s 8d] [6s]
593fe99d: checks
bff1440d: checks
156508ab: shows [Qh Jc] (Pair of Eights)
593fe99d: shows [Js 9s] (Pair of Eights)
bff1440d: shows [Ad 2s] (Pair of Aces and Pair of Eights)
*** SHOWDOWN ***
bff1440d collected 4,817 from pot
bff1440d collected 2,442 from pot
*** SUMMARY ***
Total pot 7,259 | Rake 0 | Jackpot 0 | Bingo 0 | Fortune 0 | Tax 0
Board [Ac 8h 7s 8d 6s]
Seat 1: 156508ab (small blind) showed [Qh Jc] and lost with Pair of Eights
Seat 2: 593fe99d (big blind) showed [Js 9s] and lost with Pair of Eights
Seat 3: 441cd476 folded before Flop
Seat 4: c800b07e folded before Flop
Seat 5: Hero folded before Flop
Seat 6: b25d5b7b folded before Flop
Seat 7: 3b1b4849 folded before Flop
Seat 8: bff1440d (button) showed [Ad 2s] and won (7,259) with Pair of Aces and Pair of Eights


