Poker Hand #TM2980213656: Tournament #127673603, Sunday Hundred Grand $15, $100K Hold'em No Limit - Level15(400/800) - 2024/02/18 18:39:17
Table '235' 8-max Seat #3 is the button
Seat 1: 84ea8543 (73,398 in chips)
Seat 2: ef4bd992 (18,678 in chips)
Seat 3: c4a889dc (88,829 in chips)
Seat 4: 49684537 (19,254 in chips)
Seat 5: Hero (9,955 in chips)
Seat 6: 570edad2 (51,358 in chips)
Seat 7: c4c19c75 (28,469 in chips)
Seat 8: d250cd2c (12,977 in chips)
570edad2: posts the ante 100
84ea8543: posts the ante 100
c4c19c75: posts the ante 100
Hero: posts the ante 100
ef4bd992: posts the ante 100
49684537: posts the ante 100
c4a889dc: posts the ante 100
d250cd2c: posts the ante 100
49684537: posts small blind 400
Hero: posts big blind 800
*** HOLE CARDS ***
Dealt to 84ea8543 
Dealt to ef4bd992 
Dealt to c4a889dc 
Dealt to 49684537 
Dealt to Hero [Qc Ah]
Dealt to 570edad2 
Dealt to c4c19c75 
Dealt to d250cd2c 
570edad2: raises 800 to 1,600
c4c19c75: folds
d250cd2c: folds
84ea8543: folds
ef4bd992: folds
c4a889dc: folds
49684537: folds
Hero: raises 8,255 to 9,855 and is all-in
570edad2: calls 8,255
Hero: shows [Qc Ah]
570edad2: shows [Kd Qs]
*** FLOP *** [4h Ts 2s]
*** TURN *** [4h Ts 2s] [8c]
*** RIVER *** [4h Ts 2s 8c] [Kc]
*** SHOWDOWN ***
570edad2 collected 20,910 from pot
*** SUMMARY ***
Total pot 20,910 | Rake 0 | Jackpot 0 | Bingo 0 | Fortune 0 | Tax 0
Board [4h Ts 2s 8c Kc]
Seat 1: 84ea8543 folded before Flop
Seat 2: ef4bd992 folded before Flop
Seat 3: c4a889dc (button) folded before Flop
Seat 4: 49684537 (small blind) folded before Flop
Seat 5: Hero (big blind) showed [Qc Ah] and lost with Ace-High
Seat 6: 570edad2 showed [Kd Qs] and won (20,910) with Pair of Kings
Seat 7: c4c19c75 folded before Flop
Seat 8: d250cd2c folded before Flop


Poker Hand #TM2980213521: Tournament #127673603, Sunday Hundred Grand $15, $100K Hold'em No Limit - Level15(400/800) - 2024/02/18 18:38:04
Table '235' 8-max Seat #1 is the button
Seat 1: 84ea8543 (75,098 in chips)
Seat 3: c4a889dc (89,329 in chips)
Seat 4: 49684537 (15,054 in chips)
Seat 5: Hero (10,055 in chips)
Seat 6: 570edad2 (51,458 in chips)
Seat 7: c4c19c75 (30,169 in chips)
Seat 8: d250cd2c (13,077 in chips)
570edad2: posts the ante 100
84ea8543: posts the ante 100
c4c19c75: posts the ante 100
Hero: posts the ante 100
49684537: posts the ante 100
c4a889dc: posts the ante 100
d250cd2c: posts the ante 100
c4a889dc: posts small blind 400
49684537: posts big blind 800
*** HOLE CARDS ***
Dealt to 84ea8543 
Dealt to c4a889dc 
Dealt to 49684537 
Dealt to Hero [3s 9d]
Dealt to 570edad2 
Dealt to c4c19c75 
Dealt to d250cd2c 
Hero: folds
570edad2: folds
c4c19c75: raises 800 to 1,600
d250cd2c: folds
84ea8543: calls 1,600
c4a889dc: folds
49684537: calls 800
*** FLOP *** [5h 3d 4d]
49684537: checks
c4c19c75: checks
84ea8543: checks
*** TURN *** [5h 3d 4d] [9c]
49684537: checks
c4c19c75: checks
84ea8543: checks
*** RIVER *** [5h 3d 4d 9c] [7c]
49684537: checks
c4c19c75: checks
84ea8543: checks
49684537: shows [Ah 3h] (Pair of Treys)
c4c19c75: shows [As Ts] (Ace-High)
84ea8543: shows [Qd Jh] (Queen-High)
*** SHOWDOWN ***
49684537 collected 5,900 from pot
*** SUMMARY ***
Total pot 5,900 | Rake 0 | Jackpot 0 | Bingo 0 | Fortune 0 | Tax 0
Board [5h 3d 4d 9c 7c]
Seat 1: 84ea8543 (button) showed [Qd Jh] and lost with Queen-High
Seat 3: c4a889dc (small blind) folded before Flop
Seat 4: 49684537 (big blind) showed [Ah 3h] and won (5,900) with Pair of Treys
Seat 5: Hero folded before Flop
Seat 6: 570edad2 folded before Flop
Seat 7: c4c19c75 showed [As Ts] and lost with Ace-High
Seat 8: d250cd2c folded before Flop


Poker Hand #TM2980213486: Tournament #127673603, Sunday Hundred Grand $15, $100K Hold'em No Limit - Level15(400/800) - 2024/02/18 18:37:45
Table '235' 8-max Seat #8 is the button
Seat 1: 84ea8543 (75,598 in chips)
Seat 3: c4a889dc (88,329 in chips)
Seat 4: 49684537 (15,154 in chips)
Seat 5: Hero (10,155 in chips)
Seat 6: 570edad2 (51,558 in chips)
Seat 7: c4c19c75 (30,269 in chips)
Seat 8: d250cd2c (13,177 in chips)
570edad2: posts the ante 100
c4c19c75: posts the ante 100
84ea8543: posts the ante 100
Hero: posts the ante 100
49684537: posts the ante 100
c4a889dc: posts the ante 100
d250cd2c: posts the ante 100
84ea8543: posts small blind 400
c4a889dc: posts big blind 800
*** HOLE CARDS ***
Dealt to 84ea8543 
Dealt to c4a889dc 
Dealt to 49684537 
Dealt to Hero [Qh 6d]
Dealt to 570edad2 
Dealt to c4c19c75 
Dealt to d250cd2c 
49684537: folds
Hero: folds
570edad2: folds
c4c19c75: folds
d250cd2c: folds
84ea8543: folds
Uncalled bet (400) returned to c4a889dc
*** SHOWDOWN ***
c4a889dc collected 1,500 from pot
*** SUMMARY ***
Total pot 1,500 | Rake 0 | Jackpot 0 | Bingo 0 | Fortune 0 | Tax 0
Seat 1: 84ea8543 (small blind) folded before Flop
Seat 3: c4a889dc (big blind) collected (1,500)
Seat 4: 49684537 folded before Flop
Seat 5: Hero folded before Flop
Seat 6: 570edad2 folded before Flop
Seat 7: c4c19c75 folded before Flop
Seat 8: d250cd2c (button) folded before Flop


Poker Hand #TM2980213387: Tournament #127673603, Sunday Hundred Grand $15, $100K Hold'em No Limit - Level15(400/800) - 2024/02/18 18:36:55
Table '235' 8-max Seat #7 is the button
Seat 1: 84ea8543 (62,954 in chips)
Seat 2: 6f2114cd (11,644 in chips)
Seat 3: c4a889dc (88,429 in chips)
Seat 4: 49684537 (15,254 in chips)
Seat 5: Hero (10,255 in chips)
Seat 6: 570edad2 (51,658 in chips)
Seat 7: c4c19c75 (30,369 in chips)
Seat 8: d250cd2c (13,677 in chips)
570edad2: posts the ante 100
c4c19c75: posts the ante 100
84ea8543: posts the ante 100
Hero: posts the ante 100
49684537: posts the ante 100
c4a889dc: posts the ante 100
d250cd2c: posts the ante 100
6f2114cd: posts the ante 100
d250cd2c: posts small blind 400
84ea8543: posts big blind 800
*** HOLE CARDS ***
Dealt to 84ea8543 
Dealt to 6f2114cd 
Dealt to c4a889dc 
Dealt to 49684537 
Dealt to Hero [Jc 7c]
Dealt to 570edad2 
Dealt to c4c19c75 
Dealt to d250cd2c 
6f2114cd: raises 1,200 to 2,000
c4a889dc: folds
49684537: folds
Hero: folds
570edad2: folds
c4c19c75: folds
d250cd2c: folds
84ea8543: raises 60,854 to 62,854 and is all-in
6f2114cd: calls 9,544 and is all-in
Uncalled bet (51,310) returned to 84ea8543
84ea8543: shows [As Ad]
6f2114cd: shows [Qd Qc]
*** FLOP *** [Ah Kc 7s]
*** TURN *** [Ah Kc 7s] [Kh]
*** RIVER *** [Ah Kc 7s Kh] [9s]
*** SHOWDOWN ***
84ea8543 collected 24,288 from pot
*** SUMMARY ***
Total pot 24,288 | Rake 0 | Jackpot 0 | Bingo 0 | Fortune 0 | Tax 0
Board [Ah Kc 7s Kh 9s]
Seat 1: 84ea8543 (big blind) showed [As Ad] and won (24,288) with Aces Full over Kings
Seat 2: 6f2114cd showed [Qd Qc] and lost with Pair of Kings and Pair of Queens
Seat 3: c4a889dc folded before Flop
Seat 4: 49684537 folded before Flop
Seat 5: Hero folded before Flop
Seat 6: 570edad2 folded before Flop
Seat 7: c4c19c75 (button) folded before Flop
Seat 8: d250cd2c (small blind) folded before Flop


Poker Hand #TM2980213264: Tournament #127673603, Sunday Hundred Grand $15, $100K Hold'em No Limit - Level14(350/700) - 2024/02/18 18:35:48
Table '235' 8-max Seat #6 is the button
Seat 1: 84ea8543 (63,039 in chips)
Seat 2: 6f2114cd (11,729 in chips)
Seat 3: c4a889dc (88,514 in chips)
Seat 4: 49684537 (15,339 in chips)
Seat 5: Hero (10,340 in chips)
Seat 6: 570edad2 (53,143 in chips)
Seat 7: c4c19c75 (30,804 in chips)
Seat 8: d250cd2c (11,332 in chips)
570edad2: posts the ante 85
84ea8543: posts the ante 85
c4c19c75: posts the ante 85
Hero: posts the ante 85
49684537: posts the ante 85
c4a889dc: posts the ante 85
d250cd2c: posts the ante 85
6f2114cd: posts the ante 85
c4c19c75: posts small blind 350
d250cd2c: posts big blind 700
*** HOLE CARDS ***
Dealt to 84ea8543 
Dealt to 6f2114cd 
Dealt to c4a889dc 
Dealt to 49684537 
Dealt to Hero [9c 7d]
Dealt to 570edad2 
Dealt to c4c19c75 
Dealt to d250cd2c 
84ea8543: folds
6f2114cd: folds
c4a889dc: folds
49684537: folds
Hero: folds
570edad2: raises 700 to 1,400
c4c19c75: folds
d250cd2c: calls 700
*** FLOP *** [6s 4s 5d]
d250cd2c: checks
570edad2: checks
*** TURN *** [6s 4s 5d] [4h]
d250cd2c: bets 3,731
570edad2: folds
Uncalled bet (3,731) returned to d250cd2c
*** SHOWDOWN ***
d250cd2c collected 3,830 from pot
*** SUMMARY ***
Total pot 3,830 | Rake 0 | Jackpot 0 | Bingo 0 | Fortune 0 | Tax 0
Board [6s 4s 5d 4h]
Seat 1: 84ea8543 folded before Flop
Seat 2: 6f2114cd folded before Flop
Seat 3: c4a889dc folded before Flop
Seat 4: 49684537 folded before Flop
Seat 5: Hero folded before Flop
Seat 6: 570edad2 (button) folded on the Turn
Seat 7: c4c19c75 (small blind) folded before Flop
Seat 8: d250cd2c (big blind) won (3,830)


Poker Hand #TM2980213113: Tournament #127673603, Sunday Hundred Grand $15, $100K Hold'em No Limit - Level14(350/700) - 2024/02/18 18:34:29
Table '235' 8-max Seat #5 is the button
Seat 2: 6f2114cd (11,814 in chips)
Seat 3: c4a889dc (86,254 in chips)
Seat 4: 49684537 (15,424 in chips)
Seat 5: Hero (10,425 in chips)
Seat 6: 570edad2 (53,578 in chips)
Seat 7: c4c19c75 (32,289 in chips)
Seat 8: d250cd2c (11,417 in chips)
570edad2: posts the ante 85
c4c19c75: posts the ante 85
Hero: posts the ante 85
49684537: posts the ante 85
c4a889dc: posts the ante 85
d250cd2c: posts the ante 85
6f2114cd: posts the ante 85
570edad2: posts small blind 350
c4c19c75: posts big blind 700
*** HOLE CARDS ***
Dealt to 6f2114cd 
Dealt to c4a889dc 
Dealt to 49684537 
Dealt to Hero [3d Qh]
Dealt to 570edad2 
Dealt to c4c19c75 
Dealt to d250cd2c 
d250cd2c: folds
6f2114cd: folds
c4a889dc: raises 700 to 1,400
49684537: folds
Hero: folds
570edad2: folds
c4c19c75: calls 700
*** FLOP *** [Kh 3c 5h]
c4c19c75: checks
c4a889dc: bets 1,236
c4c19c75: folds
Uncalled bet (1,236) returned to c4a889dc
*** SHOWDOWN ***
c4a889dc collected 3,745 from pot
*** SUMMARY ***
Total pot 3,745 | Rake 0 | Jackpot 0 | Bingo 0 | Fortune 0 | Tax 0
Board [Kh 3c 5h]
Seat 2: 6f2114cd folded before Flop
Seat 3: c4a889dc won (3,745)
Seat 4: 49684537 folded before Flop
Seat 5: Hero (button) folded before Flop
Seat 6: 570edad2 (small blind) folded before Flop
Seat 7: c4c19c75 (big blind) folded on the Flop
Seat 8: d250cd2c folded before Flop


Poker Hand #TM2980212870: Tournament #127673603, Sunday Hundred Grand $15, $100K Hold'em No Limit - Level14(350/700) - 2024/02/18 18:32:28
Table '235' 8-max Seat #4 is the button
Seat 1: 735fb65a (22,564 in chips)
Seat 2: 6f2114cd (11,899 in chips)
Seat 3: c4a889dc (59,564 in chips)
Seat 4: 49684537 (15,509 in chips)
Seat 5: Hero (10,860 in chips)
Seat 6: 570edad2 (56,929 in chips)
Seat 7: c4c19c75 (32,374 in chips)
Seat 8: d250cd2c (11,502 in chips)
570edad2: posts the ante 85
c4c19c75: posts the ante 85
Hero: posts the ante 85
49684537: posts the ante 85
c4a889dc: posts the ante 85
d250cd2c: posts the ante 85
6f2114cd: posts the ante 85
735fb65a: posts the ante 85
Hero: posts small blind 350
570edad2: posts big blind 700
*** HOLE CARDS ***
Dealt to 735fb65a 
Dealt to 6f2114cd 
Dealt to c4a889dc 
Dealt to 49684537 
Dealt to Hero [Qs 5h]
Dealt to 570edad2 
Dealt to c4c19c75 
Dealt to d250cd2c 
c4c19c75: folds
d250cd2c: folds
735fb65a: raises 770 to 1,470
6f2114cd: folds
c4a889dc: calls 1,470
49684537: folds
Hero: folds
570edad2: calls 770
*** FLOP *** [7c Qd Ac]
570edad2: checks
735fb65a: bets 1,796
c4a889dc: calls 1,796
570edad2: calls 1,796
*** TURN *** [7c Qd Ac] [8d]
570edad2: checks
735fb65a: bets 5,810
c4a889dc: calls 5,810
570edad2: folds
*** RIVER *** [7c Qd Ac 8d] [5d]
735fb65a: bets 13,403 and is all-in
c4a889dc: calls 13,403
735fb65a: shows [8h Ah] (Pair of Aces and Pair of Eights)
c4a889dc: shows [9d Ad] (Ace High Flush)
*** SHOWDOWN ***
c4a889dc collected 49,254 from pot
*** SUMMARY ***
Total pot 49,254 | Rake 0 | Jackpot 0 | Bingo 0 | Fortune 0 | Tax 0
Board [7c Qd Ac 8d 5d]
Seat 1: 735fb65a showed [8h Ah] and lost with Pair of Aces and Pair of Eights
Seat 2: 6f2114cd folded before Flop
Seat 3: c4a889dc showed [9d Ad] and won (49,254) with Ace High Flush
Seat 4: 49684537 (button) folded before Flop
Seat 5: Hero (small blind) folded before Flop
Seat 6: 570edad2 (big blind) folded on the Turn
Seat 7: c4c19c75 folded before Flop
Seat 8: d250cd2c folded before Flop


Poker Hand #TM2980212714: Tournament #127673603, Sunday Hundred Grand $15, $100K Hold'em No Limit - Level14(350/700) - 2024/02/18 18:31:09
Table '235' 8-max Seat #3 is the button
Seat 1: 735fb65a (22,649 in chips)
Seat 2: 6f2114cd (11,984 in chips)
Seat 3: 559b2203 (25,465 in chips)
Seat 4: 49684537 (15,944 in chips)
Seat 5: Hero (11,645 in chips)
Seat 6: 570edad2 (29,904 in chips)
Seat 7: c4c19c75 (32,459 in chips)
Seat 8: d250cd2c (11,587 in chips)
570edad2: posts the ante 85
c4c19c75: posts the ante 85
Hero: posts the ante 85
559b2203: posts the ante 85
49684537: posts the ante 85
d250cd2c: posts the ante 85
6f2114cd: posts the ante 85
735fb65a: posts the ante 85
49684537: posts small blind 350
Hero: posts big blind 700
*** HOLE CARDS ***
Dealt to 735fb65a 
Dealt to 6f2114cd 
Dealt to 559b2203 
Dealt to 49684537 
Dealt to Hero [9s 2d]
Dealt to 570edad2 
Dealt to c4c19c75 
Dealt to d250cd2c 
570edad2: raises 700 to 1,400
c4c19c75: folds
d250cd2c: folds
735fb65a: folds
6f2114cd: folds
559b2203: raises 3,443 to 4,843
49684537: folds
Hero: folds
570edad2: raises 24,976 to 29,819 and is all-in
559b2203: calls 20,537 and is all-in
Uncalled bet (4,439) returned to 570edad2
570edad2: shows [Ad Kc]
559b2203: shows [As Qd]
*** FLOP *** [5h 9c 2c]
*** TURN *** [5h 9c 2c] [Kh]
*** RIVER *** [5h 9c 2c Kh] [7d]
*** SHOWDOWN ***
570edad2 collected 52,490 from pot
*** SUMMARY ***
Total pot 52,490 | Rake 0 | Jackpot 0 | Bingo 0 | Fortune 0 | Tax 0
Board [5h 9c 2c Kh 7d]
Seat 1: 735fb65a folded before Flop
Seat 2: 6f2114cd folded before Flop
Seat 3: 559b2203 (button) showed [As Qd] and lost with Ace-High
Seat 4: 49684537 (small blind) folded before Flop
Seat 5: Hero (big blind) folded before Flop
Seat 6: 570edad2 showed [Ad Kc] and won (52,490) with Pair of Kings
Seat 7: c4c19c75 folded before Flop
Seat 8: d250cd2c folded before Flop


Poker Hand #TM2980212638: Tournament #127673603, Sunday Hundred Grand $15, $100K Hold'em No Limit - Level14(350/700) - 2024/02/18 18:30:30
Table '235' 8-max Seat #2 is the button
Seat 1: 735fb65a (22,734 in chips)
Seat 2: 6f2114cd (12,069 in chips)
Seat 3: 559b2203 (25,900 in chips)
Seat 4: 49684537 (16,729 in chips)
Seat 5: Hero (10,000 in chips)
Seat 6: 570edad2 (29,989 in chips)
Seat 7: c4c19c75 (32,544 in chips)
Seat 8: d250cd2c (11,672 in chips)
570edad2: posts the ante 85
c4c19c75: posts the ante 85
Hero: posts the ante 85
559b2203: posts the ante 85
49684537: posts the ante 85
d250cd2c: posts the ante 85
6f2114cd: posts the ante 85
735fb65a: posts the ante 85
559b2203: posts small blind 350
49684537: posts big blind 700
*** HOLE CARDS ***
Dealt to 735fb65a 
Dealt to 6f2114cd 
Dealt to 559b2203 
Dealt to 49684537 
Dealt to Hero [Jh Jc]
Dealt to 570edad2 
Dealt to c4c19c75 
Dealt to d250cd2c 
Hero: raises 700 to 1,400
570edad2: folds
c4c19c75: folds
d250cd2c: folds
735fb65a: folds
6f2114cd: folds
559b2203: folds
49684537: folds
Uncalled bet (700) returned to Hero
*** SHOWDOWN ***
Hero collected 2,430 from pot
*** SUMMARY ***
Total pot 2,430 | Rake 0 | Jackpot 0 | Bingo 0 | Fortune 0 | Tax 0
Seat 1: 735fb65a folded before Flop
Seat 2: 6f2114cd (button) folded before Flop
Seat 3: 559b2203 (small blind) folded before Flop
Seat 4: 49684537 (big blind) folded before Flop
Seat 5: Hero collected (2,430)
Seat 6: 570edad2 folded before Flop
Seat 7: c4c19c75 folded before Flop
Seat 8: d250cd2c folded before Flop


