Poker Hand #TM2990066783: Tournament #127874594, Daily Big $20 Hold'em No Limit - Level21(2,000/4,000) - 2024/02/21 17:03:11
Table '32' 8-max Seat #1 is the button
Seat 1: fa4bd4b9 (85,032 in chips)
Seat 2: 92d0a9a2 (103,854 in chips)
Seat 3: ba1d42ca (41,250 in chips)
Seat 4: 49cbb0bc (36,846 in chips)
Seat 5: 4c0772d1 (93,711 in chips)
Seat 6: 5b6ad1ba (80,375 in chips)
Seat 7: 29a9bed9 (50,306 in chips)
Seat 8: Hero (20,246 in chips)
5b6ad1ba: posts the ante 500
fa4bd4b9: posts the ante 500
Hero: posts the ante 500
92d0a9a2: posts the ante 500
ba1d42ca: posts the ante 500
4c0772d1: posts the ante 500
49cbb0bc: posts the ante 500
29a9bed9: posts the ante 500
92d0a9a2: posts small blind 2,000
ba1d42ca: posts big blind 4,000
*** HOLE CARDS ***
Dealt to fa4bd4b9 
Dealt to 92d0a9a2 
Dealt to ba1d42ca 
Dealt to 49cbb0bc 
Dealt to 4c0772d1 
Dealt to 5b6ad1ba 
Dealt to 29a9bed9 
Dealt to Hero [Ts Jc]
49cbb0bc: folds
4c0772d1: folds
5b6ad1ba: folds
29a9bed9: folds
Hero: raises 15,746 to 19,746 and is all-in
fa4bd4b9: folds
92d0a9a2: folds
ba1d42ca: calls 15,746
Hero: shows [Ts Jc]
ba1d42ca: shows [6c Ah]
*** FLOP *** [2c 9h 5s]
*** TURN *** [2c 9h 5s] [5d]
*** RIVER *** [2c 9h 5s 5d] [2s]
*** SHOWDOWN ***
ba1d42ca collected 45,492 from pot
*** SUMMARY ***
Total pot 45,492 | Rake 0 | Jackpot 0 | Bingo 0 | Fortune 0 | Tax 0
Board [2c 9h 5s 5d 2s]
Seat 1: fa4bd4b9 (button) folded before Flop
Seat 2: 92d0a9a2 (small blind) folded before Flop
Seat 3: ba1d42ca (big blind) showed [6c Ah] and won (45,492) with Pair of Fives and Pair of Twos
Seat 4: 49cbb0bc folded before Flop
Seat 5: 4c0772d1 folded before Flop
Seat 6: 5b6ad1ba folded before Flop
Seat 7: 29a9bed9 folded before Flop
Seat 8: Hero showed [Ts Jc] and lost with Pair of Fives and Pair of Twos


Poker Hand #TM2990066725: Tournament #127874594, Daily Big $20 Hold'em No Limit - Level21(2,000/4,000) - 2024/02/21 17:02:24
Table '32' 8-max Seat #8 is the button
Seat 1: fa4bd4b9 (87,532 in chips)
Seat 2: 92d0a9a2 (108,354 in chips)
Seat 3: ba1d42ca (41,750 in chips)
Seat 4: 49cbb0bc (27,346 in chips)
Seat 5: 4c0772d1 (94,211 in chips)
Seat 6: 5b6ad1ba (80,875 in chips)
Seat 7: 29a9bed9 (50,806 in chips)
Seat 8: Hero (20,746 in chips)
5b6ad1ba: posts the ante 500
fa4bd4b9: posts the ante 500
Hero: posts the ante 500
92d0a9a2: posts the ante 500
ba1d42ca: posts the ante 500
4c0772d1: posts the ante 500
49cbb0bc: posts the ante 500
29a9bed9: posts the ante 500
fa4bd4b9: posts small blind 2,000
92d0a9a2: posts big blind 4,000
*** HOLE CARDS ***
Dealt to fa4bd4b9 
Dealt to 92d0a9a2 
Dealt to ba1d42ca 
Dealt to 49cbb0bc 
Dealt to 4c0772d1 
Dealt to 5b6ad1ba 
Dealt to 29a9bed9 
Dealt to Hero [Tc 3h]
ba1d42ca: folds
49cbb0bc: raises 22,846 to 26,846 and is all-in
4c0772d1: folds
5b6ad1ba: folds
29a9bed9: folds
Hero: folds
fa4bd4b9: folds
92d0a9a2: folds
Uncalled bet (22,846) returned to 49cbb0bc
*** SHOWDOWN ***
49cbb0bc collected 14,000 from pot
*** SUMMARY ***
Total pot 14,000 | Rake 0 | Jackpot 0 | Bingo 0 | Fortune 0 | Tax 0
Seat 1: fa4bd4b9 (small blind) folded before Flop
Seat 2: 92d0a9a2 (big blind) folded before Flop
Seat 3: ba1d42ca folded before Flop
Seat 4: 49cbb0bc collected (14,000)
Seat 5: 4c0772d1 folded before Flop
Seat 6: 5b6ad1ba folded before Flop
Seat 7: 29a9bed9 folded before Flop
Seat 8: Hero (button) folded before Flop


Poker Hand #TM2990066663: Tournament #127874594, Daily Big $20 Hold'em No Limit - Level21(2,000/4,000) - 2024/02/21 17:01:05
Table '32' 8-max Seat #6 is the button
Seat 1: fa4bd4b9 (92,032 in chips)
Seat 2: 92d0a9a2 (93,354 in chips)
Seat 3: ba1d42ca (42,250 in chips)
Seat 4: 49cbb0bc (27,846 in chips)
Seat 5: 4c0772d1 (94,711 in chips)
Seat 6: 5b6ad1ba (81,375 in chips)
Seat 8: Hero (29,246 in chips)
5b6ad1ba: posts the ante 500
fa4bd4b9: posts the ante 500
92d0a9a2: posts the ante 500
Hero: posts the ante 500
ba1d42ca: posts the ante 500
4c0772d1: posts the ante 500
49cbb0bc: posts the ante 500
Hero: posts small blind 2,000
fa4bd4b9: posts big blind 4,000
*** HOLE CARDS ***
Dealt to fa4bd4b9 
Dealt to 92d0a9a2 
Dealt to ba1d42ca 
Dealt to 49cbb0bc 
Dealt to 4c0772d1 
Dealt to 5b6ad1ba 
Dealt to Hero [Td Jd]
92d0a9a2: raises 4,000 to 8,000
ba1d42ca: folds
49cbb0bc: folds
4c0772d1: folds
5b6ad1ba: folds
Hero: calls 6,000
fa4bd4b9: folds
*** FLOP *** [6d 2c 3h]
Hero: checks
92d0a9a2: bets 4,000
Hero: folds
Uncalled bet (4,000) returned to 92d0a9a2
*** SHOWDOWN ***
92d0a9a2 collected 23,500 from pot
*** SUMMARY ***
Total pot 23,500 | Rake 0 | Jackpot 0 | Bingo 0 | Fortune 0 | Tax 0
Board [6d 2c 3h]
Seat 1: fa4bd4b9 (big blind) folded before Flop
Seat 2: 92d0a9a2 won (23,500)
Seat 3: ba1d42ca folded before Flop
Seat 4: 49cbb0bc folded before Flop
Seat 5: 4c0772d1 folded before Flop
Seat 6: 5b6ad1ba (button) folded before Flop
Seat 8: Hero (small blind) folded on the Flop


Poker Hand #TM2990066624: Tournament #127874594, Daily Big $20 Hold'em No Limit - Level21(2,000/4,000) - 2024/02/21 16:54:23
Table '32' 8-max Seat #5 is the button
Seat 1: fa4bd4b9 (92,532 in chips)
Seat 2: 92d0a9a2 (93,854 in chips)
Seat 3: ba1d42ca (42,750 in chips)
Seat 4: 49cbb0bc (28,346 in chips)
Seat 5: 4c0772d1 (63,332 in chips)
Seat 6: 5b6ad1ba (83,875 in chips)
Seat 7: 4dcc2a29 (26,379 in chips)
Seat 8: Hero (29,746 in chips)
5b6ad1ba: posts the ante 500
fa4bd4b9: posts the ante 500
92d0a9a2: posts the ante 500
Hero: posts the ante 500
4dcc2a29: posts the ante 500
ba1d42ca: posts the ante 500
4c0772d1: posts the ante 500
49cbb0bc: posts the ante 500
5b6ad1ba: posts small blind 2,000
4dcc2a29: posts big blind 4,000
*** HOLE CARDS ***
Dealt to fa4bd4b9 
Dealt to 92d0a9a2 
Dealt to ba1d42ca 
Dealt to 49cbb0bc 
Dealt to 4c0772d1 
Dealt to 5b6ad1ba 
Dealt to 4dcc2a29 
Dealt to Hero [6c Ah]
Hero: folds
fa4bd4b9: folds
92d0a9a2: folds
ba1d42ca: folds
49cbb0bc: folds
4c0772d1: raises 58,832 to 62,832 and is all-in
5b6ad1ba: folds
4dcc2a29: calls 21,879 and is all-in
Uncalled bet (36,953) returned to 4c0772d1
4c0772d1: shows [As 3c]
4dcc2a29: shows [Ks 5s]
*** FLOP *** [9c Ad 4s]
*** TURN *** [9c Ad 4s] [Js]
*** RIVER *** [9c Ad 4s Js] [Qd]
*** SHOWDOWN ***
4c0772d1 collected 57,758 from pot
*** SUMMARY ***
Total pot 57,758 | Rake 0 | Jackpot 0 | Bingo 0 | Fortune 0 | Tax 0
Board [9c Ad 4s Js Qd]
Seat 1: fa4bd4b9 folded before Flop
Seat 2: 92d0a9a2 folded before Flop
Seat 3: ba1d42ca folded before Flop
Seat 4: 49cbb0bc folded before Flop
Seat 5: 4c0772d1 (button) showed [As 3c] and won (57,758) with Pair of Aces
Seat 6: 5b6ad1ba (small blind) folded before Flop
Seat 7: 4dcc2a29 (big blind) showed [Ks 5s] and lost with Ace-High
Seat 8: Hero folded before Flop


Poker Hand #TM2990066563: Tournament #127874594, Daily Big $20 Hold'em No Limit - Level21(2,000/4,000) - 2024/02/21 16:53:37
Table '32' 8-max Seat #4 is the button
Seat 1: fa4bd4b9 (93,032 in chips)
Seat 2: 92d0a9a2 (94,354 in chips)
Seat 3: ba1d42ca (43,250 in chips)
Seat 4: 49cbb0bc (28,846 in chips)
Seat 5: 4c0772d1 (30,166 in chips)
Seat 6: 5b6ad1ba (114,041 in chips)
Seat 7: 4dcc2a29 (26,879 in chips)
Seat 8: Hero (30,246 in chips)
5b6ad1ba: posts the ante 500
fa4bd4b9: posts the ante 500
92d0a9a2: posts the ante 500
Hero: posts the ante 500
4dcc2a29: posts the ante 500
ba1d42ca: posts the ante 500
4c0772d1: posts the ante 500
49cbb0bc: posts the ante 500
4c0772d1: posts small blind 2,000
5b6ad1ba: posts big blind 4,000
*** HOLE CARDS ***
Dealt to fa4bd4b9 
Dealt to 92d0a9a2 
Dealt to ba1d42ca 
Dealt to 49cbb0bc 
Dealt to 4c0772d1 
Dealt to 5b6ad1ba 
Dealt to 4dcc2a29 
Dealt to Hero [4s Ac]
4dcc2a29: folds
Hero: folds
fa4bd4b9: folds
92d0a9a2: folds
ba1d42ca: folds
49cbb0bc: folds
4c0772d1: raises 25,666 to 29,666 and is all-in
5b6ad1ba: calls 25,666
4c0772d1: shows [6h Qh]
5b6ad1ba: shows [Kd Js]
*** FLOP *** [2h Kc 4h]
*** TURN *** [2h Kc 4h] [5h]
*** RIVER *** [2h Kc 4h 5h] [6c]
*** SHOWDOWN ***
4c0772d1 collected 63,332 from pot
*** SUMMARY ***
Total pot 63,332 | Rake 0 | Jackpot 0 | Bingo 0 | Fortune 0 | Tax 0
Board [2h Kc 4h 5h 6c]
Seat 1: fa4bd4b9 folded before Flop
Seat 2: 92d0a9a2 folded before Flop
Seat 3: ba1d42ca folded before Flop
Seat 4: 49cbb0bc (button) folded before Flop
Seat 5: 4c0772d1 (small blind) showed [6h Qh] and won (63,332) with Queen High Flush
Seat 6: 5b6ad1ba (big blind) showed [Kd Js] and lost with Pair of Kings
Seat 7: 4dcc2a29 folded before Flop
Seat 8: Hero folded before Flop


Poker Hand #TM2990066501: Tournament #127874594, Daily Big $20 Hold'em No Limit - Level20(1,750/3,500) - 2024/02/21 16:52:47
Table '32' 8-max Seat #3 is the button
Seat 1: fa4bd4b9 (93,482 in chips)
Seat 3: ba1d42ca (43,700 in chips)
Seat 4: 49cbb0bc (31,046 in chips)
Seat 5: 4c0772d1 (34,116 in chips)
Seat 6: 5b6ad1ba (114,491 in chips)
Seat 7: 4dcc2a29 (27,329 in chips)
Seat 8: Hero (22,296 in chips)
5b6ad1ba: posts the ante 450
fa4bd4b9: posts the ante 450
Hero: posts the ante 450
4dcc2a29: posts the ante 450
ba1d42ca: posts the ante 450
4c0772d1: posts the ante 450
49cbb0bc: posts the ante 450
49cbb0bc: posts small blind 1,750
4c0772d1: posts big blind 3,500
*** HOLE CARDS ***
Dealt to fa4bd4b9 
Dealt to ba1d42ca 
Dealt to 49cbb0bc 
Dealt to 4c0772d1 
Dealt to 5b6ad1ba 
Dealt to 4dcc2a29 
Dealt to Hero [Ac 2d]
5b6ad1ba: folds
4dcc2a29: folds
Hero: raises 18,346 to 21,846 and is all-in
fa4bd4b9: folds
ba1d42ca: folds
49cbb0bc: folds
4c0772d1: folds
Uncalled bet (18,346) returned to Hero
*** SHOWDOWN ***
Hero collected 11,900 from pot
*** SUMMARY ***
Total pot 11,900 | Rake 0 | Jackpot 0 | Bingo 0 | Fortune 0 | Tax 0
Seat 1: fa4bd4b9 folded before Flop
Seat 3: ba1d42ca (button) folded before Flop
Seat 4: 49cbb0bc (small blind) folded before Flop
Seat 5: 4c0772d1 (big blind) folded before Flop
Seat 6: 5b6ad1ba folded before Flop
Seat 7: 4dcc2a29 folded before Flop
Seat 8: Hero collected (11,900)


Poker Hand #TM2990066474: Tournament #127874594, Daily Big $20 Hold'em No Limit - Level20(1,750/3,500) - 2024/02/21 16:52:21
Table '32' 8-max Seat #1 is the button
Seat 1: fa4bd4b9 (93,932 in chips)
Seat 3: ba1d42ca (45,900 in chips)
Seat 4: 49cbb0bc (34,996 in chips)
Seat 5: 4c0772d1 (34,566 in chips)
Seat 6: 5b6ad1ba (106,541 in chips)
Seat 7: 4dcc2a29 (27,779 in chips)
Seat 8: Hero (22,746 in chips)
5b6ad1ba: posts the ante 450
fa4bd4b9: posts the ante 450
Hero: posts the ante 450
4dcc2a29: posts the ante 450
ba1d42ca: posts the ante 450
4c0772d1: posts the ante 450
49cbb0bc: posts the ante 450
ba1d42ca: posts small blind 1,750
49cbb0bc: posts big blind 3,500
*** HOLE CARDS ***
Dealt to fa4bd4b9 
Dealt to ba1d42ca 
Dealt to 49cbb0bc 
Dealt to 4c0772d1 
Dealt to 5b6ad1ba 
Dealt to 4dcc2a29 
Dealt to Hero [2d 7h]
4c0772d1: folds
5b6ad1ba: raises 3,850 to 7,350
4dcc2a29: folds
Hero: folds
fa4bd4b9: folds
ba1d42ca: folds
49cbb0bc: folds
Uncalled bet (3,850) returned to 5b6ad1ba
*** SHOWDOWN ***
5b6ad1ba collected 11,900 from pot
*** SUMMARY ***
Total pot 11,900 | Rake 0 | Jackpot 0 | Bingo 0 | Fortune 0 | Tax 0
Seat 1: fa4bd4b9 (button) folded before Flop
Seat 3: ba1d42ca (small blind) folded before Flop
Seat 4: 49cbb0bc (big blind) folded before Flop
Seat 5: 4c0772d1 folded before Flop
Seat 6: 5b6ad1ba collected (11,900)
Seat 7: 4dcc2a29 folded before Flop
Seat 8: Hero folded before Flop


Poker Hand #TM2990066431: Tournament #127874594, Daily Big $20 Hold'em No Limit - Level20(1,750/3,500) - 2024/02/21 16:51:51
Table '32' 8-max Seat #8 is the button
Seat 1: fa4bd4b9 (87,732 in chips)
Seat 3: ba1d42ca (49,850 in chips)
Seat 4: 49cbb0bc (35,446 in chips)
Seat 5: 4c0772d1 (35,016 in chips)
Seat 6: 5b6ad1ba (106,991 in chips)
Seat 7: 4dcc2a29 (28,229 in chips)
Seat 8: Hero (23,196 in chips)
5b6ad1ba: posts the ante 450
fa4bd4b9: posts the ante 450
Hero: posts the ante 450
4dcc2a29: posts the ante 450
ba1d42ca: posts the ante 450
4c0772d1: posts the ante 450
49cbb0bc: posts the ante 450
fa4bd4b9: posts small blind 1,750
ba1d42ca: posts big blind 3,500
*** HOLE CARDS ***
Dealt to fa4bd4b9 
Dealt to ba1d42ca 
Dealt to 49cbb0bc 
Dealt to 4c0772d1 
Dealt to 5b6ad1ba 
Dealt to 4dcc2a29 
Dealt to Hero [4d 2s]
49cbb0bc: folds
4c0772d1: folds
5b6ad1ba: folds
4dcc2a29: folds
Hero: folds
fa4bd4b9: raises 83,782 to 87,282 and is all-in
ba1d42ca: folds
Uncalled bet (83,782) returned to fa4bd4b9
*** SHOWDOWN ***
fa4bd4b9 collected 10,150 from pot
*** SUMMARY ***
Total pot 10,150 | Rake 0 | Jackpot 0 | Bingo 0 | Fortune 0 | Tax 0
Seat 1: fa4bd4b9 (small blind) collected (10,150)
Seat 3: ba1d42ca (big blind) folded before Flop
Seat 4: 49cbb0bc folded before Flop
Seat 5: 4c0772d1 folded before Flop
Seat 6: 5b6ad1ba folded before Flop
Seat 7: 4dcc2a29 folded before Flop
Seat 8: Hero (button) folded before Flop


Poker Hand #TM2990066394: Tournament #127874594, Daily Big $20 Hold'em No Limit - Level20(1,750/3,500) - 2024/02/21 16:51:15
Table '32' 8-max Seat #7 is the button
Seat 1: fa4bd4b9 (82,832 in chips)
Seat 2: 56fcfb3b (98,336 in chips)
Seat 3: ba1d42ca (50,300 in chips)
Seat 4: 49cbb0bc (35,896 in chips)
Seat 5: 4c0772d1 (35,466 in chips)
Seat 6: 5b6ad1ba (107,441 in chips)
Seat 7: 4dcc2a29 (28,679 in chips)
Seat 8: Hero (25,396 in chips)
5b6ad1ba: posts the ante 450
fa4bd4b9: posts the ante 450
Hero: posts the ante 450
4dcc2a29: posts the ante 450
ba1d42ca: posts the ante 450
4c0772d1: posts the ante 450
49cbb0bc: posts the ante 450
56fcfb3b: posts the ante 450
Hero: posts small blind 1,750
fa4bd4b9: posts big blind 3,500
*** HOLE CARDS ***
Dealt to fa4bd4b9 
Dealt to 56fcfb3b 
Dealt to ba1d42ca 
Dealt to 49cbb0bc 
Dealt to 4c0772d1 
Dealt to 5b6ad1ba 
Dealt to 4dcc2a29 
Dealt to Hero [3h 6d]
56fcfb3b: folds
ba1d42ca: folds
49cbb0bc: folds
4c0772d1: folds
5b6ad1ba: folds
4dcc2a29: folds
Hero: folds
Uncalled bet (1,750) returned to fa4bd4b9
*** SHOWDOWN ***
fa4bd4b9 collected 7,100 from pot
*** SUMMARY ***
Total pot 7,100 | Rake 0 | Jackpot 0 | Bingo 0 | Fortune 0 | Tax 0
Seat 1: fa4bd4b9 (big blind) collected (7,100)
Seat 2: 56fcfb3b folded before Flop
Seat 3: ba1d42ca folded before Flop
Seat 4: 49cbb0bc folded before Flop
Seat 5: 4c0772d1 folded before Flop
Seat 6: 5b6ad1ba folded before Flop
Seat 7: 4dcc2a29 (button) folded before Flop
Seat 8: Hero (small blind) folded before Flop


Poker Hand #TM2990066348: Tournament #127874594, Daily Big $20 Hold'em No Limit - Level20(1,750/3,500) - 2024/02/21 16:50:41
Table '32' 8-max Seat #6 is the button
Seat 1: fa4bd4b9 (83,282 in chips)
Seat 2: 56fcfb3b (98,786 in chips)
Seat 3: ba1d42ca (41,900 in chips)
Seat 4: 49cbb0bc (36,346 in chips)
Seat 5: 4c0772d1 (35,916 in chips)
Seat 6: 5b6ad1ba (107,891 in chips)
Seat 7: 4dcc2a29 (30,879 in chips)
Seat 8: Hero (29,346 in chips)
5b6ad1ba: posts the ante 450
fa4bd4b9: posts the ante 450
Hero: posts the ante 450
4dcc2a29: posts the ante 450
ba1d42ca: posts the ante 450
4c0772d1: posts the ante 450
49cbb0bc: posts the ante 450
56fcfb3b: posts the ante 450
4dcc2a29: posts small blind 1,750
Hero: posts big blind 3,500
*** HOLE CARDS ***
Dealt to fa4bd4b9 
Dealt to 56fcfb3b 
Dealt to ba1d42ca 
Dealt to 49cbb0bc 
Dealt to 4c0772d1 
Dealt to 5b6ad1ba 
Dealt to 4dcc2a29 
Dealt to Hero [9s 7s]
fa4bd4b9: folds
56fcfb3b: folds
ba1d42ca: raises 37,950 to 41,450 and is all-in
49cbb0bc: folds
4c0772d1: folds
5b6ad1ba: folds
4dcc2a29: folds
Hero: folds
Uncalled bet (37,950) returned to ba1d42ca
*** SHOWDOWN ***
ba1d42ca collected 12,350 from pot
*** SUMMARY ***
Total pot 12,350 | Rake 0 | Jackpot 0 | Bingo 0 | Fortune 0 | Tax 0
Seat 1: fa4bd4b9 folded before Flop
Seat 2: 56fcfb3b folded before Flop
Seat 3: ba1d42ca collected (12,350)
Seat 4: 49cbb0bc folded before Flop
Seat 5: 4c0772d1 folded before Flop
Seat 6: 5b6ad1ba (button) folded before Flop
Seat 7: 4dcc2a29 (small blind) folded before Flop
Seat 8: Hero (big blind) folded before Flop


Poker Hand #TM2990066271: Tournament #127874594, Daily Big $20 Hold'em No Limit - Level20(1,750/3,500) - 2024/02/21 16:49:38
Table '32' 8-max Seat #5 is the button
Seat 1: fa4bd4b9 (90,732 in chips)
Seat 2: 56fcfb3b (99,236 in chips)
Seat 3: ba1d42ca (26,500 in chips)
Seat 4: 49cbb0bc (36,796 in chips)
Seat 5: 4c0772d1 (36,366 in chips)
Seat 6: 5b6ad1ba (110,091 in chips)
Seat 7: 4dcc2a29 (34,829 in chips)
Seat 8: Hero (29,796 in chips)
5b6ad1ba: posts the ante 450
fa4bd4b9: posts the ante 450
Hero: posts the ante 450
4dcc2a29: posts the ante 450
ba1d42ca: posts the ante 450
4c0772d1: posts the ante 450
49cbb0bc: posts the ante 450
56fcfb3b: posts the ante 450
5b6ad1ba: posts small blind 1,750
4dcc2a29: posts big blind 3,500
*** HOLE CARDS ***
Dealt to fa4bd4b9 
Dealt to 56fcfb3b 
Dealt to ba1d42ca 
Dealt to 49cbb0bc 
Dealt to 4c0772d1 
Dealt to 5b6ad1ba 
Dealt to 4dcc2a29 
Dealt to Hero [3c 5s]
Hero: folds
fa4bd4b9: raises 3,500 to 7,000
56fcfb3b: folds
ba1d42ca: raises 19,050 to 26,050 and is all-in
49cbb0bc: folds
4c0772d1: folds
5b6ad1ba: folds
4dcc2a29: folds
fa4bd4b9: folds
Uncalled bet (19,050) returned to ba1d42ca
*** SHOWDOWN ***
ba1d42ca collected 22,850 from pot
*** SUMMARY ***
Total pot 22,850 | Rake 0 | Jackpot 0 | Bingo 0 | Fortune 0 | Tax 0
Seat 1: fa4bd4b9 folded before Flop
Seat 2: 56fcfb3b folded before Flop
Seat 3: ba1d42ca collected (22,850)
Seat 4: 49cbb0bc folded before Flop
Seat 5: 4c0772d1 (button) folded before Flop
Seat 6: 5b6ad1ba (small blind) folded before Flop
Seat 7: 4dcc2a29 (big blind) folded before Flop
Seat 8: Hero folded before Flop


Poker Hand #TM2990066230: Tournament #127874594, Daily Big $20 Hold'em No Limit - Level20(1,750/3,500) - 2024/02/21 16:49:01
Table '32' 8-max Seat #4 is the button
Seat 1: fa4bd4b9 (91,182 in chips)
Seat 2: 56fcfb3b (99,686 in chips)
Seat 3: ba1d42ca (26,950 in chips)
Seat 4: 49cbb0bc (37,246 in chips)
Seat 5: 4c0772d1 (29,716 in chips)
Seat 6: 5b6ad1ba (114,041 in chips)
Seat 7: 4dcc2a29 (35,279 in chips)
Seat 8: Hero (30,246 in chips)
5b6ad1ba: posts the ante 450
fa4bd4b9: posts the ante 450
Hero: posts the ante 450
4dcc2a29: posts the ante 450
ba1d42ca: posts the ante 450
4c0772d1: posts the ante 450
49cbb0bc: posts the ante 450
56fcfb3b: posts the ante 450
4c0772d1: posts small blind 1,750
5b6ad1ba: posts big blind 3,500
*** HOLE CARDS ***
Dealt to fa4bd4b9 
Dealt to 56fcfb3b 
Dealt to ba1d42ca 
Dealt to 49cbb0bc 
Dealt to 4c0772d1 
Dealt to 5b6ad1ba 
Dealt to 4dcc2a29 
Dealt to Hero [Ah 2d]
4dcc2a29: folds
Hero: folds
fa4bd4b9: folds
56fcfb3b: folds
ba1d42ca: folds
49cbb0bc: folds
4c0772d1: raises 25,766 to 29,266 and is all-in
5b6ad1ba: folds
Uncalled bet (25,766) returned to 4c0772d1
*** SHOWDOWN ***
4c0772d1 collected 10,600 from pot
*** SUMMARY ***
Total pot 10,600 | Rake 0 | Jackpot 0 | Bingo 0 | Fortune 0 | Tax 0
Seat 1: fa4bd4b9 folded before Flop
Seat 2: 56fcfb3b folded before Flop
Seat 3: ba1d42ca folded before Flop
Seat 4: 49cbb0bc (button) folded before Flop
Seat 5: 4c0772d1 (small blind) collected (10,600)
Seat 6: 5b6ad1ba (big blind) folded before Flop
Seat 7: 4dcc2a29 folded before Flop
Seat 8: Hero folded before Flop


Poker Hand #TM2990066077: Tournament #127874594, Daily Big $20 Hold'em No Limit - Level20(1,750/3,500) - 2024/02/21 16:46:59
Table '32' 8-max Seat #3 is the button
Seat 1: fa4bd4b9 (91,632 in chips)
Seat 2: 56fcfb3b (91,286 in chips)
Seat 3: ba1d42ca (27,400 in chips)
Seat 4: 49cbb0bc (39,446 in chips)
Seat 5: 4c0772d1 (33,666 in chips)
Seat 6: 5b6ad1ba (114,491 in chips)
Seat 7: 4dcc2a29 (35,729 in chips)
Seat 8: Hero (30,696 in chips)
5b6ad1ba: posts the ante 450
fa4bd4b9: posts the ante 450
Hero: posts the ante 450
4dcc2a29: posts the ante 450
ba1d42ca: posts the ante 450
4c0772d1: posts the ante 450
49cbb0bc: posts the ante 450
56fcfb3b: posts the ante 450
49cbb0bc: posts small blind 1,750
4c0772d1: posts big blind 3,500
*** HOLE CARDS ***
Dealt to fa4bd4b9 
Dealt to 56fcfb3b 
Dealt to ba1d42ca 
Dealt to 49cbb0bc 
Dealt to 4c0772d1 
Dealt to 5b6ad1ba 
Dealt to 4dcc2a29 
Dealt to Hero [5s 9c]
5b6ad1ba: folds
4dcc2a29: folds
Hero: folds
fa4bd4b9: folds
56fcfb3b: raises 3,850 to 7,350
ba1d42ca: folds
49cbb0bc: folds
4c0772d1: folds
Uncalled bet (3,850) returned to 56fcfb3b
*** SHOWDOWN ***
56fcfb3b collected 12,350 from pot
*** SUMMARY ***
Total pot 12,350 | Rake 0 | Jackpot 0 | Bingo 0 | Fortune 0 | Tax 0
Seat 1: fa4bd4b9 folded before Flop
Seat 2: 56fcfb3b collected (12,350)
Seat 3: ba1d42ca (button) folded before Flop
Seat 4: 49cbb0bc (small blind) folded before Flop
Seat 5: 4c0772d1 (big blind) folded before Flop
Seat 6: 5b6ad1ba folded before Flop
Seat 7: 4dcc2a29 folded before Flop
Seat 8: Hero folded before Flop


Poker Hand #TM2990065927: Tournament #127874594, Daily Big $20 Hold'em No Limit - Level19(1,500/3,000) - 2024/02/21 16:45:01
Table '32' 8-max Seat #2 is the button
Seat 1: fa4bd4b9 (84,682 in chips)
Seat 2: 56fcfb3b (91,636 in chips)
Seat 3: ba1d42ca (29,250 in chips)
Seat 4: 49cbb0bc (42,796 in chips)
Seat 5: 4c0772d1 (34,016 in chips)
Seat 6: 5b6ad1ba (114,841 in chips)
Seat 7: 4dcc2a29 (36,079 in chips)
Seat 8: Hero (31,046 in chips)
5b6ad1ba: posts the ante 350
fa4bd4b9: posts the ante 350
Hero: posts the ante 350
4dcc2a29: posts the ante 350
ba1d42ca: posts the ante 350
4c0772d1: posts the ante 350
49cbb0bc: posts the ante 350
56fcfb3b: posts the ante 350
ba1d42ca: posts small blind 1,500
49cbb0bc: posts big blind 3,000
*** HOLE CARDS ***
Dealt to fa4bd4b9 
Dealt to 56fcfb3b 
Dealt to ba1d42ca 
Dealt to 49cbb0bc 
Dealt to 4c0772d1 
Dealt to 5b6ad1ba 
Dealt to 4dcc2a29 
Dealt to Hero [9h Qd]
4c0772d1: folds
5b6ad1ba: folds
4dcc2a29: folds
Hero: folds
fa4bd4b9: raises 3,000 to 6,000
56fcfb3b: folds
ba1d42ca: folds
49cbb0bc: folds
Uncalled bet (3,000) returned to fa4bd4b9
*** SHOWDOWN ***
fa4bd4b9 collected 10,300 from pot
*** SUMMARY ***
Total pot 10,300 | Rake 0 | Jackpot 0 | Bingo 0 | Fortune 0 | Tax 0
Seat 1: fa4bd4b9 collected (10,300)
Seat 2: 56fcfb3b (button) folded before Flop
Seat 3: ba1d42ca (small blind) folded before Flop
Seat 4: 49cbb0bc (big blind) folded before Flop
Seat 5: 4c0772d1 folded before Flop
Seat 6: 5b6ad1ba folded before Flop
Seat 7: 4dcc2a29 folded before Flop
Seat 8: Hero folded before Flop


Poker Hand #TM2990065810: Tournament #127874594, Daily Big $20 Hold'em No Limit - Level19(1,500/3,000) - 2024/02/21 16:43:06
Table '32' 8-max Seat #1 is the button
Seat 1: fa4bd4b9 (92,532 in chips)
Seat 2: 56fcfb3b (93,486 in chips)
Seat 3: ba1d42ca (17,800 in chips)
Seat 4: 49cbb0bc (43,146 in chips)
Seat 5: 4c0772d1 (34,366 in chips)
Seat 6: 5b6ad1ba (115,191 in chips)
Seat 7: 4dcc2a29 (36,429 in chips)
Seat 8: Hero (31,396 in chips)
5b6ad1ba: posts the ante 350
fa4bd4b9: posts the ante 350
Hero: posts the ante 350
4dcc2a29: posts the ante 350
ba1d42ca: posts the ante 350
4c0772d1: posts the ante 350
49cbb0bc: posts the ante 350
56fcfb3b: posts the ante 350
56fcfb3b: posts small blind 1,500
ba1d42ca: posts big blind 3,000
*** HOLE CARDS ***
Dealt to fa4bd4b9 
Dealt to 56fcfb3b 
Dealt to ba1d42ca 
Dealt to 49cbb0bc 
Dealt to 4c0772d1 
Dealt to 5b6ad1ba 
Dealt to 4dcc2a29 
Dealt to Hero [8h 4d]
49cbb0bc: folds
4c0772d1: folds
5b6ad1ba: folds
4dcc2a29: folds
Hero: folds
fa4bd4b9: raises 4,500 to 7,500
56fcfb3b: folds
ba1d42ca: calls 4,500
*** FLOP *** [9h Tc 5s]
ba1d42ca: bets 9,950 and is all-in
fa4bd4b9: folds
Uncalled bet (9,950) returned to ba1d42ca
*** SHOWDOWN ***
ba1d42ca collected 19,300 from pot
*** SUMMARY ***
Total pot 19,300 | Rake 0 | Jackpot 0 | Bingo 0 | Fortune 0 | Tax 0
Board [9h Tc 5s]
Seat 1: fa4bd4b9 (button) folded on the Flop
Seat 2: 56fcfb3b (small blind) folded before Flop
Seat 3: ba1d42ca (big blind) won (19,300)
Seat 4: 49cbb0bc folded before Flop
Seat 5: 4c0772d1 folded before Flop
Seat 6: 5b6ad1ba folded before Flop
Seat 7: 4dcc2a29 folded before Flop
Seat 8: Hero folded before Flop


Poker Hand #TM2990065703: Tournament #127874594, Daily Big $20 Hold'em No Limit - Level19(1,500/3,000) - 2024/02/21 16:41:45
Table '32' 8-max Seat #8 is the button
Seat 1: fa4bd4b9 (94,382 in chips)
Seat 2: 56fcfb3b (96,836 in chips)
Seat 3: ba1d42ca (18,150 in chips)
Seat 4: 49cbb0bc (43,496 in chips)
Seat 5: 4c0772d1 (34,716 in chips)
Seat 6: 5b6ad1ba (115,541 in chips)
Seat 7: 4dcc2a29 (36,779 in chips)
Seat 8: Hero (24,446 in chips)
5b6ad1ba: posts the ante 350
fa4bd4b9: posts the ante 350
Hero: posts the ante 350
4dcc2a29: posts the ante 350
ba1d42ca: posts the ante 350
4c0772d1: posts the ante 350
49cbb0bc: posts the ante 350
56fcfb3b: posts the ante 350
fa4bd4b9: posts small blind 1,500
56fcfb3b: posts big blind 3,000
*** HOLE CARDS ***
Dealt to fa4bd4b9 
Dealt to 56fcfb3b 
Dealt to ba1d42ca 
Dealt to 49cbb0bc 
Dealt to 4c0772d1 
Dealt to 5b6ad1ba 
Dealt to 4dcc2a29 
Dealt to Hero [Ah 5s]
ba1d42ca: folds
49cbb0bc: folds
4c0772d1: folds
5b6ad1ba: folds
4dcc2a29: folds
Hero: raises 18,000 to 21,000
fa4bd4b9: folds
56fcfb3b: folds
Uncalled bet (18,000) returned to Hero
*** SHOWDOWN ***
Hero collected 10,300 from pot
*** SUMMARY ***
Total pot 10,300 | Rake 0 | Jackpot 0 | Bingo 0 | Fortune 0 | Tax 0
Seat 1: fa4bd4b9 (small blind) folded before Flop
Seat 2: 56fcfb3b (big blind) folded before Flop
Seat 3: ba1d42ca folded before Flop
Seat 4: 49cbb0bc folded before Flop
Seat 5: 4c0772d1 folded before Flop
Seat 6: 5b6ad1ba folded before Flop
Seat 7: 4dcc2a29 folded before Flop
Seat 8: Hero (button) collected (10,300)


Poker Hand #TM2990065623: Tournament #127874594, Daily Big $20 Hold'em No Limit - Level19(1,500/3,000) - 2024/02/21 16:40:41
Table '32' 8-max Seat #7 is the button
Seat 1: fa4bd4b9 (97,732 in chips)
Seat 2: 56fcfb3b (97,186 in chips)
Seat 3: ba1d42ca (18,500 in chips)
Seat 4: 49cbb0bc (19,198 in chips)
Seat 5: 4c0772d1 (35,066 in chips)
Seat 6: 5b6ad1ba (115,891 in chips)
Seat 7: 4dcc2a29 (37,129 in chips)
Seat 8: Hero (43,644 in chips)
5b6ad1ba: posts the ante 350
fa4bd4b9: posts the ante 350
Hero: posts the ante 350
4dcc2a29: posts the ante 350
ba1d42ca: posts the ante 350
4c0772d1: posts the ante 350
49cbb0bc: posts the ante 350
56fcfb3b: posts the ante 350
Hero: posts small blind 1,500
fa4bd4b9: posts big blind 3,000
*** HOLE CARDS ***
Dealt to fa4bd4b9 
Dealt to 56fcfb3b 
Dealt to ba1d42ca 
Dealt to 49cbb0bc 
Dealt to 4c0772d1 
Dealt to 5b6ad1ba 
Dealt to 4dcc2a29 
Dealt to Hero [Qs Qh]
56fcfb3b: folds
ba1d42ca: folds
49cbb0bc: raises 15,848 to 18,848 and is all-in
4c0772d1: folds
5b6ad1ba: folds
4dcc2a29: folds
Hero: calls 17,348
fa4bd4b9: folds
49cbb0bc: shows [Ad Qd]
Hero: shows [Qs Qh]
*** FLOP *** [2s 5h 6d]
*** TURN *** [2s 5h 6d] [Ah]
*** RIVER *** [2s 5h 6d Ah] [7s]
*** SHOWDOWN ***
49cbb0bc collected 43,496 from pot
*** SUMMARY ***
Total pot 43,496 | Rake 0 | Jackpot 0 | Bingo 0 | Fortune 0 | Tax 0
Board [2s 5h 6d Ah 7s]
Seat 1: fa4bd4b9 (big blind) folded before Flop
Seat 2: 56fcfb3b folded before Flop
Seat 3: ba1d42ca folded before Flop
Seat 4: 49cbb0bc showed [Ad Qd] and won (43,496) with Pair of Aces
Seat 5: 4c0772d1 folded before Flop
Seat 6: 5b6ad1ba folded before Flop
Seat 7: 4dcc2a29 (button) folded before Flop
Seat 8: Hero (small blind) showed [Qs Qh] and lost with Pair of Queens


Poker Hand #TM2990065548: Tournament #127874594, Daily Big $20 Hold'em No Limit - Level19(1,500/3,000) - 2024/02/21 16:39:50
Table '32' 8-max Seat #6 is the button
Seat 1: fa4bd4b9 (98,082 in chips)
Seat 2: 56fcfb3b (97,536 in chips)
Seat 3: ba1d42ca (18,850 in chips)
Seat 4: 49cbb0bc (19,548 in chips)
Seat 5: 4c0772d1 (35,416 in chips)
Seat 6: 5b6ad1ba (108,941 in chips)
Seat 7: 4dcc2a29 (38,979 in chips)
Seat 8: Hero (46,994 in chips)
5b6ad1ba: posts the ante 350
fa4bd4b9: posts the ante 350
Hero: posts the ante 350
4dcc2a29: posts the ante 350
ba1d42ca: posts the ante 350
4c0772d1: posts the ante 350
49cbb0bc: posts the ante 350
56fcfb3b: posts the ante 350
4dcc2a29: posts small blind 1,500
Hero: posts big blind 3,000
*** HOLE CARDS ***
Dealt to fa4bd4b9 
Dealt to 56fcfb3b 
Dealt to ba1d42ca 
Dealt to 49cbb0bc 
Dealt to 4c0772d1 
Dealt to 5b6ad1ba 
Dealt to 4dcc2a29 
Dealt to Hero [6h Jc]
fa4bd4b9: folds
56fcfb3b: folds
ba1d42ca: folds
49cbb0bc: folds
4c0772d1: folds
5b6ad1ba: raises 105,591 to 108,591 and is all-in
4dcc2a29: folds
Hero: folds
Uncalled bet (105,591) returned to 5b6ad1ba
*** SHOWDOWN ***
5b6ad1ba collected 10,300 from pot
*** SUMMARY ***
Total pot 10,300 | Rake 0 | Jackpot 0 | Bingo 0 | Fortune 0 | Tax 0
Seat 1: fa4bd4b9 folded before Flop
Seat 2: 56fcfb3b folded before Flop
Seat 3: ba1d42ca folded before Flop
Seat 4: 49cbb0bc folded before Flop
Seat 5: 4c0772d1 folded before Flop
Seat 6: 5b6ad1ba (button) collected (10,300)
Seat 7: 4dcc2a29 (small blind) folded before Flop
Seat 8: Hero (big blind) folded before Flop


Poker Hand #TM2990233344: Tournament #127874594, Daily Big $20 Hold'em No Limit - Level19(1,500/3,000) - 2024/02/21 16:38:09
Table '25' 8-max Seat #4 is the button
Seat 1: eede83ae (62,176 in chips)
Seat 3: cfe7787b (49,270 in chips)
Seat 4: f6d6e2d2 (35,759 in chips)
Seat 5: Hero (48,844 in chips)
Seat 6: 4cd53cf0 (26,942 in chips)
Seat 7: 79b392c4 (76,560 in chips)
Seat 8: 9447671a (79,589 in chips)
79b392c4: posts the ante 350
4cd53cf0: posts the ante 350
Hero: posts the ante 350
9447671a: posts the ante 350
cfe7787b: posts the ante 350
eede83ae: posts the ante 350
f6d6e2d2: posts the ante 350
Hero: posts small blind 1,500
4cd53cf0: posts big blind 3,000
*** HOLE CARDS ***
Dealt to eede83ae 
Dealt to cfe7787b 
Dealt to f6d6e2d2 
Dealt to Hero [4h Qh]
Dealt to 4cd53cf0 
Dealt to 79b392c4 
Dealt to 9447671a 
79b392c4: folds
9447671a: raises 3,000 to 6,000
eede83ae: folds
cfe7787b: folds
f6d6e2d2: folds
Hero: folds
4cd53cf0: raises 20,592 to 26,592 and is all-in
9447671a: calls 20,592
4cd53cf0: shows [2c Ad]
9447671a: shows [Qs Qd]
*** FLOP *** [3h 7h Th]
*** TURN *** [3h 7h Th] [8h]
*** RIVER *** [3h 7h Th 8h] [Ks]
*** SHOWDOWN ***
9447671a collected 57,134 from pot
*** SUMMARY ***
Total pot 57,134 | Rake 0 | Jackpot 0 | Bingo 0 | Fortune 0 | Tax 0
Board [3h 7h Th 8h Ks]
Seat 1: eede83ae folded before Flop
Seat 3: cfe7787b folded before Flop
Seat 4: f6d6e2d2 (button) folded before Flop
Seat 5: Hero (small blind) folded before Flop
Seat 6: 4cd53cf0 (big blind) showed [2c Ad] and lost with Ace-High
Seat 7: 79b392c4 folded before Flop
Seat 8: 9447671a showed [Qs Qd] and won (57,134) with Pair of Queens


Poker Hand #TM2990233279: Tournament #127874594, Daily Big $20 Hold'em No Limit - Level19(1,500/3,000) - 2024/02/21 16:37:19
Table '25' 8-max Seat #3 is the button
Seat 3: cfe7787b (49,620 in chips)
Seat 4: f6d6e2d2 (39,109 in chips)
Seat 5: Hero (44,094 in chips)
Seat 6: 4cd53cf0 (27,292 in chips)
Seat 7: 79b392c4 (76,910 in chips)
Seat 8: 9447671a (79,939 in chips)
79b392c4: posts the ante 350
4cd53cf0: posts the ante 350
Hero: posts the ante 350
9447671a: posts the ante 350
cfe7787b: posts the ante 350
f6d6e2d2: posts the ante 350
f6d6e2d2: posts small blind 1,500
Hero: posts big blind 3,000
*** HOLE CARDS ***
Dealt to cfe7787b 
Dealt to f6d6e2d2 
Dealt to Hero [Kc Ah]
Dealt to 4cd53cf0 
Dealt to 79b392c4 
Dealt to 9447671a 
4cd53cf0: folds
79b392c4: folds
9447671a: folds
cfe7787b: folds
f6d6e2d2: calls 1,500
Hero: raises 40,744 to 43,744 and is all-in
f6d6e2d2: folds
Uncalled bet (40,744) returned to Hero
*** SHOWDOWN ***
Hero collected 8,100 from pot
*** SUMMARY ***
Total pot 8,100 | Rake 0 | Jackpot 0 | Bingo 0 | Fortune 0 | Tax 0
Seat 3: cfe7787b (button) folded before Flop
Seat 4: f6d6e2d2 (small blind) folded before Flop
Seat 5: Hero (big blind) collected (8,100)
Seat 6: 4cd53cf0 folded before Flop
Seat 7: 79b392c4 folded before Flop
Seat 8: 9447671a folded before Flop


Poker Hand #TM2990233177: Tournament #127874594, Daily Big $20 Hold'em No Limit - Level18(1,250/2,500) - 2024/02/21 16:36:06
Table '25' 8-max Seat #8 is the button
Seat 2: 205dcd5f (722 in chips)
Seat 3: cfe7787b (52,420 in chips)
Seat 4: f6d6e2d2 (39,409 in chips)
Seat 5: Hero (44,394 in chips)
Seat 6: 4cd53cf0 (22,570 in chips)
Seat 7: 79b392c4 (77,210 in chips)
Seat 8: 9447671a (80,239 in chips)
79b392c4: posts the ante 300
4cd53cf0: posts the ante 300
Hero: posts the ante 300
205dcd5f: posts the ante 300
9447671a: posts the ante 300
cfe7787b: posts the ante 300
f6d6e2d2: posts the ante 300
205dcd5f: posts small blind 422
cfe7787b: posts big blind 2,500
*** HOLE CARDS ***
Dealt to 205dcd5f 
Dealt to cfe7787b 
Dealt to f6d6e2d2 
Dealt to Hero [Ks 6h]
Dealt to 4cd53cf0 
Dealt to 79b392c4 
Dealt to 9447671a 
f6d6e2d2: folds
Hero: folds
4cd53cf0: raises 19,770 to 22,270 and is all-in
79b392c4: folds
9447671a: folds
cfe7787b: folds
Uncalled bet (19,770) returned to 4cd53cf0
4cd53cf0: shows [Kc Ts]
205dcd5f: shows [3s 6s]
*** FLOP *** [2s 9s 8c]
*** TURN *** [2s 9s 8c] [Tc]
*** RIVER *** [2s 9s 8c Tc] [Td]
*** SHOWDOWN ***
4cd53cf0 collected 3,366 from pot
4cd53cf0 collected 4,156 from pot
*** SUMMARY ***
Total pot 7,522 | Rake 0 | Jackpot 0 | Bingo 0 | Fortune 0 | Tax 0
Board [2s 9s 8c Tc Td]
Seat 2: 205dcd5f (small blind) showed [3s 6s] and lost with Pair of Tens
Seat 3: cfe7787b (big blind) folded before Flop
Seat 4: f6d6e2d2 folded before Flop
Seat 5: Hero folded before Flop
Seat 6: 4cd53cf0 showed [Kc Ts] and won (7,522) with Three Tens
Seat 7: 79b392c4 folded before Flop
Seat 8: 9447671a (button) folded before Flop


Poker Hand #TM2990233063: Tournament #127874594, Daily Big $20 Hold'em No Limit - Level18(1,250/2,500) - 2024/02/21 16:34:48
Table '25' 8-max Seat #7 is the button
Seat 1: 658215a9 (5,445 in chips)
Seat 2: 205dcd5f (1,022 in chips)
Seat 3: cfe7787b (43,925 in chips)
Seat 4: f6d6e2d2 (39,709 in chips)
Seat 5: Hero (44,694 in chips)
Seat 6: 4cd53cf0 (22,870 in chips)
Seat 7: 79b392c4 (77,510 in chips)
Seat 8: 9447671a (81,789 in chips)
79b392c4: posts the ante 300
4cd53cf0: posts the ante 300
Hero: posts the ante 300
205dcd5f: posts the ante 300
658215a9: posts the ante 300
9447671a: posts the ante 300
cfe7787b: posts the ante 300
f6d6e2d2: posts the ante 300
9447671a: posts small blind 1,250
658215a9: posts big blind 2,500
*** HOLE CARDS ***
Dealt to 658215a9 
Dealt to 205dcd5f 
Dealt to cfe7787b 
Dealt to f6d6e2d2 
Dealt to Hero [9c 9d]
Dealt to 4cd53cf0 
Dealt to 79b392c4 
Dealt to 9447671a 
205dcd5f: folds
cfe7787b: raises 3,250 to 5,750
f6d6e2d2: folds
Hero: folds
4cd53cf0: folds
79b392c4: folds
9447671a: folds
658215a9: calls 2,645 and is all-in
Uncalled bet (605) returned to cfe7787b
cfe7787b: shows [Kc Ad]
658215a9: shows [5h Kd]
*** FLOP *** [9s Tc Ks]
*** TURN *** [9s Tc Ks] [As]
*** RIVER *** [9s Tc Ks As] [7d]
*** SHOWDOWN ***
cfe7787b collected 13,940 from pot
*** SUMMARY ***
Total pot 13,940 | Rake 0 | Jackpot 0 | Bingo 0 | Fortune 0 | Tax 0
Board [9s Tc Ks As 7d]
Seat 1: 658215a9 (big blind) showed [5h Kd] and lost with Pair of Kings
Seat 2: 205dcd5f folded before Flop
Seat 3: cfe7787b showed [Kc Ad] and won (13,940) with Pair of Aces and Pair of Kings
Seat 4: f6d6e2d2 folded before Flop
Seat 5: Hero folded before Flop
Seat 6: 4cd53cf0 folded before Flop
Seat 7: 79b392c4 (button) folded before Flop
Seat 8: 9447671a (small blind) folded before Flop


Poker Hand #TM2990232937: Tournament #127874594, Daily Big $20 Hold'em No Limit - Level18(1,250/2,500) - 2024/02/21 16:33:23
Table '25' 8-max Seat #6 is the button
Seat 1: 658215a9 (5,745 in chips)
Seat 2: 205dcd5f (20,594 in chips)
Seat 3: cfe7787b (44,225 in chips)
Seat 4: f6d6e2d2 (40,009 in chips)
Seat 5: Hero (19,572 in chips)
Seat 6: 4cd53cf0 (23,170 in chips)
Seat 7: 79b392c4 (79,060 in chips)
Seat 8: 9447671a (84,589 in chips)
79b392c4: posts the ante 300
4cd53cf0: posts the ante 300
Hero: posts the ante 300
205dcd5f: posts the ante 300
658215a9: posts the ante 300
9447671a: posts the ante 300
cfe7787b: posts the ante 300
f6d6e2d2: posts the ante 300
79b392c4: posts small blind 1,250
9447671a: posts big blind 2,500
*** HOLE CARDS ***
Dealt to 658215a9 
Dealt to 205dcd5f 
Dealt to cfe7787b 
Dealt to f6d6e2d2 
Dealt to Hero [Qc As]
Dealt to 4cd53cf0 
Dealt to 79b392c4 
Dealt to 9447671a 
658215a9: folds
205dcd5f: raises 15,000 to 17,500
cfe7787b: folds
f6d6e2d2: folds
Hero: raises 1,772 to 19,272 and is all-in
4cd53cf0: folds
79b392c4: folds
9447671a: folds
205dcd5f: calls 1,772
Hero: shows [Qc As]
205dcd5f: shows [Kd Qs]
*** FLOP *** [3c Js 3s]
*** TURN *** [3c Js 3s] [Td]
*** RIVER *** [3c Js 3s Td] [6d]
*** SHOWDOWN ***
Hero collected 44,694 from pot
*** SUMMARY ***
Total pot 44,694 | Rake 0 | Jackpot 0 | Bingo 0 | Fortune 0 | Tax 0
Board [3c Js 3s Td 6d]
Seat 1: 658215a9 folded before Flop
Seat 2: 205dcd5f showed [Kd Qs] and lost with Pair of Treys
Seat 3: cfe7787b folded before Flop
Seat 4: f6d6e2d2 folded before Flop
Seat 5: Hero showed [Qc As] and won (44,694) with Pair of Treys
Seat 6: 4cd53cf0 (button) folded before Flop
Seat 7: 79b392c4 (small blind) folded before Flop
Seat 8: 9447671a (big blind) folded before Flop


Poker Hand #TM2990232875: Tournament #127874594, Daily Big $20 Hold'em No Limit - Level18(1,250/2,500) - 2024/02/21 16:32:43
Table '25' 8-max Seat #5 is the button
Seat 1: 658215a9 (6,045 in chips)
Seat 2: 205dcd5f (20,894 in chips)
Seat 3: cfe7787b (44,525 in chips)
Seat 4: f6d6e2d2 (40,309 in chips)
Seat 5: Hero (19,872 in chips)
Seat 6: 4cd53cf0 (24,720 in chips)
Seat 7: 79b392c4 (81,860 in chips)
Seat 8: 9447671a (78,739 in chips)
79b392c4: posts the ante 300
4cd53cf0: posts the ante 300
Hero: posts the ante 300
205dcd5f: posts the ante 300
658215a9: posts the ante 300
9447671a: posts the ante 300
cfe7787b: posts the ante 300
f6d6e2d2: posts the ante 300
4cd53cf0: posts small blind 1,250
79b392c4: posts big blind 2,500
*** HOLE CARDS ***
Dealt to 658215a9 
Dealt to 205dcd5f 
Dealt to cfe7787b 
Dealt to f6d6e2d2 
Dealt to Hero [Qh Ts]
Dealt to 4cd53cf0 
Dealt to 79b392c4 
Dealt to 9447671a 
9447671a: raises 2,500 to 5,000
658215a9: folds
205dcd5f: folds
cfe7787b: folds
f6d6e2d2: folds
Hero: folds
4cd53cf0: folds
79b392c4: folds
Uncalled bet (2,500) returned to 9447671a
*** SHOWDOWN ***
9447671a collected 8,650 from pot
*** SUMMARY ***
Total pot 8,650 | Rake 0 | Jackpot 0 | Bingo 0 | Fortune 0 | Tax 0
Seat 1: 658215a9 folded before Flop
Seat 2: 205dcd5f folded before Flop
Seat 3: cfe7787b folded before Flop
Seat 4: f6d6e2d2 folded before Flop
Seat 5: Hero (button) folded before Flop
Seat 6: 4cd53cf0 (small blind) folded before Flop
Seat 7: 79b392c4 (big blind) folded before Flop
Seat 8: 9447671a collected (8,650)


Poker Hand #TM2990232807: Tournament #127874594, Daily Big $20 Hold'em No Limit - Level18(1,250/2,500) - 2024/02/21 16:31:54
Table '25' 8-max Seat #4 is the button
Seat 1: 658215a9 (6,345 in chips)
Seat 2: 205dcd5f (21,194 in chips)
Seat 3: cfe7787b (33,425 in chips)
Seat 4: f6d6e2d2 (40,609 in chips)
Seat 5: Hero (21,422 in chips)
Seat 6: 4cd53cf0 (27,520 in chips)
Seat 7: 79b392c4 (82,160 in chips)
Seat 8: 9447671a (84,289 in chips)
79b392c4: posts the ante 300
4cd53cf0: posts the ante 300
Hero: posts the ante 300
205dcd5f: posts the ante 300
658215a9: posts the ante 300
9447671a: posts the ante 300
cfe7787b: posts the ante 300
f6d6e2d2: posts the ante 300
Hero: posts small blind 1,250
4cd53cf0: posts big blind 2,500
*** HOLE CARDS ***
Dealt to 658215a9 
Dealt to 205dcd5f 
Dealt to cfe7787b 
Dealt to f6d6e2d2 
Dealt to Hero [Qs 5c]
Dealt to 4cd53cf0 
Dealt to 79b392c4 
Dealt to 9447671a 
79b392c4: folds
9447671a: raises 2,750 to 5,250
658215a9: folds
205dcd5f: folds
cfe7787b: raises 27,875 to 33,125 and is all-in
f6d6e2d2: folds
Hero: folds
4cd53cf0: folds
9447671a: folds
Uncalled bet (27,875) returned to cfe7787b
*** SHOWDOWN ***
cfe7787b collected 16,650 from pot
*** SUMMARY ***
Total pot 16,650 | Rake 0 | Jackpot 0 | Bingo 0 | Fortune 0 | Tax 0
Seat 1: 658215a9 folded before Flop
Seat 2: 205dcd5f folded before Flop
Seat 3: cfe7787b collected (16,650)
Seat 4: f6d6e2d2 (button) folded before Flop
Seat 5: Hero (small blind) folded before Flop
Seat 6: 4cd53cf0 (big blind) folded before Flop
Seat 7: 79b392c4 folded before Flop
Seat 8: 9447671a folded before Flop


Poker Hand #TM2990232723: Tournament #127874594, Daily Big $20 Hold'em No Limit - Level18(1,250/2,500) - 2024/02/21 16:31:02
Table '25' 8-max Seat #3 is the button
Seat 1: 658215a9 (6,645 in chips)
Seat 2: 205dcd5f (21,494 in chips)
Seat 3: cfe7787b (33,725 in chips)
Seat 4: f6d6e2d2 (42,159 in chips)
Seat 5: Hero (26,972 in chips)
Seat 6: 4cd53cf0 (27,820 in chips)
Seat 7: 79b392c4 (82,460 in chips)
Seat 8: 9447671a (75,689 in chips)
79b392c4: posts the ante 300
4cd53cf0: posts the ante 300
Hero: posts the ante 300
205dcd5f: posts the ante 300
658215a9: posts the ante 300
9447671a: posts the ante 300
cfe7787b: posts the ante 300
f6d6e2d2: posts the ante 300
f6d6e2d2: posts small blind 1,250
Hero: posts big blind 2,500
*** HOLE CARDS ***
Dealt to 658215a9 
Dealt to 205dcd5f 
Dealt to cfe7787b 
Dealt to f6d6e2d2 
Dealt to Hero [6h 9h]
Dealt to 4cd53cf0 
Dealt to 79b392c4 
Dealt to 9447671a 
4cd53cf0: folds
79b392c4: folds
9447671a: raises 2,750 to 5,250
658215a9: folds
205dcd5f: folds
cfe7787b: folds
f6d6e2d2: folds
Hero: calls 2,750
*** FLOP *** [3s 2s 3h]
Hero: checks
9447671a: bets 3,396
Hero: folds
Uncalled bet (3,396) returned to 9447671a
*** SHOWDOWN ***
9447671a collected 14,150 from pot
*** SUMMARY ***
Total pot 14,150 | Rake 0 | Jackpot 0 | Bingo 0 | Fortune 0 | Tax 0
Board [3s 2s 3h]
Seat 1: 658215a9 folded before Flop
Seat 2: 205dcd5f folded before Flop
Seat 3: cfe7787b (button) folded before Flop
Seat 4: f6d6e2d2 (small blind) folded before Flop
Seat 5: Hero (big blind) folded on the Flop
Seat 6: 4cd53cf0 folded before Flop
Seat 7: 79b392c4 folded before Flop
Seat 8: 9447671a won (14,150)


Poker Hand #TM2990232493: Tournament #127874594, Daily Big $20 Hold'em No Limit - Level17(1,000/2,000) - 2024/02/21 16:28:41
Table '25' 8-max Seat #1 is the button
Seat 1: 658215a9 (6,895 in chips)
Seat 3: cfe7787b (34,975 in chips)
Seat 4: f6d6e2d2 (44,409 in chips)
Seat 5: Hero (27,222 in chips)
Seat 6: 4cd53cf0 (39,633 in chips)
Seat 7: 79b392c4 (82,710 in chips)
Seat 8: 9447671a (59,626 in chips)
79b392c4: posts the ante 250
4cd53cf0: posts the ante 250
Hero: posts the ante 250
658215a9: posts the ante 250
9447671a: posts the ante 250
cfe7787b: posts the ante 250
f6d6e2d2: posts the ante 250
cfe7787b: posts small blind 1,000
f6d6e2d2: posts big blind 2,000
*** HOLE CARDS ***
Dealt to 658215a9 
Dealt to cfe7787b 
Dealt to f6d6e2d2 
Dealt to Hero [4c Jh]
Dealt to 4cd53cf0 
Dealt to 79b392c4 
Dealt to 9447671a 
Hero: folds
4cd53cf0: raises 2,000 to 4,000
79b392c4: folds
9447671a: calls 4,000
658215a9: folds
cfe7787b: folds
f6d6e2d2: folds
*** FLOP *** [8c Qh Th]
4cd53cf0: checks
9447671a: checks
*** TURN *** [8c Qh Th] [Qc]
4cd53cf0: checks
9447671a: checks
*** RIVER *** [8c Qh Th Qc] [4s]
4cd53cf0: bets 7,563
9447671a: calls 7,563
4cd53cf0: shows [Ah 7d] (Pair of Queens)
9447671a: shows [9s 9c] (Pair of Queens and Pair of Nines)
*** SHOWDOWN ***
9447671a collected 27,876 from pot
*** SUMMARY ***
Total pot 27,876 | Rake 0 | Jackpot 0 | Bingo 0 | Fortune 0 | Tax 0
Board [8c Qh Th Qc 4s]
Seat 1: 658215a9 (button) folded before Flop
Seat 3: cfe7787b (small blind) folded before Flop
Seat 4: f6d6e2d2 (big blind) folded before Flop
Seat 5: Hero folded before Flop
Seat 6: 4cd53cf0 showed [Ah 7d] and lost with Pair of Queens
Seat 7: 79b392c4 folded before Flop
Seat 8: 9447671a showed [9s 9c] and won (27,876) with Pair of Queens and Pair of Nines


Poker Hand #TM2990232372: Tournament #127874594, Daily Big $20 Hold'em No Limit - Level17(1,000/2,000) - 2024/02/21 16:27:18
Table '25' 8-max Seat #8 is the button
Seat 1: 658215a9 (1,965 in chips)
Seat 3: cfe7787b (39,225 in chips)
Seat 4: f6d6e2d2 (44,659 in chips)
Seat 5: Hero (27,472 in chips)
Seat 6: 4cd53cf0 (39,313 in chips)
Seat 7: 79b392c4 (82,960 in chips)
Seat 8: 9447671a (59,876 in chips)
79b392c4: posts the ante 250
4cd53cf0: posts the ante 250
Hero: posts the ante 250
9447671a: posts the ante 250
658215a9: posts the ante 250
cfe7787b: posts the ante 250
f6d6e2d2: posts the ante 250
658215a9: posts small blind 1,000
cfe7787b: posts big blind 2,000
*** HOLE CARDS ***
Dealt to 658215a9 
Dealt to cfe7787b 
Dealt to f6d6e2d2 
Dealt to Hero [Ad 4s]
Dealt to 4cd53cf0 
Dealt to 79b392c4 
Dealt to 9447671a 
f6d6e2d2: folds
Hero: folds
4cd53cf0: raises 2,000 to 4,000
79b392c4: folds
9447671a: folds
658215a9: calls 715 and is all-in
cfe7787b: calls 2,000
*** FLOP *** [6h 9c 8h]
cfe7787b: checks
4cd53cf0: checks
*** TURN *** [6h 9c 8h] [7s]
cfe7787b: checks
4cd53cf0: checks
*** RIVER *** [6h 9c 8h 7s] [As]
cfe7787b: checks
4cd53cf0: bets 8,000
cfe7787b: folds
Uncalled bet (8,000) returned to 4cd53cf0
4cd53cf0: shows [Ac Jc] (Pair of Aces)
658215a9: shows [9d Ah] (Pair of Aces and Pair of Nines)
*** SHOWDOWN ***
658215a9 collected 6,895 from pot
4cd53cf0 collected 4,570 from pot
*** SUMMARY ***
Total pot 11,465 | Rake 0 | Jackpot 0 | Bingo 0 | Fortune 0 | Tax 0
Board [6h 9c 8h 7s As]
Seat 1: 658215a9 (small blind) showed [9d Ah] and won (6,895) with Pair of Aces and Pair of Nines
Seat 3: cfe7787b (big blind) folded on the River
Seat 4: f6d6e2d2 folded before Flop
Seat 5: Hero folded before Flop
Seat 6: 4cd53cf0 showed [Ac Jc] and won (4,570) with Pair of Aces
Seat 7: 79b392c4 folded before Flop
Seat 8: 9447671a (button) folded before Flop


Poker Hand #TM2990232274: Tournament #127874594, Daily Big $20 Hold'em No Limit - Level17(1,000/2,000) - 2024/02/21 16:26:20
Table '25' 8-max Seat #7 is the button
Seat 1: 658215a9 (31,278 in chips)
Seat 3: cfe7787b (39,475 in chips)
Seat 4: f6d6e2d2 (44,909 in chips)
Seat 5: Hero (27,722 in chips)
Seat 6: 4cd53cf0 (39,563 in chips)
Seat 7: 79b392c4 (83,210 in chips)
Seat 8: 9447671a (29,313 in chips)
79b392c4: posts the ante 250
4cd53cf0: posts the ante 250
Hero: posts the ante 250
658215a9: posts the ante 250
9447671a: posts the ante 250
cfe7787b: posts the ante 250
f6d6e2d2: posts the ante 250
9447671a: posts small blind 1,000
658215a9: posts big blind 2,000
*** HOLE CARDS ***
Dealt to 658215a9 
Dealt to cfe7787b 
Dealt to f6d6e2d2 
Dealt to Hero [7h Ts]
Dealt to 4cd53cf0 
Dealt to 79b392c4 
Dealt to 9447671a 
cfe7787b: folds
f6d6e2d2: folds
Hero: folds
4cd53cf0: folds
79b392c4: folds
9447671a: raises 27,063 to 29,063 and is all-in
658215a9: calls 27,063
9447671a: shows [Ah Jc]
658215a9: shows [3s 3c]
*** FLOP *** [Qs Ks 4d]
*** TURN *** [Qs Ks 4d] [Ad]
*** RIVER *** [Qs Ks 4d Ad] [2c]
*** SHOWDOWN ***
9447671a collected 59,876 from pot
*** SUMMARY ***
Total pot 59,876 | Rake 0 | Jackpot 0 | Bingo 0 | Fortune 0 | Tax 0
Board [Qs Ks 4d Ad 2c]
Seat 1: 658215a9 (big blind) showed [3s 3c] and lost with Pair of Treys
Seat 3: cfe7787b folded before Flop
Seat 4: f6d6e2d2 folded before Flop
Seat 5: Hero folded before Flop
Seat 6: 4cd53cf0 folded before Flop
Seat 7: 79b392c4 (button) folded before Flop
Seat 8: 9447671a (small blind) showed [Ah Jc] and won (59,876) with Pair of Aces


Poker Hand #TM2990232162: Tournament #127874594, Daily Big $20 Hold'em No Limit - Level17(1,000/2,000) - 2024/02/21 16:25:16
Table '25' 8-max Seat #6 is the button
Seat 1: 658215a9 (31,528 in chips)
Seat 2: eb4e4d90 (7,275 in chips)
Seat 3: cfe7787b (39,725 in chips)
Seat 4: f6d6e2d2 (54,803 in chips)
Seat 5: Hero (27,972 in chips)
Seat 6: 4cd53cf0 (39,813 in chips)
Seat 7: 79b392c4 (84,460 in chips)
Seat 8: 9447671a (9,894 in chips)
79b392c4: posts the ante 250
4cd53cf0: posts the ante 250
Hero: posts the ante 250
658215a9: posts the ante 250
9447671a: posts the ante 250
cfe7787b: posts the ante 250
eb4e4d90: posts the ante 250
f6d6e2d2: posts the ante 250
79b392c4: posts small blind 1,000
9447671a: posts big blind 2,000
*** HOLE CARDS ***
Dealt to 658215a9 
Dealt to eb4e4d90 
Dealt to cfe7787b 
Dealt to f6d6e2d2 
Dealt to Hero [Ts Ad]
Dealt to 4cd53cf0 
Dealt to 79b392c4 
Dealt to 9447671a 
658215a9: folds
eb4e4d90: raises 5,025 to 7,025 and is all-in
cfe7787b: folds
f6d6e2d2: calls 7,025
Hero: folds
4cd53cf0: folds
79b392c4: folds
9447671a: raises 2,619 to 9,644 and is all-in
f6d6e2d2: calls 2,619
9447671a: shows [8s As]
eb4e4d90: shows [5d 5s]
f6d6e2d2: shows [Qc Kc]
*** FLOP *** [4d 9h 7s]
*** TURN *** [4d 9h 7s] [Tc]
*** RIVER *** [4d 9h 7s Tc] [6d]
*** SHOWDOWN ***
9447671a collected 24,075 from pot
9447671a collected 5,238 from pot
*** SUMMARY ***
Total pot 29,313 | Rake 0 | Jackpot 0 | Bingo 0 | Fortune 0 | Tax 0
Board [4d 9h 7s Tc 6d]
Seat 1: 658215a9 folded before Flop
Seat 2: eb4e4d90 showed [5d 5s] and lost with Pair of Fives
Seat 3: cfe7787b folded before Flop
Seat 4: f6d6e2d2 showed [Qc Kc] and lost with King-High
Seat 5: Hero folded before Flop
Seat 6: 4cd53cf0 (button) folded before Flop
Seat 7: 79b392c4 (small blind) folded before Flop
Seat 8: 9447671a (big blind) showed [8s As] and won (29,313) with Tens-High Straight


Poker Hand #TM2990232075: Tournament #127874594, Daily Big $20 Hold'em No Limit - Level17(1,000/2,000) - 2024/02/21 16:24:28
Table '25' 8-max Seat #5 is the button
Seat 1: 658215a9 (26,778 in chips)
Seat 2: eb4e4d90 (7,525 in chips)
Seat 3: cfe7787b (39,975 in chips)
Seat 4: f6d6e2d2 (55,053 in chips)
Seat 5: Hero (28,222 in chips)
Seat 6: 4cd53cf0 (41,063 in chips)
Seat 7: 79b392c4 (86,710 in chips)
Seat 8: 9447671a (10,144 in chips)
79b392c4: posts the ante 250
4cd53cf0: posts the ante 250
Hero: posts the ante 250
658215a9: posts the ante 250
9447671a: posts the ante 250
cfe7787b: posts the ante 250
eb4e4d90: posts the ante 250
f6d6e2d2: posts the ante 250
4cd53cf0: posts small blind 1,000
79b392c4: posts big blind 2,000
*** HOLE CARDS ***
Dealt to 658215a9 
Dealt to eb4e4d90 
Dealt to cfe7787b 
Dealt to f6d6e2d2 
Dealt to Hero [Ac 8d]
Dealt to 4cd53cf0 
Dealt to 79b392c4 
Dealt to 9447671a 
9447671a: folds
658215a9: raises 2,000 to 4,000
eb4e4d90: folds
cfe7787b: folds
f6d6e2d2: folds
Hero: folds
4cd53cf0: folds
79b392c4: folds
Uncalled bet (2,000) returned to 658215a9
*** SHOWDOWN ***
658215a9 collected 7,000 from pot
*** SUMMARY ***
Total pot 7,000 | Rake 0 | Jackpot 0 | Bingo 0 | Fortune 0 | Tax 0
Seat 1: 658215a9 collected (7,000)
Seat 2: eb4e4d90 folded before Flop
Seat 3: cfe7787b folded before Flop
Seat 4: f6d6e2d2 folded before Flop
Seat 5: Hero (button) folded before Flop
Seat 6: 4cd53cf0 (small blind) folded before Flop
Seat 7: 79b392c4 (big blind) folded before Flop
Seat 8: 9447671a folded before Flop


Poker Hand #TM2990231956: Tournament #127874594, Daily Big $20 Hold'em No Limit - Level17(1,000/2,000) - 2024/02/21 16:23:19
Table '25' 8-max Seat #4 is the button
Seat 1: 658215a9 (27,028 in chips)
Seat 2: eb4e4d90 (7,775 in chips)
Seat 3: cfe7787b (48,519 in chips)
Seat 4: f6d6e2d2 (55,303 in chips)
Seat 5: Hero (29,472 in chips)
Seat 6: 4cd53cf0 (30,019 in chips)
Seat 7: 79b392c4 (86,960 in chips)
Seat 8: 9447671a (10,394 in chips)
79b392c4: posts the ante 250
4cd53cf0: posts the ante 250
Hero: posts the ante 250
658215a9: posts the ante 250
9447671a: posts the ante 250
cfe7787b: posts the ante 250
eb4e4d90: posts the ante 250
f6d6e2d2: posts the ante 250
Hero: posts small blind 1,000
4cd53cf0: posts big blind 2,000
*** HOLE CARDS ***
Dealt to 658215a9 
Dealt to eb4e4d90 
Dealt to cfe7787b 
Dealt to f6d6e2d2 
Dealt to Hero [Qh 3h]
Dealt to 4cd53cf0 
Dealt to 79b392c4 
Dealt to 9447671a 
79b392c4: folds
9447671a: folds
658215a9: folds
eb4e4d90: folds
cfe7787b: raises 2,400 to 4,400
f6d6e2d2: folds
Hero: folds
4cd53cf0: calls 2,400
*** FLOP *** [6h Qd 9s]
4cd53cf0: checks
cfe7787b: bets 3,894
4cd53cf0: raises 21,475 to 25,369 and is all-in
cfe7787b: folds
Uncalled bet (21,475) returned to 4cd53cf0
*** SHOWDOWN ***
4cd53cf0 collected 19,588 from pot
*** SUMMARY ***
Total pot 19,588 | Rake 0 | Jackpot 0 | Bingo 0 | Fortune 0 | Tax 0
Board [6h Qd 9s]
Seat 1: 658215a9 folded before Flop
Seat 2: eb4e4d90 folded before Flop
Seat 3: cfe7787b folded on the Flop
Seat 4: f6d6e2d2 (button) folded before Flop
Seat 5: Hero (small blind) folded before Flop
Seat 6: 4cd53cf0 (big blind) won (19,588)
Seat 7: 79b392c4 folded before Flop
Seat 8: 9447671a folded before Flop


Poker Hand #TM2990231865: Tournament #127874594, Daily Big $20 Hold'em No Limit - Level17(1,000/2,000) - 2024/02/21 16:22:26
Table '25' 8-max Seat #3 is the button
Seat 1: 658215a9 (22,528 in chips)
Seat 3: cfe7787b (48,769 in chips)
Seat 4: f6d6e2d2 (56,553 in chips)
Seat 5: Hero (31,722 in chips)
Seat 6: 4cd53cf0 (30,269 in chips)
Seat 7: 79b392c4 (87,210 in chips)
Seat 8: 9447671a (10,644 in chips)
79b392c4: posts the ante 250
4cd53cf0: posts the ante 250
Hero: posts the ante 250
658215a9: posts the ante 250
9447671a: posts the ante 250
cfe7787b: posts the ante 250
f6d6e2d2: posts the ante 250
f6d6e2d2: posts small blind 1,000
Hero: posts big blind 2,000
*** HOLE CARDS ***
Dealt to 658215a9 
Dealt to cfe7787b 
Dealt to f6d6e2d2 
Dealt to Hero [9h 7d]
Dealt to 4cd53cf0 
Dealt to 79b392c4 
Dealt to 9447671a 
4cd53cf0: folds
79b392c4: folds
9447671a: folds
658215a9: raises 20,278 to 22,278 and is all-in
cfe7787b: folds
f6d6e2d2: folds
Hero: folds
Uncalled bet (20,278) returned to 658215a9
*** SHOWDOWN ***
658215a9 collected 6,750 from pot
*** SUMMARY ***
Total pot 6,750 | Rake 0 | Jackpot 0 | Bingo 0 | Fortune 0 | Tax 0
Seat 1: 658215a9 collected (6,750)
Seat 3: cfe7787b (button) folded before Flop
Seat 4: f6d6e2d2 (small blind) folded before Flop
Seat 5: Hero (big blind) folded before Flop
Seat 6: 4cd53cf0 folded before Flop
Seat 7: 79b392c4 folded before Flop
Seat 8: 9447671a folded before Flop


Poker Hand #TM2990231764: Tournament #127874594, Daily Big $20 Hold'em No Limit - Level17(1,000/2,000) - 2024/02/21 16:21:30
Table '25' 8-max Seat #2 is the button
Seat 1: 658215a9 (22,778 in chips)
Seat 2: 2f48ad65 (550 in chips)
Seat 3: cfe7787b (44,719 in chips)
Seat 4: f6d6e2d2 (58,803 in chips)
Seat 5: Hero (31,972 in chips)
Seat 6: 4cd53cf0 (30,519 in chips)
Seat 7: 79b392c4 (87,460 in chips)
Seat 8: 9447671a (10,894 in chips)
79b392c4: posts the ante 250
4cd53cf0: posts the ante 250
Hero: posts the ante 250
658215a9: posts the ante 250
9447671a: posts the ante 250
2f48ad65: posts the ante 250
cfe7787b: posts the ante 250
f6d6e2d2: posts the ante 250
cfe7787b: posts small blind 1,000
f6d6e2d2: posts big blind 2,000
*** HOLE CARDS ***
Dealt to 658215a9 
Dealt to 2f48ad65 
Dealt to cfe7787b 
Dealt to f6d6e2d2 
Dealt to Hero [3h 3d]
Dealt to 4cd53cf0 
Dealt to 79b392c4 
Dealt to 9447671a 
Hero: folds
4cd53cf0: folds
79b392c4: folds
9447671a: folds
658215a9: folds
2f48ad65: calls 300 and is all-in
cfe7787b: raises 4,000 to 6,000
f6d6e2d2: folds
Uncalled bet (4,000) returned to cfe7787b
cfe7787b: shows [8h Ah]
2f48ad65: shows [9h 7s]
*** FLOP *** [Qd 9d Jd]
*** TURN *** [Qd 9d Jd] [Th]
*** RIVER *** [Qd 9d Jd Th] [As]
*** SHOWDOWN ***
cfe7787b collected 2,900 from pot
cfe7787b collected 3,400 from pot
*** SUMMARY ***
Total pot 6,300 | Rake 0 | Jackpot 0 | Bingo 0 | Fortune 0 | Tax 0
Board [Qd 9d Jd Th As]
Seat 1: 658215a9 folded before Flop
Seat 2: 2f48ad65 (button) showed [9h 7s] and lost with Pair of Nines
Seat 3: cfe7787b (small blind) showed [8h Ah] and won (6,300) with Queens-High Straight
Seat 4: f6d6e2d2 (big blind) folded before Flop
Seat 5: Hero folded before Flop
Seat 6: 4cd53cf0 folded before Flop
Seat 7: 79b392c4 folded before Flop
Seat 8: 9447671a folded before Flop


Poker Hand #TM2990231640: Tournament #127874594, Daily Big $20 Hold'em No Limit - Level16(800/1,600) - 2024/02/21 16:20:17
Table '25' 8-max Seat #1 is the button
Seat 1: 658215a9 (22,978 in chips)
Seat 2: 2f48ad65 (41,200 in chips)
Seat 3: cfe7787b (46,519 in chips)
Seat 4: f6d6e2d2 (62,363 in chips)
Seat 5: Hero (32,172 in chips)
Seat 6: 4cd53cf0 (30,719 in chips)
Seat 7: 79b392c4 (40,650 in chips)
Seat 8: 9447671a (11,094 in chips)
79b392c4: posts the ante 200
4cd53cf0: posts the ante 200
Hero: posts the ante 200
658215a9: posts the ante 200
9447671a: posts the ante 200
2f48ad65: posts the ante 200
cfe7787b: posts the ante 200
f6d6e2d2: posts the ante 200
2f48ad65: posts small blind 800
cfe7787b: posts big blind 1,600
*** HOLE CARDS ***
Dealt to 658215a9 
Dealt to 2f48ad65 
Dealt to cfe7787b 
Dealt to f6d6e2d2 
Dealt to Hero [3s Tc]
Dealt to 4cd53cf0 
Dealt to 79b392c4 
Dealt to 9447671a 
f6d6e2d2: raises 1,760 to 3,360
Hero: folds
4cd53cf0: folds
79b392c4: raises 37,090 to 40,450 and is all-in
9447671a: folds
658215a9: folds
2f48ad65: raises 550 to 41,000 and is all-in
cfe7787b: folds
f6d6e2d2: folds
Uncalled bet (550) returned to 2f48ad65
2f48ad65: shows [Qd Qh]
79b392c4: shows [Ah Kd]
*** FLOP *** [6c Ac 2h]
*** TURN *** [6c Ac 2h] [5s]
*** RIVER *** [6c Ac 2h 5s] [3c]
*** SHOWDOWN ***
79b392c4 collected 87,460 from pot
*** SUMMARY ***
Total pot 87,460 | Rake 0 | Jackpot 0 | Bingo 0 | Fortune 0 | Tax 0
Board [6c Ac 2h 5s 3c]
Seat 1: 658215a9 (button) folded before Flop
Seat 2: 2f48ad65 (small blind) showed [Qd Qh] and lost with Pair of Queens
Seat 3: cfe7787b (big blind) folded before Flop
Seat 4: f6d6e2d2 folded before Flop
Seat 5: Hero folded before Flop
Seat 6: 4cd53cf0 folded before Flop
Seat 7: 79b392c4 showed [Ah Kd] and won (87,460) with Pair of Aces
Seat 8: 9447671a folded before Flop


Poker Hand #TM2990231512: Tournament #127874594, Daily Big $20 Hold'em No Limit - Level16(800/1,600) - 2024/02/21 16:19:04
Table '25' 8-max Seat #8 is the button
Seat 1: 658215a9 (41,378 in chips)
Seat 2: 2f48ad65 (18,400 in chips)
Seat 3: cfe7787b (46,719 in chips)
Seat 4: f6d6e2d2 (62,563 in chips)
Seat 5: Hero (35,572 in chips)
Seat 6: 4cd53cf0 (30,919 in chips)
Seat 7: 79b392c4 (40,850 in chips)
Seat 8: 9447671a (11,294 in chips)
79b392c4: posts the ante 200
4cd53cf0: posts the ante 200
Hero: posts the ante 200
9447671a: posts the ante 200
658215a9: posts the ante 200
2f48ad65: posts the ante 200
cfe7787b: posts the ante 200
f6d6e2d2: posts the ante 200
658215a9: posts small blind 800
2f48ad65: posts big blind 1,600
*** HOLE CARDS ***
Dealt to 658215a9 
Dealt to 2f48ad65 
Dealt to cfe7787b 
Dealt to f6d6e2d2 
Dealt to Hero [As 9d]
Dealt to 4cd53cf0 
Dealt to 79b392c4 
Dealt to 9447671a 
cfe7787b: folds
f6d6e2d2: folds
Hero: raises 1,600 to 3,200
4cd53cf0: folds
79b392c4: folds
9447671a: folds
658215a9: raises 37,978 to 41,178 and is all-in
2f48ad65: calls 16,600 and is all-in
Hero: folds
Uncalled bet (22,978) returned to 658215a9
658215a9: shows [Th Tc]
2f48ad65: shows [Ad Jd]
*** FLOP *** [Jh Ks 3h]
*** TURN *** [Jh Ks 3h] [Kc]
*** RIVER *** [Jh Ks 3h Kc] [3c]
*** SHOWDOWN ***
2f48ad65 collected 41,200 from pot
*** SUMMARY ***
Total pot 41,200 | Rake 0 | Jackpot 0 | Bingo 0 | Fortune 0 | Tax 0
Board [Jh Ks 3h Kc 3c]
Seat 1: 658215a9 (small blind) showed [Th Tc] and lost with Pair of Kings and Pair of Tens
Seat 2: 2f48ad65 (big blind) showed [Ad Jd] and won (41,200) with Pair of Kings and Pair of Jacks
Seat 3: cfe7787b folded before Flop
Seat 4: f6d6e2d2 folded before Flop
Seat 5: Hero folded before Flop
Seat 6: 4cd53cf0 folded before Flop
Seat 7: 79b392c4 folded before Flop
Seat 8: 9447671a (button) folded before Flop


Poker Hand #TM2990231406: Tournament #127874594, Daily Big $20 Hold'em No Limit - Level16(800/1,600) - 2024/02/21 16:17:58
Table '25' 8-max Seat #7 is the button
Seat 1: 658215a9 (43,178 in chips)
Seat 2: 2f48ad65 (18,600 in chips)
Seat 3: cfe7787b (50,119 in chips)
Seat 4: f6d6e2d2 (55,563 in chips)
Seat 5: Hero (35,772 in chips)
Seat 6: 4cd53cf0 (31,119 in chips)
Seat 7: 79b392c4 (41,050 in chips)
Seat 8: 9447671a (12,294 in chips)
79b392c4: posts the ante 200
4cd53cf0: posts the ante 200
Hero: posts the ante 200
658215a9: posts the ante 200
9447671a: posts the ante 200
2f48ad65: posts the ante 200
cfe7787b: posts the ante 200
f6d6e2d2: posts the ante 200
9447671a: posts small blind 800
658215a9: posts big blind 1,600
*** HOLE CARDS ***
Dealt to 658215a9 
Dealt to 2f48ad65 
Dealt to cfe7787b 
Dealt to f6d6e2d2 
Dealt to Hero [Jh Jc]
Dealt to 4cd53cf0 
Dealt to 79b392c4 
Dealt to 9447671a 
2f48ad65: folds
cfe7787b: raises 1,600 to 3,200
f6d6e2d2: raises 5,720 to 8,920
Hero: folds
4cd53cf0: folds
79b392c4: folds
9447671a: folds
658215a9: folds
cfe7787b: folds
Uncalled bet (5,720) returned to f6d6e2d2
*** SHOWDOWN ***
f6d6e2d2 collected 10,400 from pot
*** SUMMARY ***
Total pot 10,400 | Rake 0 | Jackpot 0 | Bingo 0 | Fortune 0 | Tax 0
Seat 1: 658215a9 (big blind) folded before Flop
Seat 2: 2f48ad65 folded before Flop
Seat 3: cfe7787b folded before Flop
Seat 4: f6d6e2d2 collected (10,400)
Seat 5: Hero folded before Flop
Seat 6: 4cd53cf0 folded before Flop
Seat 7: 79b392c4 (button) folded before Flop
Seat 8: 9447671a (small blind) folded before Flop


Poker Hand #TM2990231319: Tournament #127874594, Daily Big $20 Hold'em No Limit - Level16(800/1,600) - 2024/02/21 16:17:03
Table '25' 8-max Seat #5 is the button
Seat 1: 658215a9 (37,978 in chips)
Seat 2: 2f48ad65 (18,800 in chips)
Seat 3: cfe7787b (50,319 in chips)
Seat 4: f6d6e2d2 (55,763 in chips)
Seat 5: Hero (35,972 in chips)
Seat 7: 79b392c4 (42,050 in chips)
Seat 8: 9447671a (15,694 in chips)
79b392c4: posts the ante 200
Hero: posts the ante 200
658215a9: posts the ante 200
9447671a: posts the ante 200
2f48ad65: posts the ante 200
cfe7787b: posts the ante 200
f6d6e2d2: posts the ante 200
79b392c4: posts small blind 800
9447671a: posts big blind 1,600
*** HOLE CARDS ***
Dealt to 658215a9 
Dealt to 2f48ad65 
Dealt to cfe7787b 
Dealt to f6d6e2d2 
Dealt to Hero [2h 8h]
Dealt to 79b392c4 
Dealt to 9447671a 
658215a9: raises 1,600 to 3,200
2f48ad65: folds
cfe7787b: folds
f6d6e2d2: folds
Hero: folds
79b392c4: folds
9447671a: calls 1,600
*** FLOP *** [5d 9s 2d]
9447671a: checks
658215a9: bets 2,409
9447671a: folds
Uncalled bet (2,409) returned to 658215a9
*** SHOWDOWN ***
658215a9 collected 8,600 from pot
*** SUMMARY ***
Total pot 8,600 | Rake 0 | Jackpot 0 | Bingo 0 | Fortune 0 | Tax 0
Board [5d 9s 2d]
Seat 1: 658215a9 won (8,600)
Seat 2: 2f48ad65 folded before Flop
Seat 3: cfe7787b folded before Flop
Seat 4: f6d6e2d2 folded before Flop
Seat 5: Hero (button) folded before Flop
Seat 7: 79b392c4 (small blind) folded before Flop
Seat 8: 9447671a (big blind) folded on the Flop


Poker Hand #TM2990231163: Tournament #127874594, Daily Big $20 Hold'em No Limit - Level16(800/1,600) - 2024/02/21 16:15:33
Table '25' 8-max Seat #4 is the button
Seat 1: 658215a9 (38,178 in chips)
Seat 3: cfe7787b (50,519 in chips)
Seat 4: f6d6e2d2 (55,963 in chips)
Seat 5: Hero (25,992 in chips)
Seat 7: 79b392c4 (51,230 in chips)
Seat 8: 9447671a (15,894 in chips)
79b392c4: posts the ante 200
Hero: posts the ante 200
658215a9: posts the ante 200
9447671a: posts the ante 200
cfe7787b: posts the ante 200
f6d6e2d2: posts the ante 200
Hero: posts small blind 800
79b392c4: posts big blind 1,600
*** HOLE CARDS ***
Dealt to 658215a9 
Dealt to cfe7787b 
Dealt to f6d6e2d2 
Dealt to Hero [8d Jh]
Dealt to 79b392c4 
Dealt to 9447671a 
9447671a: folds
658215a9: folds
cfe7787b: folds
f6d6e2d2: folds
Hero: calls 800
79b392c4: checks
*** FLOP *** [Th 5h 5d]
Hero: bets 1,600
79b392c4: calls 1,600
*** TURN *** [Th 5h 5d] [9c]
Hero: bets 5,780
79b392c4: calls 5,780
*** RIVER *** [Th 5h 5d 9c] [3h]
Hero: bets 16,812 and is all-in
79b392c4: folds
Uncalled bet (16,812) returned to Hero
*** SHOWDOWN ***
Hero collected 19,160 from pot
*** SUMMARY ***
Total pot 19,160 | Rake 0 | Jackpot 0 | Bingo 0 | Fortune 0 | Tax 0
Board [Th 5h 5d 9c 3h]
Seat 1: 658215a9 folded before Flop
Seat 3: cfe7787b folded before Flop
Seat 4: f6d6e2d2 (button) folded before Flop
Seat 5: Hero (small blind) won (19,160)
Seat 7: 79b392c4 (big blind) folded on the River
Seat 8: 9447671a folded before Flop


Poker Hand #TM2990231052: Tournament #127874594, Daily Big $20 Hold'em No Limit - Level16(800/1,600) - 2024/02/21 16:14:26
Table '25' 8-max Seat #3 is the button
Seat 1: 658215a9 (41,578 in chips)
Seat 2: d51ab987 (2,477 in chips)
Seat 3: cfe7787b (41,306 in chips)
Seat 4: f6d6e2d2 (56,963 in chips)
Seat 5: Hero (27,792 in chips)
Seat 6: b93c721f (136 in chips)
Seat 7: 79b392c4 (51,430 in chips)
Seat 8: 9447671a (16,094 in chips)
79b392c4: posts the ante 200
Hero: posts the ante 200
d51ab987: posts the ante 200
658215a9: posts the ante 200
9447671a: posts the ante 200
b93c721f: posts the ante 136
cfe7787b: posts the ante 200
f6d6e2d2: posts the ante 200
f6d6e2d2: posts small blind 800
Hero: posts big blind 1,600
*** HOLE CARDS ***
Dealt to 658215a9 
Dealt to d51ab987 
Dealt to cfe7787b 
Dealt to f6d6e2d2 
Dealt to Hero [Ts 7h]
Dealt to b93c721f 
Dealt to 79b392c4 
Dealt to 9447671a 
b93c721f: folds
79b392c4: folds
9447671a: folds
658215a9: raises 1,600 to 3,200
d51ab987: calls 2,277 and is all-in
cfe7787b: raises 33,600 to 36,800
f6d6e2d2: folds
Hero: folds
658215a9: folds
Uncalled bet (33,600) returned to cfe7787b
cfe7787b: shows [7c 7d]
d51ab987: shows [Ks 9s]
*** FLOP *** [8c 8d 8h]
*** TURN *** [8c 8d 8h] [Ad]
*** RIVER *** [8c 8d 8h Ad] [3c]
*** SHOWDOWN ***
cfe7787b collected 1,088 from pot
cfe7787b collected 9,679 from pot
cfe7787b collected 1,846 from pot
*** SUMMARY ***
Total pot 12,613 | Rake 0 | Jackpot 0 | Bingo 0 | Fortune 0 | Tax 0
Board [8c 8d 8h Ad 3c]
Seat 1: 658215a9 folded before Flop
Seat 2: d51ab987 showed [Ks 9s] and lost with Three Eights
Seat 3: cfe7787b (button) showed [7c 7d] and won (12,613) with Eights Full over Sevens
Seat 4: f6d6e2d2 (small blind) folded before Flop
Seat 5: Hero (big blind) folded before Flop
Seat 6: b93c721f folded before Flop
Seat 7: 79b392c4 folded before Flop
Seat 8: 9447671a folded before Flop


Poker Hand #TM2990230939: Tournament #127874594, Daily Big $20 Hold'em No Limit - Level16(800/1,600) - 2024/02/21 16:13:17
Table '25' 8-max Seat #2 is the button
Seat 1: 658215a9 (41,778 in chips)
Seat 2: d51ab987 (2,677 in chips)
Seat 3: cfe7787b (46,306 in chips)
Seat 4: f6d6e2d2 (50,763 in chips)
Seat 5: Hero (27,992 in chips)
Seat 6: b93c721f (336 in chips)
Seat 7: 79b392c4 (51,630 in chips)
Seat 8: 9447671a (16,294 in chips)
79b392c4: posts the ante 200
Hero: posts the ante 200
d51ab987: posts the ante 200
658215a9: posts the ante 200
9447671a: posts the ante 200
b93c721f: posts the ante 200
cfe7787b: posts the ante 200
f6d6e2d2: posts the ante 200
cfe7787b: posts small blind 800
f6d6e2d2: posts big blind 1,600
*** HOLE CARDS ***
Dealt to 658215a9 
Dealt to d51ab987 
Dealt to cfe7787b 
Dealt to f6d6e2d2 
Dealt to Hero [Tc Jd]
Dealt to b93c721f 
Dealt to 79b392c4 
Dealt to 9447671a 
Hero: folds
b93c721f: folds
79b392c4: folds
9447671a: folds
658215a9: folds
d51ab987: folds
cfe7787b: raises 3,200 to 4,800
f6d6e2d2: raises 8,188 to 12,988
cfe7787b: folds
Uncalled bet (8,188) returned to f6d6e2d2
*** SHOWDOWN ***
f6d6e2d2 collected 11,200 from pot
*** SUMMARY ***
Total pot 11,200 | Rake 0 | Jackpot 0 | Bingo 0 | Fortune 0 | Tax 0
Seat 1: 658215a9 folded before Flop
Seat 2: d51ab987 (button) folded before Flop
Seat 3: cfe7787b (small blind) folded before Flop
Seat 4: f6d6e2d2 (big blind) collected (11,200)
Seat 5: Hero folded before Flop
Seat 6: b93c721f folded before Flop
Seat 7: 79b392c4 folded before Flop
Seat 8: 9447671a folded before Flop


Poker Hand #TM2990230843: Tournament #127874594, Daily Big $20 Hold'em No Limit - Level15(600/1,200) - 2024/02/21 16:12:26
Table '25' 8-max Seat #1 is the button
Seat 1: 658215a9 (41,928 in chips)
Seat 2: d51ab987 (3,427 in chips)
Seat 3: cfe7787b (48,976 in chips)
Seat 4: f6d6e2d2 (50,913 in chips)
Seat 5: Hero (28,142 in chips)
Seat 6: b93c721f (486 in chips)
Seat 7: 79b392c4 (47,460 in chips)
Seat 8: 9447671a (16,444 in chips)
79b392c4: posts the ante 150
Hero: posts the ante 150
d51ab987: posts the ante 150
658215a9: posts the ante 150
9447671a: posts the ante 150
b93c721f: posts the ante 150
cfe7787b: posts the ante 150
f6d6e2d2: posts the ante 150
d51ab987: posts small blind 600
cfe7787b: posts big blind 1,200
*** HOLE CARDS ***
Dealt to 658215a9 
Dealt to d51ab987 
Dealt to cfe7787b 
Dealt to f6d6e2d2 
Dealt to Hero [5s 2h]
Dealt to b93c721f 
Dealt to 79b392c4 
Dealt to 9447671a 
f6d6e2d2: folds
Hero: folds
b93c721f: folds
79b392c4: raises 1,320 to 2,520
9447671a: folds
658215a9: folds
d51ab987: folds
cfe7787b: calls 1,320
*** FLOP *** [4c 8h Kc]
cfe7787b: checks
79b392c4: bets 1,800
cfe7787b: folds
Uncalled bet (1,800) returned to 79b392c4
*** SHOWDOWN ***
79b392c4 collected 6,840 from pot
*** SUMMARY ***
Total pot 6,840 | Rake 0 | Jackpot 0 | Bingo 0 | Fortune 0 | Tax 0
Board [4c 8h Kc]
Seat 1: 658215a9 (button) folded before Flop
Seat 2: d51ab987 (small blind) folded before Flop
Seat 3: cfe7787b (big blind) folded on the Flop
Seat 4: f6d6e2d2 folded before Flop
Seat 5: Hero folded before Flop
Seat 6: b93c721f folded before Flop
Seat 7: 79b392c4 won (6,840)
Seat 8: 9447671a folded before Flop


Poker Hand #TM2990230663: Tournament #127874594, Daily Big $20 Hold'em No Limit - Level15(600/1,200) - 2024/02/21 16:10:37
Table '25' 8-max Seat #8 is the button
Seat 1: 658215a9 (42,678 in chips)
Seat 2: d51ab987 (5,977 in chips)
Seat 3: cfe7787b (49,126 in chips)
Seat 4: f6d6e2d2 (51,063 in chips)
Seat 5: Hero (12,196 in chips)
Seat 7: 79b392c4 (47,610 in chips)
Seat 8: 9447671a (28,640 in chips)
79b392c4: posts the ante 150
Hero: posts the ante 150
d51ab987: posts the ante 150
9447671a: posts the ante 150
658215a9: posts the ante 150
cfe7787b: posts the ante 150
f6d6e2d2: posts the ante 150
658215a9: posts small blind 600
d51ab987: posts big blind 1,200
*** HOLE CARDS ***
Dealt to 658215a9 
Dealt to d51ab987 
Dealt to cfe7787b 
Dealt to f6d6e2d2 
Dealt to Hero [Tc Kh]
Dealt to 79b392c4 
Dealt to 9447671a 
cfe7787b: folds
f6d6e2d2: folds
Hero: raises 1,200 to 2,400
79b392c4: folds
9447671a: calls 2,400
658215a9: folds
d51ab987: calls 1,200
*** FLOP *** [Ah 5h 3h]
d51ab987: checks
Hero: bets 2,213
9447671a: calls 2,213
d51ab987: folds
*** TURN *** [Ah 5h 3h] [6c]
Hero: bets 7,433 and is all-in
9447671a: calls 7,433
Hero: shows [Tc Kh] (Ace-High)
9447671a: shows [Qs Ac] (Pair of Aces)
*** RIVER *** [Ah 5h 3h 6c] [Jh]
*** SHOWDOWN ***
Hero collected 28,142 from pot
*** SUMMARY ***
Total pot 28,142 | Rake 0 | Jackpot 0 | Bingo 0 | Fortune 0 | Tax 0
Board [Ah 5h 3h 6c Jh]
Seat 1: 658215a9 (small blind) folded before Flop
Seat 2: d51ab987 (big blind) folded on the Flop
Seat 3: cfe7787b folded before Flop
Seat 4: f6d6e2d2 folded before Flop
Seat 5: Hero showed [Tc Kh] and won (28,142) with Ace High Flush
Seat 7: 79b392c4 folded before Flop
Seat 8: 9447671a (button) showed [Qs Ac] and lost with Pair of Aces


Poker Hand #TM2990230557: Tournament #127874594, Daily Big $20 Hold'em No Limit - Level15(600/1,200) - 2024/02/21 16:09:32
Table '25' 8-max Seat #7 is the button
Seat 1: 658215a9 (44,028 in chips)
Seat 2: d51ab987 (10,800 in chips)
Seat 3: cfe7787b (49,276 in chips)
Seat 4: f6d6e2d2 (51,213 in chips)
Seat 5: Hero (4,823 in chips)
Seat 7: 79b392c4 (47,760 in chips)
Seat 8: 9447671a (29,390 in chips)
79b392c4: posts the ante 150
Hero: posts the ante 150
d51ab987: posts the ante 150
658215a9: posts the ante 150
9447671a: posts the ante 150
cfe7787b: posts the ante 150
f6d6e2d2: posts the ante 150
9447671a: posts small blind 600
658215a9: posts big blind 1,200
*** HOLE CARDS ***
Dealt to 658215a9 
Dealt to d51ab987 
Dealt to cfe7787b 
Dealt to f6d6e2d2 
Dealt to Hero [Ah Ks]
Dealt to 79b392c4 
Dealt to 9447671a 
d51ab987: raises 9,450 to 10,650 and is all-in
cfe7787b: folds
f6d6e2d2: folds
Hero: calls 4,673 and is all-in
79b392c4: folds
9447671a: folds
658215a9: folds
Uncalled bet (5,977) returned to d51ab987
d51ab987: shows [Ts Td]
Hero: shows [Ah Ks]
*** FLOP *** [4h Ad 6c]
*** TURN *** [4h Ad 6c] [9d]
*** RIVER *** [4h Ad 6c 9d] [2d]
*** SHOWDOWN ***
Hero collected 12,196 from pot
*** SUMMARY ***
Total pot 12,196 | Rake 0 | Jackpot 0 | Bingo 0 | Fortune 0 | Tax 0
Board [4h Ad 6c 9d 2d]
Seat 1: 658215a9 (big blind) folded before Flop
Seat 2: d51ab987 showed [Ts Td] and lost with Pair of Tens
Seat 3: cfe7787b folded before Flop
Seat 4: f6d6e2d2 folded before Flop
Seat 5: Hero showed [Ah Ks] and won (12,196) with Pair of Aces
Seat 7: 79b392c4 (button) folded before Flop
Seat 8: 9447671a (small blind) folded before Flop


Poker Hand #TM2990230414: Tournament #127874594, Daily Big $20 Hold'em No Limit - Level15(600/1,200) - 2024/02/21 16:08:11
Table '25' 8-max Seat #6 is the button
Seat 1: 658215a9 (44,178 in chips)
Seat 2: d51ab987 (10,950 in chips)
Seat 3: cfe7787b (49,426 in chips)
Seat 4: f6d6e2d2 (51,363 in chips)
Seat 5: Hero (4,973 in chips)
Seat 6: 4099e858 (18,238 in chips)
Seat 7: 79b392c4 (27,422 in chips)
Seat 8: 9447671a (30,740 in chips)
4099e858: posts the ante 150
79b392c4: posts the ante 150
Hero: posts the ante 150
d51ab987: posts the ante 150
658215a9: posts the ante 150
9447671a: posts the ante 150
cfe7787b: posts the ante 150
f6d6e2d2: posts the ante 150
79b392c4: posts small blind 600
9447671a: posts big blind 1,200
*** HOLE CARDS ***
Dealt to 658215a9 
Dealt to d51ab987 
Dealt to cfe7787b 
Dealt to f6d6e2d2 
Dealt to Hero [8c 5d]
Dealt to 4099e858 
Dealt to 79b392c4 
Dealt to 9447671a 
658215a9: folds
d51ab987: folds
cfe7787b: folds
f6d6e2d2: folds
Hero: folds
4099e858: raises 14,400 to 15,600
79b392c4: raises 11,672 to 27,272 and is all-in
9447671a: folds
4099e858: calls 2,488 and is all-in
Uncalled bet (9,184) returned to 79b392c4
79b392c4: shows [Ah Ac]
4099e858: shows [9c Jc]
*** FLOP *** [Js Qc 3d]
*** TURN *** [Js Qc 3d] [Qh]
*** RIVER *** [Js Qc 3d Qh] [9h]
*** SHOWDOWN ***
79b392c4 collected 38,576 from pot
*** SUMMARY ***
Total pot 38,576 | Rake 0 | Jackpot 0 | Bingo 0 | Fortune 0 | Tax 0
Board [Js Qc 3d Qh 9h]
Seat 1: 658215a9 folded before Flop
Seat 2: d51ab987 folded before Flop
Seat 3: cfe7787b folded before Flop
Seat 4: f6d6e2d2 folded before Flop
Seat 5: Hero folded before Flop
Seat 6: 4099e858 (button) showed [9c Jc] and lost with Pair of Queens and Pair of Jacks
Seat 7: 79b392c4 (small blind) showed [Ah Ac] and won (38,576) with Pair of Aces and Pair of Queens
Seat 8: 9447671a (big blind) folded before Flop


Poker Hand #TM2990230259: Tournament #127874594, Daily Big $20 Hold'em No Limit - Level15(600/1,200) - 2024/02/21 16:06:43
Table '25' 8-max Seat #5 is the button
Seat 1: 658215a9 (44,328 in chips)
Seat 2: d51ab987 (11,100 in chips)
Seat 3: cfe7787b (49,576 in chips)
Seat 4: f6d6e2d2 (46,113 in chips)
Seat 5: Hero (5,123 in chips)
Seat 6: 4099e858 (18,988 in chips)
Seat 7: 79b392c4 (28,772 in chips)
Seat 8: 9447671a (33,290 in chips)
4099e858: posts the ante 150
79b392c4: posts the ante 150
Hero: posts the ante 150
d51ab987: posts the ante 150
658215a9: posts the ante 150
9447671a: posts the ante 150
cfe7787b: posts the ante 150
f6d6e2d2: posts the ante 150
4099e858: posts small blind 600
79b392c4: posts big blind 1,200
*** HOLE CARDS ***
Dealt to 658215a9 
Dealt to d51ab987 
Dealt to cfe7787b 
Dealt to f6d6e2d2 
Dealt to Hero [9c Ks]
Dealt to 4099e858 
Dealt to 79b392c4 
Dealt to 9447671a 
9447671a: raises 1,200 to 2,400
658215a9: folds
d51ab987: folds
cfe7787b: folds
f6d6e2d2: calls 2,400
Hero: folds
4099e858: folds
79b392c4: folds
*** FLOP *** [9s Qs 7s]
9447671a: checks
f6d6e2d2: checks
*** TURN *** [9s Qs 7s] [9d]
9447671a: checks
f6d6e2d2: bets 4,290
9447671a: folds
Uncalled bet (4,290) returned to f6d6e2d2
*** SHOWDOWN ***
f6d6e2d2 collected 7,800 from pot
*** SUMMARY ***
Total pot 7,800 | Rake 0 | Jackpot 0 | Bingo 0 | Fortune 0 | Tax 0
Board [9s Qs 7s 9d]
Seat 1: 658215a9 folded before Flop
Seat 2: d51ab987 folded before Flop
Seat 3: cfe7787b folded before Flop
Seat 4: f6d6e2d2 won (7,800)
Seat 5: Hero (button) folded before Flop
Seat 6: 4099e858 (small blind) folded before Flop
Seat 7: 79b392c4 (big blind) folded before Flop
Seat 8: 9447671a folded on the Turn


Poker Hand #TM2990230107: Tournament #127874594, Daily Big $20 Hold'em No Limit - Level15(600/1,200) - 2024/02/21 16:05:13
Table '25' 8-max Seat #4 is the button
Seat 1: 658215a9 (44,478 in chips)
Seat 2: d51ab987 (11,250 in chips)
Seat 3: cfe7787b (49,726 in chips)
Seat 4: f6d6e2d2 (52,263 in chips)
Seat 5: Hero (5,873 in chips)
Seat 6: 4099e858 (20,338 in chips)
Seat 7: 79b392c4 (28,922 in chips)
Seat 8: 9447671a (24,440 in chips)
4099e858: posts the ante 150
79b392c4: posts the ante 150
Hero: posts the ante 150
d51ab987: posts the ante 150
658215a9: posts the ante 150
9447671a: posts the ante 150
cfe7787b: posts the ante 150
f6d6e2d2: posts the ante 150
Hero: posts small blind 600
4099e858: posts big blind 1,200
*** HOLE CARDS ***
Dealt to 658215a9 
Dealt to d51ab987 
Dealt to cfe7787b 
Dealt to f6d6e2d2 
Dealt to Hero [6h 3c]
Dealt to 4099e858 
Dealt to 79b392c4 
Dealt to 9447671a 
79b392c4: folds
9447671a: raises 1,200 to 2,400
658215a9: folds
d51ab987: folds
cfe7787b: folds
f6d6e2d2: raises 3,600 to 6,000
Hero: folds
4099e858: folds
9447671a: calls 3,600
*** FLOP *** [Td Js 8c]
9447671a: checks
f6d6e2d2: checks
*** TURN *** [Td Js 8c] [2c]
9447671a: bets 18,290 and is all-in
f6d6e2d2: folds
Uncalled bet (18,290) returned to 9447671a
*** SHOWDOWN ***
9447671a collected 15,000 from pot
*** SUMMARY ***
Total pot 15,000 | Rake 0 | Jackpot 0 | Bingo 0 | Fortune 0 | Tax 0
Board [Td Js 8c 2c]
Seat 1: 658215a9 folded before Flop
Seat 2: d51ab987 folded before Flop
Seat 3: cfe7787b folded before Flop
Seat 4: f6d6e2d2 (button) folded on the Turn
Seat 5: Hero (small blind) folded before Flop
Seat 6: 4099e858 (big blind) folded before Flop
Seat 7: 79b392c4 folded before Flop
Seat 8: 9447671a won (15,000)


Poker Hand #TM2990229968: Tournament #127874594, Daily Big $20 Hold'em No Limit - Level14(500/1,000) - 2024/02/21 16:03:55
Table '25' 8-max Seat #3 is the button
Seat 1: 658215a9 (44,603 in chips)
Seat 2: d51ab987 (8,875 in chips)
Seat 3: cfe7787b (49,851 in chips)
Seat 4: f6d6e2d2 (52,888 in chips)
Seat 5: Hero (6,998 in chips)
Seat 6: 4099e858 (20,463 in chips)
Seat 7: 79b392c4 (29,047 in chips)
Seat 8: 9447671a (24,565 in chips)
4099e858: posts the ante 125
79b392c4: posts the ante 125
Hero: posts the ante 125
d51ab987: posts the ante 125
658215a9: posts the ante 125
9447671a: posts the ante 125
cfe7787b: posts the ante 125
f6d6e2d2: posts the ante 125
f6d6e2d2: posts small blind 500
Hero: posts big blind 1,000
*** HOLE CARDS ***
Dealt to 658215a9 
Dealt to d51ab987 
Dealt to cfe7787b 
Dealt to f6d6e2d2 
Dealt to Hero [5d 7c]
Dealt to 4099e858 
Dealt to 79b392c4 
Dealt to 9447671a 
4099e858: folds
79b392c4: folds
9447671a: folds
658215a9: folds
d51ab987: raises 7,750 to 8,750 and is all-in
cfe7787b: folds
f6d6e2d2: folds
Hero: folds
Uncalled bet (7,750) returned to d51ab987
*** SHOWDOWN ***
d51ab987 collected 3,500 from pot
*** SUMMARY ***
Total pot 3,500 | Rake 0 | Jackpot 0 | Bingo 0 | Fortune 0 | Tax 0
Seat 1: 658215a9 folded before Flop
Seat 2: d51ab987 collected (3,500)
Seat 3: cfe7787b (button) folded before Flop
Seat 4: f6d6e2d2 (small blind) folded before Flop
Seat 5: Hero (big blind) folded before Flop
Seat 6: 4099e858 folded before Flop
Seat 7: 79b392c4 folded before Flop
Seat 8: 9447671a folded before Flop


Poker Hand #TM2990229885: Tournament #127874594, Daily Big $20 Hold'em No Limit - Level14(500/1,000) - 2024/02/21 16:03:00
Table '25' 8-max Seat #2 is the button
Seat 1: 658215a9 (44,728 in chips)
Seat 2: d51ab987 (9,000 in chips)
Seat 3: cfe7787b (50,476 in chips)
Seat 4: f6d6e2d2 (51,513 in chips)
Seat 5: Hero (7,123 in chips)
Seat 6: 4099e858 (20,588 in chips)
Seat 7: 79b392c4 (29,172 in chips)
Seat 8: 9447671a (24,690 in chips)
4099e858: posts the ante 125
79b392c4: posts the ante 125
Hero: posts the ante 125
d51ab987: posts the ante 125
658215a9: posts the ante 125
9447671a: posts the ante 125
cfe7787b: posts the ante 125
f6d6e2d2: posts the ante 125
cfe7787b: posts small blind 500
f6d6e2d2: posts big blind 1,000
*** HOLE CARDS ***
Dealt to 658215a9 
Dealt to d51ab987 
Dealt to cfe7787b 
Dealt to f6d6e2d2 
Dealt to Hero [8s Kd]
Dealt to 4099e858 
Dealt to 79b392c4 
Dealt to 9447671a 
Hero: folds
4099e858: folds
79b392c4: folds
9447671a: folds
658215a9: folds
d51ab987: folds
cfe7787b: folds
Uncalled bet (500) returned to f6d6e2d2
*** SHOWDOWN ***
f6d6e2d2 collected 2,000 from pot
*** SUMMARY ***
Total pot 2,000 | Rake 0 | Jackpot 0 | Bingo 0 | Fortune 0 | Tax 0
Seat 1: 658215a9 folded before Flop
Seat 2: d51ab987 (button) folded before Flop
Seat 3: cfe7787b (small blind) folded before Flop
Seat 4: f6d6e2d2 (big blind) collected (2,000)
Seat 5: Hero folded before Flop
Seat 6: 4099e858 folded before Flop
Seat 7: 79b392c4 folded before Flop
Seat 8: 9447671a folded before Flop


Poker Hand #TM2990229804: Tournament #127874594, Daily Big $20 Hold'em No Limit - Level14(500/1,000) - 2024/02/21 16:02:26
Table '25' 8-max Seat #1 is the button
Seat 1: 658215a9 (44,853 in chips)
Seat 2: d51ab987 (9,625 in chips)
Seat 3: cfe7787b (51,601 in chips)
Seat 4: f6d6e2d2 (51,638 in chips)
Seat 5: Hero (7,248 in chips)
Seat 6: 4099e858 (18,338 in chips)
Seat 7: 79b392c4 (29,297 in chips)
4099e858: posts the ante 125
79b392c4: posts the ante 125
Hero: posts the ante 125
d51ab987: posts the ante 125
658215a9: posts the ante 125
cfe7787b: posts the ante 125
f6d6e2d2: posts the ante 125
d51ab987: posts small blind 500
cfe7787b: posts big blind 1,000
*** HOLE CARDS ***
Dealt to 658215a9 
Dealt to d51ab987 
Dealt to cfe7787b 
Dealt to f6d6e2d2 
Dealt to Hero [As 7c]
Dealt to 4099e858 
Dealt to 79b392c4 
f6d6e2d2: folds
Hero: folds
4099e858: raises 1,200 to 2,200
79b392c4: folds
658215a9: folds
d51ab987: folds
cfe7787b: folds
Uncalled bet (1,200) returned to 4099e858
*** SHOWDOWN ***
4099e858 collected 3,375 from pot
*** SUMMARY ***
Total pot 3,375 | Rake 0 | Jackpot 0 | Bingo 0 | Fortune 0 | Tax 0
Seat 1: 658215a9 (button) folded before Flop
Seat 2: d51ab987 (small blind) folded before Flop
Seat 3: cfe7787b (big blind) folded before Flop
Seat 4: f6d6e2d2 folded before Flop
Seat 5: Hero folded before Flop
Seat 6: 4099e858 collected (3,375)
Seat 7: 79b392c4 folded before Flop


Poker Hand #TM2990229754: Tournament #127874594, Daily Big $20 Hold'em No Limit - Level14(500/1,000) - 2024/02/21 16:01:10
Table '25' 8-max Seat #7 is the button
Seat 1: 658215a9 (31,342 in chips)
Seat 2: d51ab987 (9,750 in chips)
Seat 3: cfe7787b (51,726 in chips)
Seat 4: f6d6e2d2 (51,763 in chips)
Seat 5: Hero (7,373 in chips)
Seat 6: 4099e858 (18,463 in chips)
Seat 7: 79b392c4 (29,422 in chips)
Seat 8: c5dda56f (12,761 in chips)
4099e858: posts the ante 125
79b392c4: posts the ante 125
c5dda56f: posts the ante 125
Hero: posts the ante 125
d51ab987: posts the ante 125
658215a9: posts the ante 125
cfe7787b: posts the ante 125
f6d6e2d2: posts the ante 125
c5dda56f: posts small blind 500
658215a9: posts big blind 1,000
*** HOLE CARDS ***
Dealt to 658215a9 
Dealt to d51ab987 
Dealt to cfe7787b 
Dealt to f6d6e2d2 
Dealt to Hero [2h 5d]
Dealt to 4099e858 
Dealt to 79b392c4 
Dealt to c5dda56f 
d51ab987: folds
cfe7787b: folds
f6d6e2d2: folds
Hero: folds
4099e858: folds
79b392c4: folds
c5dda56f: raises 11,636 to 12,636 and is all-in
658215a9: calls 11,636
c5dda56f: shows [Qs Ah]
658215a9: shows [Ad 2s]
*** FLOP *** [2c 3d Tc]
*** TURN *** [2c 3d Tc] [8d]
*** RIVER *** [2c 3d Tc 8d] [9c]
*** SHOWDOWN ***
658215a9 collected 26,272 from pot
*** SUMMARY ***
Total pot 26,272 | Rake 0 | Jackpot 0 | Bingo 0 | Fortune 0 | Tax 0
Board [2c 3d Tc 8d 9c]
Seat 1: 658215a9 (big blind) showed [Ad 2s] and won (26,272) with Pair of Twos
Seat 2: d51ab987 folded before Flop
Seat 3: cfe7787b folded before Flop
Seat 4: f6d6e2d2 folded before Flop
Seat 5: Hero folded before Flop
Seat 6: 4099e858 folded before Flop
Seat 7: 79b392c4 (button) folded before Flop
Seat 8: c5dda56f (small blind) showed [Qs Ah] and lost with Ace-High


Poker Hand #TM2990229686: Tournament #127874594, Daily Big $20 Hold'em No Limit - Level14(500/1,000) - 2024/02/21 15:54:35
Table '25' 8-max Seat #6 is the button
Seat 1: 658215a9 (31,467 in chips)
Seat 2: d51ab987 (9,875 in chips)
Seat 3: cfe7787b (47,851 in chips)
Seat 4: f6d6e2d2 (51,888 in chips)
Seat 5: Hero (7,498 in chips)
Seat 6: 4099e858 (18,588 in chips)
Seat 7: 79b392c4 (31,547 in chips)
Seat 8: c5dda56f (13,886 in chips)
4099e858: posts the ante 125
79b392c4: posts the ante 125
c5dda56f: posts the ante 125
Hero: posts the ante 125
d51ab987: posts the ante 125
658215a9: posts the ante 125
cfe7787b: posts the ante 125
f6d6e2d2: posts the ante 125
79b392c4: posts small blind 500
c5dda56f: posts big blind 1,000
*** HOLE CARDS ***
Dealt to 658215a9 
Dealt to d51ab987 
Dealt to cfe7787b 
Dealt to f6d6e2d2 
Dealt to Hero [9h Ac]
Dealt to 4099e858 
Dealt to 79b392c4 
Dealt to c5dda56f 
658215a9: folds
d51ab987: folds
cfe7787b: raises 1,000 to 2,000
f6d6e2d2: folds
Hero: folds
4099e858: folds
79b392c4: calls 1,500
c5dda56f: folds
*** FLOP *** [9d 4d 6d]
79b392c4: checks
cfe7787b: bets 2,980
79b392c4: folds
Uncalled bet (2,980) returned to cfe7787b
*** SHOWDOWN ***
cfe7787b collected 6,000 from pot
*** SUMMARY ***
Total pot 6,000 | Rake 0 | Jackpot 0 | Bingo 0 | Fortune 0 | Tax 0
Board [9d 4d 6d]
Seat 1: 658215a9 folded before Flop
Seat 2: d51ab987 folded before Flop
Seat 3: cfe7787b won (6,000)
Seat 4: f6d6e2d2 folded before Flop
Seat 5: Hero folded before Flop
Seat 6: 4099e858 (button) folded before Flop
Seat 7: 79b392c4 (small blind) folded on the Flop
Seat 8: c5dda56f (big blind) folded before Flop


Poker Hand #TM2990229593: Tournament #127874594, Daily Big $20 Hold'em No Limit - Level14(500/1,000) - 2024/02/21 15:53:38
Table '25' 8-max Seat #5 is the button
Seat 1: 658215a9 (31,592 in chips)
Seat 2: d51ab987 (10,000 in chips)
Seat 3: cfe7787b (47,976 in chips)
Seat 4: f6d6e2d2 (52,013 in chips)
Seat 5: Hero (7,623 in chips)
Seat 6: 4099e858 (16,713 in chips)
Seat 7: 79b392c4 (32,672 in chips)
Seat 8: c5dda56f (14,011 in chips)
4099e858: posts the ante 125
79b392c4: posts the ante 125
c5dda56f: posts the ante 125
Hero: posts the ante 125
d51ab987: posts the ante 125
658215a9: posts the ante 125
cfe7787b: posts the ante 125
f6d6e2d2: posts the ante 125
4099e858: posts small blind 500
79b392c4: posts big blind 1,000
*** HOLE CARDS ***
Dealt to 658215a9 
Dealt to d51ab987 
Dealt to cfe7787b 
Dealt to f6d6e2d2 
Dealt to Hero [4c Kd]
Dealt to 4099e858 
Dealt to 79b392c4 
Dealt to c5dda56f 
c5dda56f: folds
658215a9: folds
d51ab987: folds
cfe7787b: folds
f6d6e2d2: folds
Hero: folds
4099e858: raises 14,500 to 15,500
79b392c4: folds
Uncalled bet (14,500) returned to 4099e858
*** SHOWDOWN ***
4099e858 collected 3,000 from pot
*** SUMMARY ***
Total pot 3,000 | Rake 0 | Jackpot 0 | Bingo 0 | Fortune 0 | Tax 0
Seat 1: 658215a9 folded before Flop
Seat 2: d51ab987 folded before Flop
Seat 3: cfe7787b folded before Flop
Seat 4: f6d6e2d2 folded before Flop
Seat 5: Hero (button) folded before Flop
Seat 6: 4099e858 (small blind) collected (3,000)
Seat 7: 79b392c4 (big blind) folded before Flop
Seat 8: c5dda56f folded before Flop


Poker Hand #TM2990229524: Tournament #127874594, Daily Big $20 Hold'em No Limit - Level14(500/1,000) - 2024/02/21 15:53:01
Table '25' 8-max Seat #3 is the button
Seat 1: 658215a9 (31,717 in chips)
Seat 3: cfe7787b (48,101 in chips)
Seat 5: Hero (8,248 in chips)
Seat 6: 4099e858 (17,838 in chips)
Seat 7: 79b392c4 (32,797 in chips)
Seat 8: c5dda56f (11,886 in chips)
4099e858: posts the ante 125
79b392c4: posts the ante 125
c5dda56f: posts the ante 125
Hero: posts the ante 125
658215a9: posts the ante 125
cfe7787b: posts the ante 125
Hero: posts small blind 500
4099e858: posts big blind 1,000
*** HOLE CARDS ***
Dealt to 658215a9 
Dealt to cfe7787b 
Dealt to Hero [Tc 6s]
Dealt to 4099e858 
Dealt to 79b392c4 
Dealt to c5dda56f 
79b392c4: folds
c5dda56f: raises 1,000 to 2,000
658215a9: folds
cfe7787b: folds
Hero: folds
4099e858: folds
Uncalled bet (1,000) returned to c5dda56f
*** SHOWDOWN ***
c5dda56f collected 3,250 from pot
*** SUMMARY ***
Total pot 3,250 | Rake 0 | Jackpot 0 | Bingo 0 | Fortune 0 | Tax 0
Seat 1: 658215a9 folded before Flop
Seat 3: cfe7787b (button) folded before Flop
Seat 5: Hero (small blind) folded before Flop
Seat 6: 4099e858 (big blind) folded before Flop
Seat 7: 79b392c4 folded before Flop
Seat 8: c5dda56f collected (3,250)


Poker Hand #TM2990229432: Tournament #127874594, Daily Big $20 Hold'em No Limit - Level14(500/1,000) - 2024/02/21 15:52:03
Table '25' 8-max Seat #2 is the button
Seat 1: 512e4c32 (10,804 in chips)
Seat 2: 8e9bca06 (5,425 in chips)
Seat 3: cfe7787b (30,372 in chips)
Seat 5: Hero (9,373 in chips)
Seat 6: 4099e858 (17,963 in chips)
Seat 7: 79b392c4 (32,922 in chips)
Seat 8: c5dda56f (12,011 in chips)
4099e858: posts the ante 125
79b392c4: posts the ante 125
c5dda56f: posts the ante 125
Hero: posts the ante 125
8e9bca06: posts the ante 125
cfe7787b: posts the ante 125
512e4c32: posts the ante 125
cfe7787b: posts small blind 500
Hero: posts big blind 1,000
*** HOLE CARDS ***
Dealt to 512e4c32 
Dealt to 8e9bca06 
Dealt to cfe7787b 
Dealt to Hero [4h 5s]
Dealt to 4099e858 
Dealt to 79b392c4 
Dealt to c5dda56f 
4099e858: folds
79b392c4: folds
c5dda56f: folds
512e4c32: raises 9,679 to 10,679 and is all-in
8e9bca06: calls 5,300 and is all-in
cfe7787b: calls 10,179
Hero: folds
512e4c32: shows [As 8d]
8e9bca06: shows [Qd Jd]
cfe7787b: shows [Tc Th]
*** FLOP *** [7s Qc 2s]
*** TURN *** [7s Qc 2s] [Jc]
*** RIVER *** [7s Qc 2s Jc] [Ts]
*** SHOWDOWN ***
cfe7787b collected 17,775 from pot
cfe7787b collected 10,758 from pot
*** SUMMARY ***
Total pot 28,533 | Rake 0 | Jackpot 0 | Bingo 0 | Fortune 0 | Tax 0
Board [7s Qc 2s Jc Ts]
Seat 1: 512e4c32 showed [As 8d] and lost with Ace-High
Seat 2: 8e9bca06 (button) showed [Qd Jd] and lost with Pair of Queens and Pair of Jacks
Seat 3: cfe7787b (small blind) showed [Tc Th] and won (28,533) with Three Tens
Seat 5: Hero (big blind) folded before Flop
Seat 6: 4099e858 folded before Flop
Seat 7: 79b392c4 folded before Flop
Seat 8: c5dda56f folded before Flop


Poker Hand #TM2990229355: Tournament #127874594, Daily Big $20 Hold'em No Limit - Level14(500/1,000) - 2024/02/21 15:51:15
Table '25' 8-max Seat #1 is the button
Seat 1: 512e4c32 (8,554 in chips)
Seat 2: 8e9bca06 (6,050 in chips)
Seat 3: cfe7787b (31,497 in chips)
Seat 4: e613728a (19,042 in chips)
Seat 5: Hero (9,498 in chips)
Seat 6: 4099e858 (18,088 in chips)
Seat 7: 79b392c4 (33,047 in chips)
4099e858: posts the ante 125
79b392c4: posts the ante 125
Hero: posts the ante 125
e613728a: posts the ante 125
8e9bca06: posts the ante 125
cfe7787b: posts the ante 125
512e4c32: posts the ante 125
8e9bca06: posts small blind 500
cfe7787b: posts big blind 1,000
*** HOLE CARDS ***
Dealt to 512e4c32 
Dealt to 8e9bca06 
Dealt to cfe7787b 
Dealt to e613728a 
Dealt to Hero [Kd 4d]
Dealt to 4099e858 
Dealt to 79b392c4 
e613728a: folds
Hero: folds
4099e858: folds
79b392c4: folds
512e4c32: raises 7,429 to 8,429 and is all-in
8e9bca06: folds
cfe7787b: folds
Uncalled bet (7,429) returned to 512e4c32
*** SHOWDOWN ***
512e4c32 collected 3,375 from pot
*** SUMMARY ***
Total pot 3,375 | Rake 0 | Jackpot 0 | Bingo 0 | Fortune 0 | Tax 0
Seat 1: 512e4c32 (button) collected (3,375)
Seat 2: 8e9bca06 (small blind) folded before Flop
Seat 3: cfe7787b (big blind) folded before Flop
Seat 4: e613728a folded before Flop
Seat 5: Hero folded before Flop
Seat 6: 4099e858 folded before Flop
Seat 7: 79b392c4 folded before Flop


Poker Hand #TM2990229269: Tournament #127874594, Daily Big $20 Hold'em No Limit - Level13(400/800) - 2024/02/21 15:50:18
Table '25' 8-max Seat #8 is the button
Seat 1: 512e4c32 (9,054 in chips)
Seat 2: 8e9bca06 (2,525 in chips)
Seat 3: cfe7787b (31,597 in chips)
Seat 4: e613728a (19,142 in chips)
Seat 5: Hero (9,598 in chips)
Seat 6: 4099e858 (20,613 in chips)
Seat 7: 79b392c4 (33,147 in chips)
Seat 8: 103e382d (15,735 in chips)
4099e858: posts the ante 100
79b392c4: posts the ante 100
103e382d: posts the ante 100
Hero: posts the ante 100
e613728a: posts the ante 100
8e9bca06: posts the ante 100
cfe7787b: posts the ante 100
512e4c32: posts the ante 100
512e4c32: posts small blind 400
8e9bca06: posts big blind 800
*** HOLE CARDS ***
Dealt to 512e4c32 
Dealt to 8e9bca06 
Dealt to cfe7787b 
Dealt to e613728a 
Dealt to Hero [9c 2d]
Dealt to 4099e858 
Dealt to 79b392c4 
Dealt to 103e382d 
cfe7787b: folds
e613728a: folds
Hero: folds
4099e858: raises 960 to 1,760
79b392c4: folds
103e382d: folds
512e4c32: folds
8e9bca06: raises 665 to 2,425 and is all-in
4099e858: calls 665
8e9bca06: shows [6c Qc]
4099e858: shows [Ts Js]
*** FLOP *** [3c 5h 9h]
*** TURN *** [3c 5h 9h] [Ah]
*** RIVER *** [3c 5h 9h Ah] [7s]
*** SHOWDOWN ***
8e9bca06 collected 6,050 from pot
*** SUMMARY ***
Total pot 6,050 | Rake 0 | Jackpot 0 | Bingo 0 | Fortune 0 | Tax 0
Board [3c 5h 9h Ah 7s]
Seat 1: 512e4c32 (small blind) folded before Flop
Seat 2: 8e9bca06 (big blind) showed [6c Qc] and won (6,050) with Ace-High
Seat 3: cfe7787b folded before Flop
Seat 4: e613728a folded before Flop
Seat 5: Hero folded before Flop
Seat 6: 4099e858 showed [Ts Js] and lost with Ace-High
Seat 7: 79b392c4 folded before Flop
Seat 8: 103e382d (button) folded before Flop


Poker Hand #TM2990229188: Tournament #127874594, Daily Big $20 Hold'em No Limit - Level13(400/800) - 2024/02/21 15:49:23
Table '25' 8-max Seat #7 is the button
Seat 1: 512e4c32 (9,954 in chips)
Seat 2: 8e9bca06 (2,625 in chips)
Seat 3: cfe7787b (31,697 in chips)
Seat 4: e613728a (19,242 in chips)
Seat 5: Hero (11,298 in chips)
Seat 6: 4099e858 (20,713 in chips)
Seat 7: 79b392c4 (33,247 in chips)
Seat 8: 103e382d (12,635 in chips)
4099e858: posts the ante 100
79b392c4: posts the ante 100
Hero: posts the ante 100
103e382d: posts the ante 100
e613728a: posts the ante 100
8e9bca06: posts the ante 100
cfe7787b: posts the ante 100
512e4c32: posts the ante 100
103e382d: posts small blind 400
512e4c32: posts big blind 800
*** HOLE CARDS ***
Dealt to 512e4c32 
Dealt to 8e9bca06 
Dealt to cfe7787b 
Dealt to e613728a 
Dealt to Hero [9c As]
Dealt to 4099e858 
Dealt to 79b392c4 
Dealt to 103e382d 
8e9bca06: folds
cfe7787b: folds
e613728a: folds
Hero: raises 800 to 1,600
4099e858: folds
79b392c4: folds
103e382d: raises 10,935 to 12,535 and is all-in
512e4c32: folds
Hero: folds
Uncalled bet (10,935) returned to 103e382d
*** SHOWDOWN ***
103e382d collected 4,800 from pot
*** SUMMARY ***
Total pot 4,800 | Rake 0 | Jackpot 0 | Bingo 0 | Fortune 0 | Tax 0
Seat 1: 512e4c32 (big blind) folded before Flop
Seat 2: 8e9bca06 folded before Flop
Seat 3: cfe7787b folded before Flop
Seat 4: e613728a folded before Flop
Seat 5: Hero folded before Flop
Seat 6: 4099e858 folded before Flop
Seat 7: 79b392c4 (button) folded before Flop
Seat 8: 103e382d (small blind) collected (4,800)


Poker Hand #TM2990229087: Tournament #127874594, Daily Big $20 Hold'em No Limit - Level13(400/800) - 2024/02/21 15:48:23
Table '25' 8-max Seat #6 is the button
Seat 1: 512e4c32 (8,054 in chips)
Seat 2: 8e9bca06 (2,725 in chips)
Seat 3: cfe7787b (31,797 in chips)
Seat 4: e613728a (19,342 in chips)
Seat 5: Hero (11,398 in chips)
Seat 6: 4099e858 (20,813 in chips)
Seat 7: 79b392c4 (33,747 in chips)
Seat 8: 103e382d (13,535 in chips)
4099e858: posts the ante 100
79b392c4: posts the ante 100
Hero: posts the ante 100
103e382d: posts the ante 100
e613728a: posts the ante 100
8e9bca06: posts the ante 100
cfe7787b: posts the ante 100
512e4c32: posts the ante 100
79b392c4: posts small blind 400
103e382d: posts big blind 800
*** HOLE CARDS ***
Dealt to 512e4c32 
Dealt to 8e9bca06 
Dealt to cfe7787b 
Dealt to e613728a 
Dealt to Hero [4c 5d]
Dealt to 4099e858 
Dealt to 79b392c4 
Dealt to 103e382d 
512e4c32: raises 7,154 to 7,954 and is all-in
8e9bca06: folds
cfe7787b: folds
e613728a: folds
Hero: folds
4099e858: folds
79b392c4: folds
103e382d: folds
Uncalled bet (7,154) returned to 512e4c32
*** SHOWDOWN ***
512e4c32 collected 2,800 from pot
*** SUMMARY ***
Total pot 2,800 | Rake 0 | Jackpot 0 | Bingo 0 | Fortune 0 | Tax 0
Seat 1: 512e4c32 collected (2,800)
Seat 2: 8e9bca06 folded before Flop
Seat 3: cfe7787b folded before Flop
Seat 4: e613728a folded before Flop
Seat 5: Hero folded before Flop
Seat 6: 4099e858 (button) folded before Flop
Seat 7: 79b392c4 (small blind) folded before Flop
Seat 8: 103e382d (big blind) folded before Flop


Poker Hand #TM2989578913: Tournament #127874594, Daily Big $20 Hold'em No Limit - Level13(400/800) - 2024/02/21 15:46:30
Table '25' 8-max Seat #5 is the button
Seat 1: 512e4c32 (8,154 in chips)
Seat 2: 8e9bca06 (2,825 in chips)
Seat 3: cfe7787b (22,265 in chips)
Seat 4: e613728a (19,442 in chips)
Seat 5: Hero (19,130 in chips)
Seat 6: 4099e858 (21,313 in chips)
Seat 7: 79b392c4 (34,647 in chips)
Seat 8: 103e382d (13,635 in chips)
4099e858: posts the ante 100
79b392c4: posts the ante 100
Hero: posts the ante 100
103e382d: posts the ante 100
e613728a: posts the ante 100
8e9bca06: posts the ante 100
cfe7787b: posts the ante 100
512e4c32: posts the ante 100
4099e858: posts small blind 400
79b392c4: posts big blind 800
*** HOLE CARDS ***
Dealt to 512e4c32 
Dealt to 8e9bca06 
Dealt to cfe7787b 
Dealt to e613728a 
Dealt to Hero [Td Qd]
Dealt to 4099e858 
Dealt to 79b392c4 
Dealt to 103e382d 
103e382d: folds
512e4c32: folds
8e9bca06: folds
cfe7787b: raises 800 to 1,600
e613728a: folds
Hero: calls 1,600
4099e858: folds
79b392c4: folds
*** FLOP *** [5d 6s 4c]
cfe7787b: bets 1,716
Hero: calls 1,716
*** TURN *** [5d 6s 4c] [3d]
cfe7787b: bets 4,316
Hero: calls 4,316
*** RIVER *** [5d 6s 4c 3d] [Kh]
cfe7787b: bets 14,533 and is all-in
Hero: folds
Uncalled bet (14,533) returned to cfe7787b
*** SHOWDOWN ***
cfe7787b collected 17,264 from pot
*** SUMMARY ***
Total pot 17,264 | Rake 0 | Jackpot 0 | Bingo 0 | Fortune 0 | Tax 0
Board [5d 6s 4c 3d Kh]
Seat 1: 512e4c32 folded before Flop
Seat 2: 8e9bca06 folded before Flop
Seat 3: cfe7787b won (17,264)
Seat 4: e613728a folded before Flop
Seat 5: Hero (button) folded on the River
Seat 6: 4099e858 (small blind) folded before Flop
Seat 7: 79b392c4 (big blind) folded before Flop
Seat 8: 103e382d folded before Flop


Poker Hand #TM2989578808: Tournament #127874594, Daily Big $20 Hold'em No Limit - Level13(400/800) - 2024/02/21 15:45:26
Table '25' 8-max Seat #4 is the button
Seat 1: 512e4c32 (8,254 in chips)
Seat 2: 8e9bca06 (2,125 in chips)
Seat 3: cfe7787b (22,365 in chips)
Seat 4: e613728a (19,542 in chips)
Seat 5: Hero (18,430 in chips)
Seat 6: 4099e858 (22,213 in chips)
Seat 7: 79b392c4 (34,747 in chips)
Seat 8: 103e382d (13,735 in chips)
4099e858: posts the ante 100
79b392c4: posts the ante 100
103e382d: posts the ante 100
Hero: posts the ante 100
e613728a: posts the ante 100
8e9bca06: posts the ante 100
cfe7787b: posts the ante 100
512e4c32: posts the ante 100
Hero: posts small blind 400
4099e858: posts big blind 800
*** HOLE CARDS ***
Dealt to 512e4c32 
Dealt to 8e9bca06 
Dealt to cfe7787b 
Dealt to e613728a 
Dealt to Hero [Ac 9s]
Dealt to 4099e858 
Dealt to 79b392c4 
Dealt to 103e382d 
79b392c4: folds
103e382d: folds
512e4c32: folds
8e9bca06: raises 800 to 1,600
cfe7787b: folds
e613728a: folds
Hero: raises 2,400 to 4,000
4099e858: folds
8e9bca06: calls 425 and is all-in
Uncalled bet (1,975) returned to Hero
Hero: shows [Ac 9s]
8e9bca06: shows [Ah 4h]
*** FLOP *** [Kd 2d 8h]
*** TURN *** [Kd 2d 8h] [Tc]
*** RIVER *** [Kd 2d 8h Tc] [8d]
*** SHOWDOWN ***
Hero collected 2,825 from pot
8e9bca06 collected 2,825 from pot
*** SUMMARY ***
Total pot 5,650 | Rake 0 | Jackpot 0 | Bingo 0 | Fortune 0 | Tax 0
Board [Kd 2d 8h Tc 8d]
Seat 1: 512e4c32 folded before Flop
Seat 2: 8e9bca06 showed [Ah 4h] and won (2,825) with Pair of Eights
Seat 3: cfe7787b folded before Flop
Seat 4: e613728a (button) folded before Flop
Seat 5: Hero (small blind) showed [Ac 9s] and won (2,825) with Pair of Eights
Seat 6: 4099e858 (big blind) folded before Flop
Seat 7: 79b392c4 folded before Flop
Seat 8: 103e382d folded before Flop


Poker Hand #TM2989578753: Tournament #127874594, Daily Big $20 Hold'em No Limit - Level13(400/800) - 2024/02/21 15:44:57
Table '25' 8-max Seat #3 is the button
Seat 1: 512e4c32 (8,354 in chips)
Seat 2: 8e9bca06 (2,225 in chips)
Seat 3: cfe7787b (22,465 in chips)
Seat 4: e613728a (20,042 in chips)
Seat 5: Hero (17,330 in chips)
Seat 6: 4099e858 (22,313 in chips)
Seat 7: 79b392c4 (34,847 in chips)
Seat 8: 103e382d (13,835 in chips)
4099e858: posts the ante 100
79b392c4: posts the ante 100
103e382d: posts the ante 100
Hero: posts the ante 100
e613728a: posts the ante 100
8e9bca06: posts the ante 100
cfe7787b: posts the ante 100
512e4c32: posts the ante 100
e613728a: posts small blind 400
Hero: posts big blind 800
*** HOLE CARDS ***
Dealt to 512e4c32 
Dealt to 8e9bca06 
Dealt to cfe7787b 
Dealt to e613728a 
Dealt to Hero [Qd 7s]
Dealt to 4099e858 
Dealt to 79b392c4 
Dealt to 103e382d 
4099e858: folds
79b392c4: folds
103e382d: folds
512e4c32: folds
8e9bca06: folds
cfe7787b: folds
e613728a: folds
Uncalled bet (400) returned to Hero
*** SHOWDOWN ***
Hero collected 1,600 from pot
*** SUMMARY ***
Total pot 1,600 | Rake 0 | Jackpot 0 | Bingo 0 | Fortune 0 | Tax 0
Seat 1: 512e4c32 folded before Flop
Seat 2: 8e9bca06 folded before Flop
Seat 3: cfe7787b (button) folded before Flop
Seat 4: e613728a (small blind) folded before Flop
Seat 5: Hero (big blind) collected (1,600)
Seat 6: 4099e858 folded before Flop
Seat 7: 79b392c4 folded before Flop
Seat 8: 103e382d folded before Flop


Poker Hand #TM2989578679: Tournament #127874594, Daily Big $20 Hold'em No Limit - Level13(400/800) - 2024/02/21 15:44:11
Table '25' 8-max Seat #2 is the button
Seat 1: 512e4c32 (8,454 in chips)
Seat 2: 8e9bca06 (2,325 in chips)
Seat 3: cfe7787b (19,365 in chips)
Seat 4: e613728a (20,942 in chips)
Seat 5: Hero (17,430 in chips)
Seat 6: 4099e858 (22,413 in chips)
Seat 7: 79b392c4 (34,947 in chips)
Seat 8: 103e382d (15,535 in chips)
4099e858: posts the ante 100
79b392c4: posts the ante 100
103e382d: posts the ante 100
Hero: posts the ante 100
e613728a: posts the ante 100
8e9bca06: posts the ante 100
cfe7787b: posts the ante 100
512e4c32: posts the ante 100
cfe7787b: posts small blind 400
e613728a: posts big blind 800
*** HOLE CARDS ***
Dealt to 512e4c32 
Dealt to 8e9bca06 
Dealt to cfe7787b 
Dealt to e613728a 
Dealt to Hero [Ks 8d]
Dealt to 4099e858 
Dealt to 79b392c4 
Dealt to 103e382d 
Hero: folds
4099e858: folds
79b392c4: folds
103e382d: raises 800 to 1,600
512e4c32: folds
8e9bca06: folds
cfe7787b: raises 17,665 to 19,265 and is all-in
e613728a: folds
103e382d: folds
Uncalled bet (17,665) returned to cfe7787b
*** SHOWDOWN ***
cfe7787b collected 4,800 from pot
*** SUMMARY ***
Total pot 4,800 | Rake 0 | Jackpot 0 | Bingo 0 | Fortune 0 | Tax 0
Seat 1: 512e4c32 folded before Flop
Seat 2: 8e9bca06 (button) folded before Flop
Seat 3: cfe7787b (small blind) collected (4,800)
Seat 4: e613728a (big blind) folded before Flop
Seat 5: Hero folded before Flop
Seat 6: 4099e858 folded before Flop
Seat 7: 79b392c4 folded before Flop
Seat 8: 103e382d folded before Flop


Poker Hand #TM2989578566: Tournament #127874594, Daily Big $20 Hold'em No Limit - Level13(400/800) - 2024/02/21 15:42:55
Table '25' 8-max Seat #1 is the button
Seat 1: 512e4c32 (18,025 in chips)
Seat 2: 8e9bca06 (2,825 in chips)
Seat 3: cfe7787b (20,265 in chips)
Seat 4: e613728a (9,571 in chips)
Seat 5: Hero (17,530 in chips)
Seat 6: 4099e858 (22,513 in chips)
Seat 7: 79b392c4 (35,047 in chips)
Seat 8: 103e382d (15,635 in chips)
4099e858: posts the ante 100
79b392c4: posts the ante 100
103e382d: posts the ante 100
Hero: posts the ante 100
e613728a: posts the ante 100
8e9bca06: posts the ante 100
cfe7787b: posts the ante 100
512e4c32: posts the ante 100
8e9bca06: posts small blind 400
cfe7787b: posts big blind 800
*** HOLE CARDS ***
Dealt to 512e4c32 
Dealt to 8e9bca06 
Dealt to cfe7787b 
Dealt to e613728a 
Dealt to Hero [5h Qd]
Dealt to 4099e858 
Dealt to 79b392c4 
Dealt to 103e382d 
e613728a: raises 880 to 1,680
Hero: folds
4099e858: folds
79b392c4: folds
103e382d: folds
512e4c32: raises 16,245 to 17,925 and is all-in
8e9bca06: folds
cfe7787b: folds
e613728a: calls 7,791 and is all-in
Uncalled bet (8,454) returned to 512e4c32
512e4c32: shows [7d 7c]
e613728a: shows [Ah Qh]
*** FLOP *** [9s Kc 5s]
*** TURN *** [9s Kc 5s] [Ad]
*** RIVER *** [9s Kc 5s Ad] [4h]
*** SHOWDOWN ***
e613728a collected 20,942 from pot
*** SUMMARY ***
Total pot 20,942 | Rake 0 | Jackpot 0 | Bingo 0 | Fortune 0 | Tax 0
Board [9s Kc 5s Ad 4h]
Seat 1: 512e4c32 (button) showed [7d 7c] and lost with Pair of Sevens
Seat 2: 8e9bca06 (small blind) folded before Flop
Seat 3: cfe7787b (big blind) folded before Flop
Seat 4: e613728a showed [Ah Qh] and won (20,942) with Pair of Aces
Seat 5: Hero folded before Flop
Seat 6: 4099e858 folded before Flop
Seat 7: 79b392c4 folded before Flop
Seat 8: 103e382d folded before Flop


Poker Hand #TM2989578476: Tournament #127874594, Daily Big $20 Hold'em No Limit - Level12(350/700) - 2024/02/21 15:42:06
Table '25' 8-max Seat #8 is the button
Seat 1: 512e4c32 (15,330 in chips)
Seat 2: 8e9bca06 (3,610 in chips)
Seat 3: cfe7787b (20,350 in chips)
Seat 4: e613728a (9,656 in chips)
Seat 5: Hero (19,015 in chips)
Seat 6: 4099e858 (22,598 in chips)
Seat 7: 79b392c4 (35,132 in chips)
Seat 8: 103e382d (15,720 in chips)
4099e858: posts the ante 85
79b392c4: posts the ante 85
103e382d: posts the ante 85
Hero: posts the ante 85
e613728a: posts the ante 85
8e9bca06: posts the ante 85
cfe7787b: posts the ante 85
512e4c32: posts the ante 85
512e4c32: posts small blind 350
8e9bca06: posts big blind 700
*** HOLE CARDS ***
Dealt to 512e4c32 
Dealt to 8e9bca06 
Dealt to cfe7787b 
Dealt to e613728a 
Dealt to Hero [Ah Tc]
Dealt to 4099e858 
Dealt to 79b392c4 
Dealt to 103e382d 
cfe7787b: folds
e613728a: folds
Hero: raises 700 to 1,400
4099e858: folds
79b392c4: folds
103e382d: folds
512e4c32: raises 13,845 to 15,245 and is all-in
8e9bca06: folds
Hero: folds
Uncalled bet (13,845) returned to 512e4c32
*** SHOWDOWN ***
512e4c32 collected 4,180 from pot
*** SUMMARY ***
Total pot 4,180 | Rake 0 | Jackpot 0 | Bingo 0 | Fortune 0 | Tax 0
Seat 1: 512e4c32 (small blind) collected (4,180)
Seat 2: 8e9bca06 (big blind) folded before Flop
Seat 3: cfe7787b folded before Flop
Seat 4: e613728a folded before Flop
Seat 5: Hero folded before Flop
Seat 6: 4099e858 folded before Flop
Seat 7: 79b392c4 folded before Flop
Seat 8: 103e382d (button) folded before Flop


Poker Hand #TM2989578377: Tournament #127874594, Daily Big $20 Hold'em No Limit - Level12(350/700) - 2024/02/21 15:41:04
Table '25' 8-max Seat #7 is the button
Seat 1: 512e4c32 (25,075 in chips)
Seat 2: 8e9bca06 (3,695 in chips)
Seat 3: cfe7787b (9,745 in chips)
Seat 4: e613728a (9,741 in chips)
Seat 5: Hero (19,100 in chips)
Seat 6: 4099e858 (22,683 in chips)
Seat 7: 79b392c4 (35,217 in chips)
Seat 8: 103e382d (16,155 in chips)
4099e858: posts the ante 85
79b392c4: posts the ante 85
Hero: posts the ante 85
103e382d: posts the ante 85
e613728a: posts the ante 85
8e9bca06: posts the ante 85
cfe7787b: posts the ante 85
512e4c32: posts the ante 85
103e382d: posts small blind 350
512e4c32: posts big blind 700
*** HOLE CARDS ***
Dealt to 512e4c32 
Dealt to 8e9bca06 
Dealt to cfe7787b 
Dealt to e613728a 
Dealt to Hero [Qh 6h]
Dealt to 4099e858 
Dealt to 79b392c4 
Dealt to 103e382d 
8e9bca06: folds
cfe7787b: raises 8,960 to 9,660 and is all-in
e613728a: folds
Hero: folds
4099e858: folds
79b392c4: folds
103e382d: folds
512e4c32: calls 8,960
cfe7787b: shows [8c 8h]
512e4c32: shows [9d Ac]
*** FLOP *** [Jh 4d 3h]
*** TURN *** [Jh 4d 3h] [2h]
*** RIVER *** [Jh 4d 3h 2h] [2d]
*** SHOWDOWN ***
cfe7787b collected 20,350 from pot
*** SUMMARY ***
Total pot 20,350 | Rake 0 | Jackpot 0 | Bingo 0 | Fortune 0 | Tax 0
Board [Jh 4d 3h 2h 2d]
Seat 1: 512e4c32 (big blind) showed [9d Ac] and lost with Pair of Twos
Seat 2: 8e9bca06 folded before Flop
Seat 3: cfe7787b showed [8c 8h] and won (20,350) with Pair of Eights and Pair of Twos
Seat 4: e613728a folded before Flop
Seat 5: Hero folded before Flop
Seat 6: 4099e858 folded before Flop
Seat 7: 79b392c4 (button) folded before Flop
Seat 8: 103e382d (small blind) folded before Flop


Poker Hand #TM2989578245: Tournament #127874594, Daily Big $20 Hold'em No Limit - Level12(350/700) - 2024/02/21 15:39:44
Table '25' 8-max Seat #6 is the button
Seat 1: 512e4c32 (33,845 in chips)
Seat 2: 8e9bca06 (3,780 in chips)
Seat 3: cfe7787b (9,830 in chips)
Seat 4: e613728a (9,826 in chips)
Seat 5: Hero (8,770 in chips)
Seat 6: 4099e858 (22,768 in chips)
Seat 7: 79b392c4 (35,652 in chips)
Seat 8: 103e382d (16,940 in chips)
4099e858: posts the ante 85
79b392c4: posts the ante 85
Hero: posts the ante 85
103e382d: posts the ante 85
e613728a: posts the ante 85
8e9bca06: posts the ante 85
cfe7787b: posts the ante 85
512e4c32: posts the ante 85
79b392c4: posts small blind 350
103e382d: posts big blind 700
*** HOLE CARDS ***
Dealt to 512e4c32 
Dealt to 8e9bca06 
Dealt to cfe7787b 
Dealt to e613728a 
Dealt to Hero [As Kc]
Dealt to 4099e858 
Dealt to 79b392c4 
Dealt to 103e382d 
512e4c32: raises 700 to 1,400
8e9bca06: folds
cfe7787b: folds
e613728a: folds
Hero: raises 7,285 to 8,685 and is all-in
4099e858: folds
79b392c4: folds
103e382d: folds
512e4c32: calls 7,285
Hero: shows [As Kc]
512e4c32: shows [Ad 7d]
*** FLOP *** [Js 2c 9c]
*** TURN *** [Js 2c 9c] [3s]
*** RIVER *** [Js 2c 9c 3s] [2d]
*** SHOWDOWN ***
Hero collected 19,100 from pot
*** SUMMARY ***
Total pot 19,100 | Rake 0 | Jackpot 0 | Bingo 0 | Fortune 0 | Tax 0
Board [Js 2c 9c 3s 2d]
Seat 1: 512e4c32 showed [Ad 7d] and lost with Pair of Twos
Seat 2: 8e9bca06 folded before Flop
Seat 3: cfe7787b folded before Flop
Seat 4: e613728a folded before Flop
Seat 5: Hero showed [As Kc] and won (19,100) with Pair of Twos
Seat 6: 4099e858 (button) folded before Flop
Seat 7: 79b392c4 (small blind) folded before Flop
Seat 8: 103e382d (big blind) folded before Flop


Poker Hand #TM2989578189: Tournament #127874594, Daily Big $20 Hold'em No Limit - Level12(350/700) - 2024/02/21 15:39:12
Table '25' 8-max Seat #5 is the button
Seat 1: 512e4c32 (33,930 in chips)
Seat 2: 8e9bca06 (3,865 in chips)
Seat 3: cfe7787b (9,915 in chips)
Seat 4: e613728a (9,911 in chips)
Seat 5: Hero (7,125 in chips)
Seat 6: 4099e858 (23,203 in chips)
Seat 7: 79b392c4 (36,437 in chips)
Seat 8: 103e382d (17,025 in chips)
4099e858: posts the ante 85
79b392c4: posts the ante 85
Hero: posts the ante 85
103e382d: posts the ante 85
e613728a: posts the ante 85
8e9bca06: posts the ante 85
cfe7787b: posts the ante 85
512e4c32: posts the ante 85
4099e858: posts small blind 350
79b392c4: posts big blind 700
*** HOLE CARDS ***
Dealt to 512e4c32 
Dealt to 8e9bca06 
Dealt to cfe7787b 
Dealt to e613728a 
Dealt to Hero [8h Kh]
Dealt to 4099e858 
Dealt to 79b392c4 
Dealt to 103e382d 
103e382d: folds
512e4c32: folds
8e9bca06: folds
cfe7787b: folds
e613728a: folds
Hero: raises 6,340 to 7,040 and is all-in
4099e858: folds
79b392c4: folds
Uncalled bet (6,340) returned to Hero
*** SHOWDOWN ***
Hero collected 2,430 from pot
*** SUMMARY ***
Total pot 2,430 | Rake 0 | Jackpot 0 | Bingo 0 | Fortune 0 | Tax 0
Seat 1: 512e4c32 folded before Flop
Seat 2: 8e9bca06 folded before Flop
Seat 3: cfe7787b folded before Flop
Seat 4: e613728a folded before Flop
Seat 5: Hero (button) collected (2,430)
Seat 6: 4099e858 (small blind) folded before Flop
Seat 7: 79b392c4 (big blind) folded before Flop
Seat 8: 103e382d folded before Flop


Poker Hand #TM2989578111: Tournament #127874594, Daily Big $20 Hold'em No Limit - Level12(350/700) - 2024/02/21 15:38:28
Table '25' 8-max Seat #4 is the button
Seat 1: 512e4c32 (34,015 in chips)
Seat 2: 8e9bca06 (3,950 in chips)
Seat 3: cfe7787b (10,000 in chips)
Seat 4: e613728a (9,996 in chips)
Seat 5: Hero (7,560 in chips)
Seat 6: 4099e858 (23,988 in chips)
Seat 7: 79b392c4 (36,522 in chips)
Seat 8: 103e382d (15,380 in chips)
4099e858: posts the ante 85
79b392c4: posts the ante 85
103e382d: posts the ante 85
Hero: posts the ante 85
e613728a: posts the ante 85
8e9bca06: posts the ante 85
cfe7787b: posts the ante 85
512e4c32: posts the ante 85
Hero: posts small blind 350
4099e858: posts big blind 700
*** HOLE CARDS ***
Dealt to 512e4c32 
Dealt to 8e9bca06 
Dealt to cfe7787b 
Dealt to e613728a 
Dealt to Hero [4d 3h]
Dealt to 4099e858 
Dealt to 79b392c4 
Dealt to 103e382d 
79b392c4: folds
103e382d: raises 700 to 1,400
512e4c32: folds
8e9bca06: folds
cfe7787b: folds
e613728a: folds
Hero: folds
4099e858: folds
Uncalled bet (700) returned to 103e382d
*** SHOWDOWN ***
103e382d collected 2,430 from pot
*** SUMMARY ***
Total pot 2,430 | Rake 0 | Jackpot 0 | Bingo 0 | Fortune 0 | Tax 0
Seat 1: 512e4c32 folded before Flop
Seat 2: 8e9bca06 folded before Flop
Seat 3: cfe7787b folded before Flop
Seat 4: e613728a (button) folded before Flop
Seat 5: Hero (small blind) folded before Flop
Seat 6: 4099e858 (big blind) folded before Flop
Seat 7: 79b392c4 folded before Flop
Seat 8: 103e382d collected (2,430)


Poker Hand #TM2989577994: Tournament #127874594, Daily Big $20 Hold'em No Limit - Level12(350/700) - 2024/02/21 15:37:20
Table '25' 8-max Seat #2 is the button
Seat 1: 512e4c32 (33,277 in chips)
Seat 2: 8e9bca06 (3,213 in chips)
Seat 4: e613728a (10,431 in chips)
Seat 5: Hero (8,345 in chips)
Seat 6: 4099e858 (24,073 in chips)
Seat 7: 79b392c4 (36,607 in chips)
Seat 8: 103e382d (15,465 in chips)
4099e858: posts the ante 85
79b392c4: posts the ante 85
103e382d: posts the ante 85
Hero: posts the ante 85
e613728a: posts the ante 85
8e9bca06: posts the ante 85
512e4c32: posts the ante 85
e613728a: posts small blind 350
Hero: posts big blind 700
*** HOLE CARDS ***
Dealt to 512e4c32 
Dealt to 8e9bca06 
Dealt to e613728a 
Dealt to Hero [9h 4d]
Dealt to 4099e858 
Dealt to 79b392c4 
Dealt to 103e382d 
4099e858: folds
79b392c4: folds
103e382d: folds
512e4c32: raises 700 to 1,400
8e9bca06: raises 1,400 to 2,800
e613728a: folds
Hero: folds
512e4c32: raises 1,400 to 4,200
8e9bca06: calls 328 and is all-in
Uncalled bet (1,072) returned to 512e4c32
512e4c32: shows [Ts As]
8e9bca06: shows [Th Ac]
*** FLOP *** [Jc 5s 4c]
*** TURN *** [Jc 5s 4c] [Kd]
*** RIVER *** [Jc 5s 4c Kd] [9d]
*** SHOWDOWN ***
8e9bca06 collected 3,950 from pot
512e4c32 collected 3,951 from pot
*** SUMMARY ***
Total pot 7,901 | Rake 0 | Jackpot 0 | Bingo 0 | Fortune 0 | Tax 0
Board [Jc 5s 4c Kd 9d]
Seat 1: 512e4c32 showed [Ts As] and won (3,951) with Ace-High
Seat 2: 8e9bca06 (button) showed [Th Ac] and won (3,950) with Ace-High
Seat 4: e613728a (small blind) folded before Flop
Seat 5: Hero (big blind) folded before Flop
Seat 6: 4099e858 folded before Flop
Seat 7: 79b392c4 folded before Flop
Seat 8: 103e382d folded before Flop


Poker Hand #TM2989577949: Tournament #127874594, Daily Big $20 Hold'em No Limit - Level12(350/700) - 2024/02/21 15:36:52
Table '25' 8-max Seat #1 is the button
Seat 1: 512e4c32 (33,362 in chips)
Seat 2: 8e9bca06 (2,003 in chips)
Seat 4: e613728a (11,216 in chips)
Seat 5: Hero (8,430 in chips)
Seat 6: 4099e858 (24,158 in chips)
Seat 7: 79b392c4 (36,692 in chips)
Seat 8: 103e382d (15,550 in chips)
4099e858: posts the ante 85
79b392c4: posts the ante 85
103e382d: posts the ante 85
Hero: posts the ante 85
e613728a: posts the ante 85
8e9bca06: posts the ante 85
512e4c32: posts the ante 85
8e9bca06: posts small blind 350
e613728a: posts big blind 700
*** HOLE CARDS ***
Dealt to 512e4c32 
Dealt to 8e9bca06 
Dealt to e613728a 
Dealt to Hero [8h Tc]
Dealt to 4099e858 
Dealt to 79b392c4 
Dealt to 103e382d 
Hero: folds
4099e858: folds
79b392c4: folds
103e382d: folds
512e4c32: folds
8e9bca06: raises 1,218 to 1,918 and is all-in
e613728a: folds
Uncalled bet (1,218) returned to 8e9bca06
*** SHOWDOWN ***
8e9bca06 collected 1,995 from pot
*** SUMMARY ***
Total pot 1,995 | Rake 0 | Jackpot 0 | Bingo 0 | Fortune 0 | Tax 0
Seat 1: 512e4c32 (button) folded before Flop
Seat 2: 8e9bca06 (small blind) collected (1,995)
Seat 4: e613728a (big blind) folded before Flop
Seat 5: Hero folded before Flop
Seat 6: 4099e858 folded before Flop
Seat 7: 79b392c4 folded before Flop
Seat 8: 103e382d folded before Flop


Poker Hand #TM2989577866: Tournament #127874594, Daily Big $20 Hold'em No Limit - Level12(350/700) - 2024/02/21 15:36:05
Table '25' 8-max Seat #8 is the button
Seat 1: 512e4c32 (33,797 in chips)
Seat 2: 8e9bca06 (2,788 in chips)
Seat 4: e613728a (11,301 in chips)
Seat 5: Hero (9,915 in chips)
Seat 6: 4099e858 (24,243 in chips)
Seat 7: 79b392c4 (38,177 in chips)
Seat 8: 103e382d (11,190 in chips)
4099e858: posts the ante 85
79b392c4: posts the ante 85
103e382d: posts the ante 85
Hero: posts the ante 85
e613728a: posts the ante 85
8e9bca06: posts the ante 85
512e4c32: posts the ante 85
512e4c32: posts small blind 350
8e9bca06: posts big blind 700
*** HOLE CARDS ***
Dealt to 512e4c32 
Dealt to 8e9bca06 
Dealt to e613728a 
Dealt to Hero [Kd Tc]
Dealt to 4099e858 
Dealt to 79b392c4 
Dealt to 103e382d 
e613728a: folds
Hero: raises 700 to 1,400
4099e858: folds
79b392c4: calls 1,400
103e382d: raises 9,705 to 11,105 and is all-in
512e4c32: folds
8e9bca06: folds
Hero: folds
79b392c4: folds
Uncalled bet (9,705) returned to 103e382d
*** SHOWDOWN ***
103e382d collected 5,845 from pot
*** SUMMARY ***
Total pot 5,845 | Rake 0 | Jackpot 0 | Bingo 0 | Fortune 0 | Tax 0
Seat 1: 512e4c32 (small blind) folded before Flop
Seat 2: 8e9bca06 (big blind) folded before Flop
Seat 4: e613728a folded before Flop
Seat 5: Hero folded before Flop
Seat 6: 4099e858 folded before Flop
Seat 7: 79b392c4 folded before Flop
Seat 8: 103e382d (button) collected (5,845)


Poker Hand #TM2989577781: Tournament #127874594, Daily Big $20 Hold'em No Limit - Level12(350/700) - 2024/02/21 15:35:17
Table '25' 8-max Seat #7 is the button
Seat 1: 512e4c32 (34,582 in chips)
Seat 2: 8e9bca06 (2,873 in chips)
Seat 4: e613728a (11,386 in chips)
Seat 5: Hero (10,000 in chips)
Seat 6: 4099e858 (24,328 in chips)
Seat 7: 79b392c4 (38,262 in chips)
Seat 8: 103e382d (9,980 in chips)
4099e858: posts the ante 85
79b392c4: posts the ante 85
Hero: posts the ante 85
103e382d: posts the ante 85
e613728a: posts the ante 85
8e9bca06: posts the ante 85
512e4c32: posts the ante 85
103e382d: posts small blind 350
512e4c32: posts big blind 700
*** HOLE CARDS ***
Dealt to 512e4c32 
Dealt to 8e9bca06 
Dealt to e613728a 
Dealt to Hero [2d 4d]
Dealt to 4099e858 
Dealt to 79b392c4 
Dealt to 103e382d 
8e9bca06: folds
e613728a: folds
Hero: folds
4099e858: folds
79b392c4: folds
103e382d: calls 350
512e4c32: checks
*** FLOP *** [6d 9s Ks]
103e382d: bets 700
512e4c32: folds
Uncalled bet (700) returned to 103e382d
*** SHOWDOWN ***
103e382d collected 1,995 from pot
*** SUMMARY ***
Total pot 1,995 | Rake 0 | Jackpot 0 | Bingo 0 | Fortune 0 | Tax 0
Board [6d 9s Ks]
Seat 1: 512e4c32 (big blind) folded on the Flop
Seat 2: 8e9bca06 folded before Flop
Seat 4: e613728a folded before Flop
Seat 5: Hero folded before Flop
Seat 6: 4099e858 folded before Flop
Seat 7: 79b392c4 (button) folded before Flop
Seat 8: 103e382d (small blind) won (1,995)


