Poker Hand #TM3001704015: Tournament #128423284, Daily Turbo $10 Hold'em No Limit - Level28(7,000/14,000) - 2024/02/24 20:43:01
Table '26' 8-max Seat #6 is the button
Seat 1: Hero (30,267 in chips)
Seat 2: 31f2f65d (262,794 in chips)
Seat 3: cb1780fa (85,740 in chips)
Seat 4: 663d06c5 (338,068 in chips)
Seat 5: dfabaa58 (181,218 in chips)
Seat 6: 2da35656 (260,632 in chips)
Seat 7: 5b67a3a0 (376,192 in chips)
dfabaa58: posts the ante 1,750
Hero: posts the ante 1,750
31f2f65d: posts the ante 1,750
5b67a3a0: posts the ante 1,750
2da35656: posts the ante 1,750
663d06c5: posts the ante 1,750
cb1780fa: posts the ante 1,750
5b67a3a0: posts small blind 7,000
Hero: posts big blind 14,000
*** HOLE CARDS ***
Dealt to Hero [Ks 4d]
Dealt to 31f2f65d 
Dealt to cb1780fa 
Dealt to 663d06c5 
Dealt to dfabaa58 
Dealt to 2da35656 
Dealt to 5b67a3a0 
31f2f65d: folds
cb1780fa: folds
663d06c5: folds
dfabaa58: folds
2da35656: raises 14,000 to 28,000
5b67a3a0: folds
Hero: calls 14,000
*** FLOP *** [Jh Qd Jd]
Hero: bets 517 and is all-in
2da35656: calls 517
Hero: shows [Ks 4d] (Pair of Jacks)
2da35656: shows [8c Ac] (Pair of Jacks)
*** TURN *** [Jh Qd Jd] [9h]
*** RIVER *** [Jh Qd Jd 9h] [6h]
*** SHOWDOWN ***
2da35656 collected 76,284 from pot
*** SUMMARY ***
Total pot 76,284 | Rake 0 | Jackpot 0 | Bingo 0 | Fortune 0 | Tax 0
Board [Jh Qd Jd 9h 6h]
Seat 1: Hero (big blind) showed [Ks 4d] and lost with Pair of Jacks
Seat 2: 31f2f65d folded before Flop
Seat 3: cb1780fa folded before Flop
Seat 4: 663d06c5 folded before Flop
Seat 5: dfabaa58 folded before Flop
Seat 6: 2da35656 (button) showed [8c Ac] and won (76,284) with Pair of Jacks
Seat 7: 5b67a3a0 (small blind) folded before Flop


Poker Hand #TM3001703993: Tournament #128423284, Daily Turbo $10 Hold'em No Limit - Level28(7,000/14,000) - 2024/02/24 20:42:37
Table '26' 8-max Seat #5 is the button
Seat 1: Hero (32,017 in chips)
Seat 2: 31f2f65d (264,544 in chips)
Seat 3: cb1780fa (87,490 in chips)
Seat 4: 663d06c5 (339,818 in chips)
Seat 5: dfabaa58 (182,968 in chips)
Seat 6: 2da35656 (236,132 in chips)
Seat 7: 5b67a3a0 (391,942 in chips)
dfabaa58: posts the ante 1,750
Hero: posts the ante 1,750
31f2f65d: posts the ante 1,750
5b67a3a0: posts the ante 1,750
663d06c5: posts the ante 1,750
2da35656: posts the ante 1,750
cb1780fa: posts the ante 1,750
2da35656: posts small blind 7,000
5b67a3a0: posts big blind 14,000
*** HOLE CARDS ***
Dealt to Hero [8d 2h]
Dealt to 31f2f65d 
Dealt to cb1780fa 
Dealt to 663d06c5 
Dealt to dfabaa58 
Dealt to 2da35656 
Dealt to 5b67a3a0 
Hero: folds
31f2f65d: folds
cb1780fa: folds
663d06c5: folds
dfabaa58: folds
2da35656: raises 14,000 to 28,000
5b67a3a0: folds
Uncalled bet (14,000) returned to 2da35656
*** SHOWDOWN ***
2da35656 collected 40,250 from pot
*** SUMMARY ***
Total pot 40,250 | Rake 0 | Jackpot 0 | Bingo 0 | Fortune 0 | Tax 0
Seat 1: Hero folded before Flop
Seat 2: 31f2f65d folded before Flop
Seat 3: cb1780fa folded before Flop
Seat 4: 663d06c5 folded before Flop
Seat 5: dfabaa58 (button) folded before Flop
Seat 6: 2da35656 (small blind) collected (40,250)
Seat 7: 5b67a3a0 (big blind) folded before Flop


Poker Hand #TM3001703955: Tournament #128423284, Daily Turbo $10 Hold'em No Limit - Level27(6,000/12,000) - 2024/02/24 20:41:39
Table '26' 8-max Seat #4 is the button
Seat 1: Hero (33,517 in chips)
Seat 2: 31f2f65d (266,044 in chips)
Seat 3: cb1780fa (88,990 in chips)
Seat 4: 663d06c5 (190,294 in chips)
Seat 5: dfabaa58 (190,468 in chips)
Seat 6: 2da35656 (249,632 in chips)
Seat 7: 5b67a3a0 (393,442 in chips)
Seat 8: ebc6f770 (122,524 in chips)
dfabaa58: posts the ante 1,500
Hero: posts the ante 1,500
31f2f65d: posts the ante 1,500
5b67a3a0: posts the ante 1,500
663d06c5: posts the ante 1,500
2da35656: posts the ante 1,500
cb1780fa: posts the ante 1,500
ebc6f770: posts the ante 1,500
dfabaa58: posts small blind 6,000
2da35656: posts big blind 12,000
*** HOLE CARDS ***
Dealt to Hero [7s Kh]
Dealt to 31f2f65d 
Dealt to cb1780fa 
Dealt to 663d06c5 
Dealt to dfabaa58 
Dealt to 2da35656 
Dealt to 5b67a3a0 
Dealt to ebc6f770 
5b67a3a0: folds
ebc6f770: raises 109,024 to 121,024 and is all-in
Hero: folds
31f2f65d: folds
cb1780fa: folds
663d06c5: raises 67,770 to 188,794 and is all-in
dfabaa58: folds
2da35656: folds
Uncalled bet (67,770) returned to 663d06c5
663d06c5: shows [Jd Jc]
ebc6f770: shows [Ah Kc]
*** FLOP *** [4c Qc 2d]
*** TURN *** [4c Qc 2d] [6s]
*** RIVER *** [4c Qc 2d 6s] [2s]
*** SHOWDOWN ***
663d06c5 collected 272,048 from pot
*** SUMMARY ***
Total pot 272,048 | Rake 0 | Jackpot 0 | Bingo 0 | Fortune 0 | Tax 0
Board [4c Qc 2d 6s 2s]
Seat 1: Hero folded before Flop
Seat 2: 31f2f65d folded before Flop
Seat 3: cb1780fa folded before Flop
Seat 4: 663d06c5 (button) showed [Jd Jc] and won (272,048) with Pair of Jacks and Pair of Twos
Seat 5: dfabaa58 (small blind) folded before Flop
Seat 6: 2da35656 (big blind) folded before Flop
Seat 7: 5b67a3a0 folded before Flop
Seat 8: ebc6f770 showed [Ah Kc] and lost with Pair of Twos


Poker Hand #TM3001703912: Tournament #128423284, Daily Turbo $10 Hold'em No Limit - Level27(6,000/12,000) - 2024/02/24 20:40:46
Table '26' 8-max Seat #3 is the button
Seat 1: Hero (35,017 in chips)
Seat 2: 31f2f65d (267,544 in chips)
Seat 3: cb1780fa (90,490 in chips)
Seat 4: 663d06c5 (203,794 in chips)
Seat 5: dfabaa58 (155,968 in chips)
Seat 6: 2da35656 (251,132 in chips)
Seat 7: 5b67a3a0 (406,942 in chips)
Seat 8: ebc6f770 (124,024 in chips)
dfabaa58: posts the ante 1,500
Hero: posts the ante 1,500
31f2f65d: posts the ante 1,500
5b67a3a0: posts the ante 1,500
2da35656: posts the ante 1,500
663d06c5: posts the ante 1,500
cb1780fa: posts the ante 1,500
ebc6f770: posts the ante 1,500
663d06c5: posts small blind 6,000
dfabaa58: posts big blind 12,000
*** HOLE CARDS ***
Dealt to Hero [9d 4c]
Dealt to 31f2f65d 
Dealt to cb1780fa 
Dealt to 663d06c5 
Dealt to dfabaa58 
Dealt to 2da35656 
Dealt to 5b67a3a0 
Dealt to ebc6f770 
2da35656: folds
5b67a3a0: calls 12,000
ebc6f770: folds
Hero: folds
31f2f65d: folds
cb1780fa: folds
663d06c5: calls 6,000
dfabaa58: raises 142,468 to 154,468 and is all-in
5b67a3a0: folds
663d06c5: folds
Uncalled bet (142,468) returned to dfabaa58
5b67a3a0: shows [4d 4h]
*** SHOWDOWN ***
dfabaa58 collected 48,000 from pot
*** SUMMARY ***
Total pot 48,000 | Rake 0 | Jackpot 0 | Bingo 0 | Fortune 0 | Tax 0
Seat 1: Hero folded before Flop
Seat 2: 31f2f65d folded before Flop
Seat 3: cb1780fa (button) folded before Flop
Seat 4: 663d06c5 (small blind) folded before Flop
Seat 5: dfabaa58 (big blind) collected (48,000)
Seat 6: 2da35656 folded before Flop
Seat 7: 5b67a3a0 folded before Flop
Seat 8: ebc6f770 folded before Flop


Poker Hand #TM3001703860: Tournament #128423284, Daily Turbo $10 Hold'em No Limit - Level27(6,000/12,000) - 2024/02/24 20:39:41
Table '26' 8-max Seat #2 is the button
Seat 1: Hero (101,001 in chips)
Seat 2: 31f2f65d (269,044 in chips)
Seat 3: cb1780fa (97,990 in chips)
Seat 4: 663d06c5 (217,294 in chips)
Seat 5: dfabaa58 (65,984 in chips)
Seat 8: ebc6f770 (125,524 in chips)
dfabaa58: posts the ante 1,500
Hero: posts the ante 1,500
31f2f65d: posts the ante 1,500
663d06c5: posts the ante 1,500
cb1780fa: posts the ante 1,500
ebc6f770: posts the ante 1,500
cb1780fa: posts small blind 6,000
663d06c5: posts big blind 12,000
*** HOLE CARDS ***
Dealt to Hero [Kd Qd]
Dealt to 31f2f65d 
Dealt to cb1780fa 
Dealt to 663d06c5 
Dealt to dfabaa58 
Dealt to ebc6f770 
dfabaa58: raises 52,484 to 64,484 and is all-in
ebc6f770: folds
Hero: raises 35,017 to 99,501 and is all-in
31f2f65d: folds
cb1780fa: folds
663d06c5: folds
Uncalled bet (35,017) returned to Hero
Hero: shows [Kd Qd]
dfabaa58: shows [Ad Ts]
*** FLOP *** [9d 3d Jh]
*** TURN *** [9d 3d Jh] [6c]
*** RIVER *** [9d 3d Jh 6c] [2h]
663d06c5: shows [Kc Qc] (King-High)
*** SHOWDOWN ***
dfabaa58 collected 155,968 from pot
*** SUMMARY ***
Total pot 155,968 | Rake 0 | Jackpot 0 | Bingo 0 | Fortune 0 | Tax 0
Board [9d 3d Jh 6c 2h]
Seat 1: Hero showed [Kd Qd] and lost with King-High
Seat 2: 31f2f65d (button) folded before Flop
Seat 3: cb1780fa (small blind) folded before Flop
Seat 4: 663d06c5 (big blind) folded before Flop
Seat 5: dfabaa58 showed [Ad Ts] and won (155,968) with Ace-High
Seat 8: ebc6f770 folded before Flop


Poker Hand #TM3001703836: Tournament #128423284, Daily Turbo $10 Hold'em No Limit - Level27(6,000/12,000) - 2024/02/24 20:39:04
Table '26' 8-max Seat #1 is the button
Seat 1: Hero (102,501 in chips)
Seat 2: 31f2f65d (249,544 in chips)
Seat 3: cb1780fa (111,490 in chips)
Seat 4: 663d06c5 (218,794 in chips)
Seat 5: dfabaa58 (67,484 in chips)
Seat 8: ebc6f770 (127,024 in chips)
dfabaa58: posts the ante 1,500
Hero: posts the ante 1,500
31f2f65d: posts the ante 1,500
663d06c5: posts the ante 1,500
cb1780fa: posts the ante 1,500
ebc6f770: posts the ante 1,500
31f2f65d: posts small blind 6,000
cb1780fa: posts big blind 12,000
*** HOLE CARDS ***
Dealt to Hero [4s 5s]
Dealt to 31f2f65d 
Dealt to cb1780fa 
Dealt to 663d06c5 
Dealt to dfabaa58 
Dealt to ebc6f770 
663d06c5: folds
dfabaa58: folds
ebc6f770: folds
Hero: folds
31f2f65d: raises 18,000 to 30,000
cb1780fa: folds
Uncalled bet (18,000) returned to 31f2f65d
*** SHOWDOWN ***
31f2f65d collected 33,000 from pot
*** SUMMARY ***
Total pot 33,000 | Rake 0 | Jackpot 0 | Bingo 0 | Fortune 0 | Tax 0
Seat 1: Hero (button) folded before Flop
Seat 2: 31f2f65d (small blind) collected (33,000)
Seat 3: cb1780fa (big blind) folded before Flop
Seat 4: 663d06c5 folded before Flop
Seat 5: dfabaa58 folded before Flop
Seat 8: ebc6f770 folded before Flop


Poker Hand #TM3001703814: Tournament #128423284, Daily Turbo $10 Hold'em No Limit - Level27(6,000/12,000) - 2024/02/24 20:38:36
Table '26' 8-max Seat #8 is the button
Seat 1: Hero (110,001 in chips)
Seat 2: 31f2f65d (236,044 in chips)
Seat 3: cb1780fa (112,990 in chips)
Seat 4: 663d06c5 (220,294 in chips)
Seat 5: dfabaa58 (68,984 in chips)
Seat 8: ebc6f770 (128,524 in chips)
dfabaa58: posts the ante 1,500
Hero: posts the ante 1,500
31f2f65d: posts the ante 1,500
663d06c5: posts the ante 1,500
cb1780fa: posts the ante 1,500
ebc6f770: posts the ante 1,500
Hero: posts small blind 6,000
31f2f65d: posts big blind 12,000
*** HOLE CARDS ***
Dealt to Hero [2s Qd]
Dealt to 31f2f65d 
Dealt to cb1780fa 
Dealt to 663d06c5 
Dealt to dfabaa58 
Dealt to ebc6f770 
cb1780fa: folds
663d06c5: folds
dfabaa58: folds
ebc6f770: folds
Hero: folds
Uncalled bet (6,000) returned to 31f2f65d
*** SHOWDOWN ***
31f2f65d collected 21,000 from pot
*** SUMMARY ***
Total pot 21,000 | Rake 0 | Jackpot 0 | Bingo 0 | Fortune 0 | Tax 0
Seat 1: Hero (small blind) folded before Flop
Seat 2: 31f2f65d (big blind) collected (21,000)
Seat 3: cb1780fa folded before Flop
Seat 4: 663d06c5 folded before Flop
Seat 5: dfabaa58 folded before Flop
Seat 8: ebc6f770 (button) folded before Flop


Poker Hand #TM3001703797: Tournament #128423284, Daily Turbo $10 Hold'em No Limit - Level27(6,000/12,000) - 2024/02/24 20:38:10
Table '26' 8-max Seat #5 is the button
Seat 1: Hero (123,501 in chips)
Seat 2: 31f2f65d (237,544 in chips)
Seat 3: cb1780fa (114,490 in chips)
Seat 4: 663d06c5 (221,794 in chips)
Seat 5: dfabaa58 (70,484 in chips)
Seat 8: ebc6f770 (109,024 in chips)
dfabaa58: posts the ante 1,500
Hero: posts the ante 1,500
31f2f65d: posts the ante 1,500
663d06c5: posts the ante 1,500
cb1780fa: posts the ante 1,500
ebc6f770: posts the ante 1,500
ebc6f770: posts small blind 6,000
Hero: posts big blind 12,000
*** HOLE CARDS ***
Dealt to Hero [2s 7c]
Dealt to 31f2f65d 
Dealt to cb1780fa 
Dealt to 663d06c5 
Dealt to dfabaa58 
Dealt to ebc6f770 
31f2f65d: folds
cb1780fa: folds
663d06c5: folds
dfabaa58: folds
ebc6f770: raises 95,524 to 107,524 and is all-in
Hero: folds
Uncalled bet (95,524) returned to ebc6f770
Hero: shows [2s 7c]
*** SHOWDOWN ***
ebc6f770 collected 33,000 from pot
*** SUMMARY ***
Total pot 33,000 | Rake 0 | Jackpot 0 | Bingo 0 | Fortune 0 | Tax 0
Seat 1: Hero (big blind) folded before Flop
Seat 2: 31f2f65d folded before Flop
Seat 3: cb1780fa folded before Flop
Seat 4: 663d06c5 folded before Flop
Seat 5: dfabaa58 (button) folded before Flop
Seat 8: ebc6f770 (small blind) collected (33,000)


Poker Hand #TM3001703780: Tournament #128423284, Daily Turbo $10 Hold'em No Limit - Level27(6,000/12,000) - 2024/02/24 20:37:49
Table '26' 8-max Seat #4 is the button
Seat 1: Hero (125,001 in chips)
Seat 2: 31f2f65d (239,044 in chips)
Seat 3: cb1780fa (115,990 in chips)
Seat 4: 663d06c5 (196,294 in chips)
Seat 5: dfabaa58 (77,984 in chips)
Seat 8: ebc6f770 (122,524 in chips)
dfabaa58: posts the ante 1,500
Hero: posts the ante 1,500
31f2f65d: posts the ante 1,500
663d06c5: posts the ante 1,500
cb1780fa: posts the ante 1,500
ebc6f770: posts the ante 1,500
dfabaa58: posts small blind 6,000
ebc6f770: posts big blind 12,000
*** HOLE CARDS ***
Dealt to Hero [9h Qc]
Dealt to 31f2f65d 
Dealt to cb1780fa 
Dealt to 663d06c5 
Dealt to dfabaa58 
Dealt to ebc6f770 
Hero: folds
31f2f65d: folds
cb1780fa: folds
663d06c5: raises 84,000 to 96,000
dfabaa58: folds
ebc6f770: folds
Uncalled bet (84,000) returned to 663d06c5
*** SHOWDOWN ***
663d06c5 collected 39,000 from pot
*** SUMMARY ***
Total pot 39,000 | Rake 0 | Jackpot 0 | Bingo 0 | Fortune 0 | Tax 0
Seat 1: Hero folded before Flop
Seat 2: 31f2f65d folded before Flop
Seat 3: cb1780fa folded before Flop
Seat 4: 663d06c5 (button) collected (39,000)
Seat 5: dfabaa58 (small blind) folded before Flop
Seat 8: ebc6f770 (big blind) folded before Flop


Poker Hand #TM3001703704: Tournament #128423284, Daily Turbo $10 Hold'em No Limit - Level26(5,000/10,000) - 2024/02/24 20:36:21
Table '26' 8-max Seat #3 is the button
Seat 1: Hero (146,251 in chips)
Seat 2: 31f2f65d (240,294 in chips)
Seat 3: cb1780fa (117,240 in chips)
Seat 4: 663d06c5 (202,544 in chips)
Seat 5: dfabaa58 (46,734 in chips)
Seat 8: ebc6f770 (123,774 in chips)
dfabaa58: posts the ante 1,250
Hero: posts the ante 1,250
31f2f65d: posts the ante 1,250
663d06c5: posts the ante 1,250
cb1780fa: posts the ante 1,250
ebc6f770: posts the ante 1,250
663d06c5: posts small blind 5,000
dfabaa58: posts big blind 10,000
*** HOLE CARDS ***
Dealt to Hero [Jh Jd]
Dealt to 31f2f65d 
Dealt to cb1780fa 
Dealt to 663d06c5 
Dealt to dfabaa58 
Dealt to ebc6f770 
ebc6f770: folds
Hero: raises 10,000 to 20,000
31f2f65d: folds
cb1780fa: folds
663d06c5: folds
dfabaa58: calls 10,000
*** FLOP *** [5d 5c Qh]
dfabaa58: checks
Hero: checks
*** TURN *** [5d 5c Qh] [3d]
dfabaa58: bets 25,484 and is all-in
Hero: folds
Uncalled bet (25,484) returned to dfabaa58
*** SHOWDOWN ***
dfabaa58 collected 52,500 from pot
*** SUMMARY ***
Total pot 52,500 | Rake 0 | Jackpot 0 | Bingo 0 | Fortune 0 | Tax 0
Board [5d 5c Qh 3d]
Seat 1: Hero folded on the Turn
Seat 2: 31f2f65d folded before Flop
Seat 3: cb1780fa (button) folded before Flop
Seat 4: 663d06c5 (small blind) folded before Flop
Seat 5: dfabaa58 (big blind) won (52,500)
Seat 8: ebc6f770 folded before Flop


Poker Hand #TM3001703678: Tournament #128423284, Daily Turbo $10 Hold'em No Limit - Level26(5,000/10,000) - 2024/02/24 20:35:51
Table '26' 8-max Seat #2 is the button
Seat 1: Hero (147,501 in chips)
Seat 2: 31f2f65d (241,544 in chips)
Seat 3: cb1780fa (123,490 in chips)
Seat 4: 663d06c5 (213,794 in chips)
Seat 5: dfabaa58 (47,984 in chips)
Seat 7: b9fa4252 (150,616 in chips)
Seat 8: ebc6f770 (125,024 in chips)
dfabaa58: posts the ante 1,250
Hero: posts the ante 1,250
31f2f65d: posts the ante 1,250
663d06c5: posts the ante 1,250
cb1780fa: posts the ante 1,250
ebc6f770: posts the ante 1,250
b9fa4252: posts the ante 1,250
cb1780fa: posts small blind 5,000
663d06c5: posts big blind 10,000
*** HOLE CARDS ***
Dealt to Hero [As 9d]
Dealt to 31f2f65d 
Dealt to cb1780fa 
Dealt to 663d06c5 
Dealt to dfabaa58 
Dealt to b9fa4252 
Dealt to ebc6f770 
dfabaa58: folds
b9fa4252: raises 139,366 to 149,366 and is all-in
ebc6f770: folds
Hero: folds
31f2f65d: folds
cb1780fa: folds
663d06c5: folds
Uncalled bet (139,366) returned to b9fa4252
*** SHOWDOWN ***
b9fa4252 collected 33,750 from pot
*** SUMMARY ***
Total pot 33,750 | Rake 0 | Jackpot 0 | Bingo 0 | Fortune 0 | Tax 0
Seat 1: Hero folded before Flop
Seat 2: 31f2f65d (button) folded before Flop
Seat 3: cb1780fa (small blind) folded before Flop
Seat 4: 663d06c5 (big blind) folded before Flop
Seat 5: dfabaa58 folded before Flop
Seat 7: b9fa4252 collected (33,750)
Seat 8: ebc6f770 folded before Flop


Poker Hand #TM3001703648: Tournament #128423284, Daily Turbo $10 Hold'em No Limit - Level26(5,000/10,000) - 2024/02/24 20:35:19
Table '26' 8-max Seat #1 is the button
Seat 1: Hero (125,001 in chips)
Seat 2: 31f2f65d (247,794 in chips)
Seat 3: cb1780fa (134,740 in chips)
Seat 4: 663d06c5 (215,044 in chips)
Seat 5: dfabaa58 (49,234 in chips)
Seat 7: b9fa4252 (151,866 in chips)
Seat 8: ebc6f770 (126,274 in chips)
dfabaa58: posts the ante 1,250
Hero: posts the ante 1,250
31f2f65d: posts the ante 1,250
663d06c5: posts the ante 1,250
cb1780fa: posts the ante 1,250
ebc6f770: posts the ante 1,250
b9fa4252: posts the ante 1,250
31f2f65d: posts small blind 5,000
cb1780fa: posts big blind 10,000
*** HOLE CARDS ***
Dealt to Hero [Ah 8s]
Dealt to 31f2f65d 
Dealt to cb1780fa 
Dealt to 663d06c5 
Dealt to dfabaa58 
Dealt to b9fa4252 
Dealt to ebc6f770 
663d06c5: folds
dfabaa58: folds
b9fa4252: folds
ebc6f770: folds
Hero: raises 113,751 to 123,751 and is all-in
31f2f65d: folds
cb1780fa: folds
Uncalled bet (113,751) returned to Hero
*** SHOWDOWN ***
Hero collected 33,750 from pot
*** SUMMARY ***
Total pot 33,750 | Rake 0 | Jackpot 0 | Bingo 0 | Fortune 0 | Tax 0
Seat 1: Hero (button) collected (33,750)
Seat 2: 31f2f65d (small blind) folded before Flop
Seat 3: cb1780fa (big blind) folded before Flop
Seat 4: 663d06c5 folded before Flop
Seat 5: dfabaa58 folded before Flop
Seat 7: b9fa4252 folded before Flop
Seat 8: ebc6f770 folded before Flop


Poker Hand #TM3001703614: Tournament #128423284, Daily Turbo $10 Hold'em No Limit - Level26(5,000/10,000) - 2024/02/24 20:34:34
Table '26' 8-max Seat #8 is the button
Seat 1: Hero (107,501 in chips)
Seat 2: 31f2f65d (259,044 in chips)
Seat 3: cb1780fa (135,990 in chips)
Seat 4: 663d06c5 (216,294 in chips)
Seat 5: dfabaa58 (50,484 in chips)
Seat 7: b9fa4252 (153,116 in chips)
Seat 8: ebc6f770 (127,524 in chips)
dfabaa58: posts the ante 1,250
Hero: posts the ante 1,250
31f2f65d: posts the ante 1,250
663d06c5: posts the ante 1,250
cb1780fa: posts the ante 1,250
ebc6f770: posts the ante 1,250
b9fa4252: posts the ante 1,250
Hero: posts small blind 5,000
31f2f65d: posts big blind 10,000
*** HOLE CARDS ***
Dealt to Hero [8h 9d]
Dealt to 31f2f65d 
Dealt to cb1780fa 
Dealt to 663d06c5 
Dealt to dfabaa58 
Dealt to b9fa4252 
Dealt to ebc6f770 
cb1780fa: folds
663d06c5: folds
dfabaa58: folds
b9fa4252: folds
ebc6f770: folds
Hero: raises 96,251 to 106,251 and is all-in
31f2f65d: folds
Uncalled bet (96,251) returned to Hero
*** SHOWDOWN ***
Hero collected 28,750 from pot
*** SUMMARY ***
Total pot 28,750 | Rake 0 | Jackpot 0 | Bingo 0 | Fortune 0 | Tax 0
Seat 1: Hero (small blind) collected (28,750)
Seat 2: 31f2f65d (big blind) folded before Flop
Seat 3: cb1780fa folded before Flop
Seat 4: 663d06c5 folded before Flop
Seat 5: dfabaa58 folded before Flop
Seat 7: b9fa4252 folded before Flop
Seat 8: ebc6f770 (button) folded before Flop


Poker Hand #TM3001703595: Tournament #128423284, Daily Turbo $10 Hold'em No Limit - Level26(5,000/10,000) - 2024/02/24 20:34:14
Table '26' 8-max Seat #7 is the button
Seat 1: Hero (118,751 in chips)
Seat 2: 31f2f65d (260,294 in chips)
Seat 3: cb1780fa (113,490 in chips)
Seat 4: 663d06c5 (217,544 in chips)
Seat 5: dfabaa58 (51,734 in chips)
Seat 7: b9fa4252 (154,366 in chips)
Seat 8: ebc6f770 (133,774 in chips)
dfabaa58: posts the ante 1,250
Hero: posts the ante 1,250
31f2f65d: posts the ante 1,250
663d06c5: posts the ante 1,250
cb1780fa: posts the ante 1,250
b9fa4252: posts the ante 1,250
ebc6f770: posts the ante 1,250
ebc6f770: posts small blind 5,000
Hero: posts big blind 10,000
*** HOLE CARDS ***
Dealt to Hero [9h 6h]
Dealt to 31f2f65d 
Dealt to cb1780fa 
Dealt to 663d06c5 
Dealt to dfabaa58 
Dealt to b9fa4252 
Dealt to ebc6f770 
31f2f65d: folds
cb1780fa: raises 100,000 to 110,000
663d06c5: folds
dfabaa58: folds
b9fa4252: folds
ebc6f770: folds
Hero: folds
Uncalled bet (100,000) returned to cb1780fa
*** SHOWDOWN ***
cb1780fa collected 33,750 from pot
*** SUMMARY ***
Total pot 33,750 | Rake 0 | Jackpot 0 | Bingo 0 | Fortune 0 | Tax 0
Seat 1: Hero (big blind) folded before Flop
Seat 2: 31f2f65d folded before Flop
Seat 3: cb1780fa collected (33,750)
Seat 4: 663d06c5 folded before Flop
Seat 5: dfabaa58 folded before Flop
Seat 7: b9fa4252 (button) folded before Flop
Seat 8: ebc6f770 (small blind) folded before Flop


Poker Hand #TM3001703536: Tournament #128423284, Daily Turbo $10 Hold'em No Limit - Level26(5,000/10,000) - 2024/02/24 20:33:08
Table '26' 8-max Seat #5 is the button
Seat 1: Hero (120,001 in chips)
Seat 2: 31f2f65d (261,544 in chips)
Seat 3: cb1780fa (114,740 in chips)
Seat 4: 663d06c5 (218,794 in chips)
Seat 5: dfabaa58 (52,984 in chips)
Seat 7: b9fa4252 (136,866 in chips)
Seat 8: ebc6f770 (145,024 in chips)
dfabaa58: posts the ante 1,250
Hero: posts the ante 1,250
31f2f65d: posts the ante 1,250
663d06c5: posts the ante 1,250
cb1780fa: posts the ante 1,250
ebc6f770: posts the ante 1,250
b9fa4252: posts the ante 1,250
b9fa4252: posts small blind 5,000
ebc6f770: posts big blind 10,000
*** HOLE CARDS ***
Dealt to Hero [2s Ts]
Dealt to 31f2f65d 
Dealt to cb1780fa 
Dealt to 663d06c5 
Dealt to dfabaa58 
Dealt to b9fa4252 
Dealt to ebc6f770 
Hero: folds
31f2f65d: folds
cb1780fa: folds
663d06c5: folds
dfabaa58: folds
b9fa4252: calls 5,000
ebc6f770: checks
*** FLOP *** [3h Ks 8h]
b9fa4252: checks
ebc6f770: checks
*** TURN *** [3h Ks 8h] [3s]
b9fa4252: bets 21,563
ebc6f770: folds
Uncalled bet (21,563) returned to b9fa4252
*** SHOWDOWN ***
b9fa4252 collected 28,750 from pot
*** SUMMARY ***
Total pot 28,750 | Rake 0 | Jackpot 0 | Bingo 0 | Fortune 0 | Tax 0
Board [3h Ks 8h 3s]
Seat 1: Hero folded before Flop
Seat 2: 31f2f65d folded before Flop
Seat 3: cb1780fa folded before Flop
Seat 4: 663d06c5 folded before Flop
Seat 5: dfabaa58 (button) folded before Flop
Seat 7: b9fa4252 (small blind) won (28,750)
Seat 8: ebc6f770 (big blind) folded on the Turn


Poker Hand #TM3001703497: Tournament #128423284, Daily Turbo $10 Hold'em No Limit - Level26(5,000/10,000) - 2024/02/24 20:32:23
Table '26' 8-max Seat #3 is the button
Seat 1: Hero (121,251 in chips)
Seat 2: 31f2f65d (205,498 in chips)
Seat 3: cb1780fa (115,990 in chips)
Seat 5: dfabaa58 (59,234 in chips)
Seat 6: 18366151 (44,796 in chips)
Seat 7: b9fa4252 (138,116 in chips)
Seat 8: ebc6f770 (146,274 in chips)
dfabaa58: posts the ante 1,250
Hero: posts the ante 1,250
31f2f65d: posts the ante 1,250
cb1780fa: posts the ante 1,250
ebc6f770: posts the ante 1,250
b9fa4252: posts the ante 1,250
18366151: posts the ante 1,250
dfabaa58: posts small blind 5,000
18366151: posts big blind 10,000
*** HOLE CARDS ***
Dealt to Hero [2h 5s]
Dealt to 31f2f65d 
Dealt to cb1780fa 
Dealt to dfabaa58 
Dealt to 18366151 
Dealt to b9fa4252 
Dealt to ebc6f770 
b9fa4252: folds
ebc6f770: folds
Hero: folds
31f2f65d: raises 194,248 to 204,248 and is all-in
cb1780fa: folds
dfabaa58: folds
18366151: calls 33,546 and is all-in
Uncalled bet (160,702) returned to 31f2f65d
31f2f65d: shows [Ah 5d]
18366151: shows [Kh Jd]
*** FLOP *** [9s 5h 9c]
*** TURN *** [9s 5h 9c] [2d]
*** RIVER *** [9s 5h 9c 2d] [As]
Hero: shows [5s] (Pair of Nines and Pair of Fives)
*** SHOWDOWN ***
31f2f65d collected 100,842 from pot
*** SUMMARY ***
Total pot 100,842 | Rake 0 | Jackpot 0 | Bingo 0 | Fortune 0 | Tax 0
Board [9s 5h 9c 2d As]
Seat 1: Hero folded before Flop
Seat 2: 31f2f65d showed [Ah 5d] and won (100,842) with Pair of Aces and Pair of Nines
Seat 3: cb1780fa (button) folded before Flop
Seat 5: dfabaa58 (small blind) folded before Flop
Seat 6: 18366151 (big blind) showed [Kh Jd] and lost with Pair of Nines
Seat 7: b9fa4252 folded before Flop
Seat 8: ebc6f770 folded before Flop


Poker Hand #TM3001703440: Tournament #128423284, Daily Turbo $10 Hold'em No Limit - Level25(4,000/8,000) - 2024/02/24 20:31:17
Table '26' 8-max Seat #2 is the button
Seat 1: Hero (122,251 in chips)
Seat 2: 31f2f65d (206,498 in chips)
Seat 3: cb1780fa (120,990 in chips)
Seat 5: dfabaa58 (89,834 in chips)
Seat 6: 18366151 (45,796 in chips)
Seat 7: b9fa4252 (139,116 in chips)
Seat 8: ebc6f770 (106,674 in chips)
dfabaa58: posts the ante 1,000
Hero: posts the ante 1,000
31f2f65d: posts the ante 1,000
cb1780fa: posts the ante 1,000
ebc6f770: posts the ante 1,000
b9fa4252: posts the ante 1,000
18366151: posts the ante 1,000
cb1780fa: posts small blind 4,000
dfabaa58: posts big blind 8,000
*** HOLE CARDS ***
Dealt to Hero [7h 2d]
Dealt to 31f2f65d 
Dealt to cb1780fa 
Dealt to dfabaa58 
Dealt to 18366151 
Dealt to b9fa4252 
Dealt to ebc6f770 
18366151: folds
b9fa4252: folds
ebc6f770: raises 9,600 to 17,600
Hero: folds
31f2f65d: folds
cb1780fa: folds
dfabaa58: calls 9,600
*** FLOP *** [Kh Ad 5s]
dfabaa58: checks
ebc6f770: bets 12,000
dfabaa58: calls 12,000
*** TURN *** [Kh Ad 5s] [2h]
dfabaa58: checks
ebc6f770: bets 76,074 and is all-in
dfabaa58: folds
Uncalled bet (76,074) returned to ebc6f770
*** SHOWDOWN ***
ebc6f770 collected 70,200 from pot
*** SUMMARY ***
Total pot 70,200 | Rake 0 | Jackpot 0 | Bingo 0 | Fortune 0 | Tax 0
Board [Kh Ad 5s 2h]
Seat 1: Hero folded before Flop
Seat 2: 31f2f65d (button) folded before Flop
Seat 3: cb1780fa (small blind) folded before Flop
Seat 5: dfabaa58 (big blind) folded on the Turn
Seat 6: 18366151 folded before Flop
Seat 7: b9fa4252 folded before Flop
Seat 8: ebc6f770 won (70,200)


Poker Hand #TM3001703417: Tournament #128423284, Daily Turbo $10 Hold'em No Limit - Level25(4,000/8,000) - 2024/02/24 20:30:48
Table '26' 8-max Seat #1 is the button
Seat 1: Hero (123,251 in chips)
Seat 2: 31f2f65d (211,498 in chips)
Seat 3: cb1780fa (129,990 in chips)
Seat 5: dfabaa58 (71,834 in chips)
Seat 6: 18366151 (46,796 in chips)
Seat 7: b9fa4252 (140,116 in chips)
Seat 8: ebc6f770 (107,674 in chips)
dfabaa58: posts the ante 1,000
Hero: posts the ante 1,000
31f2f65d: posts the ante 1,000
cb1780fa: posts the ante 1,000
ebc6f770: posts the ante 1,000
b9fa4252: posts the ante 1,000
18366151: posts the ante 1,000
31f2f65d: posts small blind 4,000
cb1780fa: posts big blind 8,000
*** HOLE CARDS ***
Dealt to Hero [3c Js]
Dealt to 31f2f65d 
Dealt to cb1780fa 
Dealt to dfabaa58 
Dealt to 18366151 
Dealt to b9fa4252 
Dealt to ebc6f770 
dfabaa58: raises 62,834 to 70,834 and is all-in
18366151: folds
b9fa4252: folds
ebc6f770: folds
Hero: folds
31f2f65d: folds
cb1780fa: folds
Uncalled bet (62,834) returned to dfabaa58
*** SHOWDOWN ***
dfabaa58 collected 27,000 from pot
*** SUMMARY ***
Total pot 27,000 | Rake 0 | Jackpot 0 | Bingo 0 | Fortune 0 | Tax 0
Seat 1: Hero (button) folded before Flop
Seat 2: 31f2f65d (small blind) folded before Flop
Seat 3: cb1780fa (big blind) folded before Flop
Seat 5: dfabaa58 collected (27,000)
Seat 6: 18366151 folded before Flop
Seat 7: b9fa4252 folded before Flop
Seat 8: ebc6f770 folded before Flop


Poker Hand #TM3001703376: Tournament #128423284, Daily Turbo $10 Hold'em No Limit - Level25(4,000/8,000) - 2024/02/24 20:30:04
Table '26' 8-max Seat #8 is the button
Seat 1: Hero (128,251 in chips)
Seat 2: 31f2f65d (220,498 in chips)
Seat 3: cb1780fa (191,548 in chips)
Seat 5: dfabaa58 (72,834 in chips)
Seat 6: 18366151 (47,796 in chips)
Seat 7: b9fa4252 (61,558 in chips)
Seat 8: ebc6f770 (108,674 in chips)
dfabaa58: posts the ante 1,000
Hero: posts the ante 1,000
31f2f65d: posts the ante 1,000
cb1780fa: posts the ante 1,000
ebc6f770: posts the ante 1,000
b9fa4252: posts the ante 1,000
18366151: posts the ante 1,000
Hero: posts small blind 4,000
31f2f65d: posts big blind 8,000
*** HOLE CARDS ***
Dealt to Hero [7s Qh]
Dealt to 31f2f65d 
Dealt to cb1780fa 
Dealt to dfabaa58 
Dealt to 18366151 
Dealt to b9fa4252 
Dealt to ebc6f770 
cb1780fa: raises 8,000 to 16,000
dfabaa58: folds
18366151: folds
b9fa4252: raises 44,558 to 60,558 and is all-in
ebc6f770: folds
Hero: folds
31f2f65d: folds
cb1780fa: calls 44,558
b9fa4252: shows [Kh Ah]
cb1780fa: shows [Kc Qc]
*** FLOP *** [Ts 5d Tc]
*** TURN *** [Ts 5d Tc] [9h]
*** RIVER *** [Ts 5d Tc 9h] [3h]
*** SHOWDOWN ***
b9fa4252 collected 140,116 from pot
*** SUMMARY ***
Total pot 140,116 | Rake 0 | Jackpot 0 | Bingo 0 | Fortune 0 | Tax 0
Board [Ts 5d Tc 9h 3h]
Seat 1: Hero (small blind) folded before Flop
Seat 2: 31f2f65d (big blind) folded before Flop
Seat 3: cb1780fa showed [Kc Qc] and lost with Pair of Tens
Seat 5: dfabaa58 folded before Flop
Seat 6: 18366151 folded before Flop
Seat 7: b9fa4252 showed [Kh Ah] and won (140,116) with Pair of Tens
Seat 8: ebc6f770 (button) folded before Flop


Poker Hand #TM3001703337: Tournament #128423284, Daily Turbo $10 Hold'em No Limit - Level25(4,000/8,000) - 2024/02/24 20:29:28
Table '26' 8-max Seat #7 is the button
Seat 1: Hero (137,251 in chips)
Seat 2: 31f2f65d (221,498 in chips)
Seat 3: cb1780fa (192,548 in chips)
Seat 5: dfabaa58 (73,834 in chips)
Seat 6: 18366151 (29,796 in chips)
Seat 7: b9fa4252 (62,558 in chips)
Seat 8: ebc6f770 (113,674 in chips)
dfabaa58: posts the ante 1,000
Hero: posts the ante 1,000
31f2f65d: posts the ante 1,000
cb1780fa: posts the ante 1,000
b9fa4252: posts the ante 1,000
ebc6f770: posts the ante 1,000
18366151: posts the ante 1,000
ebc6f770: posts small blind 4,000
Hero: posts big blind 8,000
*** HOLE CARDS ***
Dealt to Hero [Th 4c]
Dealt to 31f2f65d 
Dealt to cb1780fa 
Dealt to dfabaa58 
Dealt to 18366151 
Dealt to b9fa4252 
Dealt to ebc6f770 
31f2f65d: folds
cb1780fa: folds
dfabaa58: folds
18366151: raises 20,796 to 28,796 and is all-in
b9fa4252: folds
ebc6f770: folds
Hero: folds
Uncalled bet (20,796) returned to 18366151
*** SHOWDOWN ***
18366151 collected 27,000 from pot
*** SUMMARY ***
Total pot 27,000 | Rake 0 | Jackpot 0 | Bingo 0 | Fortune 0 | Tax 0
Seat 1: Hero (big blind) folded before Flop
Seat 2: 31f2f65d folded before Flop
Seat 3: cb1780fa folded before Flop
Seat 5: dfabaa58 folded before Flop
Seat 6: 18366151 collected (27,000)
Seat 7: b9fa4252 (button) folded before Flop
Seat 8: ebc6f770 (small blind) folded before Flop


Poker Hand #TM3001703315: Tournament #128423284, Daily Turbo $10 Hold'em No Limit - Level25(4,000/8,000) - 2024/02/24 20:29:07
Table '26' 8-max Seat #6 is the button
Seat 1: Hero (138,251 in chips)
Seat 2: 31f2f65d (222,498 in chips)
Seat 3: cb1780fa (193,548 in chips)
Seat 5: dfabaa58 (74,834 in chips)
Seat 6: 18366151 (30,796 in chips)
Seat 7: b9fa4252 (67,558 in chips)
Seat 8: ebc6f770 (103,674 in chips)
dfabaa58: posts the ante 1,000
Hero: posts the ante 1,000
31f2f65d: posts the ante 1,000
cb1780fa: posts the ante 1,000
ebc6f770: posts the ante 1,000
b9fa4252: posts the ante 1,000
18366151: posts the ante 1,000
b9fa4252: posts small blind 4,000
ebc6f770: posts big blind 8,000
*** HOLE CARDS ***
Dealt to Hero [Ac 6h]
Dealt to 31f2f65d 
Dealt to cb1780fa 
Dealt to dfabaa58 
Dealt to 18366151 
Dealt to b9fa4252 
Dealt to ebc6f770 
Hero: folds
31f2f65d: folds
cb1780fa: folds
dfabaa58: folds
18366151: folds
b9fa4252: folds
Uncalled bet (4,000) returned to ebc6f770
*** SHOWDOWN ***
ebc6f770 collected 15,000 from pot
*** SUMMARY ***
Total pot 15,000 | Rake 0 | Jackpot 0 | Bingo 0 | Fortune 0 | Tax 0
Seat 1: Hero folded before Flop
Seat 2: 31f2f65d folded before Flop
Seat 3: cb1780fa folded before Flop
Seat 5: dfabaa58 folded before Flop
Seat 6: 18366151 (button) folded before Flop
Seat 7: b9fa4252 (small blind) folded before Flop
Seat 8: ebc6f770 (big blind) collected (15,000)


Poker Hand #TM3001703299: Tournament #128423284, Daily Turbo $10 Hold'em No Limit - Level25(4,000/8,000) - 2024/02/24 20:28:47
Table '26' 8-max Seat #5 is the button
Seat 1: Hero (120,251 in chips)
Seat 2: 31f2f65d (223,498 in chips)
Seat 3: cb1780fa (194,548 in chips)
Seat 5: dfabaa58 (75,834 in chips)
Seat 6: 18366151 (35,796 in chips)
Seat 7: b9fa4252 (76,558 in chips)
Seat 8: ebc6f770 (104,674 in chips)
dfabaa58: posts the ante 1,000
Hero: posts the ante 1,000
31f2f65d: posts the ante 1,000
cb1780fa: posts the ante 1,000
ebc6f770: posts the ante 1,000
b9fa4252: posts the ante 1,000
18366151: posts the ante 1,000
18366151: posts small blind 4,000
b9fa4252: posts big blind 8,000
*** HOLE CARDS ***
Dealt to Hero [7d 7s]
Dealt to 31f2f65d 
Dealt to cb1780fa 
Dealt to dfabaa58 
Dealt to 18366151 
Dealt to b9fa4252 
Dealt to ebc6f770 
ebc6f770: folds
Hero: raises 8,000 to 16,000
31f2f65d: folds
cb1780fa: folds
dfabaa58: folds
18366151: folds
b9fa4252: folds
Uncalled bet (8,000) returned to Hero
*** SHOWDOWN ***
Hero collected 27,000 from pot
*** SUMMARY ***
Total pot 27,000 | Rake 0 | Jackpot 0 | Bingo 0 | Fortune 0 | Tax 0
Seat 1: Hero collected (27,000)
Seat 2: 31f2f65d folded before Flop
Seat 3: cb1780fa folded before Flop
Seat 5: dfabaa58 (button) folded before Flop
Seat 6: 18366151 (small blind) folded before Flop
Seat 7: b9fa4252 (big blind) folded before Flop
Seat 8: ebc6f770 folded before Flop


Poker Hand #TM3001703257: Tournament #128423284, Daily Turbo $10 Hold'em No Limit - Level25(4,000/8,000) - 2024/02/24 20:27:54
Table '26' 8-max Seat #3 is the button
Seat 1: Hero (121,251 in chips)
Seat 2: 31f2f65d (224,498 in chips)
Seat 3: cb1780fa (195,548 in chips)
Seat 5: dfabaa58 (80,834 in chips)
Seat 6: 18366151 (44,796 in chips)
Seat 7: b9fa4252 (77,558 in chips)
Seat 8: ebc6f770 (86,674 in chips)
dfabaa58: posts the ante 1,000
Hero: posts the ante 1,000
31f2f65d: posts the ante 1,000
cb1780fa: posts the ante 1,000
ebc6f770: posts the ante 1,000
b9fa4252: posts the ante 1,000
18366151: posts the ante 1,000
dfabaa58: posts small blind 4,000
18366151: posts big blind 8,000
*** HOLE CARDS ***
Dealt to Hero [4d Td]
Dealt to 31f2f65d 
Dealt to cb1780fa 
Dealt to dfabaa58 
Dealt to 18366151 
Dealt to b9fa4252 
Dealt to ebc6f770 
b9fa4252: folds
ebc6f770: raises 77,674 to 85,674 and is all-in
Hero: folds
31f2f65d: folds
cb1780fa: folds
dfabaa58: folds
18366151: folds
Uncalled bet (77,674) returned to ebc6f770
*** SHOWDOWN ***
ebc6f770 collected 27,000 from pot
*** SUMMARY ***
Total pot 27,000 | Rake 0 | Jackpot 0 | Bingo 0 | Fortune 0 | Tax 0
Seat 1: Hero folded before Flop
Seat 2: 31f2f65d folded before Flop
Seat 3: cb1780fa (button) folded before Flop
Seat 5: dfabaa58 (small blind) folded before Flop
Seat 6: 18366151 (big blind) folded before Flop
Seat 7: b9fa4252 folded before Flop
Seat 8: ebc6f770 collected (27,000)


Poker Hand #TM3001703190: Tournament #128423284, Daily Turbo $10 Hold'em No Limit - Level24(3,500/7,000) - 2024/02/24 20:26:41
Table '26' 8-max Seat #2 is the button
Seat 1: Hero (36,917 in chips)
Seat 2: 31f2f65d (275,415 in chips)
Seat 3: cb1780fa (218,465 in chips)
Seat 5: dfabaa58 (88,709 in chips)
Seat 6: 18366151 (45,671 in chips)
Seat 7: b9fa4252 (78,433 in chips)
Seat 8: ebc6f770 (87,549 in chips)
dfabaa58: posts the ante 875
Hero: posts the ante 875
31f2f65d: posts the ante 875
cb1780fa: posts the ante 875
ebc6f770: posts the ante 875
b9fa4252: posts the ante 875
18366151: posts the ante 875
cb1780fa: posts small blind 3,500
dfabaa58: posts big blind 7,000
*** HOLE CARDS ***
Dealt to Hero [Ac 6d]
Dealt to 31f2f65d 
Dealt to cb1780fa 
Dealt to dfabaa58 
Dealt to 18366151 
Dealt to b9fa4252 
Dealt to ebc6f770 
18366151: folds
b9fa4252: folds
ebc6f770: folds
Hero: raises 29,042 to 36,042 and is all-in
31f2f65d: calls 36,042
cb1780fa: calls 32,542
dfabaa58: folds
*** FLOP *** [Kh 8d 9s]
cb1780fa: bets 7,000
31f2f65d: calls 7,000
*** TURN *** [Kh 8d 9s] [6c]
cb1780fa: bets 7,000
31f2f65d: calls 7,000
*** RIVER *** [Kh 8d 9s 6c] [6h]
cb1780fa: bets 7,000
31f2f65d: folds
Uncalled bet (7,000) returned to cb1780fa
cb1780fa: shows [Qh Ad] (Pair of Sixes)
Hero: shows [Ac 6d] (Three Sixes)
*** SHOWDOWN ***
Hero collected 121,251 from pot
cb1780fa collected 28,000 from pot
*** SUMMARY ***
Total pot 149,251 | Rake 0 | Jackpot 0 | Bingo 0 | Fortune 0 | Tax 0
Board [Kh 8d 9s 6c 6h]
Seat 1: Hero showed [Ac 6d] and won (121,251) with Three Sixes
Seat 2: 31f2f65d (button) folded on the River
Seat 3: cb1780fa (small blind) showed [Qh Ad] and won (28,000) with Pair of Sixes
Seat 5: dfabaa58 (big blind) folded before Flop
Seat 6: 18366151 folded before Flop
Seat 7: b9fa4252 folded before Flop
Seat 8: ebc6f770 folded before Flop


Poker Hand #TM3001703150: Tournament #128423284, Daily Turbo $10 Hold'em No Limit - Level24(3,500/7,000) - 2024/02/24 20:25:49
Table '26' 8-max Seat #1 is the button
Seat 1: Hero (37,792 in chips)
Seat 2: 31f2f65d (279,790 in chips)
Seat 3: cb1780fa (226,340 in chips)
Seat 5: dfabaa58 (89,584 in chips)
Seat 6: 18366151 (29,921 in chips)
Seat 7: b9fa4252 (79,308 in chips)
Seat 8: ebc6f770 (88,424 in chips)
dfabaa58: posts the ante 875
Hero: posts the ante 875
31f2f65d: posts the ante 875
cb1780fa: posts the ante 875
ebc6f770: posts the ante 875
b9fa4252: posts the ante 875
18366151: posts the ante 875
31f2f65d: posts small blind 3,500
cb1780fa: posts big blind 7,000
*** HOLE CARDS ***
Dealt to Hero [7h Kh]
Dealt to 31f2f65d 
Dealt to cb1780fa 
Dealt to dfabaa58 
Dealt to 18366151 
Dealt to b9fa4252 
Dealt to ebc6f770 
dfabaa58: folds
18366151: raises 22,046 to 29,046 and is all-in
b9fa4252: folds
ebc6f770: folds
Hero: folds
31f2f65d: folds
cb1780fa: folds
Uncalled bet (22,046) returned to 18366151
cb1780fa: shows [3h]
*** SHOWDOWN ***
18366151 collected 23,625 from pot
*** SUMMARY ***
Total pot 23,625 | Rake 0 | Jackpot 0 | Bingo 0 | Fortune 0 | Tax 0
Seat 1: Hero (button) folded before Flop
Seat 2: 31f2f65d (small blind) folded before Flop
Seat 3: cb1780fa (big blind) folded before Flop
Seat 5: dfabaa58 folded before Flop
Seat 6: 18366151 collected (23,625)
Seat 7: b9fa4252 folded before Flop
Seat 8: ebc6f770 folded before Flop


Poker Hand #TM3001703057: Tournament #128423284, Daily Turbo $10 Hold'em No Limit - Level24(3,500/7,000) - 2024/02/24 20:24:13
Table '26' 8-max Seat #8 is the button
Seat 1: Hero (42,167 in chips)
Seat 2: 31f2f65d (170,651 in chips)
Seat 3: cb1780fa (227,215 in chips)
Seat 4: 68326736 (101,264 in chips)
Seat 5: dfabaa58 (90,459 in chips)
Seat 7: b9fa4252 (80,183 in chips)
Seat 8: ebc6f770 (89,299 in chips)
dfabaa58: posts the ante 875
Hero: posts the ante 875
31f2f65d: posts the ante 875
cb1780fa: posts the ante 875
68326736: posts the ante 875
ebc6f770: posts the ante 875
b9fa4252: posts the ante 875
Hero: posts small blind 3,500
31f2f65d: posts big blind 7,000
*** HOLE CARDS ***
Dealt to Hero [6c 8s]
Dealt to 31f2f65d 
Dealt to cb1780fa 
Dealt to 68326736 
Dealt to dfabaa58 
Dealt to b9fa4252 
Dealt to ebc6f770 
cb1780fa: folds
68326736: raises 7,000 to 14,000
dfabaa58: folds
b9fa4252: folds
ebc6f770: folds
Hero: folds
31f2f65d: calls 7,000
*** FLOP *** [9h 7h 8h]
31f2f65d: checks
68326736: bets 30,000
31f2f65d: raises 107,388 to 137,388
68326736: calls 56,389 and is all-in
Uncalled bet (50,999) returned to 31f2f65d
31f2f65d: shows [8c 9s] (Pair of Nines and Pair of Eights)
68326736: shows [Qd Qs] (Pair of Queens)
*** TURN *** [9h 7h 8h] [2d]
*** RIVER *** [9h 7h 8h 2d] [Kc]
*** SHOWDOWN ***
31f2f65d collected 210,403 from pot
*** SUMMARY ***
Total pot 210,403 | Rake 0 | Jackpot 0 | Bingo 0 | Fortune 0 | Tax 0
Board [9h 7h 8h 2d Kc]
Seat 1: Hero (small blind) folded before Flop
Seat 2: 31f2f65d (big blind) showed [8c 9s] and won (210,403) with Pair of Nines and Pair of Eights
Seat 3: cb1780fa folded before Flop
Seat 4: 68326736 showed [Qd Qs] and lost with Pair of Queens
Seat 5: dfabaa58 folded before Flop
Seat 7: b9fa4252 folded before Flop
Seat 8: ebc6f770 (button) folded before Flop


Poker Hand #TM3001703015: Tournament #128423284, Daily Turbo $10 Hold'em No Limit - Level24(3,500/7,000) - 2024/02/24 20:23:30
Table '26' 8-max Seat #7 is the button
Seat 1: Hero (50,042 in chips)
Seat 2: 31f2f65d (171,526 in chips)
Seat 3: cb1780fa (107,920 in chips)
Seat 4: 68326736 (102,139 in chips)
Seat 5: dfabaa58 (91,334 in chips)
Seat 7: b9fa4252 (81,058 in chips)
Seat 8: ebc6f770 (197,219 in chips)
dfabaa58: posts the ante 875
Hero: posts the ante 875
31f2f65d: posts the ante 875
cb1780fa: posts the ante 875
68326736: posts the ante 875
b9fa4252: posts the ante 875
ebc6f770: posts the ante 875
ebc6f770: posts small blind 3,500
Hero: posts big blind 7,000
*** HOLE CARDS ***
Dealt to Hero [Ah 3h]
Dealt to 31f2f65d 
Dealt to cb1780fa 
Dealt to 68326736 
Dealt to dfabaa58 
Dealt to b9fa4252 
Dealt to ebc6f770 
31f2f65d: folds
cb1780fa: raises 7,000 to 14,000
68326736: folds
dfabaa58: folds
b9fa4252: folds
ebc6f770: raises 182,344 to 196,344 and is all-in
Hero: folds
cb1780fa: calls 93,045 and is all-in
Uncalled bet (89,299) returned to ebc6f770
ebc6f770: shows [Qc Kd]
cb1780fa: shows [As Ad]
*** FLOP *** [7s Jd 8c]
*** TURN *** [7s Jd 8c] [Jc]
*** RIVER *** [7s Jd 8c Jc] [5c]
Hero: shows [3h] (Pair of Jacks)
*** SHOWDOWN ***
cb1780fa collected 227,215 from pot
*** SUMMARY ***
Total pot 227,215 | Rake 0 | Jackpot 0 | Bingo 0 | Fortune 0 | Tax 0
Board [7s Jd 8c Jc 5c]
Seat 1: Hero (big blind) folded before Flop
Seat 2: 31f2f65d folded before Flop
Seat 3: cb1780fa showed [As Ad] and won (227,215) with Pair of Aces and Pair of Jacks
Seat 4: 68326736 folded before Flop
Seat 5: dfabaa58 folded before Flop
Seat 7: b9fa4252 (button) folded before Flop
Seat 8: ebc6f770 (small blind) showed [Qc Kd] and lost with Pair of Jacks


Poker Hand #TM3001702991: Tournament #128423284, Daily Turbo $10 Hold'em No Limit - Level24(3,500/7,000) - 2024/02/24 20:23:06
Table '26' 8-max Seat #5 is the button
Seat 1: Hero (50,917 in chips)
Seat 2: 31f2f65d (155,776 in chips)
Seat 3: cb1780fa (108,795 in chips)
Seat 4: 68326736 (103,014 in chips)
Seat 5: dfabaa58 (92,209 in chips)
Seat 7: b9fa4252 (85,433 in chips)
Seat 8: ebc6f770 (205,094 in chips)
dfabaa58: posts the ante 875
Hero: posts the ante 875
31f2f65d: posts the ante 875
cb1780fa: posts the ante 875
68326736: posts the ante 875
ebc6f770: posts the ante 875
b9fa4252: posts the ante 875
b9fa4252: posts small blind 3,500
ebc6f770: posts big blind 7,000
*** HOLE CARDS ***
Dealt to Hero [2d 6d]
Dealt to 31f2f65d 
Dealt to cb1780fa 
Dealt to 68326736 
Dealt to dfabaa58 
Dealt to b9fa4252 
Dealt to ebc6f770 
Hero: folds
31f2f65d: raises 7,000 to 14,000
cb1780fa: folds
68326736: folds
dfabaa58: folds
b9fa4252: folds
ebc6f770: folds
Uncalled bet (7,000) returned to 31f2f65d
*** SHOWDOWN ***
31f2f65d collected 23,625 from pot
*** SUMMARY ***
Total pot 23,625 | Rake 0 | Jackpot 0 | Bingo 0 | Fortune 0 | Tax 0
Seat 1: Hero folded before Flop
Seat 2: 31f2f65d collected (23,625)
Seat 3: cb1780fa folded before Flop
Seat 4: 68326736 folded before Flop
Seat 5: dfabaa58 (button) folded before Flop
Seat 7: b9fa4252 (small blind) folded before Flop
Seat 8: ebc6f770 (big blind) folded before Flop


Poker Hand #TM3001702949: Tournament #128423284, Daily Turbo $10 Hold'em No Limit - Level24(3,500/7,000) - 2024/02/24 20:22:20
Table '26' 8-max Seat #4 is the button
Seat 1: Hero (51,792 in chips)
Seat 2: 31f2f65d (156,651 in chips)
Seat 4: 68326736 (103,889 in chips)
Seat 5: dfabaa58 (49,240 in chips)
Seat 6: 91f62144 (38,594 in chips)
Seat 7: b9fa4252 (86,308 in chips)
Seat 8: ebc6f770 (205,969 in chips)
91f62144: posts the ante 875
dfabaa58: posts the ante 875
Hero: posts the ante 875
31f2f65d: posts the ante 875
68326736: posts the ante 875
ebc6f770: posts the ante 875
b9fa4252: posts the ante 875
dfabaa58: posts small blind 3,500
91f62144: posts big blind 7,000
*** HOLE CARDS ***
Dealt to Hero [Jh 7h]
Dealt to 31f2f65d 
Dealt to 68326736 
Dealt to dfabaa58 
Dealt to 91f62144 
Dealt to b9fa4252 
Dealt to ebc6f770 
b9fa4252: folds
ebc6f770: folds
Hero: folds
31f2f65d: folds
68326736: folds
dfabaa58: raises 41,365 to 48,365 and is all-in
91f62144: calls 30,719 and is all-in
Uncalled bet (10,646) returned to dfabaa58
dfabaa58: shows [Qs 8c]
91f62144: shows [7c Ad]
*** FLOP *** [8h 3d 9c]
*** TURN *** [8h 3d 9c] [2d]
*** RIVER *** [8h 3d 9c 2d] [Kc]
*** SHOWDOWN ***
dfabaa58 collected 81,563 from pot
*** SUMMARY ***
Total pot 81,563 | Rake 0 | Jackpot 0 | Bingo 0 | Fortune 0 | Tax 0
Board [8h 3d 9c 2d Kc]
Seat 1: Hero folded before Flop
Seat 2: 31f2f65d folded before Flop
Seat 4: 68326736 (button) folded before Flop
Seat 5: dfabaa58 (small blind) showed [Qs 8c] and won (81,563) with Pair of Eights
Seat 6: 91f62144 (big blind) showed [7c Ad] and lost with Ace-High
Seat 7: b9fa4252 folded before Flop
Seat 8: ebc6f770 folded before Flop


Poker Hand #TM3001702924: Tournament #128423284, Daily Turbo $10 Hold'em No Limit - Level23(3,000/6,000) - 2024/02/24 20:21:53
Table '26' 8-max Seat #3 is the button
Seat 1: Hero (52,542 in chips)
Seat 2: 31f2f65d (157,401 in chips)
Seat 3: b64cdac1 (31,852 in chips)
Seat 4: 68326736 (92,639 in chips)
Seat 5: dfabaa58 (55,990 in chips)
Seat 6: 91f62144 (39,344 in chips)
Seat 7: b9fa4252 (87,058 in chips)
Seat 8: ebc6f770 (206,719 in chips)
91f62144: posts the ante 750
dfabaa58: posts the ante 750
Hero: posts the ante 750
31f2f65d: posts the ante 750
b64cdac1: posts the ante 750
68326736: posts the ante 750
ebc6f770: posts the ante 750
b9fa4252: posts the ante 750
68326736: posts small blind 3,000
dfabaa58: posts big blind 6,000
*** HOLE CARDS ***
Dealt to Hero [5s 6s]
Dealt to 31f2f65d 
Dealt to b64cdac1 
Dealt to 68326736 
Dealt to dfabaa58 
Dealt to 91f62144 
Dealt to b9fa4252 
Dealt to ebc6f770 
91f62144: folds
b9fa4252: folds
ebc6f770: folds
Hero: folds
31f2f65d: folds
b64cdac1: folds
68326736: raises 85,889 to 91,889 and is all-in
dfabaa58: folds
Uncalled bet (85,889) returned to 68326736
*** SHOWDOWN ***
68326736 collected 18,000 from pot
*** SUMMARY ***
Total pot 18,000 | Rake 0 | Jackpot 0 | Bingo 0 | Fortune 0 | Tax 0
Seat 1: Hero folded before Flop
Seat 2: 31f2f65d folded before Flop
Seat 3: b64cdac1 (button) folded before Flop
Seat 4: 68326736 (small blind) collected (18,000)
Seat 5: dfabaa58 (big blind) folded before Flop
Seat 6: 91f62144 folded before Flop
Seat 7: b9fa4252 folded before Flop
Seat 8: ebc6f770 folded before Flop


Poker Hand #TM3001702863: Tournament #128423284, Daily Turbo $10 Hold'em No Limit - Level23(3,000/6,000) - 2024/02/24 20:20:51
Table '26' 8-max Seat #2 is the button
Seat 1: Hero (19,896 in chips)
Seat 2: 31f2f65d (158,151 in chips)
Seat 3: b64cdac1 (35,602 in chips)
Seat 4: 68326736 (99,389 in chips)
Seat 5: dfabaa58 (56,740 in chips)
Seat 6: 91f62144 (59,240 in chips)
Seat 8: ebc6f770 (207,469 in chips)
91f62144: posts the ante 750
dfabaa58: posts the ante 750
Hero: posts the ante 750
31f2f65d: posts the ante 750
68326736: posts the ante 750
b64cdac1: posts the ante 750
ebc6f770: posts the ante 750
b64cdac1: posts small blind 3,000
68326736: posts big blind 6,000
*** HOLE CARDS ***
Dealt to Hero [Ac 4c]
Dealt to 31f2f65d 
Dealt to b64cdac1 
Dealt to 68326736 
Dealt to dfabaa58 
Dealt to 91f62144 
Dealt to ebc6f770 
dfabaa58: folds
91f62144: raises 52,490 to 58,490 and is all-in
ebc6f770: folds
Hero: calls 19,146 and is all-in
31f2f65d: folds
b64cdac1: folds
68326736: folds
Uncalled bet (39,344) returned to 91f62144
91f62144: shows [3c 3h]
Hero: shows [Ac 4c]
*** FLOP *** [Qc 4h 5c]
*** TURN *** [Qc 4h 5c] [2d]
*** RIVER *** [Qc 4h 5c 2d] [3d]
*** SHOWDOWN ***
Hero collected 52,542 from pot
*** SUMMARY ***
Total pot 52,542 | Rake 0 | Jackpot 0 | Bingo 0 | Fortune 0 | Tax 0
Board [Qc 4h 5c 2d 3d]
Seat 1: Hero showed [Ac 4c] and won (52,542) with Fives-High Straight
Seat 2: 31f2f65d (button) folded before Flop
Seat 3: b64cdac1 (small blind) folded before Flop
Seat 4: 68326736 (big blind) folded before Flop
Seat 5: dfabaa58 folded before Flop
Seat 6: 91f62144 showed [3c 3h] and lost with Three Treys
Seat 8: ebc6f770 folded before Flop


Poker Hand #TM3001702825: Tournament #128423284, Daily Turbo $10 Hold'em No Limit - Level23(3,000/6,000) - 2024/02/24 20:20:13
Table '26' 8-max Seat #1 is the button
Seat 1: Hero (20,646 in chips)
Seat 2: 31f2f65d (161,901 in chips)
Seat 3: b64cdac1 (42,352 in chips)
Seat 4: 68326736 (112,139 in chips)
Seat 5: dfabaa58 (57,490 in chips)
Seat 6: 91f62144 (59,990 in chips)
Seat 8: ebc6f770 (181,969 in chips)
91f62144: posts the ante 750
dfabaa58: posts the ante 750
Hero: posts the ante 750
31f2f65d: posts the ante 750
68326736: posts the ante 750
b64cdac1: posts the ante 750
ebc6f770: posts the ante 750
31f2f65d: posts small blind 3,000
b64cdac1: posts big blind 6,000
*** HOLE CARDS ***
Dealt to Hero [Ac 6s]
Dealt to 31f2f65d 
Dealt to b64cdac1 
Dealt to 68326736 
Dealt to dfabaa58 
Dealt to 91f62144 
Dealt to ebc6f770 
68326736: raises 6,000 to 12,000
dfabaa58: folds
91f62144: folds
ebc6f770: raises 18,000 to 30,000
Hero: folds
31f2f65d: folds
b64cdac1: folds
68326736: folds
Uncalled bet (18,000) returned to ebc6f770
*** SHOWDOWN ***
ebc6f770 collected 38,250 from pot
*** SUMMARY ***
Total pot 38,250 | Rake 0 | Jackpot 0 | Bingo 0 | Fortune 0 | Tax 0
Seat 1: Hero (button) folded before Flop
Seat 2: 31f2f65d (small blind) folded before Flop
Seat 3: b64cdac1 (big blind) folded before Flop
Seat 4: 68326736 folded before Flop
Seat 5: dfabaa58 folded before Flop
Seat 6: 91f62144 folded before Flop
Seat 8: ebc6f770 collected (38,250)


Poker Hand #TM3001702794: Tournament #128423284, Daily Turbo $10 Hold'em No Limit - Level23(3,000/6,000) - 2024/02/24 20:19:33
Table '26' 8-max Seat #8 is the button
Seat 1: Hero (36,947 in chips)
Seat 2: 31f2f65d (168,651 in chips)
Seat 3: b64cdac1 (16,301 in chips)
Seat 4: 68326736 (112,889 in chips)
Seat 5: dfabaa58 (58,240 in chips)
Seat 6: 91f62144 (60,740 in chips)
Seat 8: ebc6f770 (182,719 in chips)
91f62144: posts the ante 750
dfabaa58: posts the ante 750
Hero: posts the ante 750
31f2f65d: posts the ante 750
68326736: posts the ante 750
b64cdac1: posts the ante 750
ebc6f770: posts the ante 750
Hero: posts small blind 3,000
31f2f65d: posts big blind 6,000
*** HOLE CARDS ***
Dealt to Hero [Kc Ts]
Dealt to 31f2f65d 
Dealt to b64cdac1 
Dealt to 68326736 
Dealt to dfabaa58 
Dealt to 91f62144 
Dealt to ebc6f770 
b64cdac1: raises 9,551 to 15,551 and is all-in
68326736: folds
dfabaa58: folds
91f62144: folds
ebc6f770: folds
Hero: raises 20,646 to 36,197 and is all-in
31f2f65d: folds
Uncalled bet (20,646) returned to Hero
Hero: shows [Kc Ts]
b64cdac1: shows [Js Ad]
*** FLOP *** [Ac 2c 6c]
*** TURN *** [Ac 2c 6c] [7d]
*** RIVER *** [Ac 2c 6c 7d] [4d]
*** SHOWDOWN ***
b64cdac1 collected 42,352 from pot
*** SUMMARY ***
Total pot 42,352 | Rake 0 | Jackpot 0 | Bingo 0 | Fortune 0 | Tax 0
Board [Ac 2c 6c 7d 4d]
Seat 1: Hero (small blind) showed [Kc Ts] and lost with Ace-High
Seat 2: 31f2f65d (big blind) folded before Flop
Seat 3: b64cdac1 showed [Js Ad] and won (42,352) with Pair of Aces
Seat 4: 68326736 folded before Flop
Seat 5: dfabaa58 folded before Flop
Seat 6: 91f62144 folded before Flop
Seat 8: ebc6f770 (button) folded before Flop


Poker Hand #TM3001702766: Tournament #128423284, Daily Turbo $10 Hold'em No Limit - Level23(3,000/6,000) - 2024/02/24 20:19:05
Table '26' 8-max Seat #6 is the button
Seat 1: Hero (43,697 in chips)
Seat 2: 31f2f65d (169,401 in chips)
Seat 3: b64cdac1 (17,051 in chips)
Seat 4: 68326736 (113,639 in chips)
Seat 5: dfabaa58 (58,990 in chips)
Seat 6: 91f62144 (47,240 in chips)
Seat 8: ebc6f770 (186,469 in chips)
91f62144: posts the ante 750
dfabaa58: posts the ante 750
Hero: posts the ante 750
31f2f65d: posts the ante 750
68326736: posts the ante 750
b64cdac1: posts the ante 750
ebc6f770: posts the ante 750
ebc6f770: posts small blind 3,000
Hero: posts big blind 6,000
*** HOLE CARDS ***
Dealt to Hero [9h Jd]
Dealt to 31f2f65d 
Dealt to b64cdac1 
Dealt to 68326736 
Dealt to dfabaa58 
Dealt to 91f62144 
Dealt to ebc6f770 
31f2f65d: folds
b64cdac1: folds
68326736: folds
dfabaa58: folds
91f62144: raises 40,490 to 46,490 and is all-in
ebc6f770: folds
Hero: folds
Uncalled bet (40,490) returned to 91f62144
*** SHOWDOWN ***
91f62144 collected 20,250 from pot
*** SUMMARY ***
Total pot 20,250 | Rake 0 | Jackpot 0 | Bingo 0 | Fortune 0 | Tax 0
Seat 1: Hero (big blind) folded before Flop
Seat 2: 31f2f65d folded before Flop
Seat 3: b64cdac1 folded before Flop
Seat 4: 68326736 folded before Flop
Seat 5: dfabaa58 folded before Flop
Seat 6: 91f62144 (button) collected (20,250)
Seat 8: ebc6f770 (small blind) folded before Flop


Poker Hand #TM3001702694: Tournament #128423284, Daily Turbo $10 Hold'em No Limit - Level23(3,000/6,000) - 2024/02/24 20:17:51
Table '26' 8-max Seat #5 is the button
Seat 1: Hero (44,447 in chips)
Seat 2: 31f2f65d (170,151 in chips)
Seat 3: b64cdac1 (17,801 in chips)
Seat 4: 68326736 (54,795 in chips)
Seat 5: dfabaa58 (59,740 in chips)
Seat 6: 91f62144 (102,035 in chips)
Seat 7: f3886c1f (299 in chips)
Seat 8: ebc6f770 (187,219 in chips)
91f62144: posts the ante 750
dfabaa58: posts the ante 750
Hero: posts the ante 750
31f2f65d: posts the ante 750
f3886c1f: posts the ante 299
68326736: posts the ante 750
b64cdac1: posts the ante 750
ebc6f770: posts the ante 750
91f62144: posts small blind 3,000
f3886c1f: posts big blind 0
*** HOLE CARDS ***
Dealt to Hero [5d 8h]
Dealt to 31f2f65d 
Dealt to b64cdac1 
Dealt to 68326736 
Dealt to dfabaa58 
Dealt to 91f62144 
Dealt to f3886c1f 
Dealt to ebc6f770 
ebc6f770: folds
Hero: folds
31f2f65d: folds
b64cdac1: folds
68326736: raises 9,000 to 15,000
dfabaa58: folds
91f62144: calls 12,000
*** FLOP *** [9c Qd 9s]
91f62144: checks
68326736: bets 39,045 and is all-in
91f62144: calls 39,045
68326736: shows [Ks Ad] (Pair of Nines)
91f62144: shows [Qc Jc] (Pair of Queens and Pair of Nines)
f3886c1f: shows [Jd 3c] (Pair of Nines)
*** TURN *** [9c Qd 9s] [9h]
*** RIVER *** [9c Qd 9s 9h] [Ah]
*** SHOWDOWN ***
68326736 collected 2,392 from pot
68326736 collected 111,247 from pot
*** SUMMARY ***
Total pot 113,639 | Rake 0 | Jackpot 0 | Bingo 0 | Fortune 0 | Tax 0
Board [9c Qd 9s 9h Ah]
Seat 1: Hero folded before Flop
Seat 2: 31f2f65d folded before Flop
Seat 3: b64cdac1 folded before Flop
Seat 4: 68326736 showed [Ks Ad] and won (113,639) with Nines Full over Aces
Seat 5: dfabaa58 (button) folded before Flop
Seat 6: 91f62144 (small blind) showed [Qc Jc] and lost with Nines Full over Queens
Seat 7: f3886c1f (big blind) showed [Jd 3c] and lost with Three Nines
Seat 8: ebc6f770 folded before Flop


Poker Hand #TM3001702621: Tournament #128423284, Daily Turbo $10 Hold'em No Limit - Level22(2,500/5,000) - 2024/02/24 20:16:37
Table '26' 8-max Seat #4 is the button
Seat 1: Hero (45,072 in chips)
Seat 2: 31f2f65d (170,776 in chips)
Seat 3: b64cdac1 (18,426 in chips)
Seat 4: 68326736 (55,420 in chips)
Seat 5: dfabaa58 (62,865 in chips)
Seat 6: 91f62144 (95,160 in chips)
Seat 7: f3886c1f (924 in chips)
Seat 8: ebc6f770 (187,844 in chips)
91f62144: posts the ante 625
dfabaa58: posts the ante 625
Hero: posts the ante 625
31f2f65d: posts the ante 625
f3886c1f: posts the ante 625
68326736: posts the ante 625
b64cdac1: posts the ante 625
ebc6f770: posts the ante 625
dfabaa58: posts small blind 2,500
91f62144: posts big blind 5,000
*** HOLE CARDS ***
Dealt to Hero [9c 4h]
Dealt to 31f2f65d 
Dealt to b64cdac1 
Dealt to 68326736 
Dealt to dfabaa58 
Dealt to 91f62144 
Dealt to f3886c1f 
Dealt to ebc6f770 
f3886c1f: folds
ebc6f770: folds
Hero: folds
31f2f65d: folds
b64cdac1: folds
68326736: folds
dfabaa58: folds
Uncalled bet (2,500) returned to 91f62144
*** SHOWDOWN ***
91f62144 collected 10,000 from pot
*** SUMMARY ***
Total pot 10,000 | Rake 0 | Jackpot 0 | Bingo 0 | Fortune 0 | Tax 0
Seat 1: Hero folded before Flop
Seat 2: 31f2f65d folded before Flop
Seat 3: b64cdac1 folded before Flop
Seat 4: 68326736 (button) folded before Flop
Seat 5: dfabaa58 (small blind) folded before Flop
Seat 6: 91f62144 (big blind) collected (10,000)
Seat 7: f3886c1f folded before Flop
Seat 8: ebc6f770 folded before Flop


Poker Hand #TM3001702533: Tournament #128423284, Daily Turbo $10 Hold'em No Limit - Level22(2,500/5,000) - 2024/02/24 20:15:17
Table '26' 8-max Seat #3 is the button
Seat 1: Hero (45,697 in chips)
Seat 2: 31f2f65d (171,401 in chips)
Seat 3: b64cdac1 (19,051 in chips)
Seat 4: 68326736 (58,545 in chips)
Seat 5: dfabaa58 (68,490 in chips)
Seat 6: 91f62144 (95,785 in chips)
Seat 7: f3886c1f (1,549 in chips)
Seat 8: ebc6f770 (175,969 in chips)
91f62144: posts the ante 625
dfabaa58: posts the ante 625
Hero: posts the ante 625
31f2f65d: posts the ante 625
f3886c1f: posts the ante 625
b64cdac1: posts the ante 625
68326736: posts the ante 625
ebc6f770: posts the ante 625
68326736: posts small blind 2,500
dfabaa58: posts big blind 5,000
*** HOLE CARDS ***
Dealt to Hero [6s Qh]
Dealt to 31f2f65d 
Dealt to b64cdac1 
Dealt to 68326736 
Dealt to dfabaa58 
Dealt to 91f62144 
Dealt to f3886c1f 
Dealt to ebc6f770 
91f62144: folds
f3886c1f: folds
ebc6f770: raises 6,000 to 11,000
Hero: folds
31f2f65d: folds
b64cdac1: folds
68326736: folds
dfabaa58: folds
Uncalled bet (6,000) returned to ebc6f770
*** SHOWDOWN ***
ebc6f770 collected 17,500 from pot
*** SUMMARY ***
Total pot 17,500 | Rake 0 | Jackpot 0 | Bingo 0 | Fortune 0 | Tax 0
Seat 1: Hero folded before Flop
Seat 2: 31f2f65d folded before Flop
Seat 3: b64cdac1 (button) folded before Flop
Seat 4: 68326736 (small blind) folded before Flop
Seat 5: dfabaa58 (big blind) folded before Flop
Seat 6: 91f62144 folded before Flop
Seat 7: f3886c1f folded before Flop
Seat 8: ebc6f770 collected (17,500)


Poker Hand #TM3001702438: Tournament #128423284, Daily Turbo $10 Hold'em No Limit - Level22(2,500/5,000) - 2024/02/24 20:13:33
Table '26' 8-max Seat #2 is the button
Seat 1: Hero (46,322 in chips)
Seat 2: 31f2f65d (159,526 in chips)
Seat 3: b64cdac1 (22,176 in chips)
Seat 4: 68326736 (64,170 in chips)
Seat 5: dfabaa58 (69,115 in chips)
Seat 6: 91f62144 (96,410 in chips)
Seat 7: f3886c1f (2,174 in chips)
Seat 8: ebc6f770 (176,594 in chips)
91f62144: posts the ante 625
dfabaa58: posts the ante 625
Hero: posts the ante 625
31f2f65d: posts the ante 625
f3886c1f: posts the ante 625
68326736: posts the ante 625
b64cdac1: posts the ante 625
ebc6f770: posts the ante 625
b64cdac1: posts small blind 2,500
68326736: posts big blind 5,000
*** HOLE CARDS ***
Dealt to Hero [Jh Ac]
Dealt to 31f2f65d 
Dealt to b64cdac1 
Dealt to 68326736 
Dealt to dfabaa58 
Dealt to 91f62144 
Dealt to f3886c1f 
Dealt to ebc6f770 
dfabaa58: folds
91f62144: folds
f3886c1f: folds
ebc6f770: folds
Hero: folds
31f2f65d: raises 7,500 to 12,500
b64cdac1: folds
68326736: folds
Uncalled bet (7,500) returned to 31f2f65d
*** SHOWDOWN ***
31f2f65d collected 17,500 from pot
*** SUMMARY ***
Total pot 17,500 | Rake 0 | Jackpot 0 | Bingo 0 | Fortune 0 | Tax 0
Seat 1: Hero folded before Flop
Seat 2: 31f2f65d (button) collected (17,500)
Seat 3: b64cdac1 (small blind) folded before Flop
Seat 4: 68326736 (big blind) folded before Flop
Seat 5: dfabaa58 folded before Flop
Seat 6: 91f62144 folded before Flop
Seat 7: f3886c1f folded before Flop
Seat 8: ebc6f770 folded before Flop


Poker Hand #TM3001702352: Tournament #128423284, Daily Turbo $10 Hold'em No Limit - Level21(2,000/4,000) - 2024/02/24 20:12:07
Table '26' 8-max Seat #1 is the button
Seat 1: Hero (46,822 in chips)
Seat 2: 31f2f65d (162,026 in chips)
Seat 3: b64cdac1 (26,676 in chips)
Seat 4: 68326736 (64,670 in chips)
Seat 5: dfabaa58 (69,615 in chips)
Seat 6: 91f62144 (86,910 in chips)
Seat 7: f3886c1f (2,674 in chips)
Seat 8: ebc6f770 (177,094 in chips)
91f62144: posts the ante 500
dfabaa58: posts the ante 500
Hero: posts the ante 500
31f2f65d: posts the ante 500
f3886c1f: posts the ante 500
68326736: posts the ante 500
b64cdac1: posts the ante 500
ebc6f770: posts the ante 500
31f2f65d: posts small blind 2,000
b64cdac1: posts big blind 4,000
*** HOLE CARDS ***
Dealt to Hero [2s 2c]
Dealt to 31f2f65d 
Dealt to b64cdac1 
Dealt to 68326736 
Dealt to dfabaa58 
Dealt to 91f62144 
Dealt to f3886c1f 
Dealt to ebc6f770 
68326736: folds
dfabaa58: folds
91f62144: raises 4,000 to 8,000
f3886c1f: folds
ebc6f770: folds
Hero: folds
31f2f65d: folds
b64cdac1: folds
Uncalled bet (4,000) returned to 91f62144
*** SHOWDOWN ***
91f62144 collected 14,000 from pot
*** SUMMARY ***
Total pot 14,000 | Rake 0 | Jackpot 0 | Bingo 0 | Fortune 0 | Tax 0
Seat 1: Hero (button) folded before Flop
Seat 2: 31f2f65d (small blind) folded before Flop
Seat 3: b64cdac1 (big blind) folded before Flop
Seat 4: 68326736 folded before Flop
Seat 5: dfabaa58 folded before Flop
Seat 6: 91f62144 collected (14,000)
Seat 7: f3886c1f folded before Flop
Seat 8: ebc6f770 folded before Flop


Poker Hand #TM3001702288: Tournament #128423284, Daily Turbo $10 Hold'em No Limit - Level21(2,000/4,000) - 2024/02/24 20:11:04
Table '26' 8-max Seat #8 is the button
Seat 1: Hero (49,322 in chips)
Seat 2: 31f2f65d (156,526 in chips)
Seat 3: b64cdac1 (27,176 in chips)
Seat 4: 68326736 (65,170 in chips)
Seat 5: dfabaa58 (70,115 in chips)
Seat 6: 91f62144 (87,410 in chips)
Seat 7: f3886c1f (3,174 in chips)
Seat 8: ebc6f770 (177,594 in chips)
91f62144: posts the ante 500
dfabaa58: posts the ante 500
Hero: posts the ante 500
31f2f65d: posts the ante 500
f3886c1f: posts the ante 500
68326736: posts the ante 500
b64cdac1: posts the ante 500
ebc6f770: posts the ante 500
Hero: posts small blind 2,000
31f2f65d: posts big blind 4,000
*** HOLE CARDS ***
Dealt to Hero [Td 3c]
Dealt to 31f2f65d 
Dealt to b64cdac1 
Dealt to 68326736 
Dealt to dfabaa58 
Dealt to 91f62144 
Dealt to f3886c1f 
Dealt to ebc6f770 
b64cdac1: folds
68326736: folds
dfabaa58: folds
91f62144: folds
f3886c1f: folds
ebc6f770: folds
Hero: folds
Uncalled bet (2,000) returned to 31f2f65d
*** SHOWDOWN ***
31f2f65d collected 8,000 from pot
*** SUMMARY ***
Total pot 8,000 | Rake 0 | Jackpot 0 | Bingo 0 | Fortune 0 | Tax 0
Seat 1: Hero (small blind) folded before Flop
Seat 2: 31f2f65d (big blind) collected (8,000)
Seat 3: b64cdac1 folded before Flop
Seat 4: 68326736 folded before Flop
Seat 5: dfabaa58 folded before Flop
Seat 6: 91f62144 folded before Flop
Seat 7: f3886c1f folded before Flop
Seat 8: ebc6f770 (button) folded before Flop


Poker Hand #TM3001702204: Tournament #128423284, Daily Turbo $10 Hold'em No Limit - Level21(2,000/4,000) - 2024/02/24 20:09:39
Table '26' 8-max Seat #7 is the button
Seat 1: Hero (43,822 in chips)
Seat 2: 31f2f65d (157,026 in chips)
Seat 3: b64cdac1 (27,676 in chips)
Seat 4: 68326736 (65,670 in chips)
Seat 5: dfabaa58 (70,615 in chips)
Seat 6: 91f62144 (87,910 in chips)
Seat 7: f3886c1f (3,674 in chips)
Seat 8: ebc6f770 (180,094 in chips)
91f62144: posts the ante 500
dfabaa58: posts the ante 500
Hero: posts the ante 500
31f2f65d: posts the ante 500
f3886c1f: posts the ante 500
68326736: posts the ante 500
b64cdac1: posts the ante 500
ebc6f770: posts the ante 500
ebc6f770: posts small blind 2,000
Hero: posts big blind 4,000
*** HOLE CARDS ***
Dealt to Hero [4d Jc]
Dealt to 31f2f65d 
Dealt to b64cdac1 
Dealt to 68326736 
Dealt to dfabaa58 
Dealt to 91f62144 
Dealt to f3886c1f 
Dealt to ebc6f770 
31f2f65d: folds
b64cdac1: folds
68326736: folds
dfabaa58: folds
91f62144: folds
f3886c1f: folds
ebc6f770: folds
Uncalled bet (2,000) returned to Hero
*** SHOWDOWN ***
Hero collected 8,000 from pot
*** SUMMARY ***
Total pot 8,000 | Rake 0 | Jackpot 0 | Bingo 0 | Fortune 0 | Tax 0
Seat 1: Hero (big blind) collected (8,000)
Seat 2: 31f2f65d folded before Flop
Seat 3: b64cdac1 folded before Flop
Seat 4: 68326736 folded before Flop
Seat 5: dfabaa58 folded before Flop
Seat 6: 91f62144 folded before Flop
Seat 7: f3886c1f (button) folded before Flop
Seat 8: ebc6f770 (small blind) folded before Flop


Poker Hand #TM3001702128: Tournament #128423284, Daily Turbo $10 Hold'em No Limit - Level21(2,000/4,000) - 2024/02/24 20:08:15
Table '26' 8-max Seat #6 is the button
Seat 1: Hero (44,322 in chips)
Seat 2: 31f2f65d (157,526 in chips)
Seat 3: b64cdac1 (28,176 in chips)
Seat 4: 68326736 (66,170 in chips)
Seat 5: dfabaa58 (71,115 in chips)
Seat 6: 91f62144 (88,410 in chips)
Seat 7: f3886c1f (6,174 in chips)
Seat 8: ebc6f770 (174,594 in chips)
91f62144: posts the ante 500
dfabaa58: posts the ante 500
Hero: posts the ante 500
31f2f65d: posts the ante 500
f3886c1f: posts the ante 500
68326736: posts the ante 500
b64cdac1: posts the ante 500
ebc6f770: posts the ante 500
f3886c1f: posts small blind 2,000
ebc6f770: posts big blind 4,000
*** HOLE CARDS ***
Dealt to Hero [3h 3d]
Dealt to 31f2f65d 
Dealt to b64cdac1 
Dealt to 68326736 
Dealt to dfabaa58 
Dealt to 91f62144 
Dealt to f3886c1f 
Dealt to ebc6f770 
Hero: folds
31f2f65d: folds
b64cdac1: folds
68326736: folds
dfabaa58: folds
91f62144: folds
f3886c1f: folds
Uncalled bet (2,000) returned to ebc6f770
*** SHOWDOWN ***
ebc6f770 collected 8,000 from pot
*** SUMMARY ***
Total pot 8,000 | Rake 0 | Jackpot 0 | Bingo 0 | Fortune 0 | Tax 0
Seat 1: Hero folded before Flop
Seat 2: 31f2f65d folded before Flop
Seat 3: b64cdac1 folded before Flop
Seat 4: 68326736 folded before Flop
Seat 5: dfabaa58 folded before Flop
Seat 6: 91f62144 (button) folded before Flop
Seat 7: f3886c1f (small blind) folded before Flop
Seat 8: ebc6f770 (big blind) collected (8,000)


Poker Hand #TM3001702037: Tournament #128423284, Daily Turbo $10 Hold'em No Limit - Level20(1,600/3,200) - 2024/02/24 20:06:42
Table '26' 8-max Seat #5 is the button
Seat 1: Hero (36,722 in chips)
Seat 2: 31f2f65d (157,926 in chips)
Seat 3: b64cdac1 (28,576 in chips)
Seat 4: 68326736 (66,570 in chips)
Seat 5: dfabaa58 (71,515 in chips)
Seat 6: 91f62144 (90,410 in chips)
Seat 7: f3886c1f (9,774 in chips)
Seat 8: ebc6f770 (174,994 in chips)
91f62144: posts the ante 400
dfabaa58: posts the ante 400
Hero: posts the ante 400
31f2f65d: posts the ante 400
f3886c1f: posts the ante 400
68326736: posts the ante 400
b64cdac1: posts the ante 400
ebc6f770: posts the ante 400
91f62144: posts small blind 1,600
f3886c1f: posts big blind 3,200
*** HOLE CARDS ***
Dealt to Hero [Qs Ah]
Dealt to 31f2f65d 
Dealt to b64cdac1 
Dealt to 68326736 
Dealt to dfabaa58 
Dealt to 91f62144 
Dealt to f3886c1f 
Dealt to ebc6f770 
ebc6f770: folds
Hero: raises 16,000 to 19,200
31f2f65d: folds
b64cdac1: folds
68326736: folds
dfabaa58: folds
91f62144: folds
f3886c1f: folds
Uncalled bet (16,000) returned to Hero
*** SHOWDOWN ***
Hero collected 11,200 from pot
*** SUMMARY ***
Total pot 11,200 | Rake 0 | Jackpot 0 | Bingo 0 | Fortune 0 | Tax 0
Seat 1: Hero collected (11,200)
Seat 2: 31f2f65d folded before Flop
Seat 3: b64cdac1 folded before Flop
Seat 4: 68326736 folded before Flop
Seat 5: dfabaa58 (button) folded before Flop
Seat 6: 91f62144 (small blind) folded before Flop
Seat 7: f3886c1f (big blind) folded before Flop
Seat 8: ebc6f770 folded before Flop


Poker Hand #TM3001701981: Tournament #128423284, Daily Turbo $10 Hold'em No Limit - Level20(1,600/3,200) - 2024/02/24 20:05:43
Table '26' 8-max Seat #4 is the button
Seat 1: Hero (43,522 in chips)
Seat 2: 31f2f65d (143,926 in chips)
Seat 3: b64cdac1 (28,976 in chips)
Seat 4: 68326736 (66,970 in chips)
Seat 5: dfabaa58 (73,515 in chips)
Seat 6: 91f62144 (94,010 in chips)
Seat 7: f3886c1f (10,174 in chips)
Seat 8: ebc6f770 (175,394 in chips)
91f62144: posts the ante 400
dfabaa58: posts the ante 400
Hero: posts the ante 400
31f2f65d: posts the ante 400
f3886c1f: posts the ante 400
68326736: posts the ante 400
b64cdac1: posts the ante 400
ebc6f770: posts the ante 400
dfabaa58: posts small blind 1,600
91f62144: posts big blind 3,200
*** HOLE CARDS ***
Dealt to Hero [Td Ah]
Dealt to 31f2f65d 
Dealt to b64cdac1 
Dealt to 68326736 
Dealt to dfabaa58 
Dealt to 91f62144 
Dealt to f3886c1f 
Dealt to ebc6f770 
f3886c1f: folds
ebc6f770: folds
Hero: raises 3,200 to 6,400
31f2f65d: raises 8,000 to 14,400
b64cdac1: folds
68326736: folds
dfabaa58: folds
91f62144: folds
Hero: folds
Uncalled bet (8,000) returned to 31f2f65d
*** SHOWDOWN ***
31f2f65d collected 20,800 from pot
*** SUMMARY ***
Total pot 20,800 | Rake 0 | Jackpot 0 | Bingo 0 | Fortune 0 | Tax 0
Seat 1: Hero folded before Flop
Seat 2: 31f2f65d collected (20,800)
Seat 3: b64cdac1 folded before Flop
Seat 4: 68326736 (button) folded before Flop
Seat 5: dfabaa58 (small blind) folded before Flop
Seat 6: 91f62144 (big blind) folded before Flop
Seat 7: f3886c1f folded before Flop
Seat 8: ebc6f770 folded before Flop


Poker Hand #TM3001701899: Tournament #128423284, Daily Turbo $10 Hold'em No Limit - Level20(1,600/3,200) - 2024/02/24 20:04:18
Table '26' 8-max Seat #3 is the button
Seat 1: Hero (43,922 in chips)
Seat 2: 31f2f65d (144,326 in chips)
Seat 3: b64cdac1 (29,376 in chips)
Seat 4: 68326736 (68,970 in chips)
Seat 5: dfabaa58 (77,115 in chips)
Seat 6: 91f62144 (86,810 in chips)
Seat 7: f3886c1f (10,574 in chips)
91f62144: posts the ante 400
dfabaa58: posts the ante 400
Hero: posts the ante 400
31f2f65d: posts the ante 400
f3886c1f: posts the ante 400
b64cdac1: posts the ante 400
68326736: posts the ante 400
68326736: posts small blind 1,600
dfabaa58: posts big blind 3,200
*** HOLE CARDS ***
Dealt to Hero [3s Td]
Dealt to 31f2f65d 
Dealt to b64cdac1 
Dealt to 68326736 
Dealt to dfabaa58 
Dealt to 91f62144 
Dealt to f3886c1f 
91f62144: raises 3,200 to 6,400
f3886c1f: folds
Hero: folds
31f2f65d: folds
b64cdac1: folds
68326736: folds
dfabaa58: folds
Uncalled bet (3,200) returned to 91f62144
*** SHOWDOWN ***
91f62144 collected 10,800 from pot
*** SUMMARY ***
Total pot 10,800 | Rake 0 | Jackpot 0 | Bingo 0 | Fortune 0 | Tax 0
Seat 1: Hero folded before Flop
Seat 2: 31f2f65d folded before Flop
Seat 3: b64cdac1 (button) folded before Flop
Seat 4: 68326736 (small blind) folded before Flop
Seat 5: dfabaa58 (big blind) folded before Flop
Seat 6: 91f62144 collected (10,800)
Seat 7: f3886c1f folded before Flop


Poker Hand #TM3001701880: Tournament #128423284, Daily Turbo $10 Hold'em No Limit - Level20(1,600/3,200) - 2024/02/24 20:03:56
Table '26' 8-max Seat #1 is the button
Seat 1: Hero (44,322 in chips)
Seat 3: b64cdac1 (31,376 in chips)
Seat 4: 68326736 (65,370 in chips)
Seat 5: dfabaa58 (77,515 in chips)
Seat 6: 91f62144 (87,210 in chips)
Seat 7: f3886c1f (10,974 in chips)
91f62144: posts the ante 400
dfabaa58: posts the ante 400
Hero: posts the ante 400
f3886c1f: posts the ante 400
68326736: posts the ante 400
b64cdac1: posts the ante 400
b64cdac1: posts small blind 1,600
68326736: posts big blind 3,200
*** HOLE CARDS ***
Dealt to Hero [5h 4c]
Dealt to b64cdac1 
Dealt to 68326736 
Dealt to dfabaa58 
Dealt to 91f62144 
Dealt to f3886c1f 
dfabaa58: folds
91f62144: folds
f3886c1f: folds
Hero: folds
b64cdac1: folds
Uncalled bet (1,600) returned to 68326736
*** SHOWDOWN ***
68326736 collected 5,600 from pot
*** SUMMARY ***
Total pot 5,600 | Rake 0 | Jackpot 0 | Bingo 0 | Fortune 0 | Tax 0
Seat 1: Hero (button) folded before Flop
Seat 3: b64cdac1 (small blind) folded before Flop
Seat 4: 68326736 (big blind) collected (5,600)
Seat 5: dfabaa58 folded before Flop
Seat 6: 91f62144 folded before Flop
Seat 7: f3886c1f folded before Flop


Poker Hand #TM3001701834: Tournament #128423284, Daily Turbo $10 Hold'em No Limit - Level20(1,600/3,200) - 2024/02/24 20:03:10
Table '26' 8-max Seat #7 is the button
Seat 1: Hero (46,322 in chips)
Seat 3: b64cdac1 (27,776 in chips)
Seat 4: 68326736 (65,770 in chips)
Seat 5: dfabaa58 (77,915 in chips)
Seat 6: 91f62144 (87,610 in chips)
Seat 7: f3886c1f (11,374 in chips)
91f62144: posts the ante 400
dfabaa58: posts the ante 400
Hero: posts the ante 400
f3886c1f: posts the ante 400
68326736: posts the ante 400
b64cdac1: posts the ante 400
Hero: posts small blind 1,600
b64cdac1: posts big blind 3,200
*** HOLE CARDS ***
Dealt to Hero [8s 2s]
Dealt to b64cdac1 
Dealt to 68326736 
Dealt to dfabaa58 
Dealt to 91f62144 
Dealt to f3886c1f 
68326736: folds
dfabaa58: folds
91f62144: folds
f3886c1f: folds
Hero: folds
Uncalled bet (1,600) returned to b64cdac1
*** SHOWDOWN ***
b64cdac1 collected 5,600 from pot
*** SUMMARY ***
Total pot 5,600 | Rake 0 | Jackpot 0 | Bingo 0 | Fortune 0 | Tax 0
Seat 1: Hero (small blind) folded before Flop
Seat 3: b64cdac1 (big blind) collected (5,600)
Seat 4: 68326736 folded before Flop
Seat 5: dfabaa58 folded before Flop
Seat 6: 91f62144 folded before Flop
Seat 7: f3886c1f (button) folded before Flop


Poker Hand #TM3001701786: Tournament #128423284, Daily Turbo $10 Hold'em No Limit - Level19(1,400/2,800) - 2024/02/24 20:02:04
Table '26' 8-max Seat #6 is the button
Seat 1: Hero (30,397 in chips)
Seat 3: b64cdac1 (28,126 in chips)
Seat 4: 68326736 (66,120 in chips)
Seat 5: dfabaa58 (78,265 in chips)
Seat 6: 91f62144 (87,960 in chips)
Seat 7: f3886c1f (13,124 in chips)
Seat 8: 6e50975d (12,775 in chips)
91f62144: posts the ante 350
dfabaa58: posts the ante 350
Hero: posts the ante 350
f3886c1f: posts the ante 350
68326736: posts the ante 350
b64cdac1: posts the ante 350
6e50975d: posts the ante 350
f3886c1f: posts small blind 1,400
6e50975d: posts big blind 2,800
*** HOLE CARDS ***
Dealt to Hero [Ah Jc]
Dealt to b64cdac1 
Dealt to 68326736 
Dealt to dfabaa58 
Dealt to 91f62144 
Dealt to f3886c1f 
Dealt to 6e50975d 
Hero: raises 27,247 to 30,047 and is all-in
b64cdac1: folds
68326736: folds
dfabaa58: folds
91f62144: folds
f3886c1f: folds
6e50975d: calls 9,625 and is all-in
Uncalled bet (17,622) returned to Hero
Hero: shows [Ah Jc]
6e50975d: shows [9c 9s]
*** FLOP *** [Js Qs Jh]
*** TURN *** [Js Qs Jh] [Jd]
*** RIVER *** [Js Qs Jh Jd] [Td]
*** SHOWDOWN ***
Hero collected 28,700 from pot
*** SUMMARY ***
Total pot 28,700 | Rake 0 | Jackpot 0 | Bingo 0 | Fortune 0 | Tax 0
Board [Js Qs Jh Jd Td]
Seat 1: Hero showed [Ah Jc] and won (28,700) with Four Jacks
Seat 3: b64cdac1 folded before Flop
Seat 4: 68326736 folded before Flop
Seat 5: dfabaa58 folded before Flop
Seat 6: 91f62144 (button) folded before Flop
Seat 7: f3886c1f (small blind) folded before Flop
Seat 8: 6e50975d (big blind) showed [9c 9s] and lost with Jacks Full over Nines


Poker Hand #TM3001701731: Tournament #128423284, Daily Turbo $10 Hold'em No Limit - Level19(1,400/2,800) - 2024/02/24 20:01:15
Table '26' 8-max Seat #5 is the button
Seat 1: Hero (30,747 in chips)
Seat 3: b64cdac1 (28,476 in chips)
Seat 4: 68326736 (66,470 in chips)
Seat 5: dfabaa58 (84,775 in chips)
Seat 6: 91f62144 (76,900 in chips)
Seat 7: f3886c1f (16,274 in chips)
Seat 8: 6e50975d (13,125 in chips)
91f62144: posts the ante 350
dfabaa58: posts the ante 350
Hero: posts the ante 350
f3886c1f: posts the ante 350
68326736: posts the ante 350
b64cdac1: posts the ante 350
6e50975d: posts the ante 350
91f62144: posts small blind 1,400
f3886c1f: posts big blind 2,800
*** HOLE CARDS ***
Dealt to Hero [6h 2d]
Dealt to b64cdac1 
Dealt to 68326736 
Dealt to dfabaa58 
Dealt to 91f62144 
Dealt to f3886c1f 
Dealt to 6e50975d 
6e50975d: folds
Hero: folds
b64cdac1: folds
68326736: folds
dfabaa58: raises 3,360 to 6,160
91f62144: raises 31,640 to 37,800
f3886c1f: folds
dfabaa58: folds
Uncalled bet (31,640) returned to 91f62144
*** SHOWDOWN ***
91f62144 collected 17,570 from pot
*** SUMMARY ***
Total pot 17,570 | Rake 0 | Jackpot 0 | Bingo 0 | Fortune 0 | Tax 0
Seat 1: Hero folded before Flop
Seat 3: b64cdac1 folded before Flop
Seat 4: 68326736 folded before Flop
Seat 5: dfabaa58 (button) folded before Flop
Seat 6: 91f62144 (small blind) collected (17,570)
Seat 7: f3886c1f (big blind) folded before Flop
Seat 8: 6e50975d folded before Flop


Poker Hand #TM3001701700: Tournament #128423284, Daily Turbo $10 Hold'em No Limit - Level19(1,400/2,800) - 2024/02/24 19:54:49
Table '26' 8-max Seat #4 is the button
Seat 1: Hero (31,097 in chips)
Seat 3: b64cdac1 (28,826 in chips)
Seat 4: 68326736 (73,820 in chips)
Seat 5: dfabaa58 (72,875 in chips)
Seat 6: 91f62144 (80,050 in chips)
Seat 7: f3886c1f (16,624 in chips)
Seat 8: 6e50975d (13,475 in chips)
91f62144: posts the ante 350
dfabaa58: posts the ante 350
Hero: posts the ante 350
f3886c1f: posts the ante 350
68326736: posts the ante 350
b64cdac1: posts the ante 350
6e50975d: posts the ante 350
dfabaa58: posts small blind 1,400
91f62144: posts big blind 2,800
*** HOLE CARDS ***
Dealt to Hero [2s 8h]
Dealt to b64cdac1 
Dealt to 68326736 
Dealt to dfabaa58 
Dealt to 91f62144 
Dealt to f3886c1f 
Dealt to 6e50975d 
f3886c1f: folds
6e50975d: folds
Hero: folds
b64cdac1: folds
68326736: raises 4,200 to 7,000
dfabaa58: raises 65,525 to 72,525 and is all-in
91f62144: folds
68326736: folds
Uncalled bet (65,525) returned to dfabaa58
68326736: shows [Ah Jh]
*** SHOWDOWN ***
dfabaa58 collected 19,250 from pot
*** SUMMARY ***
Total pot 19,250 | Rake 0 | Jackpot 0 | Bingo 0 | Fortune 0 | Tax 0
Seat 1: Hero folded before Flop
Seat 3: b64cdac1 folded before Flop
Seat 4: 68326736 (button) folded before Flop
Seat 5: dfabaa58 (small blind) collected (19,250)
Seat 6: 91f62144 (big blind) folded before Flop
Seat 7: f3886c1f folded before Flop
Seat 8: 6e50975d folded before Flop


Poker Hand #TM3001701627: Tournament #128423284, Daily Turbo $10 Hold'em No Limit - Level19(1,400/2,800) - 2024/02/24 19:53:34
Table '26' 8-max Seat #3 is the button
Seat 1: Hero (31,447 in chips)
Seat 2: 8c0cfed1 (13,727 in chips)
Seat 3: b64cdac1 (29,176 in chips)
Seat 4: 68326736 (75,570 in chips)
Seat 5: dfabaa58 (55,648 in chips)
Seat 6: 91f62144 (80,400 in chips)
Seat 7: f3886c1f (16,974 in chips)
Seat 8: 6e50975d (13,825 in chips)
8c0cfed1: posts the ante 350
91f62144: posts the ante 350
dfabaa58: posts the ante 350
Hero: posts the ante 350
f3886c1f: posts the ante 350
b64cdac1: posts the ante 350
68326736: posts the ante 350
6e50975d: posts the ante 350
68326736: posts small blind 1,400
dfabaa58: posts big blind 2,800
*** HOLE CARDS ***
Dealt to Hero [5d Jc]
Dealt to 8c0cfed1 
Dealt to b64cdac1 
Dealt to 68326736 
Dealt to dfabaa58 
Dealt to 91f62144 
Dealt to f3886c1f 
Dealt to 6e50975d 
91f62144: folds
f3886c1f: folds
6e50975d: folds
Hero: folds
8c0cfed1: raises 10,577 to 13,377 and is all-in
b64cdac1: folds
68326736: folds
dfabaa58: calls 10,577
8c0cfed1: shows [5s Ac]
dfabaa58: shows [3d Ah]
*** FLOP *** [7d 3h Tc]
*** TURN *** [7d 3h Tc] [Kc]
*** RIVER *** [7d 3h Tc Kc] [8h]
*** SHOWDOWN ***
dfabaa58 collected 30,954 from pot
*** SUMMARY ***
Total pot 30,954 | Rake 0 | Jackpot 0 | Bingo 0 | Fortune 0 | Tax 0
Board [7d 3h Tc Kc 8h]
Seat 1: Hero folded before Flop
Seat 2: 8c0cfed1 showed [5s Ac] and lost with Ace-High
Seat 3: b64cdac1 (button) folded before Flop
Seat 4: 68326736 (small blind) folded before Flop
Seat 5: dfabaa58 (big blind) showed [3d Ah] and won (30,954) with Pair of Treys
Seat 6: 91f62144 folded before Flop
Seat 7: f3886c1f folded before Flop
Seat 8: 6e50975d folded before Flop


Poker Hand #TM3001701559: Tournament #128423284, Daily Turbo $10 Hold'em No Limit - Level19(1,400/2,800) - 2024/02/24 19:52:28
Table '26' 8-max Seat #2 is the button
Seat 1: Hero (31,797 in chips)
Seat 2: 8c0cfed1 (19,064 in chips)
Seat 3: b64cdac1 (30,926 in chips)
Seat 4: 68326736 (78,720 in chips)
Seat 5: dfabaa58 (55,998 in chips)
Seat 6: 91f62144 (80,750 in chips)
Seat 7: f3886c1f (5,337 in chips)
Seat 8: 6e50975d (14,175 in chips)
8c0cfed1: posts the ante 350
91f62144: posts the ante 350
dfabaa58: posts the ante 350
Hero: posts the ante 350
f3886c1f: posts the ante 350
68326736: posts the ante 350
b64cdac1: posts the ante 350
6e50975d: posts the ante 350
b64cdac1: posts small blind 1,400
68326736: posts big blind 2,800
*** HOLE CARDS ***
Dealt to Hero [9c 4h]
Dealt to 8c0cfed1 
Dealt to b64cdac1 
Dealt to 68326736 
Dealt to dfabaa58 
Dealt to 91f62144 
Dealt to f3886c1f 
Dealt to 6e50975d 
dfabaa58: folds
91f62144: folds
f3886c1f: raises 2,187 to 4,987 and is all-in
6e50975d: folds
Hero: folds
8c0cfed1: raises 13,727 to 18,714 and is all-in
b64cdac1: folds
68326736: folds
Uncalled bet (13,727) returned to 8c0cfed1
8c0cfed1: shows [6d 6h]
f3886c1f: shows [As Kc]
*** FLOP *** [Qh 3s 7d]
*** TURN *** [Qh 3s 7d] [Ac]
*** RIVER *** [Qh 3s 7d Ac] [Ad]
*** SHOWDOWN ***
f3886c1f collected 16,974 from pot
*** SUMMARY ***
Total pot 16,974 | Rake 0 | Jackpot 0 | Bingo 0 | Fortune 0 | Tax 0
Board [Qh 3s 7d Ac Ad]
Seat 1: Hero folded before Flop
Seat 2: 8c0cfed1 (button) showed [6d 6h] and lost with Pair of Aces and Pair of Sixes
Seat 3: b64cdac1 (small blind) folded before Flop
Seat 4: 68326736 (big blind) folded before Flop
Seat 5: dfabaa58 folded before Flop
Seat 6: 91f62144 folded before Flop
Seat 7: f3886c1f showed [As Kc] and won (16,974) with Three Aces
Seat 8: 6e50975d folded before Flop


Poker Hand #TM3001701512: Tournament #128423284, Daily Turbo $10 Hold'em No Limit - Level19(1,400/2,800) - 2024/02/24 19:51:34
Table '26' 8-max Seat #1 is the button
Seat 1: Hero (32,147 in chips)
Seat 2: 8c0cfed1 (20,814 in chips)
Seat 3: b64cdac1 (34,076 in chips)
Seat 4: 68326736 (72,070 in chips)
Seat 5: dfabaa58 (56,348 in chips)
Seat 6: 91f62144 (81,100 in chips)
Seat 7: f3886c1f (5,687 in chips)
Seat 8: 6e50975d (14,525 in chips)
91f62144: posts the ante 350
8c0cfed1: posts the ante 350
dfabaa58: posts the ante 350
Hero: posts the ante 350
f3886c1f: posts the ante 350
68326736: posts the ante 350
b64cdac1: posts the ante 350
6e50975d: posts the ante 350
8c0cfed1: posts small blind 1,400
b64cdac1: posts big blind 2,800
*** HOLE CARDS ***
Dealt to Hero [4s Ks]
Dealt to 8c0cfed1 
Dealt to b64cdac1 
Dealt to 68326736 
Dealt to dfabaa58 
Dealt to 91f62144 
Dealt to f3886c1f 
Dealt to 6e50975d 
68326736: raises 4,200 to 7,000
dfabaa58: folds
91f62144: folds
f3886c1f: folds
6e50975d: folds
Hero: folds
8c0cfed1: folds
b64cdac1: folds
Uncalled bet (4,200) returned to 68326736
*** SHOWDOWN ***
68326736 collected 9,800 from pot
*** SUMMARY ***
Total pot 9,800 | Rake 0 | Jackpot 0 | Bingo 0 | Fortune 0 | Tax 0
Seat 1: Hero (button) folded before Flop
Seat 2: 8c0cfed1 (small blind) folded before Flop
Seat 3: b64cdac1 (big blind) folded before Flop
Seat 4: 68326736 collected (9,800)
Seat 5: dfabaa58 folded before Flop
Seat 6: 91f62144 folded before Flop
Seat 7: f3886c1f folded before Flop
Seat 8: 6e50975d folded before Flop


Poker Hand #TM3001701485: Tournament #128423284, Daily Turbo $10 Hold'em No Limit - Level19(1,400/2,800) - 2024/02/24 19:51:07
Table '26' 8-max Seat #8 is the button
Seat 1: Hero (33,897 in chips)
Seat 2: 8c0cfed1 (23,964 in chips)
Seat 3: b64cdac1 (27,776 in chips)
Seat 4: 68326736 (72,420 in chips)
Seat 5: dfabaa58 (56,698 in chips)
Seat 6: 91f62144 (81,450 in chips)
Seat 8: 6e50975d (14,875 in chips)
91f62144: posts the ante 350
8c0cfed1: posts the ante 350
dfabaa58: posts the ante 350
Hero: posts the ante 350
68326736: posts the ante 350
b64cdac1: posts the ante 350
6e50975d: posts the ante 350
Hero: posts small blind 1,400
8c0cfed1: posts big blind 2,800
*** HOLE CARDS ***
Dealt to Hero [Th 5h]
Dealt to 8c0cfed1 
Dealt to b64cdac1 
Dealt to 68326736 
Dealt to dfabaa58 
Dealt to 91f62144 
Dealt to 6e50975d 
b64cdac1: raises 2,800 to 5,600
68326736: folds
dfabaa58: folds
91f62144: folds
6e50975d: folds
Hero: folds
8c0cfed1: folds
Uncalled bet (2,800) returned to b64cdac1
*** SHOWDOWN ***
b64cdac1 collected 9,450 from pot
*** SUMMARY ***
Total pot 9,450 | Rake 0 | Jackpot 0 | Bingo 0 | Fortune 0 | Tax 0
Seat 1: Hero (small blind) folded before Flop
Seat 2: 8c0cfed1 (big blind) folded before Flop
Seat 3: b64cdac1 collected (9,450)
Seat 4: 68326736 folded before Flop
Seat 5: dfabaa58 folded before Flop
Seat 6: 91f62144 folded before Flop
Seat 8: 6e50975d (button) folded before Flop


Poker Hand #TM3001701456: Tournament #128423284, Daily Turbo $10 Hold'em No Limit - Level18(1,200/2,400) - 2024/02/24 19:50:35
Table '26' 8-max Seat #6 is the button
Seat 1: Hero (36,597 in chips)
Seat 2: 8c0cfed1 (24,264 in chips)
Seat 3: b64cdac1 (28,076 in chips)
Seat 4: 68326736 (77,520 in chips)
Seat 5: dfabaa58 (46,498 in chips)
Seat 6: 91f62144 (81,750 in chips)
Seat 8: 6e50975d (16,375 in chips)
91f62144: posts the ante 300
8c0cfed1: posts the ante 300
dfabaa58: posts the ante 300
Hero: posts the ante 300
68326736: posts the ante 300
b64cdac1: posts the ante 300
6e50975d: posts the ante 300
6e50975d: posts small blind 1,200
Hero: posts big blind 2,400
*** HOLE CARDS ***
Dealt to Hero [5c Ks]
Dealt to 8c0cfed1 
Dealt to b64cdac1 
Dealt to 68326736 
Dealt to dfabaa58 
Dealt to 91f62144 
Dealt to 6e50975d 
8c0cfed1: folds
b64cdac1: folds
68326736: raises 2,400 to 4,800
dfabaa58: raises 41,398 to 46,198 and is all-in
91f62144: folds
6e50975d: folds
Hero: folds
68326736: folds
Uncalled bet (41,398) returned to dfabaa58
*** SHOWDOWN ***
dfabaa58 collected 15,300 from pot
*** SUMMARY ***
Total pot 15,300 | Rake 0 | Jackpot 0 | Bingo 0 | Fortune 0 | Tax 0
Seat 1: Hero (big blind) folded before Flop
Seat 2: 8c0cfed1 folded before Flop
Seat 3: b64cdac1 folded before Flop
Seat 4: 68326736 folded before Flop
Seat 5: dfabaa58 collected (15,300)
Seat 6: 91f62144 (button) folded before Flop
Seat 8: 6e50975d (small blind) folded before Flop


Poker Hand #TM3001701415: Tournament #128423284, Daily Turbo $10 Hold'em No Limit - Level18(1,200/2,400) - 2024/02/24 19:49:53
Table '26' 8-max Seat #5 is the button
Seat 1: Hero (31,752 in chips)
Seat 2: 8c0cfed1 (24,564 in chips)
Seat 3: b64cdac1 (28,376 in chips)
Seat 4: 68326736 (77,820 in chips)
Seat 5: dfabaa58 (46,798 in chips)
Seat 6: 91f62144 (83,250 in chips)
Seat 7: 325f0b82 (1,845 in chips)
Seat 8: 6e50975d (16,675 in chips)
8c0cfed1: posts the ante 300
91f62144: posts the ante 300
dfabaa58: posts the ante 300
Hero: posts the ante 300
325f0b82: posts the ante 300
68326736: posts the ante 300
b64cdac1: posts the ante 300
6e50975d: posts the ante 300
91f62144: posts small blind 1,200
325f0b82: posts big blind 1,545
*** HOLE CARDS ***
Dealt to Hero [Ac Jh]
Dealt to 8c0cfed1 
Dealt to b64cdac1 
Dealt to 68326736 
Dealt to dfabaa58 
Dealt to 91f62144 
Dealt to 325f0b82 
Dealt to 6e50975d 
6e50975d: folds
Hero: raises 29,052 to 31,452 and is all-in
8c0cfed1: folds
b64cdac1: folds
68326736: folds
dfabaa58: folds
91f62144: folds
325f0b82: folds
Uncalled bet (29,907) returned to Hero
*** SHOWDOWN ***
Hero collected 6,690 from pot
*** SUMMARY ***
Total pot 6,690 | Rake 0 | Jackpot 0 | Bingo 0 | Fortune 0 | Tax 0
Seat 1: Hero collected (6,690)
Seat 2: 8c0cfed1 folded before Flop
Seat 3: b64cdac1 folded before Flop
Seat 4: 68326736 folded before Flop
Seat 5: dfabaa58 (button) folded before Flop
Seat 6: 91f62144 (small blind) folded before Flop
Seat 7: 325f0b82 (big blind) folded before Flop
Seat 8: 6e50975d folded before Flop


Poker Hand #TM3001701405: Tournament #128423284, Daily Turbo $10 Hold'em No Limit - Level18(1,200/2,400) - 2024/02/24 19:49:37
Table '26' 8-max Seat #4 is the button
Seat 1: Hero (32,052 in chips)
Seat 2: 8c0cfed1 (24,864 in chips)
Seat 3: b64cdac1 (28,676 in chips)
Seat 4: 68326736 (78,120 in chips)
Seat 5: dfabaa58 (48,298 in chips)
Seat 6: 91f62144 (79,950 in chips)
Seat 7: 325f0b82 (2,145 in chips)
Seat 8: 6e50975d (16,975 in chips)
8c0cfed1: posts the ante 300
91f62144: posts the ante 300
dfabaa58: posts the ante 300
Hero: posts the ante 300
325f0b82: posts the ante 300
68326736: posts the ante 300
b64cdac1: posts the ante 300
6e50975d: posts the ante 300
dfabaa58: posts small blind 1,200
91f62144: posts big blind 2,400
*** HOLE CARDS ***
Dealt to Hero [7s 4c]
Dealt to 8c0cfed1 
Dealt to b64cdac1 
Dealt to 68326736 
Dealt to dfabaa58 
Dealt to 91f62144 
Dealt to 325f0b82 
Dealt to 6e50975d 
325f0b82: folds
6e50975d: folds
Hero: folds
8c0cfed1: folds
b64cdac1: folds
68326736: folds
dfabaa58: folds
Uncalled bet (1,200) returned to 91f62144
*** SHOWDOWN ***
91f62144 collected 4,800 from pot
*** SUMMARY ***
Total pot 4,800 | Rake 0 | Jackpot 0 | Bingo 0 | Fortune 0 | Tax 0
Seat 1: Hero folded before Flop
Seat 2: 8c0cfed1 folded before Flop
Seat 3: b64cdac1 folded before Flop
Seat 4: 68326736 (button) folded before Flop
Seat 5: dfabaa58 (small blind) folded before Flop
Seat 6: 91f62144 (big blind) collected (4,800)
Seat 7: 325f0b82 folded before Flop
Seat 8: 6e50975d folded before Flop


Poker Hand #TM3001701353: Tournament #128423284, Daily Turbo $10 Hold'em No Limit - Level18(1,200/2,400) - 2024/02/24 19:48:43
Table '26' 8-max Seat #3 is the button
Seat 1: Hero (32,352 in chips)
Seat 2: 8c0cfed1 (25,164 in chips)
Seat 3: b64cdac1 (28,976 in chips)
Seat 4: 68326736 (80,820 in chips)
Seat 5: dfabaa58 (43,798 in chips)
Seat 6: 91f62144 (80,250 in chips)
Seat 7: 325f0b82 (2,445 in chips)
Seat 8: 6e50975d (17,275 in chips)
8c0cfed1: posts the ante 300
91f62144: posts the ante 300
dfabaa58: posts the ante 300
Hero: posts the ante 300
325f0b82: posts the ante 300
b64cdac1: posts the ante 300
68326736: posts the ante 300
6e50975d: posts the ante 300
68326736: posts small blind 1,200
dfabaa58: posts big blind 2,400
*** HOLE CARDS ***
Dealt to Hero [Ah 3s]
Dealt to 8c0cfed1 
Dealt to b64cdac1 
Dealt to 68326736 
Dealt to dfabaa58 
Dealt to 91f62144 
Dealt to 325f0b82 
Dealt to 6e50975d 
91f62144: folds
325f0b82: folds
6e50975d: folds
Hero: folds
8c0cfed1: folds
b64cdac1: folds
68326736: calls 1,200
dfabaa58: raises 7,152 to 9,552
68326736: folds
Uncalled bet (7,152) returned to dfabaa58
*** SHOWDOWN ***
dfabaa58 collected 7,200 from pot
*** SUMMARY ***
Total pot 7,200 | Rake 0 | Jackpot 0 | Bingo 0 | Fortune 0 | Tax 0
Seat 1: Hero folded before Flop
Seat 2: 8c0cfed1 folded before Flop
Seat 3: b64cdac1 (button) folded before Flop
Seat 4: 68326736 (small blind) folded before Flop
Seat 5: dfabaa58 (big blind) collected (7,200)
Seat 6: 91f62144 folded before Flop
Seat 7: 325f0b82 folded before Flop
Seat 8: 6e50975d folded before Flop


Poker Hand #TM3001701337: Tournament #128423284, Daily Turbo $10 Hold'em No Limit - Level18(1,200/2,400) - 2024/02/24 19:48:28
Table '26' 8-max Seat #2 is the button
Seat 1: Hero (32,652 in chips)
Seat 2: 8c0cfed1 (25,464 in chips)
Seat 3: b64cdac1 (30,476 in chips)
Seat 4: 68326736 (77,820 in chips)
Seat 5: dfabaa58 (44,098 in chips)
Seat 6: 91f62144 (80,550 in chips)
Seat 7: 325f0b82 (2,745 in chips)
8c0cfed1: posts the ante 300
91f62144: posts the ante 300
dfabaa58: posts the ante 300
Hero: posts the ante 300
325f0b82: posts the ante 300
68326736: posts the ante 300
b64cdac1: posts the ante 300
b64cdac1: posts small blind 1,200
68326736: posts big blind 2,400
*** HOLE CARDS ***
Dealt to Hero [8c Th]
Dealt to 8c0cfed1 
Dealt to b64cdac1 
Dealt to 68326736 
Dealt to dfabaa58 
Dealt to 91f62144 
Dealt to 325f0b82 
dfabaa58: folds
91f62144: folds
325f0b82: folds
Hero: folds
8c0cfed1: folds
b64cdac1: folds
Uncalled bet (1,200) returned to 68326736
*** SHOWDOWN ***
68326736 collected 4,500 from pot
*** SUMMARY ***
Total pot 4,500 | Rake 0 | Jackpot 0 | Bingo 0 | Fortune 0 | Tax 0
Seat 1: Hero folded before Flop
Seat 2: 8c0cfed1 (button) folded before Flop
Seat 3: b64cdac1 (small blind) folded before Flop
Seat 4: 68326736 (big blind) collected (4,500)
Seat 5: dfabaa58 folded before Flop
Seat 6: 91f62144 folded before Flop
Seat 7: 325f0b82 folded before Flop


Poker Hand #TM3001701318: Tournament #128423284, Daily Turbo $10 Hold'em No Limit - Level18(1,200/2,400) - 2024/02/24 19:48:09
Table '26' 8-max Seat #1 is the button
Seat 1: Hero (32,952 in chips)
Seat 2: 8c0cfed1 (21,264 in chips)
Seat 3: b64cdac1 (33,176 in chips)
Seat 4: 68326736 (78,120 in chips)
Seat 5: dfabaa58 (44,398 in chips)
Seat 6: 91f62144 (80,850 in chips)
Seat 7: 325f0b82 (3,045 in chips)
91f62144: posts the ante 300
8c0cfed1: posts the ante 300
dfabaa58: posts the ante 300
Hero: posts the ante 300
325f0b82: posts the ante 300
68326736: posts the ante 300
b64cdac1: posts the ante 300
8c0cfed1: posts small blind 1,200
b64cdac1: posts big blind 2,400
*** HOLE CARDS ***
Dealt to Hero [5c 3s]
Dealt to 8c0cfed1 
Dealt to b64cdac1 
Dealt to 68326736 
Dealt to dfabaa58 
Dealt to 91f62144 
Dealt to 325f0b82 
68326736: folds
dfabaa58: folds
91f62144: folds
325f0b82: folds
Hero: folds
8c0cfed1: raises 18,564 to 20,964 and is all-in
b64cdac1: folds
Uncalled bet (18,564) returned to 8c0cfed1
*** SHOWDOWN ***
8c0cfed1 collected 6,900 from pot
*** SUMMARY ***
Total pot 6,900 | Rake 0 | Jackpot 0 | Bingo 0 | Fortune 0 | Tax 0
Seat 1: Hero (button) folded before Flop
Seat 2: 8c0cfed1 (small blind) collected (6,900)
Seat 3: b64cdac1 (big blind) folded before Flop
Seat 4: 68326736 folded before Flop
Seat 5: dfabaa58 folded before Flop
Seat 6: 91f62144 folded before Flop
Seat 7: 325f0b82 folded before Flop


Poker Hand #TM3001701284: Tournament #128423284, Daily Turbo $10 Hold'em No Limit - Level18(1,200/2,400) - 2024/02/24 19:47:36
Table '26' 8-max Seat #7 is the button
Seat 1: Hero (34,452 in chips)
Seat 2: 8c0cfed1 (23,964 in chips)
Seat 3: b64cdac1 (27,776 in chips)
Seat 4: 68326736 (78,420 in chips)
Seat 5: dfabaa58 (44,698 in chips)
Seat 6: 91f62144 (81,150 in chips)
Seat 7: 325f0b82 (3,345 in chips)
91f62144: posts the ante 300
8c0cfed1: posts the ante 300
dfabaa58: posts the ante 300
Hero: posts the ante 300
325f0b82: posts the ante 300
68326736: posts the ante 300
b64cdac1: posts the ante 300
Hero: posts small blind 1,200
8c0cfed1: posts big blind 2,400
*** HOLE CARDS ***
Dealt to Hero [Qs 8s]
Dealt to 8c0cfed1 
Dealt to b64cdac1 
Dealt to 68326736 
Dealt to dfabaa58 
Dealt to 91f62144 
Dealt to 325f0b82 
b64cdac1: raises 2,400 to 4,800
68326736: folds
dfabaa58: folds
91f62144: folds
325f0b82: folds
Hero: folds
8c0cfed1: folds
Uncalled bet (2,400) returned to b64cdac1
*** SHOWDOWN ***
b64cdac1 collected 8,100 from pot
*** SUMMARY ***
Total pot 8,100 | Rake 0 | Jackpot 0 | Bingo 0 | Fortune 0 | Tax 0
Seat 1: Hero (small blind) folded before Flop
Seat 2: 8c0cfed1 (big blind) folded before Flop
Seat 3: b64cdac1 collected (8,100)
Seat 4: 68326736 folded before Flop
Seat 5: dfabaa58 folded before Flop
Seat 6: 91f62144 folded before Flop
Seat 7: 325f0b82 (button) folded before Flop


Poker Hand #TM3001701270: Tournament #128423284, Daily Turbo $10 Hold'em No Limit - Level18(1,200/2,400) - 2024/02/24 19:47:23
Table '26' 8-max Seat #5 is the button
Seat 1: Hero (31,752 in chips)
Seat 2: 8c0cfed1 (24,264 in chips)
Seat 3: b64cdac1 (28,076 in chips)
Seat 4: 68326736 (78,720 in chips)
Seat 5: dfabaa58 (44,998 in chips)
Seat 7: 325f0b82 (4,845 in chips)
8c0cfed1: posts the ante 300
dfabaa58: posts the ante 300
Hero: posts the ante 300
325f0b82: posts the ante 300
68326736: posts the ante 300
b64cdac1: posts the ante 300
325f0b82: posts small blind 1,200
Hero: posts big blind 2,400
*** HOLE CARDS ***
Dealt to Hero [9s 9h]
Dealt to 8c0cfed1 
Dealt to b64cdac1 
Dealt to 68326736 
Dealt to dfabaa58 
Dealt to 325f0b82 
8c0cfed1: folds
b64cdac1: folds
68326736: folds
dfabaa58: folds
325f0b82: folds
Uncalled bet (1,200) returned to Hero
*** SHOWDOWN ***
Hero collected 4,200 from pot
*** SUMMARY ***
Total pot 4,200 | Rake 0 | Jackpot 0 | Bingo 0 | Fortune 0 | Tax 0
Seat 1: Hero (big blind) collected (4,200)
Seat 2: 8c0cfed1 folded before Flop
Seat 3: b64cdac1 folded before Flop
Seat 4: 68326736 folded before Flop
Seat 5: dfabaa58 (button) folded before Flop
Seat 7: 325f0b82 (small blind) folded before Flop


Poker Hand #TM3001701217: Tournament #128423284, Daily Turbo $10 Hold'em No Limit - Level18(1,200/2,400) - 2024/02/24 19:46:23
Table '26' 8-max Seat #4 is the button
Seat 1: Hero (32,052 in chips)
Seat 2: 8c0cfed1 (24,564 in chips)
Seat 3: b64cdac1 (28,376 in chips)
Seat 4: 68326736 (69,918 in chips)
Seat 5: dfabaa58 (46,498 in chips)
Seat 6: d52fff0f (6,102 in chips)
Seat 7: 325f0b82 (5,145 in chips)
8c0cfed1: posts the ante 300
d52fff0f: posts the ante 300
dfabaa58: posts the ante 300
Hero: posts the ante 300
325f0b82: posts the ante 300
68326736: posts the ante 300
b64cdac1: posts the ante 300
dfabaa58: posts small blind 1,200
d52fff0f: posts big blind 2,400
*** HOLE CARDS ***
Dealt to Hero [5c Qd]
Dealt to 8c0cfed1 
Dealt to b64cdac1 
Dealt to 68326736 
Dealt to dfabaa58 
Dealt to d52fff0f 
Dealt to 325f0b82 
325f0b82: folds
Hero: folds
8c0cfed1: folds
b64cdac1: folds
68326736: raises 2,400 to 4,800
dfabaa58: folds
d52fff0f: raises 1,002 to 5,802 and is all-in
68326736: calls 1,002
d52fff0f: shows [9c Qc]
68326736: shows [8d 4d]
*** FLOP *** [6s 7h 8s]
*** TURN *** [6s 7h 8s] [Jh]
*** RIVER *** [6s 7h 8s Jh] [3s]
*** SHOWDOWN ***
68326736 collected 14,904 from pot
*** SUMMARY ***
Total pot 14,904 | Rake 0 | Jackpot 0 | Bingo 0 | Fortune 0 | Tax 0
Board [6s 7h 8s Jh 3s]
Seat 1: Hero folded before Flop
Seat 2: 8c0cfed1 folded before Flop
Seat 3: b64cdac1 folded before Flop
Seat 4: 68326736 (button) showed [8d 4d] and won (14,904) with Pair of Eights
Seat 5: dfabaa58 (small blind) folded before Flop
Seat 6: d52fff0f (big blind) showed [9c Qc] and lost with Queen-High
Seat 7: 325f0b82 folded before Flop


Poker Hand #TM3001701184: Tournament #128423284, Daily Turbo $10 Hold'em No Limit - Level17(1,000/2,000) - 2024/02/24 19:45:52
Table '26' 8-max Seat #3 is the button
Seat 1: Hero (27,552 in chips)
Seat 2: 8c0cfed1 (24,814 in chips)
Seat 3: b64cdac1 (28,626 in chips)
Seat 4: 68326736 (71,168 in chips)
Seat 5: dfabaa58 (48,748 in chips)
Seat 6: d52fff0f (6,352 in chips)
Seat 7: 325f0b82 (5,395 in chips)
8c0cfed1: posts the ante 250
d52fff0f: posts the ante 250
dfabaa58: posts the ante 250
Hero: posts the ante 250
325f0b82: posts the ante 250
b64cdac1: posts the ante 250
68326736: posts the ante 250
68326736: posts small blind 1,000
dfabaa58: posts big blind 2,000
*** HOLE CARDS ***
Dealt to Hero [Jd Jh]
Dealt to 8c0cfed1 
Dealt to b64cdac1 
Dealt to 68326736 
Dealt to dfabaa58 
Dealt to d52fff0f 
Dealt to 325f0b82 
d52fff0f: folds
325f0b82: folds
Hero: raises 2,000 to 4,000
8c0cfed1: folds
b64cdac1: folds
68326736: folds
dfabaa58: folds
Uncalled bet (2,000) returned to Hero
*** SHOWDOWN ***
Hero collected 6,750 from pot
*** SUMMARY ***
Total pot 6,750 | Rake 0 | Jackpot 0 | Bingo 0 | Fortune 0 | Tax 0
Seat 1: Hero collected (6,750)
Seat 2: 8c0cfed1 folded before Flop
Seat 3: b64cdac1 (button) folded before Flop
Seat 4: 68326736 (small blind) folded before Flop
Seat 5: dfabaa58 (big blind) folded before Flop
Seat 6: d52fff0f folded before Flop
Seat 7: 325f0b82 folded before Flop


Poker Hand #TM3001701072: Tournament #128423284, Daily Turbo $10 Hold'em No Limit - Level17(1,000/2,000) - 2024/02/24 19:43:59
Table '26' 8-max Seat #2 is the button
Seat 1: Hero (62,011 in chips)
Seat 2: 8c0cfed1 (25,064 in chips)
Seat 3: b64cdac1 (29,876 in chips)
Seat 4: 68326736 (34,459 in chips)
Seat 5: dfabaa58 (48,998 in chips)
Seat 6: d52fff0f (6,602 in chips)
Seat 7: 325f0b82 (5,645 in chips)
8c0cfed1: posts the ante 250
d52fff0f: posts the ante 250
dfabaa58: posts the ante 250
Hero: posts the ante 250
325f0b82: posts the ante 250
68326736: posts the ante 250
b64cdac1: posts the ante 250
b64cdac1: posts small blind 1,000
68326736: posts big blind 2,000
*** HOLE CARDS ***
Dealt to Hero [Ah Qd]
Dealt to 8c0cfed1 
Dealt to b64cdac1 
Dealt to 68326736 
Dealt to dfabaa58 
Dealt to d52fff0f 
Dealt to 325f0b82 
dfabaa58: folds
d52fff0f: folds
325f0b82: folds
Hero: raises 2,000 to 4,000
8c0cfed1: folds
b64cdac1: folds
68326736: raises 8,000 to 12,000
Hero: calls 8,000
*** FLOP *** [Kh 5h 8d]
68326736: checks
Hero: checks
*** TURN *** [Kh 5h 8d] [Ts]
68326736: bets 13,375
Hero: calls 13,375
*** RIVER *** [Kh 5h 8d Ts] [Qc]
68326736: bets 8,834 and is all-in
Hero: calls 8,834
68326736: shows [Ad Ks] (Pair of Kings)
Hero: shows [Ah Qd] (Pair of Queens)
*** SHOWDOWN ***
68326736 collected 71,168 from pot
*** SUMMARY ***
Total pot 71,168 | Rake 0 | Jackpot 0 | Bingo 0 | Fortune 0 | Tax 0
Board [Kh 5h 8d Ts Qc]
Seat 1: Hero showed [Ah Qd] and lost with Pair of Queens
Seat 2: 8c0cfed1 (button) folded before Flop
Seat 3: b64cdac1 (small blind) folded before Flop
Seat 4: 68326736 (big blind) showed [Ad Ks] and won (71,168) with Pair of Kings
Seat 5: dfabaa58 folded before Flop
Seat 6: d52fff0f folded before Flop
Seat 7: 325f0b82 folded before Flop


Poker Hand #TM3001701030: Tournament #128423284, Daily Turbo $10 Hold'em No Limit - Level17(1,000/2,000) - 2024/02/24 19:43:11
Table '26' 8-max Seat #1 is the button
Seat 1: Hero (57,511 in chips)
Seat 2: 8c0cfed1 (26,314 in chips)
Seat 3: b64cdac1 (32,126 in chips)
Seat 4: 68326736 (34,709 in chips)
Seat 5: dfabaa58 (49,248 in chips)
Seat 6: d52fff0f (6,852 in chips)
Seat 7: 325f0b82 (5,895 in chips)
8c0cfed1: posts the ante 250
d52fff0f: posts the ante 250
dfabaa58: posts the ante 250
Hero: posts the ante 250
325f0b82: posts the ante 250
68326736: posts the ante 250
b64cdac1: posts the ante 250
8c0cfed1: posts small blind 1,000
b64cdac1: posts big blind 2,000
*** HOLE CARDS ***
Dealt to Hero [Td Ks]
Dealt to 8c0cfed1 
Dealt to b64cdac1 
Dealt to 68326736 
Dealt to dfabaa58 
Dealt to d52fff0f 
Dealt to 325f0b82 
68326736: folds
dfabaa58: folds
d52fff0f: folds
325f0b82: folds
Hero: raises 55,261 to 57,261 and is all-in
8c0cfed1: folds
b64cdac1: folds
Uncalled bet (55,261) returned to Hero
*** SHOWDOWN ***
Hero collected 6,750 from pot
*** SUMMARY ***
Total pot 6,750 | Rake 0 | Jackpot 0 | Bingo 0 | Fortune 0 | Tax 0
Seat 1: Hero (button) collected (6,750)
Seat 2: 8c0cfed1 (small blind) folded before Flop
Seat 3: b64cdac1 (big blind) folded before Flop
Seat 4: 68326736 folded before Flop
Seat 5: dfabaa58 folded before Flop
Seat 6: d52fff0f folded before Flop
Seat 7: 325f0b82 folded before Flop


Poker Hand #TM3001700986: Tournament #128423284, Daily Turbo $10 Hold'em No Limit - Level17(1,000/2,000) - 2024/02/24 19:42:26
Table '26' 8-max Seat #8 is the button
Seat 1: Hero (29,275 in chips)
Seat 2: 8c0cfed1 (28,564 in chips)
Seat 3: b64cdac1 (32,376 in chips)
Seat 5: dfabaa58 (49,498 in chips)
Seat 6: d52fff0f (7,102 in chips)
Seat 7: 325f0b82 (6,145 in chips)
Seat 8: 11cea7d7 (24,986 in chips)
8c0cfed1: posts the ante 250
d52fff0f: posts the ante 250
dfabaa58: posts the ante 250
Hero: posts the ante 250
325f0b82: posts the ante 250
11cea7d7: posts the ante 250
b64cdac1: posts the ante 250
Hero: posts small blind 1,000
8c0cfed1: posts big blind 2,000
*** HOLE CARDS ***
Dealt to Hero [Qs Ad]
Dealt to 8c0cfed1 
Dealt to b64cdac1 
Dealt to dfabaa58 
Dealt to d52fff0f 
Dealt to 325f0b82 
Dealt to 11cea7d7 
b64cdac1: folds
dfabaa58: folds
d52fff0f: folds
325f0b82: folds
11cea7d7: raises 22,736 to 24,736 and is all-in
Hero: raises 4,289 to 29,025 and is all-in
8c0cfed1: folds
Uncalled bet (4,289) returned to Hero
Hero: shows [Qs Ad]
11cea7d7: shows [Js Qc]
*** FLOP *** [8s 5h 6h]
*** TURN *** [8s 5h 6h] [Th]
*** RIVER *** [8s 5h 6h Th] [Kc]
*** SHOWDOWN ***
Hero collected 53,222 from pot
*** SUMMARY ***
Total pot 53,222 | Rake 0 | Jackpot 0 | Bingo 0 | Fortune 0 | Tax 0
Board [8s 5h 6h Th Kc]
Seat 1: Hero (small blind) showed [Qs Ad] and won (53,222) with Ace-High
Seat 2: 8c0cfed1 (big blind) folded before Flop
Seat 3: b64cdac1 folded before Flop
Seat 5: dfabaa58 folded before Flop
Seat 6: d52fff0f folded before Flop
Seat 7: 325f0b82 folded before Flop
Seat 8: 11cea7d7 (button) showed [Js Qc] and lost with King-High


Poker Hand #TM3001700954: Tournament #128423284, Daily Turbo $10 Hold'em No Limit - Level17(1,000/2,000) - 2024/02/24 19:41:55
Table '26' 8-max Seat #7 is the button
Seat 1: Hero (31,525 in chips)
Seat 2: 8c0cfed1 (28,814 in chips)
Seat 3: b64cdac1 (32,626 in chips)
Seat 5: dfabaa58 (49,748 in chips)
Seat 6: d52fff0f (7,352 in chips)
Seat 7: 325f0b82 (6,395 in chips)
Seat 8: 11cea7d7 (21,486 in chips)
8c0cfed1: posts the ante 250
d52fff0f: posts the ante 250
dfabaa58: posts the ante 250
Hero: posts the ante 250
325f0b82: posts the ante 250
b64cdac1: posts the ante 250
11cea7d7: posts the ante 250
11cea7d7: posts small blind 1,000
Hero: posts big blind 2,000
*** HOLE CARDS ***
Dealt to Hero [Jc 4d]
Dealt to 8c0cfed1 
Dealt to b64cdac1 
Dealt to dfabaa58 
Dealt to d52fff0f 
Dealt to 325f0b82 
Dealt to 11cea7d7 
8c0cfed1: folds
b64cdac1: folds
dfabaa58: folds
d52fff0f: folds
325f0b82: folds
11cea7d7: raises 19,236 to 21,236 and is all-in
Hero: folds
Uncalled bet (19,236) returned to 11cea7d7
*** SHOWDOWN ***
11cea7d7 collected 5,750 from pot
*** SUMMARY ***
Total pot 5,750 | Rake 0 | Jackpot 0 | Bingo 0 | Fortune 0 | Tax 0
Seat 1: Hero (big blind) folded before Flop
Seat 2: 8c0cfed1 folded before Flop
Seat 3: b64cdac1 folded before Flop
Seat 5: dfabaa58 folded before Flop
Seat 6: d52fff0f folded before Flop
Seat 7: 325f0b82 (button) folded before Flop
Seat 8: 11cea7d7 (small blind) collected (5,750)


Poker Hand #TM3001700907: Tournament #128423284, Daily Turbo $10 Hold'em No Limit - Level17(1,000/2,000) - 2024/02/24 19:41:01
Table '26' 8-max Seat #6 is the button
Seat 1: Hero (35,775 in chips)
Seat 2: 8c0cfed1 (29,064 in chips)
Seat 3: b64cdac1 (24,126 in chips)
Seat 5: dfabaa58 (49,998 in chips)
Seat 6: d52fff0f (7,602 in chips)
Seat 7: 325f0b82 (7,645 in chips)
Seat 8: 11cea7d7 (23,736 in chips)
8c0cfed1: posts the ante 250
d52fff0f: posts the ante 250
dfabaa58: posts the ante 250
Hero: posts the ante 250
325f0b82: posts the ante 250
b64cdac1: posts the ante 250
11cea7d7: posts the ante 250
325f0b82: posts small blind 1,000
11cea7d7: posts big blind 2,000
*** HOLE CARDS ***
Dealt to Hero [Tc Jc]
Dealt to 8c0cfed1 
Dealt to b64cdac1 
Dealt to dfabaa58 
Dealt to d52fff0f 
Dealt to 325f0b82 
Dealt to 11cea7d7 
Hero: raises 2,000 to 4,000
8c0cfed1: folds
b64cdac1: raises 4,000 to 8,000
dfabaa58: folds
d52fff0f: folds
325f0b82: folds
11cea7d7: folds
Hero: folds
Uncalled bet (4,000) returned to b64cdac1
*** SHOWDOWN ***
b64cdac1 collected 12,750 from pot
*** SUMMARY ***
Total pot 12,750 | Rake 0 | Jackpot 0 | Bingo 0 | Fortune 0 | Tax 0
Seat 1: Hero folded before Flop
Seat 2: 8c0cfed1 folded before Flop
Seat 3: b64cdac1 collected (12,750)
Seat 5: dfabaa58 folded before Flop
Seat 6: d52fff0f (button) folded before Flop
Seat 7: 325f0b82 (small blind) folded before Flop
Seat 8: 11cea7d7 (big blind) folded before Flop


Poker Hand #TM3001700864: Tournament #128423284, Daily Turbo $10 Hold'em No Limit - Level16(800/1,600) - 2024/02/24 19:40:21
Table '26' 8-max Seat #5 is the button
Seat 1: Hero (35,975 in chips)
Seat 2: 8c0cfed1 (29,264 in chips)
Seat 3: b64cdac1 (25,926 in chips)
Seat 5: dfabaa58 (50,198 in chips)
Seat 6: d52fff0f (3,202 in chips)
Seat 7: 325f0b82 (9,445 in chips)
Seat 8: 11cea7d7 (23,936 in chips)
8c0cfed1: posts the ante 200
dfabaa58: posts the ante 200
d52fff0f: posts the ante 200
Hero: posts the ante 200
325f0b82: posts the ante 200
b64cdac1: posts the ante 200
11cea7d7: posts the ante 200
d52fff0f: posts small blind 800
325f0b82: posts big blind 1,600
*** HOLE CARDS ***
Dealt to Hero [4h 5d]
Dealt to 8c0cfed1 
Dealt to b64cdac1 
Dealt to dfabaa58 
Dealt to d52fff0f 
Dealt to 325f0b82 
Dealt to 11cea7d7 
11cea7d7: folds
Hero: folds
8c0cfed1: folds
b64cdac1: calls 1,600
dfabaa58: folds
d52fff0f: calls 800
325f0b82: checks
*** FLOP *** [3s 6s 4s]
d52fff0f: bets 1,402 and is all-in
325f0b82: folds
b64cdac1: folds
Uncalled bet (1,402) returned to d52fff0f
*** SHOWDOWN ***
d52fff0f collected 6,200 from pot
*** SUMMARY ***
Total pot 6,200 | Rake 0 | Jackpot 0 | Bingo 0 | Fortune 0 | Tax 0
Board [3s 6s 4s]
Seat 1: Hero folded before Flop
Seat 2: 8c0cfed1 folded before Flop
Seat 3: b64cdac1 folded on the Flop
Seat 5: dfabaa58 (button) folded before Flop
Seat 6: d52fff0f (small blind) won (6,200)
Seat 7: 325f0b82 (big blind) folded on the Flop
Seat 8: 11cea7d7 folded before Flop


Poker Hand #TM3001700821: Tournament #128423284, Daily Turbo $10 Hold'em No Limit - Level16(800/1,600) - 2024/02/24 19:39:28
Table '26' 8-max Seat #3 is the button
Seat 1: Hero (36,175 in chips)
Seat 2: 8c0cfed1 (29,464 in chips)
Seat 3: b64cdac1 (26,126 in chips)
Seat 4: 8fe4b8d9 (1,544 in chips)
Seat 5: dfabaa58 (51,998 in chips)
Seat 6: d52fff0f (3,402 in chips)
Seat 8: 11cea7d7 (19,792 in chips)
8c0cfed1: posts the ante 200
d52fff0f: posts the ante 200
dfabaa58: posts the ante 200
Hero: posts the ante 200
b64cdac1: posts the ante 200
11cea7d7: posts the ante 200
8fe4b8d9: posts the ante 200
8fe4b8d9: posts small blind 800
dfabaa58: posts big blind 1,600
*** HOLE CARDS ***
Dealt to Hero [Js 2c]
Dealt to 8c0cfed1 
Dealt to b64cdac1 
Dealt to 8fe4b8d9 
Dealt to dfabaa58 
Dealt to d52fff0f 
Dealt to 11cea7d7 
d52fff0f: folds
11cea7d7: raises 17,992 to 19,592 and is all-in
Hero: folds
8c0cfed1: folds
b64cdac1: folds
8fe4b8d9: calls 544 and is all-in
dfabaa58: folds
Uncalled bet (17,992) returned to 11cea7d7
11cea7d7: shows [5c 5d]
8fe4b8d9: shows [8s 6d]
*** FLOP *** [Ac Th 3c]
*** TURN *** [Ac Th 3c] [Jc]
*** RIVER *** [Ac Th 3c Jc] [Qh]
*** SHOWDOWN ***
11cea7d7 collected 5,432 from pot
11cea7d7 collected 512 from pot
*** SUMMARY ***
Total pot 5,944 | Rake 0 | Jackpot 0 | Bingo 0 | Fortune 0 | Tax 0
Board [Ac Th 3c Jc Qh]
Seat 1: Hero folded before Flop
Seat 2: 8c0cfed1 folded before Flop
Seat 3: b64cdac1 (button) folded before Flop
Seat 4: 8fe4b8d9 (small blind) showed [8s 6d] and lost with Ace-High
Seat 5: dfabaa58 (big blind) folded before Flop
Seat 6: d52fff0f folded before Flop
Seat 8: 11cea7d7 showed [5c 5d] and won (5,944) with Pair of Fives


Poker Hand #TM3001700789: Tournament #128423284, Daily Turbo $10 Hold'em No Limit - Level16(800/1,600) - 2024/02/24 19:38:51
Table '26' 8-max Seat #2 is the button
Seat 1: Hero (36,375 in chips)
Seat 2: 8c0cfed1 (29,664 in chips)
Seat 3: b64cdac1 (23,326 in chips)
Seat 4: 8fe4b8d9 (3,344 in chips)
Seat 5: dfabaa58 (52,198 in chips)
Seat 6: d52fff0f (3,602 in chips)
Seat 8: 11cea7d7 (19,992 in chips)
8c0cfed1: posts the ante 200
d52fff0f: posts the ante 200
dfabaa58: posts the ante 200
Hero: posts the ante 200
11cea7d7: posts the ante 200
8fe4b8d9: posts the ante 200
b64cdac1: posts the ante 200
b64cdac1: posts small blind 800
8fe4b8d9: posts big blind 1,600
*** HOLE CARDS ***
Dealt to Hero [6s 7c]
Dealt to 8c0cfed1 
Dealt to b64cdac1 
Dealt to 8fe4b8d9 
Dealt to dfabaa58 
Dealt to d52fff0f 
Dealt to 11cea7d7 
dfabaa58: folds
d52fff0f: folds
11cea7d7: folds
Hero: folds
8c0cfed1: folds
b64cdac1: raises 1,600 to 3,200
8fe4b8d9: folds
Uncalled bet (1,600) returned to b64cdac1
*** SHOWDOWN ***
b64cdac1 collected 4,600 from pot
*** SUMMARY ***
Total pot 4,600 | Rake 0 | Jackpot 0 | Bingo 0 | Fortune 0 | Tax 0
Seat 1: Hero folded before Flop
Seat 2: 8c0cfed1 (button) folded before Flop
Seat 3: b64cdac1 (small blind) collected (4,600)
Seat 4: 8fe4b8d9 (big blind) folded before Flop
Seat 5: dfabaa58 folded before Flop
Seat 6: d52fff0f folded before Flop
Seat 8: 11cea7d7 folded before Flop


Poker Hand #TM3001700740: Tournament #128423284, Daily Turbo $10 Hold'em No Limit - Level16(800/1,600) - 2024/02/24 19:38:06
Table '26' 8-max Seat #1 is the button
Seat 1: Hero (36,575 in chips)
Seat 2: 8c0cfed1 (30,664 in chips)
Seat 3: b64cdac1 (21,326 in chips)
Seat 4: 8fe4b8d9 (3,544 in chips)
Seat 5: dfabaa58 (52,398 in chips)
Seat 6: d52fff0f (3,802 in chips)
Seat 8: 11cea7d7 (20,192 in chips)
8c0cfed1: posts the ante 200
d52fff0f: posts the ante 200
dfabaa58: posts the ante 200
Hero: posts the ante 200
11cea7d7: posts the ante 200
8fe4b8d9: posts the ante 200
b64cdac1: posts the ante 200
8c0cfed1: posts small blind 800
b64cdac1: posts big blind 1,600
*** HOLE CARDS ***
Dealt to Hero [2c 9h]
Dealt to 8c0cfed1 
Dealt to b64cdac1 
Dealt to 8fe4b8d9 
Dealt to dfabaa58 
Dealt to d52fff0f 
Dealt to 11cea7d7 
8fe4b8d9: folds
dfabaa58: folds
d52fff0f: folds
11cea7d7: folds
Hero: folds
8c0cfed1: folds
Uncalled bet (800) returned to b64cdac1
*** SHOWDOWN ***
b64cdac1 collected 3,000 from pot
*** SUMMARY ***
Total pot 3,000 | Rake 0 | Jackpot 0 | Bingo 0 | Fortune 0 | Tax 0
Seat 1: Hero (button) folded before Flop
Seat 2: 8c0cfed1 (small blind) folded before Flop
Seat 3: b64cdac1 (big blind) collected (3,000)
Seat 4: 8fe4b8d9 folded before Flop
Seat 5: dfabaa58 folded before Flop
Seat 6: d52fff0f folded before Flop
Seat 8: 11cea7d7 folded before Flop


Poker Hand #TM3001700691: Tournament #128423284, Daily Turbo $10 Hold'em No Limit - Level16(800/1,600) - 2024/02/24 19:37:14
Table '26' 8-max Seat #8 is the button
Seat 1: Hero (37,575 in chips)
Seat 2: 8c0cfed1 (23,189 in chips)
Seat 3: b64cdac1 (21,526 in chips)
Seat 4: 8fe4b8d9 (3,744 in chips)
Seat 5: dfabaa58 (52,598 in chips)
Seat 6: d52fff0f (4,002 in chips)
Seat 7: 5c04d10c (5,475 in chips)
Seat 8: 11cea7d7 (20,392 in chips)
8c0cfed1: posts the ante 200
d52fff0f: posts the ante 200
dfabaa58: posts the ante 200
Hero: posts the ante 200
5c04d10c: posts the ante 200
11cea7d7: posts the ante 200
8fe4b8d9: posts the ante 200
b64cdac1: posts the ante 200
Hero: posts small blind 800
8c0cfed1: posts big blind 1,600
*** HOLE CARDS ***
Dealt to Hero [5c 8h]
Dealt to 8c0cfed1 
Dealt to b64cdac1 
Dealt to 8fe4b8d9 
Dealt to dfabaa58 
Dealt to d52fff0f 
Dealt to 5c04d10c 
Dealt to 11cea7d7 
b64cdac1: folds
8fe4b8d9: folds
dfabaa58: folds
d52fff0f: folds
5c04d10c: raises 3,675 to 5,275 and is all-in
11cea7d7: folds
Hero: folds
8c0cfed1: calls 3,675
5c04d10c: shows [Ah 9c]
8c0cfed1: shows [4c Jc]
*** FLOP *** [Jd 7h 9h]
*** TURN *** [Jd 7h 9h] [7s]
*** RIVER *** [Jd 7h 9h 7s] [Kc]
*** SHOWDOWN ***
8c0cfed1 collected 12,950 from pot
*** SUMMARY ***
Total pot 12,950 | Rake 0 | Jackpot 0 | Bingo 0 | Fortune 0 | Tax 0
Board [Jd 7h 9h 7s Kc]
Seat 1: Hero (small blind) folded before Flop
Seat 2: 8c0cfed1 (big blind) showed [4c Jc] and won (12,950) with Pair of Jacks and Pair of Sevens
Seat 3: b64cdac1 folded before Flop
Seat 4: 8fe4b8d9 folded before Flop
Seat 5: dfabaa58 folded before Flop
Seat 6: d52fff0f folded before Flop
Seat 7: 5c04d10c showed [Ah 9c] and lost with Pair of Nines and Pair of Sevens
Seat 8: 11cea7d7 (button) folded before Flop


Poker Hand #TM3001700649: Tournament #128423284, Daily Turbo $10 Hold'em No Limit - Level16(800/1,600) - 2024/02/24 19:36:26
Table '26' 8-max Seat #7 is the button
Seat 1: Hero (39,375 in chips)
Seat 2: 8c0cfed1 (19,389 in chips)
Seat 3: b64cdac1 (21,726 in chips)
Seat 4: 8fe4b8d9 (3,944 in chips)
Seat 5: dfabaa58 (52,798 in chips)
Seat 6: d52fff0f (4,202 in chips)
Seat 7: 5c04d10c (5,675 in chips)
Seat 8: 11cea7d7 (21,392 in chips)
8c0cfed1: posts the ante 200
d52fff0f: posts the ante 200
dfabaa58: posts the ante 200
Hero: posts the ante 200
5c04d10c: posts the ante 200
8fe4b8d9: posts the ante 200
b64cdac1: posts the ante 200
11cea7d7: posts the ante 200
11cea7d7: posts small blind 800
Hero: posts big blind 1,600
*** HOLE CARDS ***
Dealt to Hero [6s 4c]
Dealt to 8c0cfed1 
Dealt to b64cdac1 
Dealt to 8fe4b8d9 
Dealt to dfabaa58 
Dealt to d52fff0f 
Dealt to 5c04d10c 
Dealt to 11cea7d7 
8c0cfed1: raises 1,600 to 3,200
b64cdac1: folds
8fe4b8d9: folds
dfabaa58: folds
d52fff0f: folds
5c04d10c: folds
11cea7d7: folds
Hero: folds
Uncalled bet (1,600) returned to 8c0cfed1
*** SHOWDOWN ***
8c0cfed1 collected 5,600 from pot
*** SUMMARY ***
Total pot 5,600 | Rake 0 | Jackpot 0 | Bingo 0 | Fortune 0 | Tax 0
Seat 1: Hero (big blind) folded before Flop
Seat 2: 8c0cfed1 collected (5,600)
Seat 3: b64cdac1 folded before Flop
Seat 4: 8fe4b8d9 folded before Flop
Seat 5: dfabaa58 folded before Flop
Seat 6: d52fff0f folded before Flop
Seat 7: 5c04d10c (button) folded before Flop
Seat 8: 11cea7d7 (small blind) folded before Flop


Poker Hand #TM3001700625: Tournament #128423284, Daily Turbo $10 Hold'em No Limit - Level16(800/1,600) - 2024/02/24 19:36:04
Table '26' 8-max Seat #6 is the button
Seat 1: Hero (35,575 in chips)
Seat 2: 8c0cfed1 (19,589 in chips)
Seat 3: b64cdac1 (21,926 in chips)
Seat 4: 8fe4b8d9 (4,144 in chips)
Seat 5: dfabaa58 (52,998 in chips)
Seat 6: d52fff0f (4,402 in chips)
Seat 7: 5c04d10c (6,675 in chips)
Seat 8: 11cea7d7 (23,192 in chips)
8c0cfed1: posts the ante 200
d52fff0f: posts the ante 200
dfabaa58: posts the ante 200
Hero: posts the ante 200
5c04d10c: posts the ante 200
8fe4b8d9: posts the ante 200
b64cdac1: posts the ante 200
11cea7d7: posts the ante 200
5c04d10c: posts small blind 800
11cea7d7: posts big blind 1,600
*** HOLE CARDS ***
Dealt to Hero [Qc Tc]
Dealt to 8c0cfed1 
Dealt to b64cdac1 
Dealt to 8fe4b8d9 
Dealt to dfabaa58 
Dealt to d52fff0f 
Dealt to 5c04d10c 
Dealt to 11cea7d7 
Hero: raises 1,600 to 3,200
8c0cfed1: folds
b64cdac1: folds
8fe4b8d9: folds
dfabaa58: folds
d52fff0f: folds
5c04d10c: folds
11cea7d7: folds
Uncalled bet (1,600) returned to Hero
*** SHOWDOWN ***
Hero collected 5,600 from pot
*** SUMMARY ***
Total pot 5,600 | Rake 0 | Jackpot 0 | Bingo 0 | Fortune 0 | Tax 0
Seat 1: Hero collected (5,600)
Seat 2: 8c0cfed1 folded before Flop
Seat 3: b64cdac1 folded before Flop
Seat 4: 8fe4b8d9 folded before Flop
Seat 5: dfabaa58 folded before Flop
Seat 6: d52fff0f (button) folded before Flop
Seat 7: 5c04d10c (small blind) folded before Flop
Seat 8: 11cea7d7 (big blind) folded before Flop


Poker Hand #TM3001700593: Tournament #128423284, Daily Turbo $10 Hold'em No Limit - Level15(700/1,400) - 2024/02/24 19:35:30
Table '26' 8-max Seat #4 is the button
Seat 1: Hero (29,625 in chips)
Seat 2: 8c0cfed1 (19,764 in chips)
Seat 3: b64cdac1 (22,101 in chips)
Seat 4: 8fe4b8d9 (4,319 in chips)
Seat 6: d52fff0f (5,277 in chips)
Seat 7: 5c04d10c (8,250 in chips)
Seat 8: 11cea7d7 (26,167 in chips)
8c0cfed1: posts the ante 175
d52fff0f: posts the ante 175
Hero: posts the ante 175
5c04d10c: posts the ante 175
8fe4b8d9: posts the ante 175
b64cdac1: posts the ante 175
11cea7d7: posts the ante 175
d52fff0f: posts small blind 700
5c04d10c: posts big blind 1,400
*** HOLE CARDS ***
Dealt to Hero [Qs Kc]
Dealt to 8c0cfed1 
Dealt to b64cdac1 
Dealt to 8fe4b8d9 
Dealt to d52fff0f 
Dealt to 5c04d10c 
Dealt to 11cea7d7 
11cea7d7: raises 1,400 to 2,800
Hero: raises 4,200 to 7,000
8c0cfed1: folds
b64cdac1: folds
8fe4b8d9: folds
d52fff0f: folds
5c04d10c: folds
11cea7d7: folds
Uncalled bet (4,200) returned to Hero
*** SHOWDOWN ***
Hero collected 8,925 from pot
*** SUMMARY ***
Total pot 8,925 | Rake 0 | Jackpot 0 | Bingo 0 | Fortune 0 | Tax 0
Seat 1: Hero collected (8,925)
Seat 2: 8c0cfed1 folded before Flop
Seat 3: b64cdac1 folded before Flop
Seat 4: 8fe4b8d9 (button) folded before Flop
Seat 6: d52fff0f (small blind) folded before Flop
Seat 7: 5c04d10c (big blind) folded before Flop
Seat 8: 11cea7d7 folded before Flop


Poker Hand #TM3001700558: Tournament #128423284, Daily Turbo $10 Hold'em No Limit - Level15(700/1,400) - 2024/02/24 19:34:53
Table '26' 8-max Seat #3 is the button
Seat 1: Hero (29,800 in chips)
Seat 2: 8c0cfed1 (19,939 in chips)
Seat 3: b64cdac1 (22,276 in chips)
Seat 4: 8fe4b8d9 (16,265 in chips)
Seat 6: d52fff0f (6,852 in chips)
Seat 7: 5c04d10c (8,425 in chips)
Seat 8: 11cea7d7 (11,946 in chips)
8c0cfed1: posts the ante 175
d52fff0f: posts the ante 175
Hero: posts the ante 175
5c04d10c: posts the ante 175
b64cdac1: posts the ante 175
11cea7d7: posts the ante 175
8fe4b8d9: posts the ante 175
8fe4b8d9: posts small blind 700
d52fff0f: posts big blind 1,400
*** HOLE CARDS ***
Dealt to Hero [3s 6d]
Dealt to 8c0cfed1 
Dealt to b64cdac1 
Dealt to 8fe4b8d9 
Dealt to d52fff0f 
Dealt to 5c04d10c 
Dealt to 11cea7d7 
5c04d10c: folds
11cea7d7: raises 10,371 to 11,771 and is all-in
Hero: folds
8c0cfed1: folds
b64cdac1: folds
8fe4b8d9: calls 11,071
d52fff0f: folds
11cea7d7: shows [Th Ah]
8fe4b8d9: shows [8h 8s]
*** FLOP *** [2c Ac 7s]
*** TURN *** [2c Ac 7s] [As]
*** RIVER *** [2c Ac 7s As] [3d]
*** SHOWDOWN ***
11cea7d7 collected 26,167 from pot
*** SUMMARY ***
Total pot 26,167 | Rake 0 | Jackpot 0 | Bingo 0 | Fortune 0 | Tax 0
Board [2c Ac 7s As 3d]
Seat 1: Hero folded before Flop
Seat 2: 8c0cfed1 folded before Flop
Seat 3: b64cdac1 (button) folded before Flop
Seat 4: 8fe4b8d9 (small blind) showed [8h 8s] and lost with Pair of Aces and Pair of Eights
Seat 6: d52fff0f (big blind) folded before Flop
Seat 7: 5c04d10c folded before Flop
Seat 8: 11cea7d7 showed [Th Ah] and won (26,167) with Three Aces


Poker Hand #TM3001700514: Tournament #128423284, Daily Turbo $10 Hold'em No Limit - Level15(700/1,400) - 2024/02/24 19:34:11
Table '26' 8-max Seat #2 is the button
Seat 1: Hero (25,250 in chips)
Seat 2: 8c0cfed1 (20,114 in chips)
Seat 3: b64cdac1 (23,151 in chips)
Seat 4: 8fe4b8d9 (19,240 in chips)
Seat 6: d52fff0f (7,027 in chips)
Seat 7: 5c04d10c (8,600 in chips)
Seat 8: 11cea7d7 (12,121 in chips)
8c0cfed1: posts the ante 175
d52fff0f: posts the ante 175
Hero: posts the ante 175
5c04d10c: posts the ante 175
11cea7d7: posts the ante 175
8fe4b8d9: posts the ante 175
b64cdac1: posts the ante 175
b64cdac1: posts small blind 700
8fe4b8d9: posts big blind 1,400
*** HOLE CARDS ***
Dealt to Hero [6d 6h]
Dealt to 8c0cfed1 
Dealt to b64cdac1 
Dealt to 8fe4b8d9 
Dealt to d52fff0f 
Dealt to 5c04d10c 
Dealt to 11cea7d7 
d52fff0f: folds
5c04d10c: folds
11cea7d7: folds
Hero: raises 1,400 to 2,800
8c0cfed1: folds
b64cdac1: folds
8fe4b8d9: calls 1,400
*** FLOP *** [Ts 3s Qs]
8fe4b8d9: checks
Hero: bets 1,882
8fe4b8d9: folds
Uncalled bet (1,882) returned to Hero
*** SHOWDOWN ***
Hero collected 7,525 from pot
*** SUMMARY ***
Total pot 7,525 | Rake 0 | Jackpot 0 | Bingo 0 | Fortune 0 | Tax 0
Board [Ts 3s Qs]
Seat 1: Hero won (7,525)
Seat 2: 8c0cfed1 (button) folded before Flop
Seat 3: b64cdac1 (small blind) folded before Flop
Seat 4: 8fe4b8d9 (big blind) folded on the Flop
Seat 6: d52fff0f folded before Flop
Seat 7: 5c04d10c folded before Flop
Seat 8: 11cea7d7 folded before Flop


Poker Hand #TM3001700487: Tournament #128423284, Daily Turbo $10 Hold'em No Limit - Level15(700/1,400) - 2024/02/24 19:33:39
Table '26' 8-max Seat #1 is the button
Seat 1: Hero (25,425 in chips)
Seat 2: 8c0cfed1 (17,489 in chips)
Seat 3: b64cdac1 (24,726 in chips)
Seat 4: 8fe4b8d9 (19,415 in chips)
Seat 5: f3886c1f (59,804 in chips)
Seat 6: d52fff0f (7,202 in chips)
Seat 7: 5c04d10c (8,775 in chips)
Seat 8: 11cea7d7 (12,296 in chips)
8c0cfed1: posts the ante 175
d52fff0f: posts the ante 175
Hero: posts the ante 175
f3886c1f: posts the ante 175
5c04d10c: posts the ante 175
11cea7d7: posts the ante 175
8fe4b8d9: posts the ante 175
b64cdac1: posts the ante 175
8c0cfed1: posts small blind 700
b64cdac1: posts big blind 1,400
*** HOLE CARDS ***
Dealt to Hero [2d 7h]
Dealt to 8c0cfed1 
Dealt to b64cdac1 
Dealt to 8fe4b8d9 
Dealt to f3886c1f 
Dealt to d52fff0f 
Dealt to 5c04d10c 
Dealt to 11cea7d7 
8fe4b8d9: folds
f3886c1f: folds
d52fff0f: folds
5c04d10c: folds
11cea7d7: folds
Hero: folds
8c0cfed1: raises 15,914 to 17,314 and is all-in
b64cdac1: folds
Uncalled bet (15,914) returned to 8c0cfed1
*** SHOWDOWN ***
8c0cfed1 collected 4,200 from pot
*** SUMMARY ***
Total pot 4,200 | Rake 0 | Jackpot 0 | Bingo 0 | Fortune 0 | Tax 0
Seat 1: Hero (button) folded before Flop
Seat 2: 8c0cfed1 (small blind) collected (4,200)
Seat 3: b64cdac1 (big blind) folded before Flop
Seat 4: 8fe4b8d9 folded before Flop
Seat 5: f3886c1f folded before Flop
Seat 6: d52fff0f folded before Flop
Seat 7: 5c04d10c folded before Flop
Seat 8: 11cea7d7 folded before Flop


Poker Hand #TM3001700444: Tournament #128423284, Daily Turbo $10 Hold'em No Limit - Level15(700/1,400) - 2024/02/24 19:32:59
Table '26' 8-max Seat #8 is the button
Seat 1: Hero (20,000 in chips)
Seat 2: 8c0cfed1 (19,064 in chips)
Seat 3: b64cdac1 (24,901 in chips)
Seat 4: 8fe4b8d9 (19,590 in chips)
Seat 5: f3886c1f (62,779 in chips)
Seat 6: d52fff0f (7,377 in chips)
Seat 7: 5c04d10c (8,950 in chips)
Seat 8: 11cea7d7 (12,471 in chips)
8c0cfed1: posts the ante 175
d52fff0f: posts the ante 175
Hero: posts the ante 175
f3886c1f: posts the ante 175
5c04d10c: posts the ante 175
11cea7d7: posts the ante 175
8fe4b8d9: posts the ante 175
b64cdac1: posts the ante 175
Hero: posts small blind 700
8c0cfed1: posts big blind 1,400
*** HOLE CARDS ***
Dealt to Hero [Ks Kd]
Dealt to 8c0cfed1 
Dealt to b64cdac1 
Dealt to 8fe4b8d9 
Dealt to f3886c1f 
Dealt to d52fff0f 
Dealt to 5c04d10c 
Dealt to 11cea7d7 
b64cdac1: folds
8fe4b8d9: folds
f3886c1f: raises 1,400 to 2,800
d52fff0f: folds
5c04d10c: folds
11cea7d7: folds
Hero: raises 17,025 to 19,825 and is all-in
8c0cfed1: folds
f3886c1f: folds
Uncalled bet (17,025) returned to Hero
*** SHOWDOWN ***
Hero collected 8,400 from pot
*** SUMMARY ***
Total pot 8,400 | Rake 0 | Jackpot 0 | Bingo 0 | Fortune 0 | Tax 0
Seat 1: Hero (small blind) collected (8,400)
Seat 2: 8c0cfed1 (big blind) folded before Flop
Seat 3: b64cdac1 folded before Flop
Seat 4: 8fe4b8d9 folded before Flop
Seat 5: f3886c1f folded before Flop
Seat 6: d52fff0f folded before Flop
Seat 7: 5c04d10c folded before Flop
Seat 8: 11cea7d7 (button) folded before Flop


Poker Hand #TM3001700396: Tournament #128423284, Daily Turbo $10 Hold'em No Limit - Level15(700/1,400) - 2024/02/24 19:32:03
Table '26' 8-max Seat #7 is the button
Seat 1: Hero (16,675 in chips)
Seat 2: 8c0cfed1 (19,239 in chips)
Seat 3: b64cdac1 (26,476 in chips)
Seat 4: 8fe4b8d9 (19,765 in chips)
Seat 5: f3886c1f (62,954 in chips)
Seat 6: d52fff0f (7,552 in chips)
Seat 7: 5c04d10c (9,125 in chips)
Seat 8: 11cea7d7 (13,346 in chips)
8c0cfed1: posts the ante 175
d52fff0f: posts the ante 175
Hero: posts the ante 175
f3886c1f: posts the ante 175
5c04d10c: posts the ante 175
8fe4b8d9: posts the ante 175
b64cdac1: posts the ante 175
11cea7d7: posts the ante 175
11cea7d7: posts small blind 700
Hero: posts big blind 1,400
*** HOLE CARDS ***
Dealt to Hero [Ks 9c]
Dealt to 8c0cfed1 
Dealt to b64cdac1 
Dealt to 8fe4b8d9 
Dealt to f3886c1f 
Dealt to d52fff0f 
Dealt to 5c04d10c 
Dealt to 11cea7d7 
8c0cfed1: folds
b64cdac1: calls 1,400
8fe4b8d9: folds
f3886c1f: folds
d52fff0f: folds
5c04d10c: folds
11cea7d7: folds
Hero: checks
*** FLOP *** [Th 8d Jd]
Hero: checks
b64cdac1: checks
*** TURN *** [Th 8d Jd] [5c]
Hero: checks
b64cdac1: checks
*** RIVER *** [Th 8d Jd 5c] [7d]
Hero: bets 1,400
b64cdac1: folds
Uncalled bet (1,400) returned to Hero
*** SHOWDOWN ***
Hero collected 4,900 from pot
*** SUMMARY ***
Total pot 4,900 | Rake 0 | Jackpot 0 | Bingo 0 | Fortune 0 | Tax 0
Board [Th 8d Jd 5c 7d]
Seat 1: Hero (big blind) won (4,900)
Seat 2: 8c0cfed1 folded before Flop
Seat 3: b64cdac1 folded on the River
Seat 4: 8fe4b8d9 folded before Flop
Seat 5: f3886c1f folded before Flop
Seat 6: d52fff0f folded before Flop
Seat 7: 5c04d10c (button) folded before Flop
Seat 8: 11cea7d7 (small blind) folded before Flop


Poker Hand #TM3001700353: Tournament #128423284, Daily Turbo $10 Hold'em No Limit - Level15(700/1,400) - 2024/02/24 19:31:21
Table '26' 8-max Seat #6 is the button
Seat 1: Hero (16,850 in chips)
Seat 2: 8c0cfed1 (19,414 in chips)
Seat 3: b64cdac1 (26,651 in chips)
Seat 4: 8fe4b8d9 (19,940 in chips)
Seat 5: f3886c1f (63,129 in chips)
Seat 6: d52fff0f (2,901 in chips)
Seat 7: 5c04d10c (10,000 in chips)
Seat 8: 11cea7d7 (16,247 in chips)
8c0cfed1: posts the ante 175
d52fff0f: posts the ante 175
Hero: posts the ante 175
f3886c1f: posts the ante 175
5c04d10c: posts the ante 175
8fe4b8d9: posts the ante 175
b64cdac1: posts the ante 175
11cea7d7: posts the ante 175
5c04d10c: posts small blind 700
11cea7d7: posts big blind 1,400
*** HOLE CARDS ***
Dealt to Hero [8h Tc]
Dealt to 8c0cfed1 
Dealt to b64cdac1 
Dealt to 8fe4b8d9 
Dealt to f3886c1f 
Dealt to d52fff0f 
Dealt to 5c04d10c 
Dealt to 11cea7d7 
Hero: folds
8c0cfed1: folds
b64cdac1: folds
8fe4b8d9: folds
f3886c1f: folds
d52fff0f: raises 1,326 to 2,726 and is all-in
5c04d10c: folds
11cea7d7: calls 1,326
d52fff0f: shows [Ts Jd]
11cea7d7: shows [Ad 7h]
*** FLOP *** [Kh Js Ks]
*** TURN *** [Kh Js Ks] [5s]
*** RIVER *** [Kh Js Ks 5s] [Th]
*** SHOWDOWN ***
d52fff0f collected 7,552 from pot
*** SUMMARY ***
Total pot 7,552 | Rake 0 | Jackpot 0 | Bingo 0 | Fortune 0 | Tax 0
Board [Kh Js Ks 5s Th]
Seat 1: Hero folded before Flop
Seat 2: 8c0cfed1 folded before Flop
Seat 3: b64cdac1 folded before Flop
Seat 4: 8fe4b8d9 folded before Flop
Seat 5: f3886c1f folded before Flop
Seat 6: d52fff0f (button) showed [Ts Jd] and won (7,552) with Pair of Kings and Pair of Jacks
Seat 7: 5c04d10c (small blind) folded before Flop
Seat 8: 11cea7d7 (big blind) showed [Ad 7h] and lost with Pair of Kings


Poker Hand #TM3001700312: Tournament #128423284, Daily Turbo $10 Hold'em No Limit - Level14(600/1,200) - 2024/02/24 19:30:39
Table '26' 8-max Seat #5 is the button
Seat 1: Hero (17,000 in chips)
Seat 2: 8c0cfed1 (19,564 in chips)
Seat 3: b64cdac1 (26,801 in chips)
Seat 4: 8fe4b8d9 (20,090 in chips)
Seat 5: f3886c1f (63,279 in chips)
Seat 6: d52fff0f (3,651 in chips)
Seat 7: 5c04d10c (9,250 in chips)
Seat 8: 11cea7d7 (15,497 in chips)
8c0cfed1: posts the ante 150
d52fff0f: posts the ante 150
Hero: posts the ante 150
f3886c1f: posts the ante 150
5c04d10c: posts the ante 150
8fe4b8d9: posts the ante 150
b64cdac1: posts the ante 150
11cea7d7: posts the ante 150
d52fff0f: posts small blind 600
5c04d10c: posts big blind 1,200
*** HOLE CARDS ***
Dealt to Hero [5d Kd]
Dealt to 8c0cfed1 
Dealt to b64cdac1 
Dealt to 8fe4b8d9 
Dealt to f3886c1f 
Dealt to d52fff0f 
Dealt to 5c04d10c 
Dealt to 11cea7d7 
11cea7d7: raises 14,147 to 15,347 and is all-in
Hero: folds
8c0cfed1: folds
b64cdac1: folds
8fe4b8d9: folds
f3886c1f: folds
d52fff0f: folds
5c04d10c: calls 7,900 and is all-in
Uncalled bet (6,247) returned to 11cea7d7
11cea7d7: shows [As Qc]
5c04d10c: shows [Ah Qd]
*** FLOP *** [Qs 6d 6c]
*** TURN *** [Qs 6d 6c] [4c]
*** RIVER *** [Qs 6d 6c 4c] [8c]
*** SHOWDOWN ***
5c04d10c collected 10,000 from pot
11cea7d7 collected 10,000 from pot
*** SUMMARY ***
Total pot 20,000 | Rake 0 | Jackpot 0 | Bingo 0 | Fortune 0 | Tax 0
Board [Qs 6d 6c 4c 8c]
Seat 1: Hero folded before Flop
Seat 2: 8c0cfed1 folded before Flop
Seat 3: b64cdac1 folded before Flop
Seat 4: 8fe4b8d9 folded before Flop
Seat 5: f3886c1f (button) folded before Flop
Seat 6: d52fff0f (small blind) folded before Flop
Seat 7: 5c04d10c (big blind) showed [Ah Qd] and won (10,000) with Pair of Queens and Pair of Sixes
Seat 8: 11cea7d7 showed [As Qc] and won (10,000) with Pair of Queens and Pair of Sixes


Poker Hand #TM3001700274: Tournament #128423284, Daily Turbo $10 Hold'em No Limit - Level14(600/1,200) - 2024/02/24 19:30:02
Table '26' 8-max Seat #4 is the button
Seat 1: Hero (17,150 in chips)
Seat 2: 8c0cfed1 (19,714 in chips)
Seat 3: b64cdac1 (26,951 in chips)
Seat 4: 8fe4b8d9 (20,240 in chips)
Seat 5: f3886c1f (64,029 in chips)
Seat 6: d52fff0f (5,001 in chips)
Seat 7: 5c04d10c (9,400 in chips)
Seat 8: 11cea7d7 (12,647 in chips)
8c0cfed1: posts the ante 150
d52fff0f: posts the ante 150
Hero: posts the ante 150
f3886c1f: posts the ante 150
5c04d10c: posts the ante 150
8fe4b8d9: posts the ante 150
b64cdac1: posts the ante 150
11cea7d7: posts the ante 150
f3886c1f: posts small blind 600
d52fff0f: posts big blind 1,200
*** HOLE CARDS ***
Dealt to Hero [4h Jc]
Dealt to 8c0cfed1 
Dealt to b64cdac1 
Dealt to 8fe4b8d9 
Dealt to f3886c1f 
Dealt to d52fff0f 
Dealt to 5c04d10c 
Dealt to 11cea7d7 
5c04d10c: folds
11cea7d7: raises 11,297 to 12,497 and is all-in
Hero: folds
8c0cfed1: folds
b64cdac1: folds
8fe4b8d9: folds
f3886c1f: folds
d52fff0f: folds
Uncalled bet (11,297) returned to 11cea7d7
*** SHOWDOWN ***
11cea7d7 collected 4,200 from pot
*** SUMMARY ***
Total pot 4,200 | Rake 0 | Jackpot 0 | Bingo 0 | Fortune 0 | Tax 0
Seat 1: Hero folded before Flop
Seat 2: 8c0cfed1 folded before Flop
Seat 3: b64cdac1 folded before Flop
Seat 4: 8fe4b8d9 (button) folded before Flop
Seat 5: f3886c1f (small blind) folded before Flop
Seat 6: d52fff0f (big blind) folded before Flop
Seat 7: 5c04d10c folded before Flop
Seat 8: 11cea7d7 collected (4,200)


Poker Hand #TM3001700232: Tournament #128423284, Daily Turbo $10 Hold'em No Limit - Level14(600/1,200) - 2024/02/24 19:29:13
Table '26' 8-max Seat #3 is the button
Seat 1: Hero (19,700 in chips)
Seat 2: 8c0cfed1 (19,864 in chips)
Seat 3: b64cdac1 (27,101 in chips)
Seat 4: 8fe4b8d9 (20,990 in chips)
Seat 5: f3886c1f (59,979 in chips)
Seat 6: d52fff0f (5,151 in chips)
Seat 7: 5c04d10c (9,550 in chips)
Seat 8: 11cea7d7 (12,797 in chips)
8c0cfed1: posts the ante 150
d52fff0f: posts the ante 150
Hero: posts the ante 150
f3886c1f: posts the ante 150
5c04d10c: posts the ante 150
b64cdac1: posts the ante 150
11cea7d7: posts the ante 150
8fe4b8d9: posts the ante 150
8fe4b8d9: posts small blind 600
f3886c1f: posts big blind 1,200
*** HOLE CARDS ***
Dealt to Hero [Kd 8d]
Dealt to 8c0cfed1 
Dealt to b64cdac1 
Dealt to 8fe4b8d9 
Dealt to f3886c1f 
Dealt to d52fff0f 
Dealt to 5c04d10c 
Dealt to 11cea7d7 
d52fff0f: folds
5c04d10c: folds
11cea7d7: folds
Hero: raises 1,200 to 2,400
8c0cfed1: folds
b64cdac1: folds
8fe4b8d9: folds
f3886c1f: raises 57,429 to 59,829 and is all-in
Hero: folds
Uncalled bet (57,429) returned to f3886c1f
*** SHOWDOWN ***
f3886c1f collected 6,600 from pot
*** SUMMARY ***
Total pot 6,600 | Rake 0 | Jackpot 0 | Bingo 0 | Fortune 0 | Tax 0
Seat 1: Hero folded before Flop
Seat 2: 8c0cfed1 folded before Flop
Seat 3: b64cdac1 (button) folded before Flop
Seat 4: 8fe4b8d9 (small blind) folded before Flop
Seat 5: f3886c1f (big blind) collected (6,600)
Seat 6: d52fff0f folded before Flop
Seat 7: 5c04d10c folded before Flop
Seat 8: 11cea7d7 folded before Flop


Poker Hand #TM3001700197: Tournament #128423284, Daily Turbo $10 Hold'em No Limit - Level14(600/1,200) - 2024/02/24 19:28:37
Table '26' 8-max Seat #2 is the button
Seat 1: Hero (19,850 in chips)
Seat 2: 8c0cfed1 (22,414 in chips)
Seat 3: b64cdac1 (27,851 in chips)
Seat 4: 8fe4b8d9 (16,940 in chips)
Seat 5: f3886c1f (60,129 in chips)
Seat 6: d52fff0f (5,301 in chips)
Seat 7: 5c04d10c (9,700 in chips)
Seat 8: 11cea7d7 (12,947 in chips)
8c0cfed1: posts the ante 150
d52fff0f: posts the ante 150
Hero: posts the ante 150
f3886c1f: posts the ante 150
5c04d10c: posts the ante 150
11cea7d7: posts the ante 150
8fe4b8d9: posts the ante 150
b64cdac1: posts the ante 150
b64cdac1: posts small blind 600
8fe4b8d9: posts big blind 1,200
*** HOLE CARDS ***
Dealt to Hero [3s Qc]
Dealt to 8c0cfed1 
Dealt to b64cdac1 
Dealt to 8fe4b8d9 
Dealt to f3886c1f 
Dealt to d52fff0f 
Dealt to 5c04d10c 
Dealt to 11cea7d7 
f3886c1f: folds
d52fff0f: folds
5c04d10c: folds
11cea7d7: folds
Hero: folds
8c0cfed1: raises 1,200 to 2,400
b64cdac1: folds
8fe4b8d9: raises 14,390 to 16,790 and is all-in
8c0cfed1: folds
Uncalled bet (14,390) returned to 8fe4b8d9
*** SHOWDOWN ***
8fe4b8d9 collected 6,600 from pot
*** SUMMARY ***
Total pot 6,600 | Rake 0 | Jackpot 0 | Bingo 0 | Fortune 0 | Tax 0
Seat 1: Hero folded before Flop
Seat 2: 8c0cfed1 (button) folded before Flop
Seat 3: b64cdac1 (small blind) folded before Flop
Seat 4: 8fe4b8d9 (big blind) collected (6,600)
Seat 5: f3886c1f folded before Flop
Seat 6: d52fff0f folded before Flop
Seat 7: 5c04d10c folded before Flop
Seat 8: 11cea7d7 folded before Flop


Poker Hand #TM3001700176: Tournament #128423284, Daily Turbo $10 Hold'em No Limit - Level14(600/1,200) - 2024/02/24 19:28:11
Table '26' 8-max Seat #1 is the button
Seat 1: Hero (20,000 in chips)
Seat 2: 8c0cfed1 (23,164 in chips)
Seat 3: b64cdac1 (29,201 in chips)
Seat 4: 8fe4b8d9 (17,090 in chips)
Seat 5: f3886c1f (60,279 in chips)
Seat 6: d52fff0f (5,451 in chips)
Seat 7: 5c04d10c (9,850 in chips)
Seat 8: 11cea7d7 (10,097 in chips)
8c0cfed1: posts the ante 150
d52fff0f: posts the ante 150
Hero: posts the ante 150
f3886c1f: posts the ante 150
5c04d10c: posts the ante 150
11cea7d7: posts the ante 150
8fe4b8d9: posts the ante 150
b64cdac1: posts the ante 150
8c0cfed1: posts small blind 600
b64cdac1: posts big blind 1,200
*** HOLE CARDS ***
Dealt to Hero [7c Td]
Dealt to 8c0cfed1 
Dealt to b64cdac1 
Dealt to 8fe4b8d9 
Dealt to f3886c1f 
Dealt to d52fff0f 
Dealt to 5c04d10c 
Dealt to 11cea7d7 
8fe4b8d9: folds
f3886c1f: folds
d52fff0f: folds
5c04d10c: folds
11cea7d7: raises 8,747 to 9,947 and is all-in
Hero: folds
8c0cfed1: folds
b64cdac1: folds
Uncalled bet (8,747) returned to 11cea7d7
*** SHOWDOWN ***
11cea7d7 collected 4,200 from pot
*** SUMMARY ***
Total pot 4,200 | Rake 0 | Jackpot 0 | Bingo 0 | Fortune 0 | Tax 0
Seat 1: Hero (button) folded before Flop
Seat 2: 8c0cfed1 (small blind) folded before Flop
Seat 3: b64cdac1 (big blind) folded before Flop
Seat 4: 8fe4b8d9 folded before Flop
Seat 5: f3886c1f folded before Flop
Seat 6: d52fff0f folded before Flop
Seat 7: 5c04d10c folded before Flop
Seat 8: 11cea7d7 collected (4,200)


Poker Hand #TM3001700134: Tournament #128423284, Daily Turbo $10 Hold'em No Limit - Level14(600/1,200) - 2024/02/24 19:27:27
Table '26' 8-max Seat #8 is the button
Seat 1: Hero (20,750 in chips)
Seat 2: 8c0cfed1 (24,514 in chips)
Seat 3: b64cdac1 (26,351 in chips)
Seat 4: 8fe4b8d9 (17,240 in chips)
Seat 5: f3886c1f (60,429 in chips)
Seat 6: d52fff0f (5,601 in chips)
Seat 7: 5c04d10c (10,000 in chips)
Seat 8: 11cea7d7 (10,247 in chips)
8c0cfed1: posts the ante 150
d52fff0f: posts the ante 150
Hero: posts the ante 150
f3886c1f: posts the ante 150
5c04d10c: posts the ante 150
11cea7d7: posts the ante 150
8fe4b8d9: posts the ante 150
b64cdac1: posts the ante 150
Hero: posts small blind 600
8c0cfed1: posts big blind 1,200
*** HOLE CARDS ***
Dealt to Hero [4s 6c]
Dealt to 8c0cfed1 
Dealt to b64cdac1 
Dealt to 8fe4b8d9 
Dealt to f3886c1f 
Dealt to d52fff0f 
Dealt to 5c04d10c 
Dealt to 11cea7d7 
b64cdac1: raises 1,200 to 2,400
8fe4b8d9: folds
f3886c1f: folds
d52fff0f: folds
5c04d10c: folds
11cea7d7: folds
Hero: folds
8c0cfed1: folds
Uncalled bet (1,200) returned to b64cdac1
*** SHOWDOWN ***
b64cdac1 collected 4,200 from pot
*** SUMMARY ***
Total pot 4,200 | Rake 0 | Jackpot 0 | Bingo 0 | Fortune 0 | Tax 0
Seat 1: Hero (small blind) folded before Flop
Seat 2: 8c0cfed1 (big blind) folded before Flop
Seat 3: b64cdac1 collected (4,200)
Seat 4: 8fe4b8d9 folded before Flop
Seat 5: f3886c1f folded before Flop
Seat 6: d52fff0f folded before Flop
Seat 7: 5c04d10c folded before Flop
Seat 8: 11cea7d7 (button) folded before Flop


Poker Hand #TM3001700085: Tournament #128423284, Daily Turbo $10 Hold'em No Limit - Level14(600/1,200) - 2024/02/24 19:26:29
Table '26' 8-max Seat #7 is the button
Seat 1: Hero (9,625 in chips)
Seat 2: 8c0cfed1 (24,664 in chips)
Seat 3: b64cdac1 (26,501 in chips)
Seat 4: 8fe4b8d9 (17,390 in chips)
Seat 5: f3886c1f (60,579 in chips)
Seat 6: d52fff0f (5,751 in chips)
Seat 7: 5c04d10c (19,625 in chips)
Seat 8: 11cea7d7 (10,997 in chips)
8c0cfed1: posts the ante 150
d52fff0f: posts the ante 150
Hero: posts the ante 150
f3886c1f: posts the ante 150
5c04d10c: posts the ante 150
8fe4b8d9: posts the ante 150
b64cdac1: posts the ante 150
11cea7d7: posts the ante 150
11cea7d7: posts small blind 600
Hero: posts big blind 1,200
*** HOLE CARDS ***
Dealt to Hero [Ac 5c]
Dealt to 8c0cfed1 
Dealt to b64cdac1 
Dealt to 8fe4b8d9 
Dealt to f3886c1f 
Dealt to d52fff0f 
Dealt to 5c04d10c 
Dealt to 11cea7d7 
8c0cfed1: folds
b64cdac1: folds
8fe4b8d9: folds
f3886c1f: folds
d52fff0f: folds
5c04d10c: raises 18,275 to 19,475 and is all-in
11cea7d7: folds
Hero: calls 8,275 and is all-in
Uncalled bet (10,000) returned to 5c04d10c
5c04d10c: shows [Ks Ts]
Hero: shows [Ac 5c]
*** FLOP *** [4s 4d 9s]
*** TURN *** [4s 4d 9s] [8h]
*** RIVER *** [4s 4d 9s 8h] [6c]
*** SHOWDOWN ***
Hero collected 20,750 from pot
*** SUMMARY ***
Total pot 20,750 | Rake 0 | Jackpot 0 | Bingo 0 | Fortune 0 | Tax 0
Board [4s 4d 9s 8h 6c]
Seat 1: Hero (big blind) showed [Ac 5c] and won (20,750) with Pair of Fours
Seat 2: 8c0cfed1 folded before Flop
Seat 3: b64cdac1 folded before Flop
Seat 4: 8fe4b8d9 folded before Flop
Seat 5: f3886c1f folded before Flop
Seat 6: d52fff0f folded before Flop
Seat 7: 5c04d10c (button) showed [Ks Ts] and lost with Pair of Fours
Seat 8: 11cea7d7 (small blind) folded before Flop


Poker Hand #TM3001700039: Tournament #128423284, Daily Turbo $10 Hold'em No Limit - Level13(500/1,000) - 2024/02/24 19:25:29
Table '26' 8-max Seat #6 is the button
Seat 1: Hero (9,750 in chips)
Seat 2: 8c0cfed1 (24,789 in chips)
Seat 3: b64cdac1 (24,126 in chips)
Seat 4: 8fe4b8d9 (17,515 in chips)
Seat 5: f3886c1f (60,704 in chips)
Seat 6: d52fff0f (5,876 in chips)
Seat 7: 5c04d10c (20,250 in chips)
Seat 8: 11cea7d7 (12,122 in chips)
8c0cfed1: posts the ante 125
d52fff0f: posts the ante 125
Hero: posts the ante 125
f3886c1f: posts the ante 125
5c04d10c: posts the ante 125
8fe4b8d9: posts the ante 125
b64cdac1: posts the ante 125
11cea7d7: posts the ante 125
5c04d10c: posts small blind 500
11cea7d7: posts big blind 1,000
*** HOLE CARDS ***
Dealt to Hero [8h 6d]
Dealt to 8c0cfed1 
Dealt to b64cdac1 
Dealt to 8fe4b8d9 
Dealt to f3886c1f 
Dealt to d52fff0f 
Dealt to 5c04d10c 
Dealt to 11cea7d7 
Hero: folds
8c0cfed1: folds
b64cdac1: calls 1,000
8fe4b8d9: folds
f3886c1f: folds
d52fff0f: folds
5c04d10c: folds
11cea7d7: checks
*** FLOP *** [Th Kh Qh]
11cea7d7: checks
b64cdac1: checks
*** TURN *** [Th Kh Qh] [7h]
11cea7d7: checks
b64cdac1: checks
*** RIVER *** [Th Kh Qh 7h] [Ac]
11cea7d7: checks
b64cdac1: bets 1,750
11cea7d7: folds
Uncalled bet (1,750) returned to b64cdac1
b64cdac1: shows [9h] (King High Flush)
*** SHOWDOWN ***
b64cdac1 collected 3,500 from pot
*** SUMMARY ***
Total pot 3,500 | Rake 0 | Jackpot 0 | Bingo 0 | Fortune 0 | Tax 0
Board [Th Kh Qh 7h Ac]
Seat 1: Hero folded before Flop
Seat 2: 8c0cfed1 folded before Flop
Seat 3: b64cdac1 showed [9h] and won (3,500)
Seat 4: 8fe4b8d9 folded before Flop
Seat 5: f3886c1f folded before Flop
Seat 6: d52fff0f (button) folded before Flop
Seat 7: 5c04d10c (small blind) folded before Flop
Seat 8: 11cea7d7 (big blind) folded on the River


Poker Hand #TM3001699988: Tournament #128423284, Daily Turbo $10 Hold'em No Limit - Level13(500/1,000) - 2024/02/24 19:24:29
Table '26' 8-max Seat #5 is the button
Seat 1: Hero (9,875 in chips)
Seat 2: 8c0cfed1 (24,914 in chips)
Seat 3: b64cdac1 (24,251 in chips)
Seat 4: 8fe4b8d9 (10,000 in chips)
Seat 5: f3886c1f (60,829 in chips)
Seat 6: d52fff0f (11,641 in chips)
Seat 7: 5c04d10c (21,375 in chips)
Seat 8: 11cea7d7 (12,247 in chips)
8c0cfed1: posts the ante 125
d52fff0f: posts the ante 125
Hero: posts the ante 125
f3886c1f: posts the ante 125
5c04d10c: posts the ante 125
8fe4b8d9: posts the ante 125
b64cdac1: posts the ante 125
11cea7d7: posts the ante 125
d52fff0f: posts small blind 500
5c04d10c: posts big blind 1,000
*** HOLE CARDS ***
Dealt to Hero [8c 5s]
Dealt to 8c0cfed1 
Dealt to b64cdac1 
Dealt to 8fe4b8d9 
Dealt to f3886c1f 
Dealt to d52fff0f 
Dealt to 5c04d10c 
Dealt to 11cea7d7 
11cea7d7: folds
Hero: folds
8c0cfed1: folds
b64cdac1: folds
8fe4b8d9: raises 1,000 to 2,000
f3886c1f: folds
d52fff0f: calls 1,500
5c04d10c: folds
*** FLOP *** [Kd 3h Ac]
d52fff0f: checks
8fe4b8d9: bets 1,000
d52fff0f: raises 2,640 to 3,640
8fe4b8d9: calls 2,640
*** TURN *** [Kd 3h Ac] [4d]
d52fff0f: checks
8fe4b8d9: bets 4,235 and is all-in
d52fff0f: folds
Uncalled bet (4,235) returned to 8fe4b8d9
*** SHOWDOWN ***
8fe4b8d9 collected 13,280 from pot
*** SUMMARY ***
Total pot 13,280 | Rake 0 | Jackpot 0 | Bingo 0 | Fortune 0 | Tax 0
Board [Kd 3h Ac 4d]
Seat 1: Hero folded before Flop
Seat 2: 8c0cfed1 folded before Flop
Seat 3: b64cdac1 folded before Flop
Seat 4: 8fe4b8d9 won (13,280)
Seat 5: f3886c1f (button) folded before Flop
Seat 6: d52fff0f (small blind) folded on the Turn
Seat 7: 5c04d10c (big blind) folded before Flop
Seat 8: 11cea7d7 folded before Flop


Poker Hand #TM3001699963: Tournament #128423284, Daily Turbo $10 Hold'em No Limit - Level13(500/1,000) - 2024/02/24 19:24:07
Table '26' 8-max Seat #3 is the button
Seat 1: Hero (10,000 in chips)
Seat 2: 8c0cfed1 (25,039 in chips)
Seat 3: b64cdac1 (24,376 in chips)
Seat 5: f3886c1f (61,454 in chips)
Seat 6: d52fff0f (12,766 in chips)
Seat 7: 5c04d10c (21,500 in chips)
Seat 8: 11cea7d7 (9,997 in chips)
8c0cfed1: posts the ante 125
d52fff0f: posts the ante 125
Hero: posts the ante 125
f3886c1f: posts the ante 125
5c04d10c: posts the ante 125
b64cdac1: posts the ante 125
11cea7d7: posts the ante 125
f3886c1f: posts small blind 500
d52fff0f: posts big blind 1,000
*** HOLE CARDS ***
Dealt to Hero [Qh 3c]
Dealt to 8c0cfed1 
Dealt to b64cdac1 
Dealt to f3886c1f 
Dealt to d52fff0f 
Dealt to 5c04d10c 
Dealt to 11cea7d7 
5c04d10c: folds
11cea7d7: raises 8,872 to 9,872 and is all-in
Hero: folds
8c0cfed1: folds
b64cdac1: folds
f3886c1f: folds
d52fff0f: folds
Uncalled bet (8,872) returned to 11cea7d7
*** SHOWDOWN ***
11cea7d7 collected 3,375 from pot
*** SUMMARY ***
Total pot 3,375 | Rake 0 | Jackpot 0 | Bingo 0 | Fortune 0 | Tax 0
Seat 1: Hero folded before Flop
Seat 2: 8c0cfed1 folded before Flop
Seat 3: b64cdac1 (button) folded before Flop
Seat 5: f3886c1f (small blind) folded before Flop
Seat 6: d52fff0f (big blind) folded before Flop
Seat 7: 5c04d10c folded before Flop
Seat 8: 11cea7d7 collected (3,375)


