Poker Hand #TM2940839593: Tournament #125665417, Daily Big $20 Hold'em No Limit - Level13(400/800) - 2024/02/08 15:48:41
Table '8' 8-max Seat #5 is the button
Seat 1: 8a0a8097 (12,130 in chips)
Seat 2: 4535a562 (16,515 in chips)
Seat 3: e5174228 (40,567 in chips)
Seat 4: Hero (7,445 in chips)
Seat 5: fddf11d6 (21,322 in chips)
Seat 6: 5be9ad63 (60,153 in chips)
Seat 7: 878fc210 (9,688 in chips)
Seat 8: e4e5b62a (16,858 in chips)
8a0a8097: posts the ante 100
e4e5b62a: posts the ante 100
Hero: posts the ante 100
e5174228: posts the ante 100
5be9ad63: posts the ante 100
4535a562: posts the ante 100
878fc210: posts the ante 100
fddf11d6: posts the ante 100
5be9ad63: posts small blind 400
878fc210: posts big blind 800
*** HOLE CARDS ***
Dealt to 8a0a8097 
Dealt to 4535a562 
Dealt to e5174228 
Dealt to Hero [Ac 3d]
Dealt to fddf11d6 
Dealt to 5be9ad63 
Dealt to 878fc210 
Dealt to e4e5b62a 
e4e5b62a: folds
8a0a8097: folds
4535a562: folds
e5174228: folds
Hero: raises 6,545 to 7,345 and is all-in
fddf11d6: raises 13,877 to 21,222 and is all-in
5be9ad63: folds
878fc210: folds
Uncalled bet (13,877) returned to fddf11d6
fddf11d6: shows [Jc Js]
Hero: shows [Ac 3d]
*** FLOP *** [Kd Ks 7c]
*** TURN *** [Kd Ks 7c] [6h]
*** RIVER *** [Kd Ks 7c 6h] [9h]
878fc210: shows [Qs Kh] (Three Kings)
*** SHOWDOWN ***
fddf11d6 collected 16,690 from pot
*** SUMMARY ***
Total pot 16,690 | Rake 0 | Jackpot 0 | Bingo 0 | Fortune 0 | Tax 0
Board [Kd Ks 7c 6h 9h]
Seat 1: 8a0a8097 folded before Flop
Seat 2: 4535a562 folded before Flop
Seat 3: e5174228 folded before Flop
Seat 4: Hero showed [Ac 3d] and lost with Pair of Kings
Seat 5: fddf11d6 (button) showed [Jc Js] and won (16,690) with Pair of Kings and Pair of Jacks
Seat 6: 5be9ad63 (small blind) folded before Flop
Seat 7: 878fc210 (big blind) folded before Flop
Seat 8: e4e5b62a folded before Flop


Poker Hand #TM2940839515: Tournament #125665417, Daily Big $20 Hold'em No Limit - Level13(400/800) - 2024/02/08 15:47:41
Table '8' 8-max Seat #4 is the button
Seat 1: 8a0a8097 (12,230 in chips)
Seat 2: 4535a562 (16,615 in chips)
Seat 3: e5174228 (40,667 in chips)
Seat 4: Hero (7,545 in chips)
Seat 5: fddf11d6 (18,222 in chips)
Seat 6: 5be9ad63 (61,053 in chips)
Seat 7: 878fc210 (9,788 in chips)
Seat 8: e4e5b62a (18,558 in chips)
8a0a8097: posts the ante 100
e4e5b62a: posts the ante 100
Hero: posts the ante 100
e5174228: posts the ante 100
5be9ad63: posts the ante 100
4535a562: posts the ante 100
878fc210: posts the ante 100
fddf11d6: posts the ante 100
fddf11d6: posts small blind 400
5be9ad63: posts big blind 800
*** HOLE CARDS ***
Dealt to 8a0a8097 
Dealt to 4535a562 
Dealt to e5174228 
Dealt to Hero [7c 3s]
Dealt to fddf11d6 
Dealt to 5be9ad63 
Dealt to 878fc210 
Dealt to e4e5b62a 
878fc210: folds
e4e5b62a: raises 800 to 1,600
8a0a8097: folds
4535a562: folds
e5174228: folds
Hero: folds
fddf11d6: raises 16,522 to 18,122 and is all-in
5be9ad63: folds
e4e5b62a: folds
Uncalled bet (16,522) returned to fddf11d6
*** SHOWDOWN ***
fddf11d6 collected 4,800 from pot
*** SUMMARY ***
Total pot 4,800 | Rake 0 | Jackpot 0 | Bingo 0 | Fortune 0 | Tax 0
Seat 1: 8a0a8097 folded before Flop
Seat 2: 4535a562 folded before Flop
Seat 3: e5174228 folded before Flop
Seat 4: Hero (button) folded before Flop
Seat 5: fddf11d6 (small blind) collected (4,800)
Seat 6: 5be9ad63 (big blind) folded before Flop
Seat 7: 878fc210 folded before Flop
Seat 8: e4e5b62a folded before Flop


Poker Hand #TM2940839325: Tournament #125665417, Daily Big $20 Hold'em No Limit - Level13(400/800) - 2024/02/08 15:45:32
Table '8' 8-max Seat #3 is the button
Seat 1: 8a0a8097 (12,330 in chips)
Seat 2: 4535a562 (16,715 in chips)
Seat 3: e5174228 (35,767 in chips)
Seat 4: Hero (8,045 in chips)
Seat 5: fddf11d6 (22,122 in chips)
Seat 6: 5be9ad63 (61,153 in chips)
Seat 7: 878fc210 (9,888 in chips)
Seat 8: e4e5b62a (18,658 in chips)
8a0a8097: posts the ante 100
e4e5b62a: posts the ante 100
e5174228: posts the ante 100
Hero: posts the ante 100
5be9ad63: posts the ante 100
4535a562: posts the ante 100
878fc210: posts the ante 100
fddf11d6: posts the ante 100
Hero: posts small blind 400
fddf11d6: posts big blind 800
*** HOLE CARDS ***
Dealt to 8a0a8097 
Dealt to 4535a562 
Dealt to e5174228 
Dealt to Hero [5s Kc]
Dealt to fddf11d6 
Dealt to 5be9ad63 
Dealt to 878fc210 
Dealt to e4e5b62a 
5be9ad63: folds
878fc210: folds
e4e5b62a: folds
8a0a8097: folds
4535a562: folds
e5174228: raises 800 to 1,600
Hero: folds
fddf11d6: calls 800
*** FLOP *** [Th 2d As]
fddf11d6: checks
e5174228: bets 2,200
fddf11d6: calls 2,200
*** TURN *** [Th 2d As] [Qd]
fddf11d6: checks
e5174228: bets 4,400
fddf11d6: folds
Uncalled bet (4,400) returned to e5174228
*** SHOWDOWN ***
e5174228 collected 8,800 from pot
*** SUMMARY ***
Total pot 8,800 | Rake 0 | Jackpot 0 | Bingo 0 | Fortune 0 | Tax 0
Board [Th 2d As Qd]
Seat 1: 8a0a8097 folded before Flop
Seat 2: 4535a562 folded before Flop
Seat 3: e5174228 (button) won (8,800)
Seat 4: Hero (small blind) folded before Flop
Seat 5: fddf11d6 (big blind) folded on the Turn
Seat 6: 5be9ad63 folded before Flop
Seat 7: 878fc210 folded before Flop
Seat 8: e4e5b62a folded before Flop


Poker Hand #TM2940839224: Tournament #125665417, Daily Big $20 Hold'em No Limit - Level13(400/800) - 2024/02/08 15:44:22
Table '8' 8-max Seat #2 is the button
Seat 1: 8a0a8097 (12,430 in chips)
Seat 2: 4535a562 (16,815 in chips)
Seat 3: e5174228 (36,267 in chips)
Seat 4: Hero (9,745 in chips)
Seat 5: fddf11d6 (22,222 in chips)
Seat 6: 5be9ad63 (61,253 in chips)
Seat 7: 878fc210 (9,988 in chips)
Seat 8: e4e5b62a (15,958 in chips)
8a0a8097: posts the ante 100
e4e5b62a: posts the ante 100
Hero: posts the ante 100
e5174228: posts the ante 100
5be9ad63: posts the ante 100
4535a562: posts the ante 100
878fc210: posts the ante 100
fddf11d6: posts the ante 100
e5174228: posts small blind 400
Hero: posts big blind 800
*** HOLE CARDS ***
Dealt to 8a0a8097 
Dealt to 4535a562 
Dealt to e5174228 
Dealt to Hero [2h Jh]
Dealt to fddf11d6 
Dealt to 5be9ad63 
Dealt to 878fc210 
Dealt to e4e5b62a 
fddf11d6: folds
5be9ad63: folds
878fc210: folds
e4e5b62a: raises 800 to 1,600
8a0a8097: folds
4535a562: folds
e5174228: folds
Hero: calls 800
*** FLOP *** [3h 5d 9c]
Hero: checks
e4e5b62a: bets 1,452
Hero: folds
Uncalled bet (1,452) returned to e4e5b62a
*** SHOWDOWN ***
e4e5b62a collected 4,400 from pot
*** SUMMARY ***
Total pot 4,400 | Rake 0 | Jackpot 0 | Bingo 0 | Fortune 0 | Tax 0
Board [3h 5d 9c]
Seat 1: 8a0a8097 folded before Flop
Seat 2: 4535a562 (button) folded before Flop
Seat 3: e5174228 (small blind) folded before Flop
Seat 4: Hero (big blind) folded on the Flop
Seat 5: fddf11d6 folded before Flop
Seat 6: 5be9ad63 folded before Flop
Seat 7: 878fc210 folded before Flop
Seat 8: e4e5b62a won (4,400)


Poker Hand #TM2940839104: Tournament #125665417, Daily Big $20 Hold'em No Limit - Level12(350/700) - 2024/02/08 15:42:56
Table '8' 8-max Seat #1 is the button
Seat 1: 8a0a8097 (12,515 in chips)
Seat 2: 4535a562 (17,250 in chips)
Seat 3: e5174228 (29,479 in chips)
Seat 4: Hero (9,830 in chips)
Seat 5: fddf11d6 (22,307 in chips)
Seat 6: 5be9ad63 (61,338 in chips)
Seat 7: 878fc210 (10,073 in chips)
Seat 8: e4e5b62a (21,886 in chips)
8a0a8097: posts the ante 85
e4e5b62a: posts the ante 85
Hero: posts the ante 85
e5174228: posts the ante 85
5be9ad63: posts the ante 85
4535a562: posts the ante 85
878fc210: posts the ante 85
fddf11d6: posts the ante 85
4535a562: posts small blind 350
e5174228: posts big blind 700
*** HOLE CARDS ***
Dealt to 8a0a8097 
Dealt to 4535a562 
Dealt to e5174228 
Dealt to Hero [4h Js]
Dealt to fddf11d6 
Dealt to 5be9ad63 
Dealt to 878fc210 
Dealt to e4e5b62a 
Hero: folds
fddf11d6: folds
5be9ad63: folds
878fc210: folds
e4e5b62a: raises 700 to 1,400
8a0a8097: folds
4535a562: folds
e5174228: calls 700
*** FLOP *** [9h Ts Tc]
e5174228: checks
e4e5b62a: bets 1,264
e5174228: calls 1,264
*** TURN *** [9h Ts Tc] [5h]
e5174228: bets 3,179
e4e5b62a: calls 3,179
*** RIVER *** [9h Ts Tc 5h] [8d]
e5174228: bets 6,358
e4e5b62a: folds
Uncalled bet (6,358) returned to e5174228
*** SHOWDOWN ***
e5174228 collected 12,716 from pot
*** SUMMARY ***
Total pot 12,716 | Rake 0 | Jackpot 0 | Bingo 0 | Fortune 0 | Tax 0
Board [9h Ts Tc 5h 8d]
Seat 1: 8a0a8097 (button) folded before Flop
Seat 2: 4535a562 (small blind) folded before Flop
Seat 3: e5174228 (big blind) won (12,716)
Seat 4: Hero folded before Flop
Seat 5: fddf11d6 folded before Flop
Seat 6: 5be9ad63 folded before Flop
Seat 7: 878fc210 folded before Flop
Seat 8: e4e5b62a folded on the River


Poker Hand #TM2940248951: Tournament #125665417, Daily Big $20 Hold'em No Limit - Level12(350/700) - 2024/02/08 15:41:05
Table '8' 8-max Seat #8 is the button
Seat 1: 8a0a8097 (13,300 in chips)
Seat 2: 4535a562 (11,905 in chips)
Seat 3: e5174228 (29,564 in chips)
Seat 4: Hero (9,915 in chips)
Seat 5: fddf11d6 (22,392 in chips)
Seat 6: 5be9ad63 (61,423 in chips)
Seat 7: 878fc210 (10,158 in chips)
Seat 8: e4e5b62a (26,021 in chips)
e4e5b62a: posts the ante 85
8a0a8097: posts the ante 85
Hero: posts the ante 85
e5174228: posts the ante 85
5be9ad63: posts the ante 85
4535a562: posts the ante 85
878fc210: posts the ante 85
fddf11d6: posts the ante 85
8a0a8097: posts small blind 350
4535a562: posts big blind 700
*** HOLE CARDS ***
Dealt to 8a0a8097 
Dealt to 4535a562 
Dealt to e5174228 
Dealt to Hero [7h 8s]
Dealt to fddf11d6 
Dealt to 5be9ad63 
Dealt to 878fc210 
Dealt to e4e5b62a 
e5174228: folds
Hero: folds
fddf11d6: folds
5be9ad63: folds
878fc210: folds
e4e5b62a: calls 700
8a0a8097: calls 350
4535a562: checks
*** FLOP *** [2c Jd Ks]
8a0a8097: checks
4535a562: checks
e4e5b62a: bets 1,390
8a0a8097: folds
4535a562: calls 1,390
*** TURN *** [2c Jd Ks] [4c]
4535a562: checks
e4e5b62a: bets 1,960
4535a562: calls 1,960
*** RIVER *** [2c Jd Ks 4c] [6d]
4535a562: checks
e4e5b62a: checks
4535a562: shows [Js Th] (Pair of Jacks)
e4e5b62a: shows [5h 6h] (Pair of Sixes)
*** SHOWDOWN ***
4535a562 collected 9,480 from pot
*** SUMMARY ***
Total pot 9,480 | Rake 0 | Jackpot 0 | Bingo 0 | Fortune 0 | Tax 0
Board [2c Jd Ks 4c 6d]
Seat 1: 8a0a8097 (small blind) folded on the Flop
Seat 2: 4535a562 (big blind) showed [Js Th] and won (9,480) with Pair of Jacks
Seat 3: e5174228 folded before Flop
Seat 4: Hero folded before Flop
Seat 5: fddf11d6 folded before Flop
Seat 6: 5be9ad63 folded before Flop
Seat 7: 878fc210 folded before Flop
Seat 8: e4e5b62a (button) showed [5h 6h] and lost with Pair of Sixes


Poker Hand #TM2940248840: Tournament #125665417, Daily Big $20 Hold'em No Limit - Level12(350/700) - 2024/02/08 15:39:53
Table '8' 8-max Seat #7 is the button
Seat 1: 8a0a8097 (12,005 in chips)
Seat 2: 4535a562 (11,990 in chips)
Seat 3: e5174228 (29,649 in chips)
Seat 4: Hero (10,000 in chips)
Seat 5: fddf11d6 (22,477 in chips)
Seat 6: 5be9ad63 (61,508 in chips)
Seat 7: 878fc210 (10,243 in chips)
Seat 8: e4e5b62a (26,806 in chips)
8a0a8097: posts the ante 85
e4e5b62a: posts the ante 85
Hero: posts the ante 85
e5174228: posts the ante 85
5be9ad63: posts the ante 85
4535a562: posts the ante 85
878fc210: posts the ante 85
fddf11d6: posts the ante 85
e4e5b62a: posts small blind 350
8a0a8097: posts big blind 700
*** HOLE CARDS ***
Dealt to 8a0a8097 
Dealt to 4535a562 
Dealt to e5174228 
Dealt to Hero [2d 4d]
Dealt to fddf11d6 
Dealt to 5be9ad63 
Dealt to 878fc210 
Dealt to e4e5b62a 
4535a562: folds
e5174228: folds
Hero: folds
fddf11d6: folds
5be9ad63: folds
878fc210: folds
e4e5b62a: calls 350
8a0a8097: raises 1,750 to 2,450
e4e5b62a: folds
Uncalled bet (1,750) returned to 8a0a8097
*** SHOWDOWN ***
8a0a8097 collected 2,080 from pot
*** SUMMARY ***
Total pot 2,080 | Rake 0 | Jackpot 0 | Bingo 0 | Fortune 0 | Tax 0
Seat 1: 8a0a8097 (big blind) collected (2,080)
Seat 2: 4535a562 folded before Flop
Seat 3: e5174228 folded before Flop
Seat 4: Hero folded before Flop
Seat 5: fddf11d6 folded before Flop
Seat 6: 5be9ad63 folded before Flop
Seat 7: 878fc210 (button) folded before Flop
Seat 8: e4e5b62a (small blind) folded before Flop


