Poker Hand #TM2929824650: Tournament #125158749, Daily Big $20 Hold'em No Limit - Level11(300/600) - 2024/02/05 15:30:46
Table '39' 8-max Seat #5 is the button
Seat 1: Hero (9,695 in chips)
Seat 2: 2fc040b2 (14,596 in chips)
Seat 3: 236a0fad (13,523 in chips)
Seat 4: 4ef53d55 (16,108 in chips)
Seat 5: 886b1415 (30,978 in chips)
Seat 7: 85d534bf (11,200 in chips)
Seat 8: 3bdfc6bd (8,635 in chips)
2fc040b2: posts the ante 75
4ef53d55: posts the ante 75
3bdfc6bd: posts the ante 75
236a0fad: posts the ante 75
Hero: posts the ante 75
85d534bf: posts the ante 75
886b1415: posts the ante 75
85d534bf: posts small blind 300
3bdfc6bd: posts big blind 600
*** HOLE CARDS ***
Dealt to Hero [Ac Kc]
Dealt to 2fc040b2 
Dealt to 236a0fad 
Dealt to 4ef53d55 
Dealt to 886b1415 
Dealt to 85d534bf 
Dealt to 3bdfc6bd 
Hero: raises 660 to 1,260
2fc040b2: folds
236a0fad: folds
4ef53d55: raises 14,773 to 16,033 and is all-in
886b1415: folds
85d534bf: folds
3bdfc6bd: folds
Hero: calls 8,360 and is all-in
Uncalled bet (6,413) returned to 4ef53d55
4ef53d55: shows [Ts Td]
Hero: shows [Ac Kc]
*** FLOP *** [9d Jd Kh]
*** TURN *** [9d Jd Kh] [Qs]
*** RIVER *** [9d Jd Kh Qs] [Ks]
*** SHOWDOWN ***
4ef53d55 collected 20,665 from pot
*** SUMMARY ***
Total pot 20,665 | Rake 0 | Jackpot 0 | Bingo 0 | Fortune 0 | Tax 0
Board [9d Jd Kh Qs Ks]
Seat 1: Hero showed [Ac Kc] and lost with Three Kings
Seat 2: 2fc040b2 folded before Flop
Seat 3: 236a0fad folded before Flop
Seat 4: 4ef53d55 showed [Ts Td] and won (20,665) with Kings-High Straight
Seat 5: 886b1415 (button) folded before Flop
Seat 7: 85d534bf (small blind) folded before Flop
Seat 8: 3bdfc6bd (big blind) folded before Flop


Poker Hand #TM2929824554: Tournament #125158749, Daily Big $20 Hold'em No Limit - Level11(300/600) - 2024/02/05 15:29:43
Table '39' 8-max Seat #4 is the button
Seat 1: Hero (9,770 in chips)
Seat 2: 2fc040b2 (14,671 in chips)
Seat 4: 4ef53d55 (16,183 in chips)
Seat 5: 886b1415 (22,120 in chips)
Seat 6: ae255384 (8,483 in chips)
Seat 7: 85d534bf (11,275 in chips)
Seat 8: 3bdfc6bd (8,710 in chips)
2fc040b2: posts the ante 75
ae255384: posts the ante 75
4ef53d55: posts the ante 75
3bdfc6bd: posts the ante 75
Hero: posts the ante 75
85d534bf: posts the ante 75
886b1415: posts the ante 75
886b1415: posts small blind 300
ae255384: posts big blind 600
*** HOLE CARDS ***
Dealt to Hero [2d 9s]
Dealt to 2fc040b2 
Dealt to 4ef53d55 
Dealt to 886b1415 
Dealt to ae255384 
Dealt to 85d534bf 
Dealt to 3bdfc6bd 
85d534bf: folds
3bdfc6bd: folds
Hero: folds
2fc040b2: folds
4ef53d55: folds
886b1415: raises 21,445 to 22,045 and is all-in
ae255384: calls 7,808 and is all-in
Uncalled bet (13,637) returned to 886b1415
886b1415: shows [7c 8c]
ae255384: shows [Kd As]
*** FLOP *** [Qs 4d 8d]
*** TURN *** [Qs 4d 8d] [Ah]
*** RIVER *** [Qs 4d 8d Ah] [8s]
85d534bf: shows [8h] (Three Eights)
*** SHOWDOWN ***
886b1415 collected 17,341 from pot
*** SUMMARY ***
Total pot 17,341 | Rake 0 | Jackpot 0 | Bingo 0 | Fortune 0 | Tax 0
Board [Qs 4d 8d Ah 8s]
Seat 1: Hero folded before Flop
Seat 2: 2fc040b2 folded before Flop
Seat 4: 4ef53d55 (button) folded before Flop
Seat 5: 886b1415 (small blind) showed [7c 8c] and won (17,341) with Three Eights
Seat 6: ae255384 (big blind) showed [Kd As] and lost with Pair of Aces and Pair of Eights
Seat 7: 85d534bf folded before Flop
Seat 8: 3bdfc6bd folded before Flop


Poker Hand #TM2929824481: Tournament #125158749, Daily Big $20 Hold'em No Limit - Level11(300/600) - 2024/02/05 15:28:57
Table '39' 8-max Seat #3 is the button
Seat 1: Hero (9,845 in chips)
Seat 2: 2fc040b2 (14,746 in chips)
Seat 3: 7798ffab (5,518 in chips)
Seat 4: 4ef53d55 (9,615 in chips)
Seat 5: 886b1415 (22,795 in chips)
Seat 6: ae255384 (8,558 in chips)
Seat 7: 85d534bf (11,350 in chips)
Seat 8: 3bdfc6bd (8,785 in chips)
2fc040b2: posts the ante 75
ae255384: posts the ante 75
3bdfc6bd: posts the ante 75
4ef53d55: posts the ante 75
Hero: posts the ante 75
7798ffab: posts the ante 75
85d534bf: posts the ante 75
886b1415: posts the ante 75
4ef53d55: posts small blind 300
886b1415: posts big blind 600
*** HOLE CARDS ***
Dealt to Hero [4h Kc]
Dealt to 2fc040b2 
Dealt to 7798ffab 
Dealt to 4ef53d55 
Dealt to 886b1415 
Dealt to ae255384 
Dealt to 85d534bf 
Dealt to 3bdfc6bd 
ae255384: folds
85d534bf: folds
3bdfc6bd: folds
Hero: folds
2fc040b2: folds
7798ffab: raises 4,843 to 5,443 and is all-in
4ef53d55: raises 4,097 to 9,540 and is all-in
886b1415: folds
Uncalled bet (4,097) returned to 4ef53d55
4ef53d55: shows [Qc Kd]
7798ffab: shows [Tc Qh]
*** FLOP *** [6h 9c 6c]
*** TURN *** [6h 9c 6c] [Jd]
*** RIVER *** [6h 9c 6c Jd] [4c]
*** SHOWDOWN ***
4ef53d55 collected 12,086 from pot
*** SUMMARY ***
Total pot 12,086 | Rake 0 | Jackpot 0 | Bingo 0 | Fortune 0 | Tax 0
Board [6h 9c 6c Jd 4c]
Seat 1: Hero folded before Flop
Seat 2: 2fc040b2 folded before Flop
Seat 3: 7798ffab (button) showed [Tc Qh] and lost with Pair of Sixes
Seat 4: 4ef53d55 (small blind) showed [Qc Kd] and won (12,086) with Pair of Sixes
Seat 5: 886b1415 (big blind) folded before Flop
Seat 6: ae255384 folded before Flop
Seat 7: 85d534bf folded before Flop
Seat 8: 3bdfc6bd folded before Flop


Poker Hand #TM2929824420: Tournament #125158749, Daily Big $20 Hold'em No Limit - Level11(300/600) - 2024/02/05 15:28:16
Table '39' 8-max Seat #2 is the button
Seat 1: Hero (9,920 in chips)
Seat 2: 2fc040b2 (14,821 in chips)
Seat 3: 7798ffab (5,893 in chips)
Seat 4: 4ef53d55 (10,290 in chips)
Seat 5: 886b1415 (22,870 in chips)
Seat 6: ae255384 (8,633 in chips)
Seat 7: 85d534bf (9,925 in chips)
Seat 8: 3bdfc6bd (8,860 in chips)
2fc040b2: posts the ante 75
ae255384: posts the ante 75
3bdfc6bd: posts the ante 75
4ef53d55: posts the ante 75
Hero: posts the ante 75
7798ffab: posts the ante 75
85d534bf: posts the ante 75
886b1415: posts the ante 75
7798ffab: posts small blind 300
4ef53d55: posts big blind 600
*** HOLE CARDS ***
Dealt to Hero [6s 7s]
Dealt to 2fc040b2 
Dealt to 7798ffab 
Dealt to 4ef53d55 
Dealt to 886b1415 
Dealt to ae255384 
Dealt to 85d534bf 
Dealt to 3bdfc6bd 
886b1415: folds
ae255384: folds
85d534bf: raises 660 to 1,260
3bdfc6bd: folds
Hero: folds
2fc040b2: folds
7798ffab: folds
4ef53d55: folds
Uncalled bet (660) returned to 85d534bf
*** SHOWDOWN ***
85d534bf collected 2,100 from pot
*** SUMMARY ***
Total pot 2,100 | Rake 0 | Jackpot 0 | Bingo 0 | Fortune 0 | Tax 0
Seat 1: Hero folded before Flop
Seat 2: 2fc040b2 (button) folded before Flop
Seat 3: 7798ffab (small blind) folded before Flop
Seat 4: 4ef53d55 (big blind) folded before Flop
Seat 5: 886b1415 folded before Flop
Seat 6: ae255384 folded before Flop
Seat 7: 85d534bf collected (2,100)
Seat 8: 3bdfc6bd folded before Flop


Poker Hand #TM2929824369: Tournament #125158749, Daily Big $20 Hold'em No Limit - Level11(300/600) - 2024/02/05 15:27:45
Table '39' 8-max Seat #1 is the button
Seat 1: Hero (9,995 in chips)
Seat 2: 2fc040b2 (15,196 in chips)
Seat 3: 7798ffab (7,168 in chips)
Seat 4: 4ef53d55 (8,265 in chips)
Seat 5: 886b1415 (22,945 in chips)
Seat 6: ae255384 (8,708 in chips)
Seat 7: 85d534bf (10,000 in chips)
Seat 8: 3bdfc6bd (8,935 in chips)
ae255384: posts the ante 75
2fc040b2: posts the ante 75
3bdfc6bd: posts the ante 75
4ef53d55: posts the ante 75
Hero: posts the ante 75
7798ffab: posts the ante 75
85d534bf: posts the ante 75
886b1415: posts the ante 75
2fc040b2: posts small blind 300
7798ffab: posts big blind 600
*** HOLE CARDS ***
Dealt to Hero [5h Qc]
Dealt to 2fc040b2 
Dealt to 7798ffab 
Dealt to 4ef53d55 
Dealt to 886b1415 
Dealt to ae255384 
Dealt to 85d534bf 
Dealt to 3bdfc6bd 
4ef53d55: raises 600 to 1,200
886b1415: folds
ae255384: folds
85d534bf: folds
3bdfc6bd: folds
Hero: folds
2fc040b2: folds
7798ffab: calls 600
*** FLOP *** [9d Ks Th]
7798ffab: checks
4ef53d55: bets 900
7798ffab: folds
Uncalled bet (900) returned to 4ef53d55
*** SHOWDOWN ***
4ef53d55 collected 3,300 from pot
*** SUMMARY ***
Total pot 3,300 | Rake 0 | Jackpot 0 | Bingo 0 | Fortune 0 | Tax 0
Board [9d Ks Th]
Seat 1: Hero (button) folded before Flop
Seat 2: 2fc040b2 (small blind) folded before Flop
Seat 3: 7798ffab (big blind) folded on the Flop
Seat 4: 4ef53d55 won (3,300)
Seat 5: 886b1415 folded before Flop
Seat 6: ae255384 folded before Flop
Seat 7: 85d534bf folded before Flop
Seat 8: 3bdfc6bd folded before Flop


Poker Hand #TM2929824283: Tournament #125158749, Daily Big $20 Hold'em No Limit - Level11(300/600) - 2024/02/05 15:26:40
Table '39' 8-max Seat #8 is the button
Seat 1: Hero (10,370 in chips)
Seat 2: 2fc040b2 (12,970 in chips)
Seat 3: 7798ffab (7,243 in chips)
Seat 4: 4ef53d55 (8,340 in chips)
Seat 5: 886b1415 (23,020 in chips)
Seat 6: ae255384 (9,983 in chips)
Seat 7: 88ce9f25 (276 in chips)
Seat 8: 3bdfc6bd (9,010 in chips)
ae255384: posts the ante 75
2fc040b2: posts the ante 75
3bdfc6bd: posts the ante 75
4ef53d55: posts the ante 75
Hero: posts the ante 75
7798ffab: posts the ante 75
88ce9f25: posts the ante 75
886b1415: posts the ante 75
Hero: posts small blind 300
2fc040b2: posts big blind 600
*** HOLE CARDS ***
Dealt to Hero [4s 8c]
Dealt to 2fc040b2 
Dealt to 7798ffab 
Dealt to 4ef53d55 
Dealt to 886b1415 
Dealt to ae255384 
Dealt to 88ce9f25 
Dealt to 3bdfc6bd 
7798ffab: folds
4ef53d55: folds
886b1415: folds
ae255384: raises 600 to 1,200
88ce9f25: calls 201 and is all-in
3bdfc6bd: folds
Hero: folds
2fc040b2: calls 600
*** FLOP *** [3c Qh Js]
2fc040b2: bets 11,695 and is all-in
ae255384: folds
Uncalled bet (11,695) returned to 2fc040b2
2fc040b2: shows [Qs Th] (Pair of Queens)
88ce9f25: shows [9h Ah] (Ace-High)
*** TURN *** [3c Qh Js] [Tc]
*** RIVER *** [3c Qh Js Tc] [2h]
*** SHOWDOWN ***
2fc040b2 collected 1,404 from pot
2fc040b2 collected 2,097 from pot
*** SUMMARY ***
Total pot 3,501 | Rake 0 | Jackpot 0 | Bingo 0 | Fortune 0 | Tax 0
Board [3c Qh Js Tc 2h]
Seat 1: Hero (small blind) folded before Flop
Seat 2: 2fc040b2 (big blind) showed [Qs Th] and won (3,501) with Pair of Queens and Pair of Tens
Seat 3: 7798ffab folded before Flop
Seat 4: 4ef53d55 folded before Flop
Seat 5: 886b1415 folded before Flop
Seat 6: ae255384 folded on the Flop
Seat 7: 88ce9f25 showed [9h Ah] and lost with Ace-High
Seat 8: 3bdfc6bd (button) folded before Flop


Poker Hand #TM2929824192: Tournament #125158749, Daily Big $20 Hold'em No Limit - Level10(250/500) - 2024/02/05 15:25:45
Table '39' 8-max Seat #7 is the button
Seat 1: Hero (10,930 in chips)
Seat 2: 2fc040b2 (13,030 in chips)
Seat 3: 7798ffab (7,303 in chips)
Seat 4: 4ef53d55 (8,400 in chips)
Seat 5: 886b1415 (10,955 in chips)
Seat 6: ae255384 (10,043 in chips)
Seat 7: 88ce9f25 (11,231 in chips)
Seat 8: 3bdfc6bd (9,320 in chips)
ae255384: posts the ante 60
2fc040b2: posts the ante 60
4ef53d55: posts the ante 60
3bdfc6bd: posts the ante 60
Hero: posts the ante 60
7798ffab: posts the ante 60
88ce9f25: posts the ante 60
886b1415: posts the ante 60
3bdfc6bd: posts small blind 250
Hero: posts big blind 500
*** HOLE CARDS ***
Dealt to Hero [Jc 5d]
Dealt to 2fc040b2 
Dealt to 7798ffab 
Dealt to 4ef53d55 
Dealt to 886b1415 
Dealt to ae255384 
Dealt to 88ce9f25 
Dealt to 3bdfc6bd 
2fc040b2: folds
7798ffab: folds
4ef53d55: folds
886b1415: raises 500 to 1,000
ae255384: folds
88ce9f25: raises 10,171 to 11,171 and is all-in
3bdfc6bd: folds
Hero: folds
886b1415: calls 9,895 and is all-in
Uncalled bet (276) returned to 88ce9f25
88ce9f25: shows [Jd Jh]
886b1415: shows [Qh Qc]
*** FLOP *** [Td 8c 4d]
*** TURN *** [Td 8c 4d] [7c]
*** RIVER *** [Td 8c 4d 7c] [Qs]
*** SHOWDOWN ***
886b1415 collected 23,020 from pot
*** SUMMARY ***
Total pot 23,020 | Rake 0 | Jackpot 0 | Bingo 0 | Fortune 0 | Tax 0
Board [Td 8c 4d 7c Qs]
Seat 1: Hero (big blind) folded before Flop
Seat 2: 2fc040b2 folded before Flop
Seat 3: 7798ffab folded before Flop
Seat 4: 4ef53d55 folded before Flop
Seat 5: 886b1415 showed [Qh Qc] and won (23,020) with Three Queens
Seat 6: ae255384 folded before Flop
Seat 7: 88ce9f25 (button) showed [Jd Jh] and lost with Pair of Jacks
Seat 8: 3bdfc6bd (small blind) folded before Flop


Poker Hand #TM2929824134: Tournament #125158749, Daily Big $20 Hold'em No Limit - Level10(250/500) - 2024/02/05 15:25:04
Table '39' 8-max Seat #5 is the button
Seat 1: Hero (10,990 in chips)
Seat 2: 2fc040b2 (13,090 in chips)
Seat 3: 7798ffab (7,363 in chips)
Seat 4: 4ef53d55 (8,460 in chips)
Seat 5: 886b1415 (11,015 in chips)
Seat 7: 88ce9f25 (10,371 in chips)
Seat 8: 3bdfc6bd (9,880 in chips)
2fc040b2: posts the ante 60
4ef53d55: posts the ante 60
3bdfc6bd: posts the ante 60
Hero: posts the ante 60
7798ffab: posts the ante 60
886b1415: posts the ante 60
88ce9f25: posts the ante 60
88ce9f25: posts small blind 250
3bdfc6bd: posts big blind 500
*** HOLE CARDS ***
Dealt to Hero [8s 9c]
Dealt to 2fc040b2 
Dealt to 7798ffab 
Dealt to 4ef53d55 
Dealt to 886b1415 
Dealt to 88ce9f25 
Dealt to 3bdfc6bd 
Hero: folds
2fc040b2: folds
7798ffab: folds
4ef53d55: folds
886b1415: folds
88ce9f25: raises 850 to 1,350
3bdfc6bd: folds
Uncalled bet (850) returned to 88ce9f25
*** SHOWDOWN ***
88ce9f25 collected 1,420 from pot
*** SUMMARY ***
Total pot 1,420 | Rake 0 | Jackpot 0 | Bingo 0 | Fortune 0 | Tax 0
Seat 1: Hero folded before Flop
Seat 2: 2fc040b2 folded before Flop
Seat 3: 7798ffab folded before Flop
Seat 4: 4ef53d55 folded before Flop
Seat 5: 886b1415 (button) folded before Flop
Seat 7: 88ce9f25 (small blind) collected (1,420)
Seat 8: 3bdfc6bd (big blind) folded before Flop


Poker Hand #TM2929824027: Tournament #125158749, Daily Big $20 Hold'em No Limit - Level10(250/500) - 2024/02/05 15:23:54
Table '39' 8-max Seat #4 is the button
Seat 1: Hero (11,050 in chips)
Seat 2: 2fc040b2 (13,150 in chips)
Seat 3: 7798ffab (7,423 in chips)
Seat 4: 4ef53d55 (10,220 in chips)
Seat 5: 886b1415 (11,325 in chips)
Seat 7: 88ce9f25 (8,061 in chips)
Seat 8: 3bdfc6bd (9,940 in chips)
2fc040b2: posts the ante 60
4ef53d55: posts the ante 60
3bdfc6bd: posts the ante 60
Hero: posts the ante 60
7798ffab: posts the ante 60
88ce9f25: posts the ante 60
886b1415: posts the ante 60
886b1415: posts small blind 250
88ce9f25: posts big blind 500
*** HOLE CARDS ***
Dealt to Hero [8d Jc]
Dealt to 2fc040b2 
Dealt to 7798ffab 
Dealt to 4ef53d55 
Dealt to 886b1415 
Dealt to 88ce9f25 
Dealt to 3bdfc6bd 
3bdfc6bd: folds
Hero: folds
2fc040b2: folds
7798ffab: folds
4ef53d55: raises 500 to 1,000
886b1415: folds
88ce9f25: calls 500
*** FLOP *** [4h Kd 3s]
88ce9f25: checks
4ef53d55: bets 700
88ce9f25: raises 1,000 to 1,700
4ef53d55: folds
Uncalled bet (1,000) returned to 88ce9f25
*** SHOWDOWN ***
88ce9f25 collected 4,070 from pot
*** SUMMARY ***
Total pot 4,070 | Rake 0 | Jackpot 0 | Bingo 0 | Fortune 0 | Tax 0
Board [4h Kd 3s]
Seat 1: Hero folded before Flop
Seat 2: 2fc040b2 folded before Flop
Seat 3: 7798ffab folded before Flop
Seat 4: 4ef53d55 (button) folded on the Flop
Seat 5: 886b1415 (small blind) folded before Flop
Seat 7: 88ce9f25 (big blind) won (4,070)
Seat 8: 3bdfc6bd folded before Flop


Poker Hand #TM2929823950: Tournament #125158749, Daily Big $20 Hold'em No Limit - Level10(250/500) - 2024/02/05 15:23:07
Table '39' 8-max Seat #3 is the button
Seat 1: Hero (9,880 in chips)
Seat 2: 2fc040b2 (13,210 in chips)
Seat 3: 7798ffab (7,483 in chips)
Seat 4: 4ef53d55 (10,530 in chips)
Seat 5: 886b1415 (11,885 in chips)
Seat 6: d2096143 (9,700 in chips)
Seat 7: 88ce9f25 (8,121 in chips)
Seat 8: 3bdfc6bd (10,000 in chips)
2fc040b2: posts the ante 60
3bdfc6bd: posts the ante 60
4ef53d55: posts the ante 60
Hero: posts the ante 60
7798ffab: posts the ante 60
d2096143: posts the ante 60
88ce9f25: posts the ante 60
886b1415: posts the ante 60
4ef53d55: posts small blind 250
886b1415: posts big blind 500
*** HOLE CARDS ***
Dealt to Hero [5h 5c]
Dealt to 2fc040b2 
Dealt to 7798ffab 
Dealt to 4ef53d55 
Dealt to 886b1415 
Dealt to d2096143 
Dealt to 88ce9f25 
Dealt to 3bdfc6bd 
d2096143: folds
88ce9f25: folds
3bdfc6bd: folds
Hero: raises 550 to 1,050
2fc040b2: folds
7798ffab: folds
4ef53d55: folds
886b1415: folds
Uncalled bet (550) returned to Hero
*** SHOWDOWN ***
Hero collected 1,730 from pot
*** SUMMARY ***
Total pot 1,730 | Rake 0 | Jackpot 0 | Bingo 0 | Fortune 0 | Tax 0
Seat 1: Hero collected (1,730)
Seat 2: 2fc040b2 folded before Flop
Seat 3: 7798ffab (button) folded before Flop
Seat 4: 4ef53d55 (small blind) folded before Flop
Seat 5: 886b1415 (big blind) folded before Flop
Seat 6: d2096143 folded before Flop
Seat 7: 88ce9f25 folded before Flop
Seat 8: 3bdfc6bd folded before Flop


Poker Hand #TM2929823869: Tournament #125158749, Daily Big $20 Hold'em No Limit - Level10(250/500) - 2024/02/05 15:22:14
Table '39' 8-max Seat #2 is the button
Seat 1: Hero (9,940 in chips)
Seat 2: 2fc040b2 (13,270 in chips)
Seat 3: 7798ffab (7,793 in chips)
Seat 4: 4ef53d55 (8,920 in chips)
Seat 5: 886b1415 (11,945 in chips)
Seat 6: d2096143 (10,760 in chips)
Seat 7: 88ce9f25 (8,181 in chips)
2fc040b2: posts the ante 60
4ef53d55: posts the ante 60
Hero: posts the ante 60
d2096143: posts the ante 60
7798ffab: posts the ante 60
88ce9f25: posts the ante 60
886b1415: posts the ante 60
7798ffab: posts small blind 250
4ef53d55: posts big blind 500
*** HOLE CARDS ***
Dealt to Hero [Tc Kd]
Dealt to 2fc040b2 
Dealt to 7798ffab 
Dealt to 4ef53d55 
Dealt to 886b1415 
Dealt to d2096143 
Dealt to 88ce9f25 
886b1415: folds
d2096143: raises 500 to 1,000
88ce9f25: folds
Hero: folds
2fc040b2: folds
7798ffab: folds
4ef53d55: raises 7,860 to 8,860 and is all-in
d2096143: folds
Uncalled bet (7,860) returned to 4ef53d55
*** SHOWDOWN ***
4ef53d55 collected 2,670 from pot
*** SUMMARY ***
Total pot 2,670 | Rake 0 | Jackpot 0 | Bingo 0 | Fortune 0 | Tax 0
Seat 1: Hero folded before Flop
Seat 2: 2fc040b2 (button) folded before Flop
Seat 3: 7798ffab (small blind) folded before Flop
Seat 4: 4ef53d55 (big blind) collected (2,670)
Seat 5: 886b1415 folded before Flop
Seat 6: d2096143 folded before Flop
Seat 7: 88ce9f25 folded before Flop


Poker Hand #TM2929823824: Tournament #125158749, Daily Big $20 Hold'em No Limit - Level10(250/500) - 2024/02/05 15:21:39
Table '39' 8-max Seat #1 is the button
Seat 1: Hero (10,000 in chips)
Seat 2: 2fc040b2 (6,605 in chips)
Seat 3: 7798ffab (14,398 in chips)
2fc040b2: posts the ante 60
Hero: posts the ante 60
7798ffab: posts the ante 60
2fc040b2: posts small blind 250
7798ffab: posts big blind 500
*** HOLE CARDS ***
Dealt to Hero [6d 9c]
Dealt to 2fc040b2 
Dealt to 7798ffab 
Hero: folds
2fc040b2: raises 1,500 to 2,000
7798ffab: calls 1,500
*** FLOP *** [Jh Tc 7h]
2fc040b2: bets 4,545 and is all-in
7798ffab: calls 4,545
2fc040b2: shows [Qc Qs] (Pair of Queens)
7798ffab: shows [Qh Jd] (Pair of Jacks)
*** TURN *** [Jh Tc 7h] [3h]
*** RIVER *** [Jh Tc 7h 3h] [Kd]
*** SHOWDOWN ***
2fc040b2 collected 13,270 from pot
*** SUMMARY ***
Total pot 13,270 | Rake 0 | Jackpot 0 | Bingo 0 | Fortune 0 | Tax 0
Board [Jh Tc 7h 3h Kd]
Seat 1: Hero (button) folded before Flop
Seat 2: 2fc040b2 (small blind) showed [Qc Qs] and won (13,270) with Pair of Queens
Seat 3: 7798ffab (big blind) showed [Qh Jd] and lost with Pair of Jacks


