Poker Hand #TM2951522378: Tournament #121915440, Global MILLION$, $1M GTD [Day 1] Hold'em No Limit - Level7(200/400) - 2024/02/11 14:31:02
Table '40' 8-max Seat #2 is the button
Seat 1: Hero (6,995 in chips)
Seat 2: b6f77ec4 (20,702 in chips)
Seat 3: 6f43339a (6,785 in chips)
Seat 4: aae1606b (10,828 in chips)
Seat 5: 55374fcc (17,345 in chips)
Seat 6: 73c31374 (15,100 in chips)
Seat 7: 582a4f06 (14,679 in chips)
Seat 8: 350b4e4f (28,978 in chips)
350b4e4f: posts the ante 50
582a4f06: posts the ante 50
Hero: posts the ante 50
73c31374: posts the ante 50
55374fcc: posts the ante 50
6f43339a: posts the ante 50
b6f77ec4: posts the ante 50
aae1606b: posts the ante 50
6f43339a: posts small blind 200
aae1606b: posts big blind 400
*** HOLE CARDS ***
Dealt to Hero [Ts As]
Dealt to b6f77ec4 
Dealt to 6f43339a 
Dealt to aae1606b 
Dealt to 55374fcc 
Dealt to 73c31374 
Dealt to 582a4f06 
Dealt to 350b4e4f 
55374fcc: folds
73c31374: raises 440 to 840
582a4f06: folds
350b4e4f: folds
Hero: calls 840
b6f77ec4: folds
6f43339a: folds
aae1606b: calls 440
*** FLOP *** [8h Ad 7h]
aae1606b: checks
73c31374: bets 936
Hero: calls 936
aae1606b: folds
*** TURN *** [8h Ad 7h] [7d]
73c31374: bets 1,000
Hero: calls 1,000
*** RIVER *** [8h Ad 7h 7d] [3s]
73c31374: bets 9,440
Hero: calls 4,169 and is all-in
Uncalled bet (5,271) returned to 73c31374
73c31374: shows [Ah Kc] (Pair of Aces and Pair of Sevens)
Hero: shows [Ts As] (Pair of Aces and Pair of Sevens)
*** SHOWDOWN ***
73c31374 collected 15,330 from pot
*** SUMMARY ***
Total pot 15,330 | Rake 0 | Jackpot 0 | Bingo 0 | Fortune 0 | Tax 0
Board [8h Ad 7h 7d 3s]
Seat 1: Hero showed [Ts As] and lost with Pair of Aces and Pair of Sevens
Seat 2: b6f77ec4 (button) folded before Flop
Seat 3: 6f43339a (small blind) folded before Flop
Seat 4: aae1606b (big blind) folded on the Flop
Seat 5: 55374fcc folded before Flop
Seat 6: 73c31374 showed [Ah Kc] and won (15,330) with Pair of Aces and Pair of Sevens
Seat 7: 582a4f06 folded before Flop
Seat 8: 350b4e4f folded before Flop


Poker Hand #TM2951522192: Tournament #121915440, Global MILLION$, $1M GTD [Day 1] Hold'em No Limit - Level7(200/400) - 2024/02/11 14:29:24
Table '40' 8-max Seat #1 is the button
Seat 1: Hero (9,145 in chips)
Seat 2: b6f77ec4 (20,952 in chips)
Seat 3: 6f43339a (7,235 in chips)
Seat 4: aae1606b (7,778 in chips)
Seat 5: 55374fcc (17,395 in chips)
Seat 6: 73c31374 (15,150 in chips)
Seat 7: 582a4f06 (14,729 in chips)
Seat 8: 350b4e4f (29,028 in chips)
350b4e4f: posts the ante 50
582a4f06: posts the ante 50
Hero: posts the ante 50
73c31374: posts the ante 50
55374fcc: posts the ante 50
6f43339a: posts the ante 50
b6f77ec4: posts the ante 50
aae1606b: posts the ante 50
b6f77ec4: posts small blind 200
6f43339a: posts big blind 400
*** HOLE CARDS ***
Dealt to Hero [Qs Js]
Dealt to b6f77ec4 
Dealt to 6f43339a 
Dealt to aae1606b 
Dealt to 55374fcc 
Dealt to 73c31374 
Dealt to 582a4f06 
Dealt to 350b4e4f 
aae1606b: raises 400 to 800
55374fcc: folds
73c31374: folds
582a4f06: folds
350b4e4f: folds
Hero: calls 800
b6f77ec4: folds
6f43339a: folds
*** FLOP *** [Td Ts 8c]
aae1606b: checks
Hero: checks
*** TURN *** [Td Ts 8c] [6d]
aae1606b: bets 1,300
Hero: calls 1,300
*** RIVER *** [Td Ts 8c 6d] [7c]
aae1606b: bets 5,200
Hero: folds
Uncalled bet (5,200) returned to aae1606b
*** SHOWDOWN ***
aae1606b collected 5,200 from pot
*** SUMMARY ***
Total pot 5,200 | Rake 0 | Jackpot 0 | Bingo 0 | Fortune 0 | Tax 0
Board [Td Ts 8c 6d 7c]
Seat 1: Hero (button) folded on the River
Seat 2: b6f77ec4 (small blind) folded before Flop
Seat 3: 6f43339a (big blind) folded before Flop
Seat 4: aae1606b won (5,200)
Seat 5: 55374fcc folded before Flop
Seat 6: 73c31374 folded before Flop
Seat 7: 582a4f06 folded before Flop
Seat 8: 350b4e4f folded before Flop


Poker Hand #TM2951522051: Tournament #121915440, Global MILLION$, $1M GTD [Day 1] Hold'em No Limit - Level7(200/400) - 2024/02/11 14:27:57
Table '40' 8-max Seat #8 is the button
Seat 1: Hero (9,395 in chips)
Seat 2: b6f77ec4 (20,302 in chips)
Seat 3: 6f43339a (7,285 in chips)
Seat 4: aae1606b (8,628 in chips)
Seat 5: 55374fcc (17,445 in chips)
Seat 6: 73c31374 (14,500 in chips)
Seat 7: 582a4f06 (14,779 in chips)
Seat 8: 350b4e4f (29,078 in chips)
350b4e4f: posts the ante 50
582a4f06: posts the ante 50
Hero: posts the ante 50
73c31374: posts the ante 50
55374fcc: posts the ante 50
6f43339a: posts the ante 50
b6f77ec4: posts the ante 50
aae1606b: posts the ante 50
Hero: posts small blind 200
b6f77ec4: posts big blind 400
*** HOLE CARDS ***
Dealt to Hero [7s 6s]
Dealt to b6f77ec4 
Dealt to 6f43339a 
Dealt to aae1606b 
Dealt to 55374fcc 
Dealt to 73c31374 
Dealt to 582a4f06 
Dealt to 350b4e4f 
6f43339a: folds
aae1606b: raises 400 to 800
55374fcc: folds
73c31374: calls 800
582a4f06: folds
350b4e4f: folds
Hero: folds
b6f77ec4: calls 400
*** FLOP *** [7c 8h 9c]
b6f77ec4: checks
aae1606b: checks
73c31374: checks
*** TURN *** [7c 8h 9c] [Th]
b6f77ec4: checks
aae1606b: checks
73c31374: bets 2,360
b6f77ec4: calls 2,360
aae1606b: folds
*** RIVER *** [7c 8h 9c Th] [Ah]
b6f77ec4: checks
73c31374: bets 3,629
b6f77ec4: calls 3,629
73c31374: shows [Ad Jd] (Jacks-High Straight)
b6f77ec4: shows [Kd Jc] (Jacks-High Straight)
*** SHOWDOWN ***
73c31374 collected 7,489 from pot
b6f77ec4 collected 7,489 from pot
*** SUMMARY ***
Total pot 14,978 | Rake 0 | Jackpot 0 | Bingo 0 | Fortune 0 | Tax 0
Board [7c 8h 9c Th Ah]
Seat 1: Hero (small blind) folded before Flop
Seat 2: b6f77ec4 (big blind) showed [Kd Jc] and won (7,489) with Jacks-High Straight
Seat 3: 6f43339a folded before Flop
Seat 4: aae1606b folded on the Turn
Seat 5: 55374fcc folded before Flop
Seat 6: 73c31374 showed [Ad Jd] and won (7,489) with Jacks-High Straight
Seat 7: 582a4f06 folded before Flop
Seat 8: 350b4e4f (button) folded before Flop


Poker Hand #TM2951521945: Tournament #121915440, Global MILLION$, $1M GTD [Day 1] Hold'em No Limit - Level7(200/400) - 2024/02/11 14:26:53
Table '40' 8-max Seat #7 is the button
Seat 1: Hero (9,845 in chips)
Seat 2: b6f77ec4 (20,352 in chips)
Seat 3: 6f43339a (7,335 in chips)
Seat 4: aae1606b (8,678 in chips)
Seat 5: 55374fcc (17,495 in chips)
Seat 6: 73c31374 (14,550 in chips)
Seat 7: 582a4f06 (14,829 in chips)
Seat 8: 350b4e4f (28,328 in chips)
350b4e4f: posts the ante 50
582a4f06: posts the ante 50
Hero: posts the ante 50
73c31374: posts the ante 50
55374fcc: posts the ante 50
6f43339a: posts the ante 50
b6f77ec4: posts the ante 50
aae1606b: posts the ante 50
350b4e4f: posts small blind 200
Hero: posts big blind 400
*** HOLE CARDS ***
Dealt to Hero [5s 4h]
Dealt to b6f77ec4 
Dealt to 6f43339a 
Dealt to aae1606b 
Dealt to 55374fcc 
Dealt to 73c31374 
Dealt to 582a4f06 
Dealt to 350b4e4f 
b6f77ec4: folds
6f43339a: folds
aae1606b: folds
55374fcc: folds
73c31374: folds
582a4f06: folds
350b4e4f: calls 200
Hero: checks
*** FLOP *** [Jh 3d Tc]
350b4e4f: bets 600
Hero: folds
Uncalled bet (600) returned to 350b4e4f
*** SHOWDOWN ***
350b4e4f collected 1,200 from pot
*** SUMMARY ***
Total pot 1,200 | Rake 0 | Jackpot 0 | Bingo 0 | Fortune 0 | Tax 0
Board [Jh 3d Tc]
Seat 1: Hero (big blind) folded on the Flop
Seat 2: b6f77ec4 folded before Flop
Seat 3: 6f43339a folded before Flop
Seat 4: aae1606b folded before Flop
Seat 5: 55374fcc folded before Flop
Seat 6: 73c31374 folded before Flop
Seat 7: 582a4f06 (button) folded before Flop
Seat 8: 350b4e4f (small blind) won (1,200)


Poker Hand #TM2951521868: Tournament #121915440, Global MILLION$, $1M GTD [Day 1] Hold'em No Limit - Level7(200/400) - 2024/02/11 14:26:10
Table '40' 8-max Seat #6 is the button
Seat 1: Hero (9,895 in chips)
Seat 2: b6f77ec4 (20,402 in chips)
Seat 3: 6f43339a (7,385 in chips)
Seat 4: aae1606b (8,728 in chips)
Seat 5: 55374fcc (17,545 in chips)
Seat 6: 73c31374 (14,600 in chips)
Seat 7: 582a4f06 (14,079 in chips)
Seat 8: 350b4e4f (28,778 in chips)
350b4e4f: posts the ante 50
582a4f06: posts the ante 50
Hero: posts the ante 50
73c31374: posts the ante 50
55374fcc: posts the ante 50
6f43339a: posts the ante 50
b6f77ec4: posts the ante 50
aae1606b: posts the ante 50
582a4f06: posts small blind 200
350b4e4f: posts big blind 400
*** HOLE CARDS ***
Dealt to Hero [Ad 6s]
Dealt to b6f77ec4 
Dealt to 6f43339a 
Dealt to aae1606b 
Dealt to 55374fcc 
Dealt to 73c31374 
Dealt to 582a4f06 
Dealt to 350b4e4f 
Hero: folds
b6f77ec4: folds
6f43339a: folds
aae1606b: folds
55374fcc: folds
73c31374: folds
582a4f06: calls 200
350b4e4f: checks
*** FLOP *** [Jh 9s Js]
582a4f06: bets 400
350b4e4f: folds
Uncalled bet (400) returned to 582a4f06
*** SHOWDOWN ***
582a4f06 collected 1,200 from pot
*** SUMMARY ***
Total pot 1,200 | Rake 0 | Jackpot 0 | Bingo 0 | Fortune 0 | Tax 0
Board [Jh 9s Js]
Seat 1: Hero folded before Flop
Seat 2: b6f77ec4 folded before Flop
Seat 3: 6f43339a folded before Flop
Seat 4: aae1606b folded before Flop
Seat 5: 55374fcc folded before Flop
Seat 6: 73c31374 (button) folded before Flop
Seat 7: 582a4f06 (small blind) won (1,200)
Seat 8: 350b4e4f (big blind) folded on the Flop


Poker Hand #TM2951521759: Tournament #121915440, Global MILLION$, $1M GTD [Day 1] Hold'em No Limit - Level6(150/300) - 2024/02/11 14:25:03
Table '40' 8-max Seat #5 is the button
Seat 1: Hero (9,930 in chips)
Seat 2: b6f77ec4 (20,437 in chips)
Seat 3: 6f43339a (7,420 in chips)
Seat 4: aae1606b (10,000 in chips)
Seat 5: 55374fcc (15,613 in chips)
Seat 6: 73c31374 (14,785 in chips)
Seat 7: 582a4f06 (14,414 in chips)
Seat 8: 350b4e4f (28,813 in chips)
350b4e4f: posts the ante 35
582a4f06: posts the ante 35
Hero: posts the ante 35
73c31374: posts the ante 35
55374fcc: posts the ante 35
6f43339a: posts the ante 35
b6f77ec4: posts the ante 35
aae1606b: posts the ante 35
73c31374: posts small blind 150
582a4f06: posts big blind 300
*** HOLE CARDS ***
Dealt to Hero [8c Jd]
Dealt to b6f77ec4 
Dealt to 6f43339a 
Dealt to aae1606b 
Dealt to 55374fcc 
Dealt to 73c31374 
Dealt to 582a4f06 
Dealt to 350b4e4f 
350b4e4f: folds
Hero: folds
b6f77ec4: folds
6f43339a: folds
aae1606b: raises 300 to 600
55374fcc: calls 600
73c31374: folds
582a4f06: folds
*** FLOP *** [5c 9h Ad]
aae1606b: bets 637
55374fcc: raises 1,537 to 2,174
aae1606b: folds
Uncalled bet (1,537) returned to 55374fcc
*** SHOWDOWN ***
55374fcc collected 3,204 from pot
*** SUMMARY ***
Total pot 3,204 | Rake 0 | Jackpot 0 | Bingo 0 | Fortune 0 | Tax 0
Board [5c 9h Ad]
Seat 1: Hero folded before Flop
Seat 2: b6f77ec4 folded before Flop
Seat 3: 6f43339a folded before Flop
Seat 4: aae1606b folded on the Flop
Seat 5: 55374fcc (button) won (3,204)
Seat 6: 73c31374 (small blind) folded before Flop
Seat 7: 582a4f06 (big blind) folded before Flop
Seat 8: 350b4e4f folded before Flop


Poker Hand #TM2951521704: Tournament #121915440, Global MILLION$, $1M GTD [Day 1] Hold'em No Limit - Level6(150/300) - 2024/02/11 14:24:28
Table '40' 8-max Seat #3 is the button
Seat 1: Hero (9,965 in chips)
Seat 2: b6f77ec4 (21,132 in chips)
Seat 3: 6f43339a (7,455 in chips)
Seat 5: 55374fcc (15,798 in chips)
Seat 6: 73c31374 (13,140 in chips)
Seat 8: 350b4e4f (29,508 in chips)
350b4e4f: posts the ante 35
Hero: posts the ante 35
73c31374: posts the ante 35
55374fcc: posts the ante 35
6f43339a: posts the ante 35
b6f77ec4: posts the ante 35
55374fcc: posts small blind 150
73c31374: posts big blind 300
*** HOLE CARDS ***
Dealt to Hero [4s 7s]
Dealt to b6f77ec4 
Dealt to 6f43339a 
Dealt to 55374fcc 
Dealt to 73c31374 
Dealt to 350b4e4f 
350b4e4f: raises 360 to 660
Hero: folds
b6f77ec4: calls 660
6f43339a: folds
55374fcc: folds
73c31374: raises 2,700 to 3,360
350b4e4f: folds
b6f77ec4: folds
Uncalled bet (2,700) returned to 73c31374
*** SHOWDOWN ***
73c31374 collected 2,340 from pot
*** SUMMARY ***
Total pot 2,340 | Rake 0 | Jackpot 0 | Bingo 0 | Fortune 0 | Tax 0
Seat 1: Hero folded before Flop
Seat 2: b6f77ec4 folded before Flop
Seat 3: 6f43339a (button) folded before Flop
Seat 5: 55374fcc (small blind) folded before Flop
Seat 6: 73c31374 (big blind) collected (2,340)
Seat 8: 350b4e4f folded before Flop


Poker Hand #TM2951521586: Tournament #121915440, Global MILLION$, $1M GTD [Day 1] Hold'em No Limit - Level6(150/300) - 2024/02/11 14:23:19
Table '40' 8-max Seat #2 is the button
Seat 1: Hero (10,000 in chips)
Seat 2: b6f77ec4 (11,793 in chips)
Seat 3: 6f43339a (7,640 in chips)
Seat 5: 55374fcc (16,133 in chips)
Seat 6: 73c31374 (13,175 in chips)
Seat 7: dbc4a71d (8,714 in chips)
Seat 8: 350b4e4f (29,543 in chips)
350b4e4f: posts the ante 35
Hero: posts the ante 35
dbc4a71d: posts the ante 35
73c31374: posts the ante 35
55374fcc: posts the ante 35
6f43339a: posts the ante 35
b6f77ec4: posts the ante 35
6f43339a: posts small blind 150
55374fcc: posts big blind 300
*** HOLE CARDS ***
Dealt to Hero [Th 2c]
Dealt to b6f77ec4 
Dealt to 6f43339a 
Dealt to 55374fcc 
Dealt to 73c31374 
Dealt to dbc4a71d 
Dealt to 350b4e4f 
73c31374: folds
dbc4a71d: raises 300 to 600
350b4e4f: folds
Hero: folds
b6f77ec4: raises 1,422 to 2,022
6f43339a: folds
55374fcc: folds
dbc4a71d: calls 1,422
*** FLOP *** [4s Ts Jd]
dbc4a71d: checks
b6f77ec4: bets 1,564
dbc4a71d: raises 1,564 to 3,128
b6f77ec4: calls 1,564
*** TURN *** [4s Ts Jd] [Tc]
dbc4a71d: bets 3,529 and is all-in
b6f77ec4: calls 3,529
dbc4a71d: shows [Qd Kc] (Pair of Tens)
b6f77ec4: shows [Kd Ad] (Pair of Tens)
*** RIVER *** [4s Ts Jd Tc] [3s]
*** SHOWDOWN ***
b6f77ec4 collected 18,053 from pot
*** SUMMARY ***
Total pot 18,053 | Rake 0 | Jackpot 0 | Bingo 0 | Fortune 0 | Tax 0
Board [4s Ts Jd Tc 3s]
Seat 1: Hero folded before Flop
Seat 2: b6f77ec4 (button) showed [Kd Ad] and won (18,053) with Pair of Tens
Seat 3: 6f43339a (small blind) folded before Flop
Seat 5: 55374fcc (big blind) folded before Flop
Seat 6: 73c31374 folded before Flop
Seat 7: dbc4a71d showed [Qd Kc] and lost with Pair of Tens
Seat 8: 350b4e4f folded before Flop


