Poker Hand #TM3001343927: Tournament #128423284, Daily Turbo $10 Hold'em No Limit - Level13(500/1,000) - 2024/02/24 19:22:16
Table '14' 8-max Seat #6 is the button
Seat 1: 3ca2b3e3 (35,922 in chips)
Seat 2: 1565eb36 (23,733 in chips)
Seat 3: fa4141e2 (5,251 in chips)
Seat 4: ecc917ba (15,420 in chips)
Seat 5: ff8155b4 (17,973 in chips)
Seat 6: 7fa3ab7a (12,641 in chips)
Seat 7: Hero (4,415 in chips)
Seat 8: 5657a243 (38,283 in chips)
1565eb36: posts the ante 125
ff8155b4: posts the ante 125
fa4141e2: posts the ante 125
Hero: posts the ante 125
7fa3ab7a: posts the ante 125
3ca2b3e3: posts the ante 125
ecc917ba: posts the ante 125
5657a243: posts the ante 125
Hero: posts small blind 500
5657a243: posts big blind 1,000
*** HOLE CARDS ***
Dealt to 3ca2b3e3 
Dealt to 1565eb36 
Dealt to fa4141e2 
Dealt to ecc917ba 
Dealt to ff8155b4 
Dealt to 7fa3ab7a 
Dealt to Hero [9c 8c]
Dealt to 5657a243 
3ca2b3e3: raises 1,000 to 2,000
1565eb36: folds
fa4141e2: folds
ecc917ba: folds
ff8155b4: folds
7fa3ab7a: folds
Hero: calls 1,500
5657a243: folds
*** FLOP *** [Js Jh 7c]
Hero: bets 2,290 and is all-in
3ca2b3e3: calls 2,290
Hero: shows [9c 8c] (Pair of Jacks)
3ca2b3e3: shows [Ac Th] (Pair of Jacks)
*** TURN *** [Js Jh 7c] [2h]
*** RIVER *** [Js Jh 7c 2h] [Kh]
*** SHOWDOWN ***
3ca2b3e3 collected 10,580 from pot
*** SUMMARY ***
Total pot 10,580 | Rake 0 | Jackpot 0 | Bingo 0 | Fortune 0 | Tax 0
Board [Js Jh 7c 2h Kh]
Seat 1: 3ca2b3e3 showed [Ac Th] and won (10,580) with Pair of Jacks
Seat 2: 1565eb36 folded before Flop
Seat 3: fa4141e2 folded before Flop
Seat 4: ecc917ba folded before Flop
Seat 5: ff8155b4 folded before Flop
Seat 6: 7fa3ab7a (button) folded before Flop
Seat 7: Hero (small blind) showed [9c 8c] and lost with Pair of Jacks
Seat 8: 5657a243 (big blind) folded before Flop


Poker Hand #TM3001343868: Tournament #128423284, Daily Turbo $10 Hold'em No Limit - Level13(500/1,000) - 2024/02/24 19:20:58
Table '14' 8-max Seat #5 is the button
Seat 1: 3ca2b3e3 (36,047 in chips)
Seat 2: 1565eb36 (23,858 in chips)
Seat 3: fa4141e2 (5,376 in chips)
Seat 4: ecc917ba (7,085 in chips)
Seat 5: ff8155b4 (18,098 in chips)
Seat 6: 7fa3ab7a (13,266 in chips)
Seat 7: Hero (11,500 in chips)
Seat 8: 5657a243 (38,408 in chips)
1565eb36: posts the ante 125
ff8155b4: posts the ante 125
fa4141e2: posts the ante 125
Hero: posts the ante 125
7fa3ab7a: posts the ante 125
3ca2b3e3: posts the ante 125
ecc917ba: posts the ante 125
5657a243: posts the ante 125
7fa3ab7a: posts small blind 500
Hero: posts big blind 1,000
*** HOLE CARDS ***
Dealt to 3ca2b3e3 
Dealt to 1565eb36 
Dealt to fa4141e2 
Dealt to ecc917ba 
Dealt to ff8155b4 
Dealt to 7fa3ab7a 
Dealt to Hero [Ks Tc]
Dealt to 5657a243 
5657a243: folds
3ca2b3e3: folds
1565eb36: folds
fa4141e2: folds
ecc917ba: raises 5,960 to 6,960 and is all-in
ff8155b4: folds
7fa3ab7a: folds
Hero: calls 5,960
ecc917ba: shows [6d 7d]
Hero: shows [Ks Tc]
*** FLOP *** [Ad 6h Kh]
*** TURN *** [Ad 6h Kh] [5d]
*** RIVER *** [Ad 6h Kh 5d] [7s]
*** SHOWDOWN ***
ecc917ba collected 15,420 from pot
*** SUMMARY ***
Total pot 15,420 | Rake 0 | Jackpot 0 | Bingo 0 | Fortune 0 | Tax 0
Board [Ad 6h Kh 5d 7s]
Seat 1: 3ca2b3e3 folded before Flop
Seat 2: 1565eb36 folded before Flop
Seat 3: fa4141e2 folded before Flop
Seat 4: ecc917ba showed [6d 7d] and won (15,420) with Pair of Sevens and Pair of Sixes
Seat 5: ff8155b4 (button) folded before Flop
Seat 6: 7fa3ab7a (small blind) folded before Flop
Seat 7: Hero (big blind) showed [Ks Tc] and lost with Pair of Kings
Seat 8: 5657a243 folded before Flop


Poker Hand #TM3001343832: Tournament #128423284, Daily Turbo $10 Hold'em No Limit - Level12(400/800) - 2024/02/24 19:20:24
Table '14' 8-max Seat #4 is the button
Seat 1: 3ca2b3e3 (36,147 in chips)
Seat 2: 1565eb36 (23,958 in chips)
Seat 3: fa4141e2 (5,476 in chips)
Seat 4: ecc917ba (7,185 in chips)
Seat 5: ff8155b4 (18,598 in chips)
Seat 6: 7fa3ab7a (14,166 in chips)
Seat 7: Hero (9,600 in chips)
Seat 8: 5657a243 (38,508 in chips)
1565eb36: posts the ante 100
fa4141e2: posts the ante 100
Hero: posts the ante 100
ff8155b4: posts the ante 100
7fa3ab7a: posts the ante 100
3ca2b3e3: posts the ante 100
ecc917ba: posts the ante 100
5657a243: posts the ante 100
ff8155b4: posts small blind 400
7fa3ab7a: posts big blind 800
*** HOLE CARDS ***
Dealt to 3ca2b3e3 
Dealt to 1565eb36 
Dealt to fa4141e2 
Dealt to ecc917ba 
Dealt to ff8155b4 
Dealt to 7fa3ab7a 
Dealt to Hero [Tc Ac]
Dealt to 5657a243 
Hero: raises 8,700 to 9,500 and is all-in
5657a243: folds
3ca2b3e3: folds
1565eb36: folds
fa4141e2: folds
ecc917ba: folds
ff8155b4: folds
7fa3ab7a: folds
Uncalled bet (8,700) returned to Hero
*** SHOWDOWN ***
Hero collected 2,800 from pot
*** SUMMARY ***
Total pot 2,800 | Rake 0 | Jackpot 0 | Bingo 0 | Fortune 0 | Tax 0
Seat 1: 3ca2b3e3 folded before Flop
Seat 2: 1565eb36 folded before Flop
Seat 3: fa4141e2 folded before Flop
Seat 4: ecc917ba (button) folded before Flop
Seat 5: ff8155b4 (small blind) folded before Flop
Seat 6: 7fa3ab7a (big blind) folded before Flop
Seat 7: Hero collected (2,800)
Seat 8: 5657a243 folded before Flop


Poker Hand #TM3001343805: Tournament #128423284, Daily Turbo $10 Hold'em No Limit - Level12(400/800) - 2024/02/24 19:19:50
Table '14' 8-max Seat #3 is the button
Seat 1: 3ca2b3e3 (36,247 in chips)
Seat 2: 1565eb36 (24,058 in chips)
Seat 3: fa4141e2 (5,576 in chips)
Seat 4: ecc917ba (7,685 in chips)
Seat 5: ff8155b4 (19,498 in chips)
Seat 6: 7fa3ab7a (12,266 in chips)
Seat 7: Hero (9,700 in chips)
Seat 8: 5657a243 (38,608 in chips)
1565eb36: posts the ante 100
fa4141e2: posts the ante 100
Hero: posts the ante 100
ff8155b4: posts the ante 100
7fa3ab7a: posts the ante 100
3ca2b3e3: posts the ante 100
5657a243: posts the ante 100
ecc917ba: posts the ante 100
ecc917ba: posts small blind 400
ff8155b4: posts big blind 800
*** HOLE CARDS ***
Dealt to 3ca2b3e3 
Dealt to 1565eb36 
Dealt to fa4141e2 
Dealt to ecc917ba 
Dealt to ff8155b4 
Dealt to 7fa3ab7a 
Dealt to Hero [7c 6h]
Dealt to 5657a243 
7fa3ab7a: raises 800 to 1,600
Hero: folds
5657a243: folds
3ca2b3e3: folds
1565eb36: folds
fa4141e2: folds
ecc917ba: folds
ff8155b4: folds
Uncalled bet (800) returned to 7fa3ab7a
*** SHOWDOWN ***
7fa3ab7a collected 2,800 from pot
*** SUMMARY ***
Total pot 2,800 | Rake 0 | Jackpot 0 | Bingo 0 | Fortune 0 | Tax 0
Seat 1: 3ca2b3e3 folded before Flop
Seat 2: 1565eb36 folded before Flop
Seat 3: fa4141e2 (button) folded before Flop
Seat 4: ecc917ba (small blind) folded before Flop
Seat 5: ff8155b4 (big blind) folded before Flop
Seat 6: 7fa3ab7a collected (2,800)
Seat 7: Hero folded before Flop
Seat 8: 5657a243 folded before Flop


Poker Hand #TM3001343758: Tournament #128423284, Daily Turbo $10 Hold'em No Limit - Level12(400/800) - 2024/02/24 19:19:03
Table '14' 8-max Seat #2 is the button
Seat 1: 3ca2b3e3 (36,347 in chips)
Seat 2: 1565eb36 (24,158 in chips)
Seat 3: fa4141e2 (24,180 in chips)
Seat 4: ecc917ba (8,585 in chips)
Seat 5: ff8155b4 (19,598 in chips)
Seat 6: 7fa3ab7a (12,366 in chips)
Seat 7: Hero (9,800 in chips)
Seat 8: 5657a243 (18,604 in chips)
1565eb36: posts the ante 100
Hero: posts the ante 100
ff8155b4: posts the ante 100
fa4141e2: posts the ante 100
7fa3ab7a: posts the ante 100
3ca2b3e3: posts the ante 100
5657a243: posts the ante 100
ecc917ba: posts the ante 100
fa4141e2: posts small blind 400
ecc917ba: posts big blind 800
*** HOLE CARDS ***
Dealt to 3ca2b3e3 
Dealt to 1565eb36 
Dealt to fa4141e2 
Dealt to ecc917ba 
Dealt to ff8155b4 
Dealt to 7fa3ab7a 
Dealt to Hero [9c Qh]
Dealt to 5657a243 
ff8155b4: folds
7fa3ab7a: folds
Hero: folds
5657a243: raises 800 to 1,600
3ca2b3e3: folds
1565eb36: folds
fa4141e2: raises 22,480 to 24,080 and is all-in
ecc917ba: folds
5657a243: calls 16,904 and is all-in
Uncalled bet (5,576) returned to fa4141e2
fa4141e2: shows [As 8h]
5657a243: shows [Qc Qd]
*** FLOP *** [9h 9d 8s]
*** TURN *** [9h 9d 8s] [7h]
*** RIVER *** [9h 9d 8s 7h] [3h]
*** SHOWDOWN ***
5657a243 collected 38,608 from pot
*** SUMMARY ***
Total pot 38,608 | Rake 0 | Jackpot 0 | Bingo 0 | Fortune 0 | Tax 0
Board [9h 9d 8s 7h 3h]
Seat 1: 3ca2b3e3 folded before Flop
Seat 2: 1565eb36 (button) folded before Flop
Seat 3: fa4141e2 (small blind) showed [As 8h] and lost with Pair of Nines and Pair of Eights
Seat 4: ecc917ba (big blind) folded before Flop
Seat 5: ff8155b4 folded before Flop
Seat 6: 7fa3ab7a folded before Flop
Seat 7: Hero folded before Flop
Seat 8: 5657a243 showed [Qc Qd] and won (38,608) with Pair of Queens and Pair of Nines


Poker Hand #TM3001343733: Tournament #128423284, Daily Turbo $10 Hold'em No Limit - Level12(400/800) - 2024/02/24 19:18:35
Table '14' 8-max Seat #1 is the button
Seat 1: 3ca2b3e3 (36,447 in chips)
Seat 2: 1565eb36 (24,658 in chips)
Seat 3: fa4141e2 (25,080 in chips)
Seat 4: ecc917ba (8,685 in chips)
Seat 5: ff8155b4 (19,698 in chips)
Seat 6: 7fa3ab7a (12,466 in chips)
Seat 7: Hero (9,900 in chips)
Seat 8: 5657a243 (16,704 in chips)
1565eb36: posts the ante 100
Hero: posts the ante 100
ff8155b4: posts the ante 100
fa4141e2: posts the ante 100
7fa3ab7a: posts the ante 100
3ca2b3e3: posts the ante 100
5657a243: posts the ante 100
ecc917ba: posts the ante 100
1565eb36: posts small blind 400
fa4141e2: posts big blind 800
*** HOLE CARDS ***
Dealt to 3ca2b3e3 
Dealt to 1565eb36 
Dealt to fa4141e2 
Dealt to ecc917ba 
Dealt to ff8155b4 
Dealt to 7fa3ab7a 
Dealt to Hero [Ad 4c]
Dealt to 5657a243 
ecc917ba: folds
ff8155b4: folds
7fa3ab7a: folds
Hero: folds
5657a243: raises 800 to 1,600
3ca2b3e3: folds
1565eb36: folds
fa4141e2: folds
Uncalled bet (800) returned to 5657a243
*** SHOWDOWN ***
5657a243 collected 2,800 from pot
*** SUMMARY ***
Total pot 2,800 | Rake 0 | Jackpot 0 | Bingo 0 | Fortune 0 | Tax 0
Seat 1: 3ca2b3e3 (button) folded before Flop
Seat 2: 1565eb36 (small blind) folded before Flop
Seat 3: fa4141e2 (big blind) folded before Flop
Seat 4: ecc917ba folded before Flop
Seat 5: ff8155b4 folded before Flop
Seat 6: 7fa3ab7a folded before Flop
Seat 7: Hero folded before Flop
Seat 8: 5657a243 collected (2,800)


Poker Hand #TM3001343690: Tournament #128423284, Daily Turbo $10 Hold'em No Limit - Level12(400/800) - 2024/02/24 19:17:44
Table '14' 8-max Seat #8 is the button
Seat 1: 3ca2b3e3 (34,947 in chips)
Seat 2: 1565eb36 (25,558 in chips)
Seat 3: fa4141e2 (25,180 in chips)
Seat 4: ecc917ba (8,785 in chips)
Seat 5: ff8155b4 (19,798 in chips)
Seat 6: 7fa3ab7a (12,566 in chips)
Seat 7: Hero (10,000 in chips)
Seat 8: 5657a243 (16,804 in chips)
1565eb36: posts the ante 100
Hero: posts the ante 100
ff8155b4: posts the ante 100
fa4141e2: posts the ante 100
7fa3ab7a: posts the ante 100
3ca2b3e3: posts the ante 100
5657a243: posts the ante 100
ecc917ba: posts the ante 100
3ca2b3e3: posts small blind 400
1565eb36: posts big blind 800
*** HOLE CARDS ***
Dealt to 3ca2b3e3 
Dealt to 1565eb36 
Dealt to fa4141e2 
Dealt to ecc917ba 
Dealt to ff8155b4 
Dealt to 7fa3ab7a 
Dealt to Hero [Qc 4s]
Dealt to 5657a243 
fa4141e2: folds
ecc917ba: folds
ff8155b4: folds
7fa3ab7a: folds
Hero: folds
5657a243: folds
3ca2b3e3: calls 400
1565eb36: checks
*** FLOP *** [Qs 3s 4h]
3ca2b3e3: bets 840
1565eb36: folds
Uncalled bet (840) returned to 3ca2b3e3
*** SHOWDOWN ***
3ca2b3e3 collected 2,400 from pot
*** SUMMARY ***
Total pot 2,400 | Rake 0 | Jackpot 0 | Bingo 0 | Fortune 0 | Tax 0
Board [Qs 3s 4h]
Seat 1: 3ca2b3e3 (small blind) won (2,400)
Seat 2: 1565eb36 (big blind) folded on the Flop
Seat 3: fa4141e2 folded before Flop
Seat 4: ecc917ba folded before Flop
Seat 5: ff8155b4 folded before Flop
Seat 6: 7fa3ab7a folded before Flop
Seat 7: Hero folded before Flop
Seat 8: 5657a243 (button) folded before Flop


