Poker Hand #TM3004388183: Tournament #128549087, Sunday Big $20 Hold'em No Limit - Level15(600/1,200) - 2024/02/25 16:09:28
Table '43' 8-max Seat #1 is the button
Seat 1: d70fa7f9 (66,858 in chips)
Seat 2: 691a217f (15,650 in chips)
Seat 3: 80950d1d (27,125 in chips)
Seat 4: 1104f3ec (15,100 in chips)
Seat 5: 17ab5dc2 (25,625 in chips)
Seat 6: 59cf191f (10,800 in chips)
Seat 7: abb85ede (41,214 in chips)
Seat 8: Hero (4,675 in chips)
Hero: posts the ante 150
691a217f: posts the ante 150
80950d1d: posts the ante 150
59cf191f: posts the ante 150
1104f3ec: posts the ante 150
17ab5dc2: posts the ante 150
d70fa7f9: posts the ante 150
abb85ede: posts the ante 150
691a217f: posts small blind 600
80950d1d: posts big blind 1,200
*** HOLE CARDS ***
Dealt to d70fa7f9 
Dealt to 691a217f 
Dealt to 80950d1d 
Dealt to 1104f3ec 
Dealt to 17ab5dc2 
Dealt to 59cf191f 
Dealt to abb85ede 
Dealt to Hero [Ah 6d]
1104f3ec: folds
17ab5dc2: folds
59cf191f: folds
abb85ede: folds
Hero: raises 3,325 to 4,525 and is all-in
d70fa7f9: folds
691a217f: raises 10,975 to 15,500 and is all-in
80950d1d: folds
Uncalled bet (10,975) returned to 691a217f
691a217f: shows [Ac As]
Hero: shows [Ah 6d]
*** FLOP *** [4c Tc 8c]
*** TURN *** [4c Tc 8c] [6c]
*** RIVER *** [4c Tc 8c 6c] [Js]
80950d1d: shows [Ad] (Ace-High)
*** SHOWDOWN ***
691a217f collected 11,450 from pot
*** SUMMARY ***
Total pot 11,450 | Rake 0 | Jackpot 0 | Bingo 0 | Fortune 0 | Tax 0
Board [4c Tc 8c 6c Js]
Seat 1: d70fa7f9 (button) folded before Flop
Seat 2: 691a217f (small blind) showed [Ac As] and won (11,450) with Ace High Flush
Seat 3: 80950d1d (big blind) folded before Flop
Seat 4: 1104f3ec folded before Flop
Seat 5: 17ab5dc2 folded before Flop
Seat 6: 59cf191f folded before Flop
Seat 7: abb85ede folded before Flop
Seat 8: Hero showed [Ah 6d] and lost with Pair of Sixes


Poker Hand #TM3004388158: Tournament #128549087, Sunday Big $20 Hold'em No Limit - Level15(600/1,200) - 2024/02/25 16:09:00
Table '43' 8-max Seat #8 is the button
Seat 1: d70fa7f9 (67,608 in chips)
Seat 2: 691a217f (17,000 in chips)
Seat 4: 1104f3ec (12,400 in chips)
Seat 5: 17ab5dc2 (25,775 in chips)
Seat 6: 59cf191f (10,950 in chips)
Seat 7: abb85ede (41,364 in chips)
Seat 8: Hero (4,825 in chips)
Hero: posts the ante 150
691a217f: posts the ante 150
59cf191f: posts the ante 150
1104f3ec: posts the ante 150
17ab5dc2: posts the ante 150
abb85ede: posts the ante 150
d70fa7f9: posts the ante 150
d70fa7f9: posts small blind 600
691a217f: posts big blind 1,200
*** HOLE CARDS ***
Dealt to d70fa7f9 
Dealt to 691a217f 
Dealt to 1104f3ec 
Dealt to 17ab5dc2 
Dealt to 59cf191f 
Dealt to abb85ede 
Dealt to Hero [2s 7s]
1104f3ec: raises 11,050 to 12,250 and is all-in
17ab5dc2: folds
59cf191f: folds
abb85ede: folds
Hero: folds
d70fa7f9: folds
691a217f: folds
Uncalled bet (11,050) returned to 1104f3ec
*** SHOWDOWN ***
1104f3ec collected 4,050 from pot
*** SUMMARY ***
Total pot 4,050 | Rake 0 | Jackpot 0 | Bingo 0 | Fortune 0 | Tax 0
Seat 1: d70fa7f9 (small blind) folded before Flop
Seat 2: 691a217f (big blind) folded before Flop
Seat 4: 1104f3ec collected (4,050)
Seat 5: 17ab5dc2 folded before Flop
Seat 6: 59cf191f folded before Flop
Seat 7: abb85ede folded before Flop
Seat 8: Hero (button) folded before Flop


Poker Hand #TM3004388125: Tournament #128549087, Sunday Big $20 Hold'em No Limit - Level15(600/1,200) - 2024/02/25 16:08:10
Table '43' 8-max Seat #7 is the button
Seat 1: d70fa7f9 (68,958 in chips)
Seat 2: 691a217f (17,150 in chips)
Seat 3: d15e8ab3 (20,630 in chips)
Seat 4: 1104f3ec (12,550 in chips)
Seat 5: 17ab5dc2 (25,925 in chips)
Seat 6: 59cf191f (11,100 in chips)
Seat 7: abb85ede (38,514 in chips)
Seat 8: Hero (5,575 in chips)
d15e8ab3: posts the ante 150
691a217f: posts the ante 150
Hero: posts the ante 150
59cf191f: posts the ante 150
1104f3ec: posts the ante 150
17ab5dc2: posts the ante 150
abb85ede: posts the ante 150
d70fa7f9: posts the ante 150
Hero: posts small blind 600
d70fa7f9: posts big blind 1,200
*** HOLE CARDS ***
Dealt to d70fa7f9 
Dealt to 691a217f 
Dealt to d15e8ab3 
Dealt to 1104f3ec 
Dealt to 17ab5dc2 
Dealt to 59cf191f 
Dealt to abb85ede 
Dealt to Hero [Qc 6d]
691a217f: folds
d15e8ab3: folds
1104f3ec: folds
17ab5dc2: folds
59cf191f: folds
abb85ede: raises 1,200 to 2,400
Hero: folds
d70fa7f9: folds
Uncalled bet (1,200) returned to abb85ede
*** SHOWDOWN ***
abb85ede collected 4,200 from pot
*** SUMMARY ***
Total pot 4,200 | Rake 0 | Jackpot 0 | Bingo 0 | Fortune 0 | Tax 0
Seat 1: d70fa7f9 (big blind) folded before Flop
Seat 2: 691a217f folded before Flop
Seat 3: d15e8ab3 folded before Flop
Seat 4: 1104f3ec folded before Flop
Seat 5: 17ab5dc2 folded before Flop
Seat 6: 59cf191f folded before Flop
Seat 7: abb85ede (button) collected (4,200)
Seat 8: Hero (small blind) folded before Flop


Poker Hand #TM3004388090: Tournament #128549087, Sunday Big $20 Hold'em No Limit - Level15(600/1,200) - 2024/02/25 16:07:41
Table '43' 8-max Seat #6 is the button
Seat 1: d70fa7f9 (69,108 in chips)
Seat 2: 691a217f (17,300 in chips)
Seat 3: d15e8ab3 (20,780 in chips)
Seat 4: 1104f3ec (12,700 in chips)
Seat 5: 17ab5dc2 (26,075 in chips)
Seat 6: 59cf191f (8,250 in chips)
Seat 7: abb85ede (39,264 in chips)
Seat 8: Hero (6,925 in chips)
d15e8ab3: posts the ante 150
691a217f: posts the ante 150
Hero: posts the ante 150
59cf191f: posts the ante 150
1104f3ec: posts the ante 150
17ab5dc2: posts the ante 150
d70fa7f9: posts the ante 150
abb85ede: posts the ante 150
abb85ede: posts small blind 600
Hero: posts big blind 1,200
*** HOLE CARDS ***
Dealt to d70fa7f9 
Dealt to 691a217f 
Dealt to d15e8ab3 
Dealt to 1104f3ec 
Dealt to 17ab5dc2 
Dealt to 59cf191f 
Dealt to abb85ede 
Dealt to Hero [5c Js]
d70fa7f9: folds
691a217f: folds
d15e8ab3: folds
1104f3ec: folds
17ab5dc2: folds
59cf191f: raises 6,900 to 8,100 and is all-in
abb85ede: folds
Hero: folds
Uncalled bet (6,900) returned to 59cf191f
*** SHOWDOWN ***
59cf191f collected 4,200 from pot
*** SUMMARY ***
Total pot 4,200 | Rake 0 | Jackpot 0 | Bingo 0 | Fortune 0 | Tax 0
Seat 1: d70fa7f9 folded before Flop
Seat 2: 691a217f folded before Flop
Seat 3: d15e8ab3 folded before Flop
Seat 4: 1104f3ec folded before Flop
Seat 5: 17ab5dc2 folded before Flop
Seat 6: 59cf191f (button) collected (4,200)
Seat 7: abb85ede (small blind) folded before Flop
Seat 8: Hero (big blind) folded before Flop


Poker Hand #TM3004388041: Tournament #128549087, Sunday Big $20 Hold'em No Limit - Level15(600/1,200) - 2024/02/25 16:06:49
Table '43' 8-max Seat #5 is the button
Seat 1: d70fa7f9 (69,258 in chips)
Seat 2: 691a217f (17,450 in chips)
Seat 3: d15e8ab3 (20,930 in chips)
Seat 4: 1104f3ec (9,850 in chips)
Seat 5: 17ab5dc2 (26,225 in chips)
Seat 6: 59cf191f (9,000 in chips)
Seat 7: abb85ede (40,614 in chips)
Seat 8: Hero (7,075 in chips)
d15e8ab3: posts the ante 150
691a217f: posts the ante 150
Hero: posts the ante 150
1104f3ec: posts the ante 150
59cf191f: posts the ante 150
17ab5dc2: posts the ante 150
d70fa7f9: posts the ante 150
abb85ede: posts the ante 150
59cf191f: posts small blind 600
abb85ede: posts big blind 1,200
*** HOLE CARDS ***
Dealt to d70fa7f9 
Dealt to 691a217f 
Dealt to d15e8ab3 
Dealt to 1104f3ec 
Dealt to 17ab5dc2 
Dealt to 59cf191f 
Dealt to abb85ede 
Dealt to Hero [2c Kd]
Hero: folds
d70fa7f9: folds
691a217f: folds
d15e8ab3: folds
1104f3ec: raises 8,500 to 9,700 and is all-in
17ab5dc2: folds
59cf191f: folds
abb85ede: folds
Uncalled bet (8,500) returned to 1104f3ec
*** SHOWDOWN ***
1104f3ec collected 4,200 from pot
*** SUMMARY ***
Total pot 4,200 | Rake 0 | Jackpot 0 | Bingo 0 | Fortune 0 | Tax 0
Seat 1: d70fa7f9 folded before Flop
Seat 2: 691a217f folded before Flop
Seat 3: d15e8ab3 folded before Flop
Seat 4: 1104f3ec collected (4,200)
Seat 5: 17ab5dc2 (button) folded before Flop
Seat 6: 59cf191f (small blind) folded before Flop
Seat 7: abb85ede (big blind) folded before Flop
Seat 8: Hero folded before Flop


Poker Hand #TM3004387981: Tournament #128549087, Sunday Big $20 Hold'em No Limit - Level15(600/1,200) - 2024/02/25 16:05:32
Table '43' 8-max Seat #4 is the button
Seat 1: d70fa7f9 (69,408 in chips)
Seat 2: 691a217f (7,975 in chips)
Seat 3: d15e8ab3 (21,080 in chips)
Seat 4: 1104f3ec (10,000 in chips)
Seat 5: 17ab5dc2 (26,975 in chips)
Seat 6: 59cf191f (16,975 in chips)
Seat 7: abb85ede (40,764 in chips)
Seat 8: Hero (7,225 in chips)
d15e8ab3: posts the ante 150
691a217f: posts the ante 150
Hero: posts the ante 150
1104f3ec: posts the ante 150
59cf191f: posts the ante 150
17ab5dc2: posts the ante 150
d70fa7f9: posts the ante 150
abb85ede: posts the ante 150
17ab5dc2: posts small blind 600
59cf191f: posts big blind 1,200
*** HOLE CARDS ***
Dealt to d70fa7f9 
Dealt to 691a217f 
Dealt to d15e8ab3 
Dealt to 1104f3ec 
Dealt to 17ab5dc2 
Dealt to 59cf191f 
Dealt to abb85ede 
Dealt to Hero [3s 4h]
abb85ede: folds
Hero: folds
d70fa7f9: folds
691a217f: raises 6,625 to 7,825 and is all-in
d15e8ab3: folds
1104f3ec: folds
17ab5dc2: folds
59cf191f: calls 6,625
691a217f: shows [Ac 5d]
59cf191f: shows [Qh As]
*** FLOP *** [5c 7d 4d]
*** TURN *** [5c 7d 4d] [7h]
*** RIVER *** [5c 7d 4d 7h] [Kc]
*** SHOWDOWN ***
691a217f collected 17,450 from pot
*** SUMMARY ***
Total pot 17,450 | Rake 0 | Jackpot 0 | Bingo 0 | Fortune 0 | Tax 0
Board [5c 7d 4d 7h Kc]
Seat 1: d70fa7f9 folded before Flop
Seat 2: 691a217f showed [Ac 5d] and won (17,450) with Pair of Sevens and Pair of Fives
Seat 3: d15e8ab3 folded before Flop
Seat 4: 1104f3ec (button) folded before Flop
Seat 5: 17ab5dc2 (small blind) folded before Flop
Seat 6: 59cf191f (big blind) showed [Qh As] and lost with Pair of Sevens
Seat 7: abb85ede folded before Flop
Seat 8: Hero folded before Flop


Poker Hand #TM3004387947: Tournament #128549087, Sunday Big $20 Hold'em No Limit - Level15(600/1,200) - 2024/02/25 16:05:01
Table '43' 8-max Seat #3 is the button
Seat 1: d70fa7f9 (69,558 in chips)
Seat 2: 691a217f (8,125 in chips)
Seat 3: d15e8ab3 (21,230 in chips)
Seat 4: 1104f3ec (10,750 in chips)
Seat 5: 17ab5dc2 (28,325 in chips)
Seat 6: 59cf191f (14,125 in chips)
Seat 7: abb85ede (40,914 in chips)
Seat 8: Hero (7,375 in chips)
d15e8ab3: posts the ante 150
691a217f: posts the ante 150
Hero: posts the ante 150
59cf191f: posts the ante 150
1104f3ec: posts the ante 150
17ab5dc2: posts the ante 150
d70fa7f9: posts the ante 150
abb85ede: posts the ante 150
1104f3ec: posts small blind 600
17ab5dc2: posts big blind 1,200
*** HOLE CARDS ***
Dealt to d70fa7f9 
Dealt to 691a217f 
Dealt to d15e8ab3 
Dealt to 1104f3ec 
Dealt to 17ab5dc2 
Dealt to 59cf191f 
Dealt to abb85ede 
Dealt to Hero [5d 8s]
59cf191f: raises 12,775 to 13,975 and is all-in
abb85ede: folds
Hero: folds
d70fa7f9: folds
691a217f: folds
d15e8ab3: folds
1104f3ec: folds
17ab5dc2: folds
Uncalled bet (12,775) returned to 59cf191f
*** SHOWDOWN ***
59cf191f collected 4,200 from pot
*** SUMMARY ***
Total pot 4,200 | Rake 0 | Jackpot 0 | Bingo 0 | Fortune 0 | Tax 0
Seat 1: d70fa7f9 folded before Flop
Seat 2: 691a217f folded before Flop
Seat 3: d15e8ab3 (button) folded before Flop
Seat 4: 1104f3ec (small blind) folded before Flop
Seat 5: 17ab5dc2 (big blind) folded before Flop
Seat 6: 59cf191f collected (4,200)
Seat 7: abb85ede folded before Flop
Seat 8: Hero folded before Flop


Poker Hand #TM3004387891: Tournament #128549087, Sunday Big $20 Hold'em No Limit - Level14(500/1,000) - 2024/02/25 16:03:43
Table '43' 8-max Seat #2 is the button
Seat 1: d70fa7f9 (79,298 in chips)
Seat 2: 691a217f (8,250 in chips)
Seat 3: d15e8ab3 (9,740 in chips)
Seat 4: 1104f3ec (11,875 in chips)
Seat 5: 17ab5dc2 (28,450 in chips)
Seat 6: 59cf191f (14,250 in chips)
Seat 7: abb85ede (41,039 in chips)
Seat 8: Hero (7,500 in chips)
691a217f: posts the ante 125
Hero: posts the ante 125
d15e8ab3: posts the ante 125
59cf191f: posts the ante 125
1104f3ec: posts the ante 125
17ab5dc2: posts the ante 125
d70fa7f9: posts the ante 125
abb85ede: posts the ante 125
d15e8ab3: posts small blind 500
1104f3ec: posts big blind 1,000
*** HOLE CARDS ***
Dealt to d70fa7f9 
Dealt to 691a217f 
Dealt to d15e8ab3 
Dealt to 1104f3ec 
Dealt to 17ab5dc2 
Dealt to 59cf191f 
Dealt to abb85ede 
Dealt to Hero [8h 7d]
17ab5dc2: folds
59cf191f: folds
abb85ede: folds
Hero: folds
d70fa7f9: raises 11,000 to 12,000
691a217f: folds
d15e8ab3: calls 9,115 and is all-in
1104f3ec: folds
Uncalled bet (2,385) returned to d70fa7f9
d70fa7f9: shows [7s Js]
d15e8ab3: shows [Kc Jc]
*** FLOP *** [7c 2c 3s]
*** TURN *** [7c 2c 3s] [5s]
*** RIVER *** [7c 2c 3s 5s] [4c]
*** SHOWDOWN ***
d15e8ab3 collected 21,230 from pot
*** SUMMARY ***
Total pot 21,230 | Rake 0 | Jackpot 0 | Bingo 0 | Fortune 0 | Tax 0
Board [7c 2c 3s 5s 4c]
Seat 1: d70fa7f9 showed [7s Js] and lost with Pair of Sevens
Seat 2: 691a217f (button) folded before Flop
Seat 3: d15e8ab3 (small blind) showed [Kc Jc] and won (21,230) with King High Flush
Seat 4: 1104f3ec (big blind) folded before Flop
Seat 5: 17ab5dc2 folded before Flop
Seat 6: 59cf191f folded before Flop
Seat 7: abb85ede folded before Flop
Seat 8: Hero folded before Flop


Poker Hand #TM3004387864: Tournament #128549087, Sunday Big $20 Hold'em No Limit - Level14(500/1,000) - 2024/02/25 16:03:02
Table '43' 8-max Seat #1 is the button
Seat 1: d70fa7f9 (79,423 in chips)
Seat 2: 691a217f (8,875 in chips)
Seat 3: d15e8ab3 (10,865 in chips)
Seat 4: 1104f3ec (12,000 in chips)
Seat 5: 17ab5dc2 (30,575 in chips)
Seat 6: 59cf191f (10,000 in chips)
Seat 8: Hero (7,625 in chips)
Hero: posts the ante 125
d15e8ab3: posts the ante 125
691a217f: posts the ante 125
59cf191f: posts the ante 125
1104f3ec: posts the ante 125
17ab5dc2: posts the ante 125
d70fa7f9: posts the ante 125
691a217f: posts small blind 500
d15e8ab3: posts big blind 1,000
*** HOLE CARDS ***
Dealt to d70fa7f9 
Dealt to 691a217f 
Dealt to d15e8ab3 
Dealt to 1104f3ec 
Dealt to 17ab5dc2 
Dealt to 59cf191f 
Dealt to Hero [Ts 4s]
1104f3ec: folds
17ab5dc2: raises 1,000 to 2,000
59cf191f: raises 7,875 to 9,875 and is all-in
Hero: folds
d70fa7f9: folds
691a217f: folds
d15e8ab3: folds
17ab5dc2: folds
Uncalled bet (7,875) returned to 59cf191f
*** SHOWDOWN ***
59cf191f collected 6,375 from pot
*** SUMMARY ***
Total pot 6,375 | Rake 0 | Jackpot 0 | Bingo 0 | Fortune 0 | Tax 0
Seat 1: d70fa7f9 (button) folded before Flop
Seat 2: 691a217f (small blind) folded before Flop
Seat 3: d15e8ab3 (big blind) folded before Flop
Seat 4: 1104f3ec folded before Flop
Seat 5: 17ab5dc2 folded before Flop
Seat 6: 59cf191f collected (6,375)
Seat 8: Hero folded before Flop


Poker Hand #TM3004387792: Tournament #128549087, Sunday Big $20 Hold'em No Limit - Level14(500/1,000) - 2024/02/25 16:01:24
Table '43' 8-max Seat #8 is the button
Seat 1: d70fa7f9 (80,048 in chips)
Seat 2: 691a217f (10,000 in chips)
Seat 3: d15e8ab3 (20,865 in chips)
Seat 4: 1104f3ec (12,125 in chips)
Seat 5: 17ab5dc2 (10,000 in chips)
Seat 6: 59cf191f (10,125 in chips)
Seat 7: 443d3829 (8,450 in chips)
Seat 8: Hero (7,750 in chips)
Hero: posts the ante 125
d15e8ab3: posts the ante 125
691a217f: posts the ante 125
443d3829: posts the ante 125
59cf191f: posts the ante 125
1104f3ec: posts the ante 125
17ab5dc2: posts the ante 125
d70fa7f9: posts the ante 125
d70fa7f9: posts small blind 500
691a217f: posts big blind 1,000
*** HOLE CARDS ***
Dealt to d70fa7f9 
Dealt to 691a217f 
Dealt to d15e8ab3 
Dealt to 1104f3ec 
Dealt to 17ab5dc2 
Dealt to 59cf191f 
Dealt to 443d3829 
Dealt to Hero [Qd Jd]
d15e8ab3: raises 1,000 to 2,000
1104f3ec: folds
17ab5dc2: raises 7,875 to 9,875 and is all-in
59cf191f: folds
443d3829: calls 8,325 and is all-in
Hero: folds
d70fa7f9: folds
691a217f: folds
d15e8ab3: calls 7,875
17ab5dc2: shows [Jc Jh]
443d3829: shows [Ts Ad]
d15e8ab3: shows [Ks As]
*** FLOP *** [4h Th 2s]
*** TURN *** [4h Th 2s] [3d]
*** RIVER *** [4h Th 2s 3d] [3s]
*** SHOWDOWN ***
17ab5dc2 collected 27,475 from pot
17ab5dc2 collected 3,100 from pot
*** SUMMARY ***
Total pot 30,575 | Rake 0 | Jackpot 0 | Bingo 0 | Fortune 0 | Tax 0
Board [4h Th 2s 3d 3s]
Seat 1: d70fa7f9 (small blind) folded before Flop
Seat 2: 691a217f (big blind) folded before Flop
Seat 3: d15e8ab3 showed [Ks As] and lost with Pair of Treys
Seat 4: 1104f3ec folded before Flop
Seat 5: 17ab5dc2 showed [Jc Jh] and won (30,575) with Pair of Jacks and Pair of Treys
Seat 6: 59cf191f folded before Flop
Seat 7: 443d3829 showed [Ts Ad] and lost with Pair of Tens and Pair of Treys
Seat 8: Hero (button) folded before Flop


Poker Hand #TM3004387770: Tournament #128549087, Sunday Big $20 Hold'em No Limit - Level14(500/1,000) - 2024/02/25 15:54:44
Table '43' 8-max Seat #7 is the button
Seat 1: d70fa7f9 (81,173 in chips)
Seat 2: d06004b5 (38,373 in chips)
Seat 3: d15e8ab3 (20,990 in chips)
Seat 4: 1104f3ec (12,250 in chips)
Seat 6: 59cf191f (7,875 in chips)
Seat 7: 443d3829 (8,575 in chips)
Seat 8: Hero (8,375 in chips)
d06004b5: posts the ante 125
d15e8ab3: posts the ante 125
Hero: posts the ante 125
443d3829: posts the ante 125
59cf191f: posts the ante 125
1104f3ec: posts the ante 125
d70fa7f9: posts the ante 125
Hero: posts small blind 500
d70fa7f9: posts big blind 1,000
*** HOLE CARDS ***
Dealt to d70fa7f9 
Dealt to d06004b5 
Dealt to d15e8ab3 
Dealt to 1104f3ec 
Dealt to 59cf191f 
Dealt to 443d3829 
Dealt to Hero [4h 5c]
d06004b5: folds
d15e8ab3: folds
1104f3ec: folds
59cf191f: raises 6,750 to 7,750 and is all-in
443d3829: folds
Hero: folds
d70fa7f9: folds
Uncalled bet (6,750) returned to 59cf191f
*** SHOWDOWN ***
59cf191f collected 3,375 from pot
*** SUMMARY ***
Total pot 3,375 | Rake 0 | Jackpot 0 | Bingo 0 | Fortune 0 | Tax 0
Seat 1: d70fa7f9 (big blind) folded before Flop
Seat 2: d06004b5 folded before Flop
Seat 3: d15e8ab3 folded before Flop
Seat 4: 1104f3ec folded before Flop
Seat 6: 59cf191f collected (3,375)
Seat 7: 443d3829 (button) folded before Flop
Seat 8: Hero (small blind) folded before Flop


Poker Hand #TM3004387744: Tournament #128549087, Sunday Big $20 Hold'em No Limit - Level14(500/1,000) - 2024/02/25 15:54:13
Table '43' 8-max Seat #6 is the button
Seat 1: d70fa7f9 (81,298 in chips)
Seat 2: d06004b5 (38,498 in chips)
Seat 3: d15e8ab3 (21,115 in chips)
Seat 4: 1104f3ec (9,875 in chips)
Seat 5: 6a02557d (15,501 in chips)
Seat 6: 59cf191f (8,000 in chips)
Seat 7: 443d3829 (9,200 in chips)
Seat 8: Hero (9,500 in chips)
d06004b5: posts the ante 125
d15e8ab3: posts the ante 125
Hero: posts the ante 125
443d3829: posts the ante 125
6a02557d: posts the ante 125
59cf191f: posts the ante 125
1104f3ec: posts the ante 125
d70fa7f9: posts the ante 125
443d3829: posts small blind 500
Hero: posts big blind 1,000
*** HOLE CARDS ***
Dealt to d70fa7f9 
Dealt to d06004b5 
Dealt to d15e8ab3 
Dealt to 1104f3ec 
Dealt to 6a02557d 
Dealt to 59cf191f 
Dealt to 443d3829 
Dealt to Hero [Ks 2h]
d70fa7f9: folds
d06004b5: folds
d15e8ab3: folds
1104f3ec: raises 8,750 to 9,750 and is all-in
6a02557d: folds
59cf191f: folds
443d3829: folds
Hero: folds
Uncalled bet (8,750) returned to 1104f3ec
*** SHOWDOWN ***
1104f3ec collected 3,500 from pot
*** SUMMARY ***
Total pot 3,500 | Rake 0 | Jackpot 0 | Bingo 0 | Fortune 0 | Tax 0
Seat 1: d70fa7f9 folded before Flop
Seat 2: d06004b5 folded before Flop
Seat 3: d15e8ab3 folded before Flop
Seat 4: 1104f3ec collected (3,500)
Seat 5: 6a02557d folded before Flop
Seat 6: 59cf191f (button) folded before Flop
Seat 7: 443d3829 (small blind) folded before Flop
Seat 8: Hero (big blind) folded before Flop


Poker Hand #TM3004387694: Tournament #128549087, Sunday Big $20 Hold'em No Limit - Level14(500/1,000) - 2024/02/25 15:53:14
Table '43' 8-max Seat #5 is the button
Seat 1: d70fa7f9 (76,923 in chips)
Seat 2: d06004b5 (38,623 in chips)
Seat 3: d15e8ab3 (21,240 in chips)
Seat 4: 1104f3ec (10,000 in chips)
Seat 5: 6a02557d (15,626 in chips)
Seat 6: 59cf191f (8,625 in chips)
Seat 7: 443d3829 (12,325 in chips)
Seat 8: Hero (9,625 in chips)
d06004b5: posts the ante 125
d15e8ab3: posts the ante 125
Hero: posts the ante 125
443d3829: posts the ante 125
6a02557d: posts the ante 125
1104f3ec: posts the ante 125
59cf191f: posts the ante 125
d70fa7f9: posts the ante 125
59cf191f: posts small blind 500
443d3829: posts big blind 1,000
*** HOLE CARDS ***
Dealt to d70fa7f9 
Dealt to d06004b5 
Dealt to d15e8ab3 
Dealt to 1104f3ec 
Dealt to 6a02557d 
Dealt to 59cf191f 
Dealt to 443d3829 
Dealt to Hero [5c Js]
Hero: folds
d70fa7f9: raises 1,000 to 2,000
d06004b5: folds
d15e8ab3: folds
1104f3ec: folds
6a02557d: folds
59cf191f: folds
443d3829: calls 1,000
*** FLOP *** [8s 6d 3s]
443d3829: checks
d70fa7f9: bets 1,000
443d3829: calls 1,000
*** TURN *** [8s 6d 3s] [4s]
443d3829: checks
d70fa7f9: bets 9,500
443d3829: folds
Uncalled bet (9,500) returned to d70fa7f9
*** SHOWDOWN ***
d70fa7f9 collected 7,500 from pot
*** SUMMARY ***
Total pot 7,500 | Rake 0 | Jackpot 0 | Bingo 0 | Fortune 0 | Tax 0
Board [8s 6d 3s 4s]
Seat 1: d70fa7f9 won (7,500)
Seat 2: d06004b5 folded before Flop
Seat 3: d15e8ab3 folded before Flop
Seat 4: 1104f3ec folded before Flop
Seat 5: 6a02557d (button) folded before Flop
Seat 6: 59cf191f (small blind) folded before Flop
Seat 7: 443d3829 (big blind) folded on the Turn
Seat 8: Hero folded before Flop


Poker Hand #TM3004387671: Tournament #128549087, Sunday Big $20 Hold'em No Limit - Level14(500/1,000) - 2024/02/25 15:52:43
Table '43' 8-max Seat #3 is the button
Seat 1: d70fa7f9 (74,673 in chips)
Seat 2: d06004b5 (38,748 in chips)
Seat 3: d15e8ab3 (21,365 in chips)
Seat 5: 6a02557d (16,251 in chips)
Seat 6: 59cf191f (9,750 in chips)
Seat 7: 443d3829 (12,450 in chips)
Seat 8: Hero (9,750 in chips)
d06004b5: posts the ante 125
d15e8ab3: posts the ante 125
Hero: posts the ante 125
443d3829: posts the ante 125
6a02557d: posts the ante 125
59cf191f: posts the ante 125
d70fa7f9: posts the ante 125
6a02557d: posts small blind 500
59cf191f: posts big blind 1,000
*** HOLE CARDS ***
Dealt to d70fa7f9 
Dealt to d06004b5 
Dealt to d15e8ab3 
Dealt to 6a02557d 
Dealt to 59cf191f 
Dealt to 443d3829 
Dealt to Hero [4h 6h]
443d3829: folds
Hero: folds
d70fa7f9: raises 1,000 to 2,000
d06004b5: folds
d15e8ab3: folds
6a02557d: folds
59cf191f: folds
Uncalled bet (1,000) returned to d70fa7f9
*** SHOWDOWN ***
d70fa7f9 collected 3,375 from pot
*** SUMMARY ***
Total pot 3,375 | Rake 0 | Jackpot 0 | Bingo 0 | Fortune 0 | Tax 0
Seat 1: d70fa7f9 collected (3,375)
Seat 2: d06004b5 folded before Flop
Seat 3: d15e8ab3 (button) folded before Flop
Seat 5: 6a02557d (small blind) folded before Flop
Seat 6: 59cf191f (big blind) folded before Flop
Seat 7: 443d3829 folded before Flop
Seat 8: Hero folded before Flop


Poker Hand #TM3004387619: Tournament #128549087, Sunday Big $20 Hold'em No Limit - Level14(500/1,000) - 2024/02/25 15:51:39
Table '43' 8-max Seat #2 is the button
Seat 1: d70fa7f9 (62,093 in chips)
Seat 2: d06004b5 (38,873 in chips)
Seat 3: d15e8ab3 (21,990 in chips)
Seat 4: e666e6ed (11,330 in chips)
Seat 5: 6a02557d (16,376 in chips)
Seat 6: 59cf191f (9,875 in chips)
Seat 7: 443d3829 (12,575 in chips)
Seat 8: Hero (9,875 in chips)
d06004b5: posts the ante 125
Hero: posts the ante 125
d15e8ab3: posts the ante 125
443d3829: posts the ante 125
6a02557d: posts the ante 125
59cf191f: posts the ante 125
e666e6ed: posts the ante 125
d70fa7f9: posts the ante 125
d15e8ab3: posts small blind 500
e666e6ed: posts big blind 1,000
*** HOLE CARDS ***
Dealt to d70fa7f9 
Dealt to d06004b5 
Dealt to d15e8ab3 
Dealt to e666e6ed 
Dealt to 6a02557d 
Dealt to 59cf191f 
Dealt to 443d3829 
Dealt to Hero [Qh 5h]
6a02557d: folds
59cf191f: folds
443d3829: folds
Hero: folds
d70fa7f9: raises 1,000 to 2,000
d06004b5: folds
d15e8ab3: folds
e666e6ed: raises 9,205 to 11,205 and is all-in
d70fa7f9: calls 9,205
e666e6ed: shows [Ks Jd]
d70fa7f9: shows [Kh Qs]
*** FLOP *** [Qd 7h 5s]
*** TURN *** [Qd 7h 5s] [3s]
*** RIVER *** [Qd 7h 5s 3s] [5c]
*** SHOWDOWN ***
d70fa7f9 collected 23,910 from pot
*** SUMMARY ***
Total pot 23,910 | Rake 0 | Jackpot 0 | Bingo 0 | Fortune 0 | Tax 0
Board [Qd 7h 5s 3s 5c]
Seat 1: d70fa7f9 showed [Kh Qs] and won (23,910) with Pair of Queens and Pair of Fives
Seat 2: d06004b5 (button) folded before Flop
Seat 3: d15e8ab3 (small blind) folded before Flop
Seat 4: e666e6ed (big blind) showed [Ks Jd] and lost with Pair of Fives
Seat 5: 6a02557d folded before Flop
Seat 6: 59cf191f folded before Flop
Seat 7: 443d3829 folded before Flop
Seat 8: Hero folded before Flop


Poker Hand #TM3004387586: Tournament #128549087, Sunday Big $20 Hold'em No Limit - Level14(500/1,000) - 2024/02/25 15:50:58
Table '43' 8-max Seat #1 is the button
Seat 1: d70fa7f9 (62,218 in chips)
Seat 2: d06004b5 (39,498 in chips)
Seat 3: d15e8ab3 (23,115 in chips)
Seat 4: e666e6ed (11,455 in chips)
Seat 5: 6a02557d (14,001 in chips)
Seat 6: 59cf191f (10,000 in chips)
Seat 7: 443d3829 (12,700 in chips)
Seat 8: Hero (10,000 in chips)
d06004b5: posts the ante 125
Hero: posts the ante 125
d15e8ab3: posts the ante 125
443d3829: posts the ante 125
6a02557d: posts the ante 125
59cf191f: posts the ante 125
e666e6ed: posts the ante 125
d70fa7f9: posts the ante 125
d06004b5: posts small blind 500
d15e8ab3: posts big blind 1,000
*** HOLE CARDS ***
Dealt to d70fa7f9 
Dealt to d06004b5 
Dealt to d15e8ab3 
Dealt to e666e6ed 
Dealt to 6a02557d 
Dealt to 59cf191f 
Dealt to 443d3829 
Dealt to Hero [Qs Td]
e666e6ed: folds
6a02557d: raises 12,876 to 13,876 and is all-in
59cf191f: folds
443d3829: folds
Hero: folds
d70fa7f9: folds
d06004b5: folds
d15e8ab3: folds
Uncalled bet (12,876) returned to 6a02557d
*** SHOWDOWN ***
6a02557d collected 3,500 from pot
*** SUMMARY ***
Total pot 3,500 | Rake 0 | Jackpot 0 | Bingo 0 | Fortune 0 | Tax 0
Seat 1: d70fa7f9 (button) folded before Flop
Seat 2: d06004b5 (small blind) folded before Flop
Seat 3: d15e8ab3 (big blind) folded before Flop
Seat 4: e666e6ed folded before Flop
Seat 5: 6a02557d collected (3,500)
Seat 6: 59cf191f folded before Flop
Seat 7: 443d3829 folded before Flop
Seat 8: Hero folded before Flop


