Poker Hand #TM2947683281: Tournament #126019672, Daily Big $20 Hold'em No Limit - Level13(400/800) - 2024/02/10 15:44:12
Table '12' 8-max Seat #8 is the button
Seat 1: 7af7d309 (26,038 in chips)
Seat 2: b798a76c (41,966 in chips)
Seat 3: 13984602 (14,401 in chips)
Seat 4: aa758a9 (9,800 in chips)
Seat 5: 17fe8232 (11,128 in chips)
Seat 6: fdf3758 (17,700 in chips)
Seat 7: 2a1c8a64 (55,229 in chips)
Seat 8: Hero (8,400 in chips)
2a1c8a64: posts the ante 100
Hero: posts the ante 100
aa758a9: posts the ante 100
7af7d309: posts the ante 100
13984602: posts the ante 100
17fe8232: posts the ante 100
fdf3758: posts the ante 100
b798a76c: posts the ante 100
7af7d309: posts small blind 400
b798a76c: posts big blind 800
*** HOLE CARDS ***
Dealt to 7af7d309 
Dealt to b798a76c 
Dealt to 13984602 
Dealt to aa758a9 
Dealt to 17fe8232 
Dealt to fdf3758 
Dealt to 2a1c8a64 
Dealt to Hero [Ac Tc]
13984602: folds
aa758a9: folds
17fe8232: folds
fdf3758: raises 800 to 1,600
2a1c8a64: folds
Hero: raises 6,700 to 8,300 and is all-in
7af7d309: folds
b798a76c: raises 33,566 to 41,866 and is all-in
fdf3758: folds
Uncalled bet (33,566) returned to b798a76c
b798a76c: shows [Ah Ks]
Hero: shows [Ac Tc]
*** FLOP *** [Js 6c 8h]
*** TURN *** [Js 6c 8h] [Jd]
*** RIVER *** [Js 6c 8h Jd] [3s]
*** SHOWDOWN ***
b798a76c collected 19,400 from pot
*** SUMMARY ***
Total pot 19,400 | Rake 0 | Jackpot 0 | Bingo 0 | Fortune 0 | Tax 0
Board [Js 6c 8h Jd 3s]
Seat 1: 7af7d309 (small blind) folded before Flop
Seat 2: b798a76c (big blind) showed [Ah Ks] and won (19,400) with Pair of Jacks
Seat 3: 13984602 folded before Flop
Seat 4: aa758a9 folded before Flop
Seat 5: 17fe8232 folded before Flop
Seat 6: fdf3758 folded before Flop
Seat 7: 2a1c8a64 folded before Flop
Seat 8: Hero (button) showed [Ac Tc] and lost with Pair of Jacks


Poker Hand #TM2947683254: Tournament #126019672, Daily Big $20 Hold'em No Limit - Level13(400/800) - 2024/02/10 15:43:39
Table '12' 8-max Seat #7 is the button
Seat 1: 7af7d309 (26,938 in chips)
Seat 2: b798a76c (42,066 in chips)
Seat 3: 13984602 (14,501 in chips)
Seat 4: aa758a9 (9,900 in chips)
Seat 5: 17fe8232 (9,228 in chips)
Seat 6: fdf3758 (17,800 in chips)
Seat 7: 2a1c8a64 (55,329 in chips)
Seat 8: Hero (8,900 in chips)
2a1c8a64: posts the ante 100
aa758a9: posts the ante 100
7af7d309: posts the ante 100
Hero: posts the ante 100
13984602: posts the ante 100
17fe8232: posts the ante 100
fdf3758: posts the ante 100
b798a76c: posts the ante 100
Hero: posts small blind 400
7af7d309: posts big blind 800
*** HOLE CARDS ***
Dealt to 7af7d309 
Dealt to b798a76c 
Dealt to 13984602 
Dealt to aa758a9 
Dealt to 17fe8232 
Dealt to fdf3758 
Dealt to 2a1c8a64 
Dealt to Hero [Kc 3c]
b798a76c: folds
13984602: folds
aa758a9: folds
17fe8232: raises 8,328 to 9,128 and is all-in
fdf3758: folds
2a1c8a64: folds
Hero: folds
7af7d309: folds
Uncalled bet (8,328) returned to 17fe8232
*** SHOWDOWN ***
17fe8232 collected 2,800 from pot
*** SUMMARY ***
Total pot 2,800 | Rake 0 | Jackpot 0 | Bingo 0 | Fortune 0 | Tax 0
Seat 1: 7af7d309 (big blind) folded before Flop
Seat 2: b798a76c folded before Flop
Seat 3: 13984602 folded before Flop
Seat 4: aa758a9 folded before Flop
Seat 5: 17fe8232 collected (2,800)
Seat 6: fdf3758 folded before Flop
Seat 7: 2a1c8a64 (button) folded before Flop
Seat 8: Hero (small blind) folded before Flop


Poker Hand #TM2947683223: Tournament #126019672, Daily Big $20 Hold'em No Limit - Level13(400/800) - 2024/02/10 15:43:00
Table '12' 8-max Seat #6 is the button
Seat 1: 7af7d309 (27,038 in chips)
Seat 2: b798a76c (42,166 in chips)
Seat 3: 13984602 (14,601 in chips)
Seat 4: aa758a9 (10,000 in chips)
Seat 5: 17fe8232 (9,328 in chips)
Seat 6: fdf3758 (17,900 in chips)
Seat 7: 2a1c8a64 (53,829 in chips)
Seat 8: Hero (9,800 in chips)
2a1c8a64: posts the ante 100
aa758a9: posts the ante 100
7af7d309: posts the ante 100
Hero: posts the ante 100
13984602: posts the ante 100
17fe8232: posts the ante 100
fdf3758: posts the ante 100
b798a76c: posts the ante 100
2a1c8a64: posts small blind 400
Hero: posts big blind 800
*** HOLE CARDS ***
Dealt to 7af7d309 
Dealt to b798a76c 
Dealt to 13984602 
Dealt to aa758a9 
Dealt to 17fe8232 
Dealt to fdf3758 
Dealt to 2a1c8a64 
Dealt to Hero [Qs 2h]
7af7d309: folds
b798a76c: folds
13984602: folds
aa758a9: folds
17fe8232: folds
fdf3758: folds
2a1c8a64: raises 52,800 to 53,600
Hero: folds
Uncalled bet (52,800) returned to 2a1c8a64
*** SHOWDOWN ***
2a1c8a64 collected 2,400 from pot
*** SUMMARY ***
Total pot 2,400 | Rake 0 | Jackpot 0 | Bingo 0 | Fortune 0 | Tax 0
Seat 1: 7af7d309 folded before Flop
Seat 2: b798a76c folded before Flop
Seat 3: 13984602 folded before Flop
Seat 4: aa758a9 folded before Flop
Seat 5: 17fe8232 folded before Flop
Seat 6: fdf3758 (button) folded before Flop
Seat 7: 2a1c8a64 (small blind) collected (2,400)
Seat 8: Hero (big blind) folded before Flop


Poker Hand #TM2947683196: Tournament #126019672, Daily Big $20 Hold'em No Limit - Level12(350/700) - 2024/02/10 15:42:30
Table '12' 8-max Seat #5 is the button
Seat 1: 7af7d309 (27,123 in chips)
Seat 2: b798a76c (42,251 in chips)
Seat 3: 13984602 (14,686 in chips)
Seat 5: 17fe8232 (9,413 in chips)
Seat 6: fdf3758 (18,335 in chips)
Seat 7: 2a1c8a64 (52,969 in chips)
Seat 8: Hero (9,885 in chips)
2a1c8a64: posts the ante 85
7af7d309: posts the ante 85
Hero: posts the ante 85
13984602: posts the ante 85
17fe8232: posts the ante 85
fdf3758: posts the ante 85
b798a76c: posts the ante 85
fdf3758: posts small blind 350
2a1c8a64: posts big blind 700
*** HOLE CARDS ***
Dealt to 7af7d309 
Dealt to b798a76c 
Dealt to 13984602 
Dealt to 17fe8232 
Dealt to fdf3758 
Dealt to 2a1c8a64 
Dealt to Hero [9c 4h]
Hero: folds
7af7d309: folds
b798a76c: folds
13984602: folds
17fe8232: folds
fdf3758: folds
Uncalled bet (350) returned to 2a1c8a64
*** SHOWDOWN ***
2a1c8a64 collected 1,295 from pot
*** SUMMARY ***
Total pot 1,295 | Rake 0 | Jackpot 0 | Bingo 0 | Fortune 0 | Tax 0
Seat 1: 7af7d309 folded before Flop
Seat 2: b798a76c folded before Flop
Seat 3: 13984602 folded before Flop
Seat 5: 17fe8232 (button) folded before Flop
Seat 6: fdf3758 (small blind) folded before Flop
Seat 7: 2a1c8a64 (big blind) collected (1,295)
Seat 8: Hero folded before Flop


Poker Hand #TM2947683151: Tournament #126019672, Daily Big $20 Hold'em No Limit - Level12(350/700) - 2024/02/10 15:41:53
Table '12' 8-max Seat #3 is the button
Seat 1: 7af7d309 (27,208 in chips)
Seat 2: b798a76c (40,157 in chips)
Seat 3: 13984602 (14,771 in chips)
Seat 4: a0f1fa0b (44 in chips)
Seat 5: 17fe8232 (11,038 in chips)
Seat 6: fdf3758 (18,420 in chips)
Seat 7: 2a1c8a64 (53,054 in chips)
Seat 8: Hero (9,970 in chips)
2a1c8a64: posts the ante 85
7af7d309: posts the ante 85
Hero: posts the ante 85
a0f1fa0b: posts the ante 44
13984602: posts the ante 85
17fe8232: posts the ante 85
fdf3758: posts the ante 85
b798a76c: posts the ante 85
a0f1fa0b: posts small blind 0
17fe8232: posts big blind 700
*** HOLE CARDS ***
Dealt to 7af7d309 
Dealt to b798a76c 
Dealt to 13984602 
Dealt to a0f1fa0b 
Dealt to 17fe8232 
Dealt to fdf3758 
Dealt to 2a1c8a64 
Dealt to Hero [9s Kd]
fdf3758: folds
2a1c8a64: folds
Hero: folds
7af7d309: folds
b798a76c: raises 840 to 1,540
13984602: folds
a0f1fa0b: folds
17fe8232: calls 840
*** FLOP *** [Jh 6d Js]
17fe8232: checks
b798a76c: bets 1,116
17fe8232: folds
Uncalled bet (1,116) returned to b798a76c
*** SHOWDOWN ***
b798a76c collected 352 from pot
b798a76c collected 3,367 from pot
*** SUMMARY ***
Total pot 3,719 | Rake 0 | Jackpot 0 | Bingo 0 | Fortune 0 | Tax 0
Board [Jh 6d Js]
Seat 1: 7af7d309 folded before Flop
Seat 2: b798a76c won (3,719)
Seat 3: 13984602 (button) folded before Flop
Seat 4: a0f1fa0b (small blind) folded before Flop
Seat 5: 17fe8232 (big blind) folded on the Flop
Seat 6: fdf3758 folded before Flop
Seat 7: 2a1c8a64 folded before Flop
Seat 8: Hero folded before Flop


Poker Hand #TM2947683126: Tournament #126019672, Daily Big $20 Hold'em No Limit - Level12(350/700) - 2024/02/10 15:41:24
Table '12' 8-max Seat #2 is the button
Seat 1: 7af7d309 (27,293 in chips)
Seat 2: b798a76c (40,242 in chips)
Seat 3: 13984602 (13,476 in chips)
Seat 4: a0f1fa0b (829 in chips)
Seat 5: 17fe8232 (11,123 in chips)
Seat 6: fdf3758 (18,505 in chips)
Seat 7: 2a1c8a64 (53,139 in chips)
Seat 8: Hero (10,055 in chips)
2a1c8a64: posts the ante 85
7af7d309: posts the ante 85
Hero: posts the ante 85
a0f1fa0b: posts the ante 85
13984602: posts the ante 85
17fe8232: posts the ante 85
fdf3758: posts the ante 85
b798a76c: posts the ante 85
13984602: posts small blind 350
a0f1fa0b: posts big blind 700
*** HOLE CARDS ***
Dealt to 7af7d309 
Dealt to b798a76c 
Dealt to 13984602 
Dealt to a0f1fa0b 
Dealt to 17fe8232 
Dealt to fdf3758 
Dealt to 2a1c8a64 
Dealt to Hero [7s 5d]
17fe8232: folds
fdf3758: folds
2a1c8a64: folds
Hero: folds
7af7d309: folds
b798a76c: folds
13984602: raises 700 to 1,400
a0f1fa0b: folds
Uncalled bet (700) returned to 13984602
*** SHOWDOWN ***
13984602 collected 2,080 from pot
*** SUMMARY ***
Total pot 2,080 | Rake 0 | Jackpot 0 | Bingo 0 | Fortune 0 | Tax 0
Seat 1: 7af7d309 folded before Flop
Seat 2: b798a76c (button) folded before Flop
Seat 3: 13984602 (small blind) collected (2,080)
Seat 4: a0f1fa0b (big blind) folded before Flop
Seat 5: 17fe8232 folded before Flop
Seat 6: fdf3758 folded before Flop
Seat 7: 2a1c8a64 folded before Flop
Seat 8: Hero folded before Flop


Poker Hand #TM2947683103: Tournament #126019672, Daily Big $20 Hold'em No Limit - Level12(350/700) - 2024/02/10 15:41:00
Table '12' 8-max Seat #1 is the button
Seat 1: 7af7d309 (27,378 in chips)
Seat 2: b798a76c (40,677 in chips)
Seat 3: 13984602 (14,261 in chips)
Seat 4: a0f1fa0b (914 in chips)
Seat 5: 17fe8232 (11,208 in chips)
Seat 6: fdf3758 (16,860 in chips)
Seat 7: 2a1c8a64 (53,224 in chips)
Seat 8: Hero (10,140 in chips)
2a1c8a64: posts the ante 85
7af7d309: posts the ante 85
Hero: posts the ante 85
a0f1fa0b: posts the ante 85
13984602: posts the ante 85
17fe8232: posts the ante 85
fdf3758: posts the ante 85
b798a76c: posts the ante 85
b798a76c: posts small blind 350
13984602: posts big blind 700
*** HOLE CARDS ***
Dealt to 7af7d309 
Dealt to b798a76c 
Dealt to 13984602 
Dealt to a0f1fa0b 
Dealt to 17fe8232 
Dealt to fdf3758 
Dealt to 2a1c8a64 
Dealt to Hero [8c Kh]
a0f1fa0b: folds
17fe8232: folds
fdf3758: raises 700 to 1,400
2a1c8a64: folds
Hero: folds
7af7d309: folds
b798a76c: folds
13984602: folds
Uncalled bet (700) returned to fdf3758
*** SHOWDOWN ***
fdf3758 collected 2,430 from pot
*** SUMMARY ***
Total pot 2,430 | Rake 0 | Jackpot 0 | Bingo 0 | Fortune 0 | Tax 0
Seat 1: 7af7d309 (button) folded before Flop
Seat 2: b798a76c (small blind) folded before Flop
Seat 3: 13984602 (big blind) folded before Flop
Seat 4: a0f1fa0b folded before Flop
Seat 5: 17fe8232 folded before Flop
Seat 6: fdf3758 collected (2,430)
Seat 7: 2a1c8a64 folded before Flop
Seat 8: Hero folded before Flop


Poker Hand #TM2947683052: Tournament #126019672, Daily Big $20 Hold'em No Limit - Level12(350/700) - 2024/02/10 15:40:21
Table '12' 8-max Seat #8 is the button
Seat 1: 7af7d309 (27,813 in chips)
Seat 2: b798a76c (38,262 in chips)
Seat 3: 13984602 (14,346 in chips)
Seat 4: a0f1fa0b (999 in chips)
Seat 5: 17fe8232 (11,293 in chips)
Seat 6: fdf3758 (16,945 in chips)
Seat 7: 2a1c8a64 (54,779 in chips)
Seat 8: Hero (10,225 in chips)
2a1c8a64: posts the ante 85
Hero: posts the ante 85
7af7d309: posts the ante 85
a0f1fa0b: posts the ante 85
13984602: posts the ante 85
17fe8232: posts the ante 85
fdf3758: posts the ante 85
b798a76c: posts the ante 85
7af7d309: posts small blind 350
b798a76c: posts big blind 700
*** HOLE CARDS ***
Dealt to 7af7d309 
Dealt to b798a76c 
Dealt to 13984602 
Dealt to a0f1fa0b 
Dealt to 17fe8232 
Dealt to fdf3758 
Dealt to 2a1c8a64 
Dealt to Hero [3s 4s]
13984602: folds
a0f1fa0b: folds
17fe8232: folds
fdf3758: folds
2a1c8a64: raises 770 to 1,470
Hero: folds
7af7d309: folds
b798a76c: raises 4,130 to 5,600
2a1c8a64: folds
Uncalled bet (4,130) returned to b798a76c
*** SHOWDOWN ***
b798a76c collected 3,970 from pot
*** SUMMARY ***
Total pot 3,970 | Rake 0 | Jackpot 0 | Bingo 0 | Fortune 0 | Tax 0
Seat 1: 7af7d309 (small blind) folded before Flop
Seat 2: b798a76c (big blind) collected (3,970)
Seat 3: 13984602 folded before Flop
Seat 4: a0f1fa0b folded before Flop
Seat 5: 17fe8232 folded before Flop
Seat 6: fdf3758 folded before Flop
Seat 7: 2a1c8a64 folded before Flop
Seat 8: Hero (button) folded before Flop


Poker Hand #TM2947683019: Tournament #126019672, Daily Big $20 Hold'em No Limit - Level12(350/700) - 2024/02/10 15:39:43
Table '12' 8-max Seat #7 is the button
Seat 1: 7af7d309 (28,598 in chips)
Seat 2: b798a76c (38,347 in chips)
Seat 3: 13984602 (14,431 in chips)
Seat 4: a0f1fa0b (1,084 in chips)
Seat 5: 17fe8232 (12,778 in chips)
Seat 6: fdf3758 (13,900 in chips)
Seat 7: 2a1c8a64 (54,864 in chips)
Seat 8: Hero (10,660 in chips)
2a1c8a64: posts the ante 85
7af7d309: posts the ante 85
Hero: posts the ante 85
a0f1fa0b: posts the ante 85
13984602: posts the ante 85
17fe8232: posts the ante 85
fdf3758: posts the ante 85
b798a76c: posts the ante 85
Hero: posts small blind 350
7af7d309: posts big blind 700
*** HOLE CARDS ***
Dealt to 7af7d309 
Dealt to b798a76c 
Dealt to 13984602 
Dealt to a0f1fa0b 
Dealt to 17fe8232 
Dealt to fdf3758 
Dealt to 2a1c8a64 
Dealt to Hero [7s 6s]
b798a76c: folds
13984602: folds
a0f1fa0b: folds
17fe8232: raises 700 to 1,400
fdf3758: raises 12,415 to 13,815 and is all-in
2a1c8a64: folds
Hero: folds
7af7d309: folds
17fe8232: folds
Uncalled bet (12,415) returned to fdf3758
*** SHOWDOWN ***
fdf3758 collected 4,530 from pot
*** SUMMARY ***
Total pot 4,530 | Rake 0 | Jackpot 0 | Bingo 0 | Fortune 0 | Tax 0
Seat 1: 7af7d309 (big blind) folded before Flop
Seat 2: b798a76c folded before Flop
Seat 3: 13984602 folded before Flop
Seat 4: a0f1fa0b folded before Flop
Seat 5: 17fe8232 folded before Flop
Seat 6: fdf3758 collected (4,530)
Seat 7: 2a1c8a64 (button) folded before Flop
Seat 8: Hero (small blind) folded before Flop


Poker Hand #TM2947682992: Tournament #126019672, Daily Big $20 Hold'em No Limit - Level12(350/700) - 2024/02/10 15:39:23
Table '12' 8-max Seat #6 is the button
Seat 1: 7af7d309 (28,683 in chips)
Seat 2: b798a76c (38,432 in chips)
Seat 3: 13984602 (14,516 in chips)
Seat 4: a0f1fa0b (1,169 in chips)
Seat 6: fdf3758 (13,985 in chips)
Seat 7: 2a1c8a64 (55,299 in chips)
Seat 8: Hero (9,800 in chips)
2a1c8a64: posts the ante 85
7af7d309: posts the ante 85
Hero: posts the ante 85
a0f1fa0b: posts the ante 85
13984602: posts the ante 85
fdf3758: posts the ante 85
b798a76c: posts the ante 85
2a1c8a64: posts small blind 350
Hero: posts big blind 700
*** HOLE CARDS ***
Dealt to 7af7d309 
Dealt to b798a76c 
Dealt to 13984602 
Dealt to a0f1fa0b 
Dealt to fdf3758 
Dealt to 2a1c8a64 
Dealt to Hero [Kc Kd]
7af7d309: folds
b798a76c: folds
13984602: folds
a0f1fa0b: folds
fdf3758: folds
2a1c8a64: folds
Uncalled bet (350) returned to Hero
*** SHOWDOWN ***
Hero collected 1,295 from pot
*** SUMMARY ***
Total pot 1,295 | Rake 0 | Jackpot 0 | Bingo 0 | Fortune 0 | Tax 0
Seat 1: 7af7d309 folded before Flop
Seat 2: b798a76c folded before Flop
Seat 3: 13984602 folded before Flop
Seat 4: a0f1fa0b folded before Flop
Seat 6: fdf3758 (button) folded before Flop
Seat 7: 2a1c8a64 (small blind) folded before Flop
Seat 8: Hero (big blind) collected (1,295)


Poker Hand #TM2947682855: Tournament #126019672, Daily Big $20 Hold'em No Limit - Level12(350/700) - 2024/02/10 15:37:14
Table '12' 8-max Seat #5 is the button
Seat 1: 7af7d309 (28,768 in chips)
Seat 2: b798a76c (38,517 in chips)
Seat 3: 13984602 (14,601 in chips)
Seat 5: d52bdeee (30,477 in chips)
Seat 6: fdf3758 (14,770 in chips)
Seat 7: 2a1c8a64 (59,212 in chips)
Seat 8: Hero (9,885 in chips)
2a1c8a64: posts the ante 85
d52bdeee: posts the ante 85
7af7d309: posts the ante 85
Hero: posts the ante 85
13984602: posts the ante 85
fdf3758: posts the ante 85
b798a76c: posts the ante 85
fdf3758: posts small blind 350
2a1c8a64: posts big blind 700
*** HOLE CARDS ***
Dealt to 7af7d309 
Dealt to b798a76c 
Dealt to 13984602 
Dealt to d52bdeee 
Dealt to fdf3758 
Dealt to 2a1c8a64 
Dealt to Hero [7c Ks]
Hero: folds
7af7d309: folds
b798a76c: folds
13984602: folds
d52bdeee: calls 700
fdf3758: calls 350
2a1c8a64: checks
*** FLOP *** [6d 3s Qc]
fdf3758: checks
2a1c8a64: bets 1,348
d52bdeee: calls 1,348
fdf3758: folds
*** TURN *** [6d 3s Qc] [4h]
2a1c8a64: checks
d52bdeee: bets 1,780
2a1c8a64: calls 1,780
*** RIVER *** [6d 3s Qc 4h] [8s]
2a1c8a64: checks
d52bdeee: bets 2,954
2a1c8a64: folds
Uncalled bet (2,954) returned to d52bdeee
d52bdeee: shows [Qs] (Pair of Queens)
*** SHOWDOWN ***
d52bdeee collected 8,951 from pot
*** SUMMARY ***
Total pot 8,951 | Rake 0 | Jackpot 0 | Bingo 0 | Fortune 0 | Tax 0
Board [6d 3s Qc 4h 8s]
Seat 1: 7af7d309 folded before Flop
Seat 2: b798a76c folded before Flop
Seat 3: 13984602 folded before Flop
Seat 5: d52bdeee (button) showed [Qs] and won (8,951)
Seat 6: fdf3758 (small blind) folded on the Flop
Seat 7: 2a1c8a64 (big blind) folded on the River
Seat 8: Hero folded before Flop


Poker Hand #TM2947682799: Tournament #126019672, Daily Big $20 Hold'em No Limit - Level12(350/700) - 2024/02/10 15:36:34
Table '12' 8-max Seat #4 is the button
Seat 1: 7af7d309 (28,853 in chips)
Seat 2: b798a76c (38,602 in chips)
Seat 3: 13984602 (14,686 in chips)
Seat 4: 92076934 (25,796 in chips)
Seat 5: d52bdeee (30,912 in chips)
Seat 6: fdf3758 (12,425 in chips)
Seat 7: 2a1c8a64 (59,297 in chips)
Seat 8: Hero (9,970 in chips)
2a1c8a64: posts the ante 85
d52bdeee: posts the ante 85
7af7d309: posts the ante 85
Hero: posts the ante 85
13984602: posts the ante 85
fdf3758: posts the ante 85
b798a76c: posts the ante 85
92076934: posts the ante 85
d52bdeee: posts small blind 350
fdf3758: posts big blind 700
*** HOLE CARDS ***
Dealt to 7af7d309 
Dealt to b798a76c 
Dealt to 13984602 
Dealt to 92076934 
Dealt to d52bdeee 
Dealt to fdf3758 
Dealt to 2a1c8a64 
Dealt to Hero [4d 7c]
2a1c8a64: folds
Hero: folds
7af7d309: folds
b798a76c: folds
13984602: folds
92076934: raises 700 to 1,400
d52bdeee: folds
fdf3758: raises 10,940 to 12,340 and is all-in
92076934: folds
Uncalled bet (10,940) returned to fdf3758
*** SHOWDOWN ***
fdf3758 collected 3,830 from pot
*** SUMMARY ***
Total pot 3,830 | Rake 0 | Jackpot 0 | Bingo 0 | Fortune 0 | Tax 0
Seat 1: 7af7d309 folded before Flop
Seat 2: b798a76c folded before Flop
Seat 3: 13984602 folded before Flop
Seat 4: 92076934 (button) folded before Flop
Seat 5: d52bdeee (small blind) folded before Flop
Seat 6: fdf3758 (big blind) collected (3,830)
Seat 7: 2a1c8a64 folded before Flop
Seat 8: Hero folded before Flop


Poker Hand #TM2947682774: Tournament #126019672, Daily Big $20 Hold'em No Limit - Level12(350/700) - 2024/02/10 15:36:06
Table '12' 8-max Seat #3 is the button
Seat 1: 7af7d309 (28,938 in chips)
Seat 2: b798a76c (36,957 in chips)
Seat 3: 13984602 (14,771 in chips)
Seat 4: 92076934 (26,231 in chips)
Seat 5: d52bdeee (31,697 in chips)
Seat 6: fdf3758 (12,510 in chips)
Seat 7: 2a1c8a64 (59,382 in chips)
Seat 8: Hero (10,055 in chips)
2a1c8a64: posts the ante 85
d52bdeee: posts the ante 85
7af7d309: posts the ante 85
Hero: posts the ante 85
13984602: posts the ante 85
fdf3758: posts the ante 85
b798a76c: posts the ante 85
92076934: posts the ante 85
92076934: posts small blind 350
d52bdeee: posts big blind 700
*** HOLE CARDS ***
Dealt to 7af7d309 
Dealt to b798a76c 
Dealt to 13984602 
Dealt to 92076934 
Dealt to d52bdeee 
Dealt to fdf3758 
Dealt to 2a1c8a64 
Dealt to Hero [Th 5c]
fdf3758: folds
2a1c8a64: folds
Hero: folds
7af7d309: folds
b798a76c: raises 840 to 1,540
13984602: folds
92076934: folds
d52bdeee: folds
Uncalled bet (840) returned to b798a76c
*** SHOWDOWN ***
b798a76c collected 2,430 from pot
*** SUMMARY ***
Total pot 2,430 | Rake 0 | Jackpot 0 | Bingo 0 | Fortune 0 | Tax 0
Seat 1: 7af7d309 folded before Flop
Seat 2: b798a76c collected (2,430)
Seat 3: 13984602 (button) folded before Flop
Seat 4: 92076934 (small blind) folded before Flop
Seat 5: d52bdeee (big blind) folded before Flop
Seat 6: fdf3758 folded before Flop
Seat 7: 2a1c8a64 folded before Flop
Seat 8: Hero folded before Flop


Poker Hand #TM2947682698: Tournament #126019672, Daily Big $20 Hold'em No Limit - Level12(350/700) - 2024/02/10 15:35:08
Table '12' 8-max Seat #2 is the button
Seat 1: 7af7d309 (29,023 in chips)
Seat 2: b798a76c (37,042 in chips)
Seat 3: 13984602 (18,567 in chips)
Seat 4: 92076934 (21,925 in chips)
Seat 5: d52bdeee (31,782 in chips)
Seat 6: fdf3758 (12,595 in chips)
Seat 7: 2a1c8a64 (59,467 in chips)
Seat 8: Hero (10,140 in chips)
2a1c8a64: posts the ante 85
d52bdeee: posts the ante 85
7af7d309: posts the ante 85
Hero: posts the ante 85
13984602: posts the ante 85
fdf3758: posts the ante 85
b798a76c: posts the ante 85
92076934: posts the ante 85
13984602: posts small blind 350
92076934: posts big blind 700
*** HOLE CARDS ***
Dealt to 7af7d309 
Dealt to b798a76c 
Dealt to 13984602 
Dealt to 92076934 
Dealt to d52bdeee 
Dealt to fdf3758 
Dealt to 2a1c8a64 
Dealt to Hero [7c 5c]
d52bdeee: folds
fdf3758: folds
2a1c8a64: folds
Hero: folds
7af7d309: folds
b798a76c: folds
13984602: raises 1,400 to 2,100
92076934: calls 1,400
*** FLOP *** [As 6d Jc]
13984602: bets 1,611
92076934: calls 1,611
*** TURN *** [As 6d Jc] [4h]
13984602: checks
92076934: checks
*** RIVER *** [As 6d Jc 4h] [3c]
13984602: checks
92076934: checks
13984602: shows [Kd 9s] (Ace-High)
92076934: shows [Kh Td] (Ace-High)
*** SHOWDOWN ***
92076934 collected 8,102 from pot
*** SUMMARY ***
Total pot 8,102 | Rake 0 | Jackpot 0 | Bingo 0 | Fortune 0 | Tax 0
Board [As 6d Jc 4h 3c]
Seat 1: 7af7d309 folded before Flop
Seat 2: b798a76c (button) folded before Flop
Seat 3: 13984602 (small blind) showed [Kd 9s] and lost with Ace-High
Seat 4: 92076934 (big blind) showed [Kh Td] and won (8,102) with Ace-High
Seat 5: d52bdeee folded before Flop
Seat 6: fdf3758 folded before Flop
Seat 7: 2a1c8a64 folded before Flop
Seat 8: Hero folded before Flop


Poker Hand #TM2947682667: Tournament #126019672, Daily Big $20 Hold'em No Limit - Level12(350/700) - 2024/02/10 15:34:46
Table '12' 8-max Seat #8 is the button
Seat 2: b798a76c (37,477 in chips)
Seat 3: 13984602 (19,352 in chips)
Seat 4: c1e1aef2 (10,675 in chips)
Seat 5: d52bdeee (30,222 in chips)
Seat 6: fdf3758 (12,680 in chips)
Seat 7: 2a1c8a64 (59,552 in chips)
Seat 8: Hero (10,225 in chips)
2a1c8a64: posts the ante 85
d52bdeee: posts the ante 85
c1e1aef2: posts the ante 85
Hero: posts the ante 85
13984602: posts the ante 85
fdf3758: posts the ante 85
b798a76c: posts the ante 85
b798a76c: posts small blind 350
13984602: posts big blind 700
*** HOLE CARDS ***
Dealt to b798a76c 
Dealt to 13984602 
Dealt to c1e1aef2 
Dealt to d52bdeee 
Dealt to fdf3758 
Dealt to 2a1c8a64 
Dealt to Hero [Tc 6c]
c1e1aef2: folds
d52bdeee: raises 1,400 to 2,100
fdf3758: folds
2a1c8a64: folds
Hero: folds
b798a76c: folds
13984602: folds
Uncalled bet (1,400) returned to d52bdeee
*** SHOWDOWN ***
d52bdeee collected 2,345 from pot
*** SUMMARY ***
Total pot 2,345 | Rake 0 | Jackpot 0 | Bingo 0 | Fortune 0 | Tax 0
Seat 2: b798a76c (small blind) folded before Flop
Seat 3: 13984602 (big blind) folded before Flop
Seat 4: c1e1aef2 folded before Flop
Seat 5: d52bdeee collected (2,345)
Seat 6: fdf3758 folded before Flop
Seat 7: 2a1c8a64 folded before Flop
Seat 8: Hero (button) folded before Flop


Poker Hand #TM2947682543: Tournament #126019672, Daily Big $20 Hold'em No Limit - Level11(300/600) - 2024/02/10 15:33:11
Table '12' 8-max Seat #7 is the button
Seat 1: 5f74522d (19,230 in chips)
Seat 2: b798a76c (37,552 in chips)
Seat 3: 13984602 (19,427 in chips)
Seat 4: c1e1aef2 (10,750 in chips)
Seat 5: d52bdeee (30,297 in chips)
Seat 6: fdf3758 (12,755 in chips)
Seat 7: 2a1c8a64 (39,572 in chips)
Seat 8: Hero (10,600 in chips)
2a1c8a64: posts the ante 75
d52bdeee: posts the ante 75
c1e1aef2: posts the ante 75
Hero: posts the ante 75
13984602: posts the ante 75
5f74522d: posts the ante 75
fdf3758: posts the ante 75
b798a76c: posts the ante 75
Hero: posts small blind 300
5f74522d: posts big blind 600
*** HOLE CARDS ***
Dealt to 5f74522d 
Dealt to b798a76c 
Dealt to 13984602 
Dealt to c1e1aef2 
Dealt to d52bdeee 
Dealt to fdf3758 
Dealt to 2a1c8a64 
Dealt to Hero [3h 5d]
b798a76c: folds
13984602: folds
c1e1aef2: folds
d52bdeee: folds
fdf3758: folds
2a1c8a64: raises 780 to 1,380
Hero: folds
5f74522d: raises 3,120 to 4,500
2a1c8a64: raises 34,997 to 39,497 and is all-in
5f74522d: calls 14,655 and is all-in
Uncalled bet (20,342) returned to 2a1c8a64
2a1c8a64: shows [Ad Qs]
5f74522d: shows [Jh As]
*** FLOP *** [Kc 4c 4d]
*** TURN *** [Kc 4c 4d] [6s]
*** RIVER *** [Kc 4c 4d 6s] [9c]
*** SHOWDOWN ***
2a1c8a64 collected 39,210 from pot
*** SUMMARY ***
Total pot 39,210 | Rake 0 | Jackpot 0 | Bingo 0 | Fortune 0 | Tax 0
Board [Kc 4c 4d 6s 9c]
Seat 1: 5f74522d (big blind) showed [Jh As] and lost with Pair of Fours
Seat 2: b798a76c folded before Flop
Seat 3: 13984602 folded before Flop
Seat 4: c1e1aef2 folded before Flop
Seat 5: d52bdeee folded before Flop
Seat 6: fdf3758 folded before Flop
Seat 7: 2a1c8a64 (button) showed [Ad Qs] and won (39,210) with Pair of Fours
Seat 8: Hero (small blind) folded before Flop


Poker Hand #TM2947682499: Tournament #126019672, Daily Big $20 Hold'em No Limit - Level11(300/600) - 2024/02/10 15:32:43
Table '12' 8-max Seat #6 is the button
Seat 1: 5f74522d (19,305 in chips)
Seat 2: b798a76c (37,627 in chips)
Seat 3: 13984602 (19,502 in chips)
Seat 4: c1e1aef2 (9,325 in chips)
Seat 5: d52bdeee (30,372 in chips)
Seat 6: fdf3758 (12,830 in chips)
Seat 7: 2a1c8a64 (39,947 in chips)
Seat 8: Hero (11,275 in chips)
2a1c8a64: posts the ante 75
d52bdeee: posts the ante 75
c1e1aef2: posts the ante 75
Hero: posts the ante 75
13984602: posts the ante 75
5f74522d: posts the ante 75
fdf3758: posts the ante 75
b798a76c: posts the ante 75
2a1c8a64: posts small blind 300
Hero: posts big blind 600
*** HOLE CARDS ***
Dealt to 5f74522d 
Dealt to b798a76c 
Dealt to 13984602 
Dealt to c1e1aef2 
Dealt to d52bdeee 
Dealt to fdf3758 
Dealt to 2a1c8a64 
Dealt to Hero [9h 6c]
5f74522d: folds
b798a76c: folds
13984602: folds
c1e1aef2: raises 8,650 to 9,250 and is all-in
d52bdeee: folds
fdf3758: folds
2a1c8a64: folds
Hero: folds
Uncalled bet (8,650) returned to c1e1aef2
*** SHOWDOWN ***
c1e1aef2 collected 2,100 from pot
*** SUMMARY ***
Total pot 2,100 | Rake 0 | Jackpot 0 | Bingo 0 | Fortune 0 | Tax 0
Seat 1: 5f74522d folded before Flop
Seat 2: b798a76c folded before Flop
Seat 3: 13984602 folded before Flop
Seat 4: c1e1aef2 collected (2,100)
Seat 5: d52bdeee folded before Flop
Seat 6: fdf3758 (button) folded before Flop
Seat 7: 2a1c8a64 (small blind) folded before Flop
Seat 8: Hero (big blind) folded before Flop


Poker Hand #TM2947682330: Tournament #126019672, Daily Big $20 Hold'em No Limit - Level11(300/600) - 2024/02/10 15:30:40
Table '12' 8-max Seat #5 is the button
Seat 1: 5f74522d (19,380 in chips)
Seat 2: b798a76c (37,702 in chips)
Seat 3: 13984602 (19,577 in chips)
Seat 4: c1e1aef2 (10,600 in chips)
Seat 5: d52bdeee (25,662 in chips)
Seat 6: fdf3758 (13,205 in chips)
Seat 7: 2a1c8a64 (42,707 in chips)
Seat 8: Hero (11,350 in chips)
2a1c8a64: posts the ante 75
d52bdeee: posts the ante 75
c1e1aef2: posts the ante 75
Hero: posts the ante 75
13984602: posts the ante 75
5f74522d: posts the ante 75
fdf3758: posts the ante 75
b798a76c: posts the ante 75
fdf3758: posts small blind 300
2a1c8a64: posts big blind 600
*** HOLE CARDS ***
Dealt to 5f74522d 
Dealt to b798a76c 
Dealt to 13984602 
Dealt to c1e1aef2 
Dealt to d52bdeee 
Dealt to fdf3758 
Dealt to 2a1c8a64 
Dealt to Hero [5s 2d]
Hero: folds
5f74522d: folds
b798a76c: folds
13984602: folds
c1e1aef2: raises 600 to 1,200
d52bdeee: calls 1,200
fdf3758: folds
2a1c8a64: calls 600
*** FLOP *** [Kc 8h 2c]
2a1c8a64: checks
c1e1aef2: checks
d52bdeee: checks
*** TURN *** [Kc 8h 2c] [4d]
2a1c8a64: checks
c1e1aef2: checks
d52bdeee: bets 1,485
2a1c8a64: calls 1,485
c1e1aef2: folds
*** RIVER *** [Kc 8h 2c 4d] [4h]
2a1c8a64: checks
d52bdeee: bets 3,735
2a1c8a64: folds
Uncalled bet (3,735) returned to d52bdeee
*** SHOWDOWN ***
d52bdeee collected 7,470 from pot
*** SUMMARY ***
Total pot 7,470 | Rake 0 | Jackpot 0 | Bingo 0 | Fortune 0 | Tax 0
Board [Kc 8h 2c 4d 4h]
Seat 1: 5f74522d folded before Flop
Seat 2: b798a76c folded before Flop
Seat 3: 13984602 folded before Flop
Seat 4: c1e1aef2 folded on the Turn
Seat 5: d52bdeee (button) won (7,470)
Seat 6: fdf3758 (small blind) folded before Flop
Seat 7: 2a1c8a64 (big blind) folded on the River
Seat 8: Hero folded before Flop


Poker Hand #TM2947682263: Tournament #126019672, Daily Big $20 Hold'em No Limit - Level11(300/600) - 2024/02/10 15:29:52
Table '12' 8-max Seat #4 is the button
Seat 1: 5f74522d (19,455 in chips)
Seat 2: b798a76c (37,777 in chips)
Seat 3: 13984602 (19,652 in chips)
Seat 4: c1e1aef2 (10,675 in chips)
Seat 5: d52bdeee (26,037 in chips)
Seat 6: fdf3758 (11,120 in chips)
Seat 7: 2a1c8a64 (44,042 in chips)
Seat 8: Hero (11,425 in chips)
2a1c8a64: posts the ante 75
c1e1aef2: posts the ante 75
d52bdeee: posts the ante 75
Hero: posts the ante 75
13984602: posts the ante 75
5f74522d: posts the ante 75
fdf3758: posts the ante 75
b798a76c: posts the ante 75
d52bdeee: posts small blind 300
fdf3758: posts big blind 600
*** HOLE CARDS ***
Dealt to 5f74522d 
Dealt to b798a76c 
Dealt to 13984602 
Dealt to c1e1aef2 
Dealt to d52bdeee 
Dealt to fdf3758 
Dealt to 2a1c8a64 
Dealt to Hero [5h 2c]
2a1c8a64: raises 660 to 1,260
Hero: folds
5f74522d: folds
b798a76c: folds
13984602: folds
c1e1aef2: folds
d52bdeee: folds
fdf3758: raises 9,785 to 11,045 and is all-in
2a1c8a64: folds
Uncalled bet (9,785) returned to fdf3758
*** SHOWDOWN ***
fdf3758 collected 3,420 from pot
*** SUMMARY ***
Total pot 3,420 | Rake 0 | Jackpot 0 | Bingo 0 | Fortune 0 | Tax 0
Seat 1: 5f74522d folded before Flop
Seat 2: b798a76c folded before Flop
Seat 3: 13984602 folded before Flop
Seat 4: c1e1aef2 (button) folded before Flop
Seat 5: d52bdeee (small blind) folded before Flop
Seat 6: fdf3758 (big blind) collected (3,420)
Seat 7: 2a1c8a64 folded before Flop
Seat 8: Hero folded before Flop


Poker Hand #TM2947682203: Tournament #126019672, Daily Big $20 Hold'em No Limit - Level11(300/600) - 2024/02/10 15:29:20
Table '12' 8-max Seat #3 is the button
Seat 1: 5f74522d (19,530 in chips)
Seat 2: b798a76c (37,852 in chips)
Seat 3: 13984602 (19,727 in chips)
Seat 4: c1e1aef2 (11,050 in chips)
Seat 5: d52bdeee (26,712 in chips)
Seat 6: fdf3758 (11,195 in chips)
Seat 7: 2a1c8a64 (44,117 in chips)
Seat 8: Hero (10,000 in chips)
2a1c8a64: posts the ante 75
d52bdeee: posts the ante 75
c1e1aef2: posts the ante 75
Hero: posts the ante 75
13984602: posts the ante 75
5f74522d: posts the ante 75
fdf3758: posts the ante 75
b798a76c: posts the ante 75
c1e1aef2: posts small blind 300
d52bdeee: posts big blind 600
*** HOLE CARDS ***
Dealt to 5f74522d 
Dealt to b798a76c 
Dealt to 13984602 
Dealt to c1e1aef2 
Dealt to d52bdeee 
Dealt to fdf3758 
Dealt to 2a1c8a64 
Dealt to Hero [Ac Tc]
fdf3758: folds
2a1c8a64: folds
Hero: raises 660 to 1,260
5f74522d: folds
b798a76c: folds
13984602: folds
c1e1aef2: folds
d52bdeee: folds
Uncalled bet (660) returned to Hero
*** SHOWDOWN ***
Hero collected 2,100 from pot
*** SUMMARY ***
Total pot 2,100 | Rake 0 | Jackpot 0 | Bingo 0 | Fortune 0 | Tax 0
Seat 1: 5f74522d folded before Flop
Seat 2: b798a76c folded before Flop
Seat 3: 13984602 (button) folded before Flop
Seat 4: c1e1aef2 (small blind) folded before Flop
Seat 5: d52bdeee (big blind) folded before Flop
Seat 6: fdf3758 folded before Flop
Seat 7: 2a1c8a64 folded before Flop
Seat 8: Hero collected (2,100)


