Poker Hand #TM2927279360: Tournament #125022911, Sunday Big $20 Hold'em No Limit - Level7(175/350) - 2024/02/04 18:53:24
Table '8' 8-max Seat #7 is the button
Seat 1: 7d93ec92 (3,543 in chips)
Seat 2: 545de5b3 (15,834 in chips)
Seat 3: c7095fc (7,071 in chips)
Seat 4: 4337a199 (8,540 in chips)
Seat 5: 4e3eb279 (2,953 in chips)
Seat 6: 8061bfee (13,028 in chips)
Seat 7: 97a3d696 (21,846 in chips)
Seat 8: Hero (7,758 in chips)
8061bfee: posts the ante 45
545de5b3: posts the ante 45
7d93ec92: posts the ante 45
4e3eb279: posts the ante 45
4337a199: posts the ante 45
Hero: posts the ante 45
c7095fc: posts the ante 45
97a3d696: posts the ante 45
Hero: posts small blind 175
7d93ec92: posts big blind 350
*** HOLE CARDS ***
Dealt to 7d93ec92 
Dealt to 545de5b3 
Dealt to c7095fc 
Dealt to 4337a199 
Dealt to 4e3eb279 
Dealt to 8061bfee 
Dealt to 97a3d696 
Dealt to Hero [8c 8h]
545de5b3: folds
c7095fc: folds
4337a199: folds
4e3eb279: folds
8061bfee: raises 490 to 840
97a3d696: folds
Hero: raises 6,873 to 7,713 and is all-in
7d93ec92: folds
8061bfee: calls 6,873
Hero: shows [8c 8h]
8061bfee: shows [9c 9s]
*** FLOP *** [Ah As Qc]
*** TURN *** [Ah As Qc] [4h]
*** RIVER *** [Ah As Qc 4h] [7c]
*** SHOWDOWN ***
8061bfee collected 16,136 from pot
*** SUMMARY ***
Total pot 16,136 | Rake 0 | Jackpot 0 | Bingo 0 | Fortune 0 | Tax 0
Board [Ah As Qc 4h 7c]
Seat 1: 7d93ec92 (big blind) folded before Flop
Seat 2: 545de5b3 folded before Flop
Seat 3: c7095fc folded before Flop
Seat 4: 4337a199 folded before Flop
Seat 5: 4e3eb279 folded before Flop
Seat 6: 8061bfee showed [9c 9s] and won (16,136) with Pair of Aces and Pair of Nines
Seat 7: 97a3d696 (button) folded before Flop
Seat 8: Hero (small blind) showed [8c 8h] and lost with Pair of Aces and Pair of Eights


Poker Hand #TM2927279333: Tournament #125022911, Sunday Big $20 Hold'em No Limit - Level7(175/350) - 2024/02/04 18:53:07
Table '8' 8-max Seat #6 is the button
Seat 1: 7d93ec92 (3,588 in chips)
Seat 2: 545de5b3 (15,879 in chips)
Seat 3: c7095fc (7,116 in chips)
Seat 4: 4337a199 (8,585 in chips)
Seat 5: 4e3eb279 (2,998 in chips)
Seat 6: 8061bfee (13,073 in chips)
Seat 7: 97a3d696 (22,066 in chips)
Seat 8: Hero (7,268 in chips)
8061bfee: posts the ante 45
545de5b3: posts the ante 45
7d93ec92: posts the ante 45
4e3eb279: posts the ante 45
4337a199: posts the ante 45
Hero: posts the ante 45
c7095fc: posts the ante 45
97a3d696: posts the ante 45
97a3d696: posts small blind 175
Hero: posts big blind 350
*** HOLE CARDS ***
Dealt to 7d93ec92 
Dealt to 545de5b3 
Dealt to c7095fc 
Dealt to 4337a199 
Dealt to 4e3eb279 
Dealt to 8061bfee 
Dealt to 97a3d696 
Dealt to Hero [3c 2d]
7d93ec92: folds
545de5b3: folds
c7095fc: folds
4337a199: folds
4e3eb279: folds
8061bfee: folds
97a3d696: folds
Uncalled bet (175) returned to Hero
*** SHOWDOWN ***
Hero collected 710 from pot
*** SUMMARY ***
Total pot 710 | Rake 0 | Jackpot 0 | Bingo 0 | Fortune 0 | Tax 0
Seat 1: 7d93ec92 folded before Flop
Seat 2: 545de5b3 folded before Flop
Seat 3: c7095fc folded before Flop
Seat 4: 4337a199 folded before Flop
Seat 5: 4e3eb279 folded before Flop
Seat 6: 8061bfee (button) folded before Flop
Seat 7: 97a3d696 (small blind) folded before Flop
Seat 8: Hero (big blind) collected (710)


Poker Hand #TM2927279270: Tournament #125022911, Sunday Big $20 Hold'em No Limit - Level6(150/300) - 2024/02/04 18:52:09
Table '8' 8-max Seat #5 is the button
Seat 1: 7d93ec92 (3,623 in chips)
Seat 2: 545de5b3 (15,914 in chips)
Seat 3: c7095fc (7,151 in chips)
Seat 4: 4337a199 (8,620 in chips)
Seat 5: 4e3eb279 (3,033 in chips)
Seat 6: 8061bfee (13,258 in chips)
Seat 7: 97a3d696 (19,044 in chips)
Seat 8: Hero (9,930 in chips)
545de5b3: posts the ante 35
8061bfee: posts the ante 35
7d93ec92: posts the ante 35
4e3eb279: posts the ante 35
4337a199: posts the ante 35
Hero: posts the ante 35
c7095fc: posts the ante 35
97a3d696: posts the ante 35
8061bfee: posts small blind 150
97a3d696: posts big blind 300
*** HOLE CARDS ***
Dealt to 7d93ec92 
Dealt to 545de5b3 
Dealt to c7095fc 
Dealt to 4337a199 
Dealt to 4e3eb279 
Dealt to 8061bfee 
Dealt to 97a3d696 
Dealt to Hero [Ad Qh]
Hero: raises 300 to 600
7d93ec92: folds
545de5b3: folds
c7095fc: folds
4337a199: folds
4e3eb279: folds
8061bfee: folds
97a3d696: calls 300
*** FLOP *** [4c 6h 9h]
97a3d696: checks
Hero: bets 538
97a3d696: calls 538
*** TURN *** [4c 6h 9h] [6d]
97a3d696: checks
Hero: checks
*** RIVER *** [4c 6h 9h 6d] [2s]
97a3d696: bets 1,489
Hero: calls 1,489
97a3d696: shows [As 9s] (Pair of Nines and Pair of Sixes)
Hero: shows [Ad Qh] (Pair of Sixes)
*** SHOWDOWN ***
97a3d696 collected 5,684 from pot
*** SUMMARY ***
Total pot 5,684 | Rake 0 | Jackpot 0 | Bingo 0 | Fortune 0 | Tax 0
Board [4c 6h 9h 6d 2s]
Seat 1: 7d93ec92 folded before Flop
Seat 2: 545de5b3 folded before Flop
Seat 3: c7095fc folded before Flop
Seat 4: 4337a199 folded before Flop
Seat 5: 4e3eb279 (button) folded before Flop
Seat 6: 8061bfee (small blind) folded before Flop
Seat 7: 97a3d696 (big blind) showed [As 9s] and won (5,684) with Pair of Nines and Pair of Sixes
Seat 8: Hero showed [Ad Qh] and lost with Pair of Sixes


Poker Hand #TM2927279222: Tournament #125022911, Sunday Big $20 Hold'em No Limit - Level6(150/300) - 2024/02/04 18:51:37
Table '8' 8-max Seat #4 is the button
Seat 1: 7d93ec92 (2,928 in chips)
Seat 2: 545de5b3 (15,949 in chips)
Seat 3: c7095fc (7,186 in chips)
Seat 4: 4337a199 (8,655 in chips)
Seat 5: 4e3eb279 (3,218 in chips)
Seat 6: 8061bfee (13,593 in chips)
Seat 7: 97a3d696 (19,079 in chips)
Seat 8: Hero (9,965 in chips)
545de5b3: posts the ante 35
8061bfee: posts the ante 35
7d93ec92: posts the ante 35
4337a199: posts the ante 35
4e3eb279: posts the ante 35
Hero: posts the ante 35
c7095fc: posts the ante 35
97a3d696: posts the ante 35
4e3eb279: posts small blind 150
8061bfee: posts big blind 300
*** HOLE CARDS ***
Dealt to 7d93ec92 
Dealt to 545de5b3 
Dealt to c7095fc 
Dealt to 4337a199 
Dealt to 4e3eb279 
Dealt to 8061bfee 
Dealt to 97a3d696 
Dealt to Hero [8c 5h]
97a3d696: folds
Hero: folds
7d93ec92: raises 2,593 to 2,893 and is all-in
545de5b3: folds
c7095fc: folds
4337a199: folds
4e3eb279: folds
8061bfee: folds
Uncalled bet (2,593) returned to 7d93ec92
*** SHOWDOWN ***
7d93ec92 collected 1,030 from pot
*** SUMMARY ***
Total pot 1,030 | Rake 0 | Jackpot 0 | Bingo 0 | Fortune 0 | Tax 0
Seat 1: 7d93ec92 collected (1,030)
Seat 2: 545de5b3 folded before Flop
Seat 3: c7095fc folded before Flop
Seat 4: 4337a199 (button) folded before Flop
Seat 5: 4e3eb279 (small blind) folded before Flop
Seat 6: 8061bfee (big blind) folded before Flop
Seat 7: 97a3d696 folded before Flop
Seat 8: Hero folded before Flop


Poker Hand #TM2927279181: Tournament #125022911, Sunday Big $20 Hold'em No Limit - Level6(150/300) - 2024/02/04 18:51:07
Table '8' 8-max Seat #3 is the button
Seat 1: 7d93ec92 (2,963 in chips)
Seat 2: 545de5b3 (15,984 in chips)
Seat 3: c7095fc (7,221 in chips)
Seat 4: 4337a199 (8,840 in chips)
Seat 5: 4e3eb279 (2,823 in chips)
Seat 6: 8061bfee (13,628 in chips)
Seat 7: 97a3d696 (19,114 in chips)
Seat 8: Hero (10,000 in chips)
545de5b3: posts the ante 35
8061bfee: posts the ante 35
7d93ec92: posts the ante 35
4e3eb279: posts the ante 35
4337a199: posts the ante 35
Hero: posts the ante 35
c7095fc: posts the ante 35
97a3d696: posts the ante 35
4337a199: posts small blind 150
4e3eb279: posts big blind 300
*** HOLE CARDS ***
Dealt to 7d93ec92 
Dealt to 545de5b3 
Dealt to c7095fc 
Dealt to 4337a199 
Dealt to 4e3eb279 
Dealt to 8061bfee 
Dealt to 97a3d696 
Dealt to Hero [3h Jh]
8061bfee: folds
97a3d696: folds
Hero: folds
7d93ec92: folds
545de5b3: folds
c7095fc: folds
4337a199: folds
Uncalled bet (150) returned to 4e3eb279
*** SHOWDOWN ***
4e3eb279 collected 580 from pot
*** SUMMARY ***
Total pot 580 | Rake 0 | Jackpot 0 | Bingo 0 | Fortune 0 | Tax 0
Seat 1: 7d93ec92 folded before Flop
Seat 2: 545de5b3 folded before Flop
Seat 3: c7095fc (button) folded before Flop
Seat 4: 4337a199 (small blind) folded before Flop
Seat 5: 4e3eb279 (big blind) collected (580)
Seat 6: 8061bfee folded before Flop
Seat 7: 97a3d696 folded before Flop
Seat 8: Hero folded before Flop


