Poker Hand #TM2923150028: Tournament #124868844, Daily Turbo $10 Hold'em No Limit - Level19(1,400/2,800) - 2024/02/03 19:50:52
Table '13' 8-max Seat #3 is the button
Seat 1: 13f0c5d3 (91,742 in chips)
Seat 2: 77d81457 (36,700 in chips)
Seat 3: 78fbf64a (140,367 in chips)
Seat 4: c81a9e82 (32,950 in chips)
Seat 5: aa227dce (13,642 in chips)
Seat 6: e9a0b1bf (77,572 in chips)
Seat 7: 8c0e1e8c (49,536 in chips)
Seat 8: Hero (40,761 in chips)
aa227dce: posts the ante 350
Hero: posts the ante 350
c81a9e82: posts the ante 350
8c0e1e8c: posts the ante 350
77d81457: posts the ante 350
e9a0b1bf: posts the ante 350
13f0c5d3: posts the ante 350
78fbf64a: posts the ante 350
c81a9e82: posts small blind 1,400
aa227dce: posts big blind 2,800
*** HOLE CARDS ***
Dealt to 13f0c5d3 
Dealt to 77d81457 
Dealt to 78fbf64a 
Dealt to c81a9e82 
Dealt to aa227dce 
Dealt to e9a0b1bf 
Dealt to 8c0e1e8c 
Dealt to Hero [As Qc]
e9a0b1bf: folds
8c0e1e8c: folds
Hero: raises 2,800 to 5,600
13f0c5d3: folds
77d81457: folds
78fbf64a: calls 5,600
c81a9e82: folds
aa227dce: folds
*** FLOP *** [9c 6h 5h]
Hero: bets 34,811 and is all-in
78fbf64a: calls 34,811
Hero: shows [As Qc] (Ace-High)
78fbf64a: shows [Jc 9d] (Pair of Nines)
*** TURN *** [9c 6h 5h] [6d]
*** RIVER *** [9c 6h 5h 6d] [Kc]
*** SHOWDOWN ***
78fbf64a collected 87,822 from pot
*** SUMMARY ***
Total pot 87,822 | Rake 0 | Jackpot 0 | Bingo 0 | Fortune 0 | Tax 0
Board [9c 6h 5h 6d Kc]
Seat 1: 13f0c5d3 folded before Flop
Seat 2: 77d81457 folded before Flop
Seat 3: 78fbf64a (button) showed [Jc 9d] and won (87,822) with Pair of Nines and Pair of Sixes
Seat 4: c81a9e82 (small blind) folded before Flop
Seat 5: aa227dce (big blind) folded before Flop
Seat 6: e9a0b1bf folded before Flop
Seat 7: 8c0e1e8c folded before Flop
Seat 8: Hero showed [As Qc] and lost with Pair of Sixes


Poker Hand #TM2923150019: Tournament #124868844, Daily Turbo $10 Hold'em No Limit - Level18(1,200/2,400) - 2024/02/03 19:50:20
Table '13' 8-max Seat #2 is the button
Seat 1: 13f0c5d3 (92,042 in chips)
Seat 2: 77d81457 (41,800 in chips)
Seat 3: 78fbf64a (131,067 in chips)
Seat 4: c81a9e82 (35,650 in chips)
Seat 5: aa227dce (13,942 in chips)
Seat 6: e9a0b1bf (77,872 in chips)
Seat 7: 8c0e1e8c (49,836 in chips)
Seat 8: Hero (41,061 in chips)
aa227dce: posts the ante 300
Hero: posts the ante 300
c81a9e82: posts the ante 300
8c0e1e8c: posts the ante 300
77d81457: posts the ante 300
e9a0b1bf: posts the ante 300
13f0c5d3: posts the ante 300
78fbf64a: posts the ante 300
78fbf64a: posts small blind 1,200
c81a9e82: posts big blind 2,400
*** HOLE CARDS ***
Dealt to 13f0c5d3 
Dealt to 77d81457 
Dealt to 78fbf64a 
Dealt to c81a9e82 
Dealt to aa227dce 
Dealt to e9a0b1bf 
Dealt to 8c0e1e8c 
Dealt to Hero [6c 9s]
aa227dce: folds
e9a0b1bf: folds
8c0e1e8c: folds
Hero: folds
13f0c5d3: folds
77d81457: raises 2,400 to 4,800
78fbf64a: calls 3,600
c81a9e82: folds
*** FLOP *** [5s 2s Qs]
78fbf64a: bets 14,400
77d81457: folds
Uncalled bet (14,400) returned to 78fbf64a
78fbf64a: shows [Qc 3c] (Pair of Queens)
*** SHOWDOWN ***
78fbf64a collected 14,400 from pot
*** SUMMARY ***
Total pot 14,400 | Rake 0 | Jackpot 0 | Bingo 0 | Fortune 0 | Tax 0
Board [5s 2s Qs]
Seat 1: 13f0c5d3 folded before Flop
Seat 2: 77d81457 (button) folded on the Flop
Seat 3: 78fbf64a (small blind) showed [Qc 3c] and won (14,400)
Seat 4: c81a9e82 (big blind) folded before Flop
Seat 5: aa227dce folded before Flop
Seat 6: e9a0b1bf folded before Flop
Seat 7: 8c0e1e8c folded before Flop
Seat 8: Hero folded before Flop


Poker Hand #TM2923149999: Tournament #124868844, Daily Turbo $10 Hold'em No Limit - Level18(1,200/2,400) - 2024/02/03 19:49:27
Table '13' 8-max Seat #1 is the button
Seat 1: 13f0c5d3 (92,342 in chips)
Seat 2: 77d81457 (43,300 in chips)
Seat 3: 78fbf64a (150,825 in chips)
Seat 4: c81a9e82 (35,950 in chips)
Seat 5: aa227dce (19,758 in chips)
Seat 6: e9a0b1bf (78,172 in chips)
Seat 7: 8c0e1e8c (50,136 in chips)
Seat 8: Hero (12,787 in chips)
aa227dce: posts the ante 300
Hero: posts the ante 300
c81a9e82: posts the ante 300
8c0e1e8c: posts the ante 300
77d81457: posts the ante 300
e9a0b1bf: posts the ante 300
13f0c5d3: posts the ante 300
78fbf64a: posts the ante 300
77d81457: posts small blind 1,200
78fbf64a: posts big blind 2,400
*** HOLE CARDS ***
Dealt to 13f0c5d3 
Dealt to 77d81457 
Dealt to 78fbf64a 
Dealt to c81a9e82 
Dealt to aa227dce 
Dealt to e9a0b1bf 
Dealt to 8c0e1e8c 
Dealt to Hero [Ac Qs]
c81a9e82: folds
aa227dce: raises 17,058 to 19,458 and is all-in
e9a0b1bf: folds
8c0e1e8c: folds
Hero: calls 12,487 and is all-in
13f0c5d3: folds
77d81457: folds
78fbf64a: calls 17,058
aa227dce: shows [8h Ah]
Hero: shows [Ac Qs]
78fbf64a: shows [2c Ad]
*** FLOP *** [4c Jd 3s]
*** TURN *** [4c Jd 3s] [7c]
*** RIVER *** [4c Jd 3s 7c] [3d]
*** SHOWDOWN ***
Hero collected 41,061 from pot
aa227dce collected 13,942 from pot
*** SUMMARY ***
Total pot 55,003 | Rake 0 | Jackpot 0 | Bingo 0 | Fortune 0 | Tax 0
Board [4c Jd 3s 7c 3d]
Seat 1: 13f0c5d3 (button) folded before Flop
Seat 2: 77d81457 (small blind) folded before Flop
Seat 3: 78fbf64a (big blind) showed [2c Ad] and lost with Pair of Treys
Seat 4: c81a9e82 folded before Flop
Seat 5: aa227dce showed [8h Ah] and won (13,942) with Pair of Treys
Seat 6: e9a0b1bf folded before Flop
Seat 7: 8c0e1e8c folded before Flop
Seat 8: Hero showed [Ac Qs] and won (41,061) with Pair of Treys


Poker Hand #TM2923149987: Tournament #124868844, Daily Turbo $10 Hold'em No Limit - Level18(1,200/2,400) - 2024/02/03 19:48:51
Table '13' 8-max Seat #8 is the button
Seat 1: 13f0c5d3 (93,842 in chips)
Seat 2: 77d81457 (46,000 in chips)
Seat 3: 78fbf64a (137,925 in chips)
Seat 4: c81a9e82 (36,250 in chips)
Seat 5: aa227dce (20,058 in chips)
Seat 6: e9a0b1bf (85,672 in chips)
Seat 7: 8c0e1e8c (50,436 in chips)
Seat 8: Hero (13,087 in chips)
aa227dce: posts the ante 300
Hero: posts the ante 300
c81a9e82: posts the ante 300
8c0e1e8c: posts the ante 300
77d81457: posts the ante 300
e9a0b1bf: posts the ante 300
13f0c5d3: posts the ante 300
78fbf64a: posts the ante 300
13f0c5d3: posts small blind 1,200
77d81457: posts big blind 2,400
*** HOLE CARDS ***
Dealt to 13f0c5d3 
Dealt to 77d81457 
Dealt to 78fbf64a 
Dealt to c81a9e82 
Dealt to aa227dce 
Dealt to e9a0b1bf 
Dealt to 8c0e1e8c 
Dealt to Hero [Jc 8s]
78fbf64a: calls 2,400
c81a9e82: folds
aa227dce: folds
e9a0b1bf: raises 4,800 to 7,200
8c0e1e8c: folds
Hero: folds
13f0c5d3: folds
77d81457: folds
78fbf64a: calls 4,800
*** FLOP *** [6s 4s 4h]
78fbf64a: checks
e9a0b1bf: checks
*** TURN *** [6s 4s 4h] [7d]
78fbf64a: bets 20,400
e9a0b1bf: folds
Uncalled bet (20,400) returned to 78fbf64a
*** SHOWDOWN ***
78fbf64a collected 20,400 from pot
*** SUMMARY ***
Total pot 20,400 | Rake 0 | Jackpot 0 | Bingo 0 | Fortune 0 | Tax 0
Board [6s 4s 4h 7d]
Seat 1: 13f0c5d3 (small blind) folded before Flop
Seat 2: 77d81457 (big blind) folded before Flop
Seat 3: 78fbf64a won (20,400)
Seat 4: c81a9e82 folded before Flop
Seat 5: aa227dce folded before Flop
Seat 6: e9a0b1bf folded on the Turn
Seat 7: 8c0e1e8c folded before Flop
Seat 8: Hero (button) folded before Flop


Poker Hand #TM2923149975: Tournament #124868844, Daily Turbo $10 Hold'em No Limit - Level18(1,200/2,400) - 2024/02/03 19:48:12
Table '13' 8-max Seat #7 is the button
Seat 1: 13f0c5d3 (96,542 in chips)
Seat 2: 77d81457 (20,600 in chips)
Seat 3: 78fbf64a (158,525 in chips)
Seat 4: c81a9e82 (36,550 in chips)
Seat 7: 8c0e1e8c (50,736 in chips)
Seat 8: Hero (14,587 in chips)
c81a9e82: posts the ante 300
Hero: posts the ante 300
8c0e1e8c: posts the ante 300
77d81457: posts the ante 300
13f0c5d3: posts the ante 300
78fbf64a: posts the ante 300
Hero: posts small blind 1,200
13f0c5d3: posts big blind 2,400
*** HOLE CARDS ***
Dealt to 13f0c5d3 
Dealt to 77d81457 
Dealt to 78fbf64a 
Dealt to c81a9e82 
Dealt to 8c0e1e8c 
Dealt to Hero [Qs Kd]
77d81457: raises 17,900 to 20,300 and is all-in
78fbf64a: calls 20,300
c81a9e82: folds
8c0e1e8c: folds
Hero: folds
13f0c5d3: folds
77d81457: shows [Ad 5s]
78fbf64a: shows [Jh Kc]
*** FLOP *** [3d 5d 9h]
*** TURN *** [3d 5d 9h] [2c]
*** RIVER *** [3d 5d 9h 2c] [8c]
*** SHOWDOWN ***
77d81457 collected 46,000 from pot
*** SUMMARY ***
Total pot 46,000 | Rake 0 | Jackpot 0 | Bingo 0 | Fortune 0 | Tax 0
Board [3d 5d 9h 2c 8c]
Seat 1: 13f0c5d3 (big blind) folded before Flop
Seat 2: 77d81457 showed [Ad 5s] and won (46,000) with Pair of Fives
Seat 3: 78fbf64a showed [Jh Kc] and lost with King-High
Seat 4: c81a9e82 folded before Flop
Seat 7: 8c0e1e8c (button) folded before Flop
Seat 8: Hero (small blind) folded before Flop


Poker Hand #TM2923149955: Tournament #124868844, Daily Turbo $10 Hold'em No Limit - Level18(1,200/2,400) - 2024/02/03 19:47:12
Table '13' 8-max Seat #6 is the button
Seat 1: 13f0c5d3 (96,842 in chips)
Seat 2: 77d81457 (20,900 in chips)
Seat 3: 78fbf64a (136,326 in chips)
Seat 4: c81a9e82 (36,850 in chips)
Seat 5: 6022ad3c (9,897 in chips)
Seat 6: 50361d22 (7,202 in chips)
Seat 7: 8c0e1e8c (52,236 in chips)
Seat 8: Hero (17,287 in chips)
c81a9e82: posts the ante 300
Hero: posts the ante 300
8c0e1e8c: posts the ante 300
77d81457: posts the ante 300
13f0c5d3: posts the ante 300
50361d22: posts the ante 300
6022ad3c: posts the ante 300
78fbf64a: posts the ante 300
8c0e1e8c: posts small blind 1,200
Hero: posts big blind 2,400
*** HOLE CARDS ***
Dealt to 13f0c5d3 
Dealt to 77d81457 
Dealt to 78fbf64a 
Dealt to c81a9e82 
Dealt to 6022ad3c 
Dealt to 50361d22 
Dealt to 8c0e1e8c 
Dealt to Hero [Jc 8c]
13f0c5d3: folds
77d81457: folds
78fbf64a: calls 2,400
c81a9e82: folds
6022ad3c: raises 7,197 to 9,597 and is all-in
50361d22: calls 6,902 and is all-in
8c0e1e8c: folds
Hero: folds
78fbf64a: calls 7,197
6022ad3c: shows [Qs 5s]
50361d22: shows [Kh Ah]
78fbf64a: shows [8h Qh]
*** FLOP *** [8d 5d 7c]
*** TURN *** [8d 5d 7c] [3h]
*** RIVER *** [8d 5d 7c 3h] [2h]
*** SHOWDOWN ***
78fbf64a collected 26,706 from pot
78fbf64a collected 5,390 from pot
*** SUMMARY ***
Total pot 32,096 | Rake 0 | Jackpot 0 | Bingo 0 | Fortune 0 | Tax 0
Board [8d 5d 7c 3h 2h]
Seat 1: 13f0c5d3 folded before Flop
Seat 2: 77d81457 folded before Flop
Seat 3: 78fbf64a showed [8h Qh] and won (32,096) with Pair of Eights
Seat 4: c81a9e82 folded before Flop
Seat 5: 6022ad3c showed [Qs 5s] and lost with Pair of Fives
Seat 6: 50361d22 (button) showed [Kh Ah] and lost with Ace-High
Seat 7: 8c0e1e8c (small blind) folded before Flop
Seat 8: Hero (big blind) folded before Flop


Poker Hand #TM2923149943: Tournament #124868844, Daily Turbo $10 Hold'em No Limit - Level18(1,200/2,400) - 2024/02/03 19:46:25
Table '13' 8-max Seat #5 is the button
Seat 1: 13f0c5d3 (89,102 in chips)
Seat 4: c81a9e82 (37,150 in chips)
Seat 5: 6022ad3c (10,197 in chips)
Seat 6: 50361d22 (8,702 in chips)
Seat 7: 8c0e1e8c (57,576 in chips)
Seat 8: Hero (17,587 in chips)
c81a9e82: posts the ante 300
Hero: posts the ante 300
8c0e1e8c: posts the ante 300
13f0c5d3: posts the ante 300
6022ad3c: posts the ante 300
50361d22: posts the ante 300
50361d22: posts small blind 1,200
8c0e1e8c: posts big blind 2,400
*** HOLE CARDS ***
Dealt to 13f0c5d3 
Dealt to c81a9e82 
Dealt to 6022ad3c 
Dealt to 50361d22 
Dealt to 8c0e1e8c 
Dealt to Hero [Ah 2s]
Hero: folds
13f0c5d3: raises 2,640 to 5,040
c81a9e82: folds
6022ad3c: folds
50361d22: folds
8c0e1e8c: calls 2,640
*** FLOP *** [Th Qd 9s]
8c0e1e8c: checks
13f0c5d3: bets 4,317
8c0e1e8c: folds
Uncalled bet (4,317) returned to 13f0c5d3
*** SHOWDOWN ***
13f0c5d3 collected 13,080 from pot
*** SUMMARY ***
Total pot 13,080 | Rake 0 | Jackpot 0 | Bingo 0 | Fortune 0 | Tax 0
Board [Th Qd 9s]
Seat 1: 13f0c5d3 won (13,080)
Seat 4: c81a9e82 folded before Flop
Seat 5: 6022ad3c (button) folded before Flop
Seat 6: 50361d22 (small blind) folded before Flop
Seat 7: 8c0e1e8c (big blind) folded on the Flop
Seat 8: Hero folded before Flop


Poker Hand #TM2923149936: Tournament #124868844, Daily Turbo $10 Hold'em No Limit - Level18(1,200/2,400) - 2024/02/03 19:46:06
Table '13' 8-max Seat #4 is the button
Seat 1: 13f0c5d3 (89,402 in chips)
Seat 4: c81a9e82 (37,450 in chips)
Seat 5: 6022ad3c (11,697 in chips)
Seat 6: 50361d22 (11,402 in chips)
Seat 7: 8c0e1e8c (52,476 in chips)
Seat 8: Hero (17,887 in chips)
c81a9e82: posts the ante 300
Hero: posts the ante 300
8c0e1e8c: posts the ante 300
13f0c5d3: posts the ante 300
50361d22: posts the ante 300
6022ad3c: posts the ante 300
6022ad3c: posts small blind 1,200
50361d22: posts big blind 2,400
*** HOLE CARDS ***
Dealt to 13f0c5d3 
Dealt to c81a9e82 
Dealt to 6022ad3c 
Dealt to 50361d22 
Dealt to 8c0e1e8c 
Dealt to Hero [Kh 7h]
8c0e1e8c: raises 2,400 to 4,800
Hero: folds
13f0c5d3: folds
c81a9e82: folds
6022ad3c: folds
50361d22: folds
Uncalled bet (2,400) returned to 8c0e1e8c
*** SHOWDOWN ***
8c0e1e8c collected 7,800 from pot
*** SUMMARY ***
Total pot 7,800 | Rake 0 | Jackpot 0 | Bingo 0 | Fortune 0 | Tax 0
Seat 1: 13f0c5d3 folded before Flop
Seat 4: c81a9e82 (button) folded before Flop
Seat 5: 6022ad3c (small blind) folded before Flop
Seat 6: 50361d22 (big blind) folded before Flop
Seat 7: 8c0e1e8c collected (7,800)
Seat 8: Hero folded before Flop


Poker Hand #TM2923149921: Tournament #124868844, Daily Turbo $10 Hold'em No Limit - Level17(1,000/2,000) - 2024/02/03 19:45:18
Table '13' 8-max Seat #3 is the button
Seat 1: 13f0c5d3 (57,980 in chips)
Seat 2: e324e4e8 (15,912 in chips)
Seat 3: 9f79db55 (11,260 in chips)
Seat 4: c81a9e82 (38,700 in chips)
Seat 5: 6022ad3c (13,947 in chips)
Seat 6: 50361d22 (11,652 in chips)
Seat 7: 8c0e1e8c (52,726 in chips)
Seat 8: Hero (18,137 in chips)
e324e4e8: posts the ante 250
Hero: posts the ante 250
c81a9e82: posts the ante 250
8c0e1e8c: posts the ante 250
9f79db55: posts the ante 250
13f0c5d3: posts the ante 250
50361d22: posts the ante 250
6022ad3c: posts the ante 250
c81a9e82: posts small blind 1,000
6022ad3c: posts big blind 2,000
*** HOLE CARDS ***
Dealt to 13f0c5d3 
Dealt to e324e4e8 
Dealt to 9f79db55 
Dealt to c81a9e82 
Dealt to 6022ad3c 
Dealt to 50361d22 
Dealt to 8c0e1e8c 
Dealt to Hero [7s Kd]
50361d22: folds
8c0e1e8c: folds
Hero: folds
13f0c5d3: raises 2,000 to 4,000
e324e4e8: raises 11,662 to 15,662 and is all-in
9f79db55: calls 11,010 and is all-in
c81a9e82: folds
6022ad3c: folds
13f0c5d3: calls 11,662
e324e4e8: shows [Ac 7c]
9f79db55: shows [Ad Jc]
13f0c5d3: shows [Qc Qh]
*** FLOP *** [3h Th Ks]
*** TURN *** [3h Th Ks] [4c]
*** RIVER *** [3h Th Ks 4c] [6h]
*** SHOWDOWN ***
13f0c5d3 collected 38,030 from pot
13f0c5d3 collected 9,304 from pot
*** SUMMARY ***
Total pot 47,334 | Rake 0 | Jackpot 0 | Bingo 0 | Fortune 0 | Tax 0
Board [3h Th Ks 4c 6h]
Seat 1: 13f0c5d3 showed [Qc Qh] and won (47,334) with Pair of Queens
Seat 2: e324e4e8 showed [Ac 7c] and lost with Ace-High
Seat 3: 9f79db55 (button) showed [Ad Jc] and lost with Ace-High
Seat 4: c81a9e82 (small blind) folded before Flop
Seat 5: 6022ad3c (big blind) folded before Flop
Seat 6: 50361d22 folded before Flop
Seat 7: 8c0e1e8c folded before Flop
Seat 8: Hero folded before Flop


Poker Hand #TM2923149908: Tournament #124868844, Daily Turbo $10 Hold'em No Limit - Level17(1,000/2,000) - 2024/02/03 19:44:29
Table '13' 8-max Seat #2 is the button
Seat 1: 13f0c5d3 (58,230 in chips)
Seat 2: e324e4e8 (6,206 in chips)
Seat 3: 9f79db55 (17,466 in chips)
Seat 4: c81a9e82 (40,950 in chips)
Seat 5: 6022ad3c (14,197 in chips)
Seat 6: 50361d22 (11,902 in chips)
Seat 7: 8c0e1e8c (52,976 in chips)
Seat 8: Hero (18,387 in chips)
e324e4e8: posts the ante 250
Hero: posts the ante 250
c81a9e82: posts the ante 250
8c0e1e8c: posts the ante 250
9f79db55: posts the ante 250
13f0c5d3: posts the ante 250
50361d22: posts the ante 250
6022ad3c: posts the ante 250
9f79db55: posts small blind 1,000
c81a9e82: posts big blind 2,000
*** HOLE CARDS ***
Dealt to 13f0c5d3 
Dealt to e324e4e8 
Dealt to 9f79db55 
Dealt to c81a9e82 
Dealt to 6022ad3c 
Dealt to 50361d22 
Dealt to 8c0e1e8c 
Dealt to Hero [9c 4h]
6022ad3c: folds
50361d22: folds
8c0e1e8c: folds
Hero: folds
13f0c5d3: folds
e324e4e8: raises 3,956 to 5,956 and is all-in
9f79db55: raises 11,260 to 17,216 and is all-in
c81a9e82: folds
Uncalled bet (11,260) returned to 9f79db55
9f79db55: shows [Jh Ac]
e324e4e8: shows [6h 6s]
*** FLOP *** [2s 5d 5c]
*** TURN *** [2s 5d 5c] [8d]
*** RIVER *** [2s 5d 5c 8d] [2h]
c81a9e82: shows [8c 5s] (Fives Full over Eights)
*** SHOWDOWN ***
e324e4e8 collected 15,912 from pot
*** SUMMARY ***
Total pot 15,912 | Rake 0 | Jackpot 0 | Bingo 0 | Fortune 0 | Tax 0
Board [2s 5d 5c 8d 2h]
Seat 1: 13f0c5d3 folded before Flop
Seat 2: e324e4e8 (button) showed [6h 6s] and won (15,912) with Pair of Sixes and Pair of Fives
Seat 3: 9f79db55 (small blind) showed [Jh Ac] and lost with Pair of Fives and Pair of Twos
Seat 4: c81a9e82 (big blind) folded before Flop
Seat 5: 6022ad3c folded before Flop
Seat 6: 50361d22 folded before Flop
Seat 7: 8c0e1e8c folded before Flop
Seat 8: Hero folded before Flop


Poker Hand #TM2923149891: Tournament #124868844, Daily Turbo $10 Hold'em No Limit - Level17(1,000/2,000) - 2024/02/03 19:43:27
Table '13' 8-max Seat #1 is the button
Seat 1: 13f0c5d3 (58,480 in chips)
Seat 2: e324e4e8 (14,314 in chips)
Seat 3: 9f79db55 (8,108 in chips)
Seat 4: c81a9e82 (41,200 in chips)
Seat 6: 50361d22 (12,152 in chips)
Seat 7: 8c0e1e8c (53,226 in chips)
Seat 8: Hero (18,637 in chips)
e324e4e8: posts the ante 250
Hero: posts the ante 250
c81a9e82: posts the ante 250
8c0e1e8c: posts the ante 250
9f79db55: posts the ante 250
13f0c5d3: posts the ante 250
50361d22: posts the ante 250
e324e4e8: posts small blind 1,000
9f79db55: posts big blind 2,000
*** HOLE CARDS ***
Dealt to 13f0c5d3 
Dealt to e324e4e8 
Dealt to 9f79db55 
Dealt to c81a9e82 
Dealt to 50361d22 
Dealt to 8c0e1e8c 
Dealt to Hero [9c 8h]
c81a9e82: folds
50361d22: folds
8c0e1e8c: folds
Hero: folds
13f0c5d3: folds
e324e4e8: raises 12,064 to 14,064 and is all-in
9f79db55: calls 5,858 and is all-in
Uncalled bet (6,206) returned to e324e4e8
e324e4e8: shows [3s Td]
9f79db55: shows [6c 4d]
*** FLOP *** [5h 6h Kc]
*** TURN *** [5h 6h Kc] [Qh]
*** RIVER *** [5h 6h Kc Qh] [4s]
*** SHOWDOWN ***
9f79db55 collected 17,466 from pot
*** SUMMARY ***
Total pot 17,466 | Rake 0 | Jackpot 0 | Bingo 0 | Fortune 0 | Tax 0
Board [5h 6h Kc Qh 4s]
Seat 1: 13f0c5d3 (button) folded before Flop
Seat 2: e324e4e8 (small blind) showed [3s Td] and lost with King-High
Seat 3: 9f79db55 (big blind) showed [6c 4d] and won (17,466) with Pair of Sixes and Pair of Fours
Seat 4: c81a9e82 folded before Flop
Seat 6: 50361d22 folded before Flop
Seat 7: 8c0e1e8c folded before Flop
Seat 8: Hero folded before Flop


Poker Hand #TM2923149875: Tournament #124868844, Daily Turbo $10 Hold'em No Limit - Level17(1,000/2,000) - 2024/02/03 19:42:41
Table '13' 8-max Seat #8 is the button
Seat 1: 13f0c5d3 (54,980 in chips)
Seat 2: e324e4e8 (16,564 in chips)
Seat 3: 9f79db55 (8,358 in chips)
Seat 4: c81a9e82 (41,450 in chips)
Seat 6: 50361d22 (12,402 in chips)
Seat 7: 8c0e1e8c (53,476 in chips)
Seat 8: Hero (18,887 in chips)
e324e4e8: posts the ante 250
Hero: posts the ante 250
c81a9e82: posts the ante 250
8c0e1e8c: posts the ante 250
9f79db55: posts the ante 250
13f0c5d3: posts the ante 250
50361d22: posts the ante 250
13f0c5d3: posts small blind 1,000
e324e4e8: posts big blind 2,000
*** HOLE CARDS ***
Dealt to 13f0c5d3 
Dealt to e324e4e8 
Dealt to 9f79db55 
Dealt to c81a9e82 
Dealt to 50361d22 
Dealt to 8c0e1e8c 
Dealt to Hero [2s 4h]
9f79db55: folds
c81a9e82: folds
50361d22: folds
8c0e1e8c: folds
Hero: folds
13f0c5d3: raises 52,730 to 54,730 and is all-in
e324e4e8: folds
Uncalled bet (52,730) returned to 13f0c5d3
*** SHOWDOWN ***
13f0c5d3 collected 5,750 from pot
*** SUMMARY ***
Total pot 5,750 | Rake 0 | Jackpot 0 | Bingo 0 | Fortune 0 | Tax 0
Seat 1: 13f0c5d3 (small blind) collected (5,750)
Seat 2: e324e4e8 (big blind) folded before Flop
Seat 3: 9f79db55 folded before Flop
Seat 4: c81a9e82 folded before Flop
Seat 6: 50361d22 folded before Flop
Seat 7: 8c0e1e8c folded before Flop
Seat 8: Hero (button) folded before Flop


Poker Hand #TM2923149849: Tournament #124868844, Daily Turbo $10 Hold'em No Limit - Level17(1,000/2,000) - 2024/02/03 19:41:22
Table '13' 8-max Seat #7 is the button
Seat 1: 13f0c5d3 (57,230 in chips)
Seat 2: e324e4e8 (35,164 in chips)
Seat 3: 9f79db55 (8,608 in chips)
Seat 4: c81a9e82 (18,600 in chips)
Seat 6: 50361d22 (12,652 in chips)
Seat 7: 8c0e1e8c (53,726 in chips)
Seat 8: Hero (20,137 in chips)
e324e4e8: posts the ante 250
c81a9e82: posts the ante 250
Hero: posts the ante 250
8c0e1e8c: posts the ante 250
9f79db55: posts the ante 250
13f0c5d3: posts the ante 250
50361d22: posts the ante 250
Hero: posts small blind 1,000
13f0c5d3: posts big blind 2,000
*** HOLE CARDS ***
Dealt to 13f0c5d3 
Dealt to e324e4e8 
Dealt to 9f79db55 
Dealt to c81a9e82 
Dealt to 50361d22 
Dealt to 8c0e1e8c 
Dealt to Hero [Ks 2d]
e324e4e8: raises 2,000 to 4,000
9f79db55: folds
c81a9e82: raises 14,350 to 18,350 and is all-in
50361d22: folds
8c0e1e8c: folds
Hero: folds
13f0c5d3: folds
e324e4e8: calls 14,350
c81a9e82: shows [Th Kh]
e324e4e8: shows [5h 5c]
*** FLOP *** [7d 3c Jh]
*** TURN *** [7d 3c Jh] [Tc]
*** RIVER *** [7d 3c Jh Tc] [2s]
*** SHOWDOWN ***
c81a9e82 collected 41,450 from pot
*** SUMMARY ***
Total pot 41,450 | Rake 0 | Jackpot 0 | Bingo 0 | Fortune 0 | Tax 0
Board [7d 3c Jh Tc 2s]
Seat 1: 13f0c5d3 (big blind) folded before Flop
Seat 2: e324e4e8 showed [5h 5c] and lost with Pair of Fives
Seat 3: 9f79db55 folded before Flop
Seat 4: c81a9e82 showed [Th Kh] and won (41,450) with Pair of Tens
Seat 6: 50361d22 folded before Flop
Seat 7: 8c0e1e8c (button) folded before Flop
Seat 8: Hero (small blind) folded before Flop


Poker Hand #TM2923149832: Tournament #124868844, Daily Turbo $10 Hold'em No Limit - Level16(800/1,600) - 2024/02/03 19:40:38
Table '13' 8-max Seat #6 is the button
Seat 1: 13f0c5d3 (57,430 in chips)
Seat 2: e324e4e8 (15,882 in chips)
Seat 3: 9f79db55 (24,490 in chips)
Seat 4: c81a9e82 (18,800 in chips)
Seat 6: 50361d22 (12,852 in chips)
Seat 7: 8c0e1e8c (54,726 in chips)
Seat 8: Hero (21,937 in chips)
e324e4e8: posts the ante 200
c81a9e82: posts the ante 200
Hero: posts the ante 200
8c0e1e8c: posts the ante 200
9f79db55: posts the ante 200
13f0c5d3: posts the ante 200
50361d22: posts the ante 200
8c0e1e8c: posts small blind 800
Hero: posts big blind 1,600
*** HOLE CARDS ***
Dealt to 13f0c5d3 
Dealt to e324e4e8 
Dealt to 9f79db55 
Dealt to c81a9e82 
Dealt to 50361d22 
Dealt to 8c0e1e8c 
Dealt to Hero [Ah 6c]
13f0c5d3: folds
e324e4e8: raises 14,082 to 15,682 and is all-in
9f79db55: raises 8,608 to 24,290 and is all-in
c81a9e82: folds
50361d22: folds
8c0e1e8c: folds
Hero: folds
Uncalled bet (8,608) returned to 9f79db55
9f79db55: shows [Js Ac]
e324e4e8: shows [Tc Qd]
*** FLOP *** [Jc 3h 4h]
*** TURN *** [Jc 3h 4h] [Kh]
*** RIVER *** [Jc 3h 4h Kh] [Qc]
*** SHOWDOWN ***
e324e4e8 collected 35,164 from pot
*** SUMMARY ***
Total pot 35,164 | Rake 0 | Jackpot 0 | Bingo 0 | Fortune 0 | Tax 0
Board [Jc 3h 4h Kh Qc]
Seat 1: 13f0c5d3 folded before Flop
Seat 2: e324e4e8 showed [Tc Qd] and won (35,164) with Pair of Queens
Seat 3: 9f79db55 showed [Js Ac] and lost with Pair of Jacks
Seat 4: c81a9e82 folded before Flop
Seat 6: 50361d22 (button) folded before Flop
Seat 7: 8c0e1e8c (small blind) folded before Flop
Seat 8: Hero (big blind) folded before Flop


Poker Hand #TM2923149810: Tournament #124868844, Daily Turbo $10 Hold'em No Limit - Level16(800/1,600) - 2024/02/03 19:39:19
Table '13' 8-max Seat #5 is the button
Seat 1: 13f0c5d3 (57,630 in chips)
Seat 2: e324e4e8 (23,242 in chips)
Seat 3: 9f79db55 (24,690 in chips)
Seat 4: c81a9e82 (19,000 in chips)
Seat 5: 6a2c7d77 (15,170 in chips)
Seat 6: 50361d22 (13,852 in chips)
Seat 7: 8c0e1e8c (30,396 in chips)
Seat 8: Hero (22,137 in chips)
e324e4e8: posts the ante 200
6a2c7d77: posts the ante 200
c81a9e82: posts the ante 200
Hero: posts the ante 200
8c0e1e8c: posts the ante 200
9f79db55: posts the ante 200
13f0c5d3: posts the ante 200
50361d22: posts the ante 200
50361d22: posts small blind 800
8c0e1e8c: posts big blind 1,600
*** HOLE CARDS ***
Dealt to 13f0c5d3 
Dealt to e324e4e8 
Dealt to 9f79db55 
Dealt to c81a9e82 
Dealt to 6a2c7d77 
Dealt to 50361d22 
Dealt to 8c0e1e8c 
Dealt to Hero [4h 9h]
Hero: folds
13f0c5d3: folds
e324e4e8: raises 1,600 to 3,200
9f79db55: folds
c81a9e82: folds
6a2c7d77: calls 3,200
50361d22: folds
8c0e1e8c: calls 1,600
*** FLOP *** [3d 7d 3h]
8c0e1e8c: checks
e324e4e8: bets 3,960
6a2c7d77: raises 7,810 to 11,770 and is all-in
8c0e1e8c: raises 15,226 to 26,996 and is all-in
e324e4e8: folds
Uncalled bet (15,226) returned to 8c0e1e8c
8c0e1e8c: shows [6d Qd] (Pair of Treys)
6a2c7d77: shows [7h 8s] (Pair of Sevens and Pair of Treys)
*** TURN *** [3d 7d 3h] [9s]
*** RIVER *** [3d 7d 3h 9s] [Kd]
*** SHOWDOWN ***
8c0e1e8c collected 39,500 from pot
*** SUMMARY ***
Total pot 39,500 | Rake 0 | Jackpot 0 | Bingo 0 | Fortune 0 | Tax 0
Board [3d 7d 3h 9s Kd]
Seat 1: 13f0c5d3 folded before Flop
Seat 2: e324e4e8 folded on the Flop
Seat 3: 9f79db55 folded before Flop
Seat 4: c81a9e82 folded before Flop
Seat 5: 6a2c7d77 (button) showed [7h 8s] and lost with Pair of Sevens and Pair of Treys
Seat 6: 50361d22 (small blind) folded before Flop
Seat 7: 8c0e1e8c (big blind) showed [6d Qd] and won (39,500) with King High Flush
Seat 8: Hero folded before Flop


Poker Hand #TM2923149798: Tournament #124868844, Daily Turbo $10 Hold'em No Limit - Level16(800/1,600) - 2024/02/03 19:38:36
Table '13' 8-max Seat #4 is the button
Seat 1: 13f0c5d3 (52,230 in chips)
Seat 2: e324e4e8 (23,442 in chips)
Seat 3: 9f79db55 (24,890 in chips)
Seat 4: c81a9e82 (19,200 in chips)
Seat 5: 6a2c7d77 (16,170 in chips)
Seat 6: 50361d22 (17,252 in chips)
Seat 7: 8c0e1e8c (30,596 in chips)
Seat 8: Hero (22,337 in chips)
e324e4e8: posts the ante 200
6a2c7d77: posts the ante 200
c81a9e82: posts the ante 200
Hero: posts the ante 200
8c0e1e8c: posts the ante 200
9f79db55: posts the ante 200
13f0c5d3: posts the ante 200
50361d22: posts the ante 200
6a2c7d77: posts small blind 800
50361d22: posts big blind 1,600
*** HOLE CARDS ***
Dealt to 13f0c5d3 
Dealt to e324e4e8 
Dealt to 9f79db55 
Dealt to c81a9e82 
Dealt to 6a2c7d77 
Dealt to 50361d22 
Dealt to 8c0e1e8c 
Dealt to Hero [Ts 6s]
8c0e1e8c: folds
Hero: folds
13f0c5d3: raises 1,600 to 3,200
e324e4e8: folds
9f79db55: folds
c81a9e82: folds
6a2c7d77: folds
50361d22: calls 1,600
*** FLOP *** [Kc 7h Qc]
50361d22: checks
13f0c5d3: bets 2,240
50361d22: folds
Uncalled bet (2,240) returned to 13f0c5d3
*** SHOWDOWN ***
13f0c5d3 collected 8,800 from pot
*** SUMMARY ***
Total pot 8,800 | Rake 0 | Jackpot 0 | Bingo 0 | Fortune 0 | Tax 0
Board [Kc 7h Qc]
Seat 1: 13f0c5d3 won (8,800)
Seat 2: e324e4e8 folded before Flop
Seat 3: 9f79db55 folded before Flop
Seat 4: c81a9e82 (button) folded before Flop
Seat 5: 6a2c7d77 (small blind) folded before Flop
Seat 6: 50361d22 (big blind) folded on the Flop
Seat 7: 8c0e1e8c folded before Flop
Seat 8: Hero folded before Flop


Poker Hand #TM2923149791: Tournament #124868844, Daily Turbo $10 Hold'em No Limit - Level16(800/1,600) - 2024/02/03 19:38:18
Table '13' 8-max Seat #3 is the button
Seat 2: e324e4e8 (23,642 in chips)
Seat 3: 9f79db55 (25,090 in chips)
Seat 4: c81a9e82 (20,200 in chips)
Seat 5: 6a2c7d77 (17,970 in chips)
Seat 6: 50361d22 (13,652 in chips)
Seat 7: 8c0e1e8c (30,796 in chips)
Seat 8: Hero (22,537 in chips)
e324e4e8: posts the ante 200
6a2c7d77: posts the ante 200
Hero: posts the ante 200
c81a9e82: posts the ante 200
8c0e1e8c: posts the ante 200
9f79db55: posts the ante 200
50361d22: posts the ante 200
c81a9e82: posts small blind 800
6a2c7d77: posts big blind 1,600
*** HOLE CARDS ***
Dealt to e324e4e8 
Dealt to 9f79db55 
Dealt to c81a9e82 
Dealt to 6a2c7d77 
Dealt to 50361d22 
Dealt to 8c0e1e8c 
Dealt to Hero [9s 5c]
50361d22: raises 11,852 to 13,452 and is all-in
8c0e1e8c: folds
Hero: folds
e324e4e8: folds
9f79db55: folds
c81a9e82: folds
6a2c7d77: folds
Uncalled bet (11,852) returned to 50361d22
*** SHOWDOWN ***
50361d22 collected 5,400 from pot
*** SUMMARY ***
Total pot 5,400 | Rake 0 | Jackpot 0 | Bingo 0 | Fortune 0 | Tax 0
Seat 2: e324e4e8 folded before Flop
Seat 3: 9f79db55 (button) folded before Flop
Seat 4: c81a9e82 (small blind) folded before Flop
Seat 5: 6a2c7d77 (big blind) folded before Flop
Seat 6: 50361d22 collected (5,400)
Seat 7: 8c0e1e8c folded before Flop
Seat 8: Hero folded before Flop


Poker Hand #TM2923149771: Tournament #124868844, Daily Turbo $10 Hold'em No Limit - Level16(800/1,600) - 2024/02/03 19:37:16
Table '13' 8-max Seat #2 is the button
Seat 2: e324e4e8 (34,887 in chips)
Seat 3: 9f79db55 (11,245 in chips)
Seat 4: c81a9e82 (22,000 in chips)
Seat 5: 6a2c7d77 (18,170 in chips)
Seat 6: 50361d22 (13,852 in chips)
Seat 7: 8c0e1e8c (30,996 in chips)
Seat 8: Hero (22,737 in chips)
e324e4e8: posts the ante 200
6a2c7d77: posts the ante 200
Hero: posts the ante 200
c81a9e82: posts the ante 200
8c0e1e8c: posts the ante 200
9f79db55: posts the ante 200
50361d22: posts the ante 200
9f79db55: posts small blind 800
c81a9e82: posts big blind 1,600
*** HOLE CARDS ***
Dealt to e324e4e8 
Dealt to 9f79db55 
Dealt to c81a9e82 
Dealt to 6a2c7d77 
Dealt to 50361d22 
Dealt to 8c0e1e8c 
Dealt to Hero [4h Jh]
6a2c7d77: folds
50361d22: folds
8c0e1e8c: folds
Hero: folds
e324e4e8: raises 27,200 to 28,800
9f79db55: calls 10,245 and is all-in
c81a9e82: folds
Uncalled bet (17,755) returned to e324e4e8
e324e4e8: shows [2c 2d]
9f79db55: shows [Jd Ks]
*** FLOP *** [6c Ts 6s]
*** TURN *** [6c Ts 6s] [Td]
*** RIVER *** [6c Ts 6s Td] [Qs]
*** SHOWDOWN ***
9f79db55 collected 25,090 from pot
*** SUMMARY ***
Total pot 25,090 | Rake 0 | Jackpot 0 | Bingo 0 | Fortune 0 | Tax 0
Board [6c Ts 6s Td Qs]
Seat 2: e324e4e8 (button) showed [2c 2d] and lost with Pair of Tens and Pair of Sixes
Seat 3: 9f79db55 (small blind) showed [Jd Ks] and won (25,090) with Pair of Tens and Pair of Sixes
Seat 4: c81a9e82 (big blind) folded before Flop
Seat 5: 6a2c7d77 folded before Flop
Seat 6: 50361d22 folded before Flop
Seat 7: 8c0e1e8c folded before Flop
Seat 8: Hero folded before Flop


Poker Hand #TM2923149756: Tournament #124868844, Daily Turbo $10 Hold'em No Limit - Level16(800/1,600) - 2024/02/03 19:36:26
Table '13' 8-max Seat #1 is the button
Seat 1: 393f8462 (427 in chips)
Seat 2: e324e4e8 (35,887 in chips)
Seat 3: 9f79db55 (13,045 in chips)
Seat 4: c81a9e82 (22,200 in chips)
Seat 5: 6a2c7d77 (18,370 in chips)
Seat 6: 50361d22 (9,825 in chips)
Seat 7: 8c0e1e8c (31,196 in chips)
Seat 8: Hero (22,937 in chips)
e324e4e8: posts the ante 200
393f8462: posts the ante 200
6a2c7d77: posts the ante 200
Hero: posts the ante 200
c81a9e82: posts the ante 200
8c0e1e8c: posts the ante 200
9f79db55: posts the ante 200
50361d22: posts the ante 200
e324e4e8: posts small blind 800
9f79db55: posts big blind 1,600
*** HOLE CARDS ***
Dealt to 393f8462 
Dealt to e324e4e8 
Dealt to 9f79db55 
Dealt to c81a9e82 
Dealt to 6a2c7d77 
Dealt to 50361d22 
Dealt to 8c0e1e8c 
Dealt to Hero [Kc 5d]
c81a9e82: folds
6a2c7d77: folds
50361d22: raises 8,025 to 9,625 and is all-in
8c0e1e8c: folds
Hero: folds
393f8462: calls 227 and is all-in
e324e4e8: folds
9f79db55: folds
Uncalled bet (8,025) returned to 50361d22
50361d22: shows [9h 9d]
393f8462: shows [Jh 2s]
*** FLOP *** [3h Ad 6d]
*** TURN *** [3h Ad 6d] [7c]
*** RIVER *** [3h Ad 6d 7c] [Qs]
*** SHOWDOWN ***
50361d22 collected 2,508 from pot
50361d22 collected 3,319 from pot
*** SUMMARY ***
Total pot 5,827 | Rake 0 | Jackpot 0 | Bingo 0 | Fortune 0 | Tax 0
Board [3h Ad 6d 7c Qs]
Seat 1: 393f8462 (button) showed [Jh 2s] and lost with Ace-High
Seat 2: e324e4e8 (small blind) folded before Flop
Seat 3: 9f79db55 (big blind) folded before Flop
Seat 4: c81a9e82 folded before Flop
Seat 5: 6a2c7d77 folded before Flop
Seat 6: 50361d22 showed [9h 9d] and won (5,827) with Pair of Nines
Seat 7: 8c0e1e8c folded before Flop
Seat 8: Hero folded before Flop


Poker Hand #TM2923149728: Tournament #124868844, Daily Turbo $10 Hold'em No Limit - Level15(700/1,400) - 2024/02/03 19:35:13
Table '13' 8-max Seat #8 is the button
Seat 1: 393f8462 (14,800 in chips)
Seat 2: e324e4e8 (37,462 in chips)
Seat 3: 9f79db55 (13,220 in chips)
Seat 4: c81a9e82 (22,375 in chips)
Seat 5: 6a2c7d77 (18,545 in chips)
Seat 6: 50361d22 (10,000 in chips)
Seat 7: 8c0e1e8c (14,373 in chips)
Seat 8: Hero (23,112 in chips)
e324e4e8: posts the ante 175
6a2c7d77: posts the ante 175
393f8462: posts the ante 175
Hero: posts the ante 175
c81a9e82: posts the ante 175
8c0e1e8c: posts the ante 175
9f79db55: posts the ante 175
50361d22: posts the ante 175
393f8462: posts small blind 700
e324e4e8: posts big blind 1,400
*** HOLE CARDS ***
Dealt to 393f8462 
Dealt to e324e4e8 
Dealt to 9f79db55 
Dealt to c81a9e82 
Dealt to 6a2c7d77 
Dealt to 50361d22 
Dealt to 8c0e1e8c 
Dealt to Hero [9s Tc]
9f79db55: folds
c81a9e82: folds
6a2c7d77: folds
50361d22: folds
8c0e1e8c: raises 12,798 to 14,198 and is all-in
Hero: folds
393f8462: calls 13,498
e324e4e8: folds
8c0e1e8c: shows [4h 4s]
393f8462: shows [Js Jh]
*** FLOP *** [9h Ts 4c]
*** TURN *** [9h Ts 4c] [Ah]
*** RIVER *** [9h Ts 4c Ah] [Kc]
*** SHOWDOWN ***
8c0e1e8c collected 31,196 from pot
*** SUMMARY ***
Total pot 31,196 | Rake 0 | Jackpot 0 | Bingo 0 | Fortune 0 | Tax 0
Board [9h Ts 4c Ah Kc]
Seat 1: 393f8462 (small blind) showed [Js Jh] and lost with Pair of Jacks
Seat 2: e324e4e8 (big blind) folded before Flop
Seat 3: 9f79db55 folded before Flop
Seat 4: c81a9e82 folded before Flop
Seat 5: 6a2c7d77 folded before Flop
Seat 6: 50361d22 folded before Flop
Seat 7: 8c0e1e8c showed [4h 4s] and won (31,196) with Three Fours
Seat 8: Hero (button) folded before Flop


Poker Hand #TM2923149707: Tournament #124868844, Daily Turbo $10 Hold'em No Limit - Level15(700/1,400) - 2024/02/03 19:34:09
Table '13' 8-max Seat #7 is the button
Seat 1: 393f8462 (6,525 in chips)
Seat 2: e324e4e8 (37,637 in chips)
Seat 3: 9f79db55 (13,395 in chips)
Seat 4: c81a9e82 (22,550 in chips)
Seat 5: 6a2c7d77 (25,070 in chips)
Seat 6: 50361d22 (10,175 in chips)
Seat 7: 8c0e1e8c (14,548 in chips)
Seat 8: Hero (23,987 in chips)
e324e4e8: posts the ante 175
6a2c7d77: posts the ante 175
393f8462: posts the ante 175
c81a9e82: posts the ante 175
Hero: posts the ante 175
8c0e1e8c: posts the ante 175
9f79db55: posts the ante 175
50361d22: posts the ante 175
Hero: posts small blind 700
393f8462: posts big blind 1,400
*** HOLE CARDS ***
Dealt to 393f8462 
Dealt to e324e4e8 
Dealt to 9f79db55 
Dealt to c81a9e82 
Dealt to 6a2c7d77 
Dealt to 50361d22 
Dealt to 8c0e1e8c 
Dealt to Hero [Jc 8s]
e324e4e8: folds
9f79db55: folds
c81a9e82: folds
6a2c7d77: raises 1,680 to 3,080
50361d22: folds
8c0e1e8c: folds
Hero: folds
393f8462: calls 1,680
*** FLOP *** [4s 2d Jh]
393f8462: checks
6a2c7d77: bets 4,200
393f8462: calls 3,270 and is all-in
Uncalled bet (930) returned to 6a2c7d77
6a2c7d77: shows [Qd Ts] (Queen-High)
393f8462: shows [2c 8c] (Pair of Twos)
*** TURN *** [4s 2d Jh] [6c]
*** RIVER *** [4s 2d Jh 6c] [Kc]
*** SHOWDOWN ***
393f8462 collected 14,800 from pot
*** SUMMARY ***
Total pot 14,800 | Rake 0 | Jackpot 0 | Bingo 0 | Fortune 0 | Tax 0
Board [4s 2d Jh 6c Kc]
Seat 1: 393f8462 (big blind) showed [2c 8c] and won (14,800) with Pair of Twos
Seat 2: e324e4e8 folded before Flop
Seat 3: 9f79db55 folded before Flop
Seat 4: c81a9e82 folded before Flop
Seat 5: 6a2c7d77 showed [Qd Ts] and lost with King-High
Seat 6: 50361d22 folded before Flop
Seat 7: 8c0e1e8c (button) folded before Flop
Seat 8: Hero (small blind) folded before Flop


Poker Hand #TM2923149687: Tournament #124868844, Daily Turbo $10 Hold'em No Limit - Level15(700/1,400) - 2024/02/03 19:33:19
Table '13' 8-max Seat #6 is the button
Seat 1: 393f8462 (6,700 in chips)
Seat 2: e324e4e8 (37,812 in chips)
Seat 3: 9f79db55 (13,570 in chips)
Seat 4: c81a9e82 (15,725 in chips)
Seat 5: 6a2c7d77 (28,745 in chips)
Seat 6: 50361d22 (10,350 in chips)
Seat 7: 8c0e1e8c (15,423 in chips)
Seat 8: Hero (25,562 in chips)
e324e4e8: posts the ante 175
6a2c7d77: posts the ante 175
393f8462: posts the ante 175
c81a9e82: posts the ante 175
Hero: posts the ante 175
8c0e1e8c: posts the ante 175
9f79db55: posts the ante 175
50361d22: posts the ante 175
8c0e1e8c: posts small blind 700
Hero: posts big blind 1,400
*** HOLE CARDS ***
Dealt to 393f8462 
Dealt to e324e4e8 
Dealt to 9f79db55 
Dealt to c81a9e82 
Dealt to 6a2c7d77 
Dealt to 50361d22 
Dealt to 8c0e1e8c 
Dealt to Hero [8c Td]
393f8462: folds
e324e4e8: folds
9f79db55: folds
c81a9e82: raises 2,100 to 3,500
6a2c7d77: calls 3,500
50361d22: folds
8c0e1e8c: folds
Hero: folds
*** FLOP *** [8d Jd 5h]
c81a9e82: bets 3,465
6a2c7d77: folds
Uncalled bet (3,465) returned to c81a9e82
*** SHOWDOWN ***
c81a9e82 collected 10,500 from pot
*** SUMMARY ***
Total pot 10,500 | Rake 0 | Jackpot 0 | Bingo 0 | Fortune 0 | Tax 0
Board [8d Jd 5h]
Seat 1: 393f8462 folded before Flop
Seat 2: e324e4e8 folded before Flop
Seat 3: 9f79db55 folded before Flop
Seat 4: c81a9e82 won (10,500)
Seat 5: 6a2c7d77 folded on the Flop
Seat 6: 50361d22 (button) folded before Flop
Seat 7: 8c0e1e8c (small blind) folded before Flop
Seat 8: Hero (big blind) folded before Flop


Poker Hand #TM2923149677: Tournament #124868844, Daily Turbo $10 Hold'em No Limit - Level15(700/1,400) - 2024/02/03 19:32:46
Table '13' 8-max Seat #4 is the button
Seat 1: 393f8462 (6,875 in chips)
Seat 2: e324e4e8 (37,987 in chips)
Seat 3: 9f79db55 (13,745 in chips)
Seat 4: c81a9e82 (15,900 in chips)
Seat 6: 50361d22 (7,900 in chips)
Seat 7: 8c0e1e8c (16,998 in chips)
Seat 8: Hero (25,737 in chips)
e324e4e8: posts the ante 175
393f8462: posts the ante 175
c81a9e82: posts the ante 175
Hero: posts the ante 175
8c0e1e8c: posts the ante 175
9f79db55: posts the ante 175
50361d22: posts the ante 175
50361d22: posts small blind 700
8c0e1e8c: posts big blind 1,400
*** HOLE CARDS ***
Dealt to 393f8462 
Dealt to e324e4e8 
Dealt to 9f79db55 
Dealt to c81a9e82 
Dealt to 50361d22 
Dealt to 8c0e1e8c 
Dealt to Hero [2c 4s]
Hero: folds
393f8462: folds
e324e4e8: folds
9f79db55: folds
c81a9e82: folds
50361d22: raises 6,325 to 7,725 and is all-in
8c0e1e8c: folds
Uncalled bet (6,325) returned to 50361d22
*** SHOWDOWN ***
50361d22 collected 4,025 from pot
*** SUMMARY ***
Total pot 4,025 | Rake 0 | Jackpot 0 | Bingo 0 | Fortune 0 | Tax 0
Seat 1: 393f8462 folded before Flop
Seat 2: e324e4e8 folded before Flop
Seat 3: 9f79db55 folded before Flop
Seat 4: c81a9e82 (button) folded before Flop
Seat 6: 50361d22 (small blind) collected (4,025)
Seat 7: 8c0e1e8c (big blind) folded before Flop
Seat 8: Hero folded before Flop


Poker Hand #TM2923149659: Tournament #124868844, Daily Turbo $10 Hold'em No Limit - Level15(700/1,400) - 2024/02/03 19:31:59
Table '13' 8-max Seat #2 is the button
Seat 1: 393f8462 (7,050 in chips)
Seat 2: e324e4e8 (24,941 in chips)
Seat 4: c81a9e82 (16,775 in chips)
Seat 5: 32911acd (11,471 in chips)
Seat 6: 50361d22 (8,075 in chips)
Seat 7: 8c0e1e8c (17,173 in chips)
Seat 8: Hero (25,912 in chips)
e324e4e8: posts the ante 175
393f8462: posts the ante 175
32911acd: posts the ante 175
Hero: posts the ante 175
c81a9e82: posts the ante 175
8c0e1e8c: posts the ante 175
50361d22: posts the ante 175
c81a9e82: posts small blind 700
32911acd: posts big blind 1,400
*** HOLE CARDS ***
Dealt to 393f8462 
Dealt to e324e4e8 
Dealt to c81a9e82 
Dealt to 32911acd 
Dealt to 50361d22 
Dealt to 8c0e1e8c 
Dealt to Hero [2h 2s]
50361d22: folds
8c0e1e8c: folds
Hero: folds
393f8462: folds
e324e4e8: raises 11,200 to 12,600
c81a9e82: folds
32911acd: calls 9,896 and is all-in
Uncalled bet (1,304) returned to e324e4e8
e324e4e8: shows [Kh Ac]
32911acd: shows [Kc Jc]
*** FLOP *** [4h Qs 3c]
*** TURN *** [4h Qs 3c] [3h]
*** RIVER *** [4h Qs 3c 3h] [8d]
c81a9e82: shows [4c] (Pair of Fours and Pair of Treys)
*** SHOWDOWN ***
e324e4e8 collected 24,517 from pot
*** SUMMARY ***
Total pot 24,517 | Rake 0 | Jackpot 0 | Bingo 0 | Fortune 0 | Tax 0
Board [4h Qs 3c 3h 8d]
Seat 1: 393f8462 folded before Flop
Seat 2: e324e4e8 (button) showed [Kh Ac] and won (24,517) with Pair of Treys
Seat 4: c81a9e82 (small blind) folded before Flop
Seat 5: 32911acd (big blind) showed [Kc Jc] and lost with Pair of Treys
Seat 6: 50361d22 folded before Flop
Seat 7: 8c0e1e8c folded before Flop
Seat 8: Hero folded before Flop


Poker Hand #TM2923149636: Tournament #124868844, Daily Turbo $10 Hold'em No Limit - Level15(700/1,400) - 2024/02/03 19:31:03
Table '13' 8-max Seat #1 is the button
Seat 1: 393f8462 (7,225 in chips)
Seat 2: e324e4e8 (32,891 in chips)
Seat 4: c81a9e82 (7,950 in chips)
Seat 5: 32911acd (11,646 in chips)
Seat 6: 50361d22 (8,250 in chips)
Seat 7: 8c0e1e8c (17,348 in chips)
Seat 8: Hero (26,087 in chips)
e324e4e8: posts the ante 175
393f8462: posts the ante 175
32911acd: posts the ante 175
Hero: posts the ante 175
c81a9e82: posts the ante 175
8c0e1e8c: posts the ante 175
50361d22: posts the ante 175
e324e4e8: posts small blind 700
c81a9e82: posts big blind 1,400
*** HOLE CARDS ***
Dealt to 393f8462 
Dealt to e324e4e8 
Dealt to c81a9e82 
Dealt to 32911acd 
Dealt to 50361d22 
Dealt to 8c0e1e8c 
Dealt to Hero [7c 4c]
32911acd: folds
50361d22: folds
8c0e1e8c: folds
Hero: folds
393f8462: folds
e324e4e8: raises 18,200 to 19,600
c81a9e82: calls 6,375 and is all-in
Uncalled bet (11,825) returned to e324e4e8
e324e4e8: shows [Qc Kc]
c81a9e82: shows [Ad 4h]
*** FLOP *** [3s 8h 8d]
*** TURN *** [3s 8h 8d] [Tc]
*** RIVER *** [3s 8h 8d Tc] [5d]
*** SHOWDOWN ***
c81a9e82 collected 16,775 from pot
*** SUMMARY ***
Total pot 16,775 | Rake 0 | Jackpot 0 | Bingo 0 | Fortune 0 | Tax 0
Board [3s 8h 8d Tc 5d]
Seat 1: 393f8462 (button) folded before Flop
Seat 2: e324e4e8 (small blind) showed [Qc Kc] and lost with Pair of Eights
Seat 4: c81a9e82 (big blind) showed [Ad 4h] and won (16,775) with Pair of Eights
Seat 5: 32911acd folded before Flop
Seat 6: 50361d22 folded before Flop
Seat 7: 8c0e1e8c folded before Flop
Seat 8: Hero folded before Flop


Poker Hand #TM2923149615: Tournament #124868844, Daily Turbo $10 Hold'em No Limit - Level14(600/1,200) - 2024/02/03 19:30:01
Table '13' 8-max Seat #8 is the button
Seat 1: 393f8462 (7,975 in chips)
Seat 2: e324e4e8 (34,241 in chips)
Seat 3: 468d1a96 (13,025 in chips)
Seat 4: c81a9e82 (8,100 in chips)
Seat 5: 32911acd (8,796 in chips)
Seat 6: 50361d22 (8,400 in chips)
Seat 7: 8c0e1e8c (17,498 in chips)
Seat 8: Hero (26,237 in chips)
e324e4e8: posts the ante 150
32911acd: posts the ante 150
393f8462: posts the ante 150
Hero: posts the ante 150
c81a9e82: posts the ante 150
468d1a96: posts the ante 150
8c0e1e8c: posts the ante 150
50361d22: posts the ante 150
393f8462: posts small blind 600
e324e4e8: posts big blind 1,200
*** HOLE CARDS ***
Dealt to 393f8462 
Dealt to e324e4e8 
Dealt to 468d1a96 
Dealt to c81a9e82 
Dealt to 32911acd 
Dealt to 50361d22 
Dealt to 8c0e1e8c 
Dealt to Hero [Kc 4c]
468d1a96: folds
c81a9e82: folds
32911acd: raises 7,446 to 8,646 and is all-in
50361d22: folds
8c0e1e8c: folds
Hero: folds
393f8462: folds
e324e4e8: folds
Uncalled bet (7,446) returned to 32911acd
*** SHOWDOWN ***
32911acd collected 4,200 from pot
*** SUMMARY ***
Total pot 4,200 | Rake 0 | Jackpot 0 | Bingo 0 | Fortune 0 | Tax 0
Seat 1: 393f8462 (small blind) folded before Flop
Seat 2: e324e4e8 (big blind) folded before Flop
Seat 3: 468d1a96 folded before Flop
Seat 4: c81a9e82 folded before Flop
Seat 5: 32911acd collected (4,200)
Seat 6: 50361d22 folded before Flop
Seat 7: 8c0e1e8c folded before Flop
Seat 8: Hero (button) folded before Flop


Poker Hand #TM2923149605: Tournament #124868844, Daily Turbo $10 Hold'em No Limit - Level14(600/1,200) - 2024/02/03 19:29:35
Table '13' 8-max Seat #7 is the button
Seat 1: 393f8462 (9,325 in chips)
Seat 2: e324e4e8 (34,391 in chips)
Seat 3: 468d1a96 (13,175 in chips)
Seat 4: c81a9e82 (8,250 in chips)
Seat 5: 32911acd (5,946 in chips)
Seat 6: 50361d22 (8,550 in chips)
Seat 7: 8c0e1e8c (17,648 in chips)
Seat 8: Hero (26,987 in chips)
e324e4e8: posts the ante 150
32911acd: posts the ante 150
393f8462: posts the ante 150
c81a9e82: posts the ante 150
468d1a96: posts the ante 150
Hero: posts the ante 150
8c0e1e8c: posts the ante 150
50361d22: posts the ante 150
Hero: posts small blind 600
393f8462: posts big blind 1,200
*** HOLE CARDS ***
Dealt to 393f8462 
Dealt to e324e4e8 
Dealt to 468d1a96 
Dealt to c81a9e82 
Dealt to 32911acd 
Dealt to 50361d22 
Dealt to 8c0e1e8c 
Dealt to Hero [6c Ts]
e324e4e8: folds
468d1a96: folds
c81a9e82: folds
32911acd: raises 4,596 to 5,796 and is all-in
50361d22: folds
8c0e1e8c: folds
Hero: folds
393f8462: folds
Uncalled bet (4,596) returned to 32911acd
*** SHOWDOWN ***
32911acd collected 4,200 from pot
*** SUMMARY ***
Total pot 4,200 | Rake 0 | Jackpot 0 | Bingo 0 | Fortune 0 | Tax 0
Seat 1: 393f8462 (big blind) folded before Flop
Seat 2: e324e4e8 folded before Flop
Seat 3: 468d1a96 folded before Flop
Seat 4: c81a9e82 folded before Flop
Seat 5: 32911acd collected (4,200)
Seat 6: 50361d22 folded before Flop
Seat 7: 8c0e1e8c (button) folded before Flop
Seat 8: Hero (small blind) folded before Flop


Poker Hand #TM2923149596: Tournament #124868844, Daily Turbo $10 Hold'em No Limit - Level14(600/1,200) - 2024/02/03 19:29:11
Table '13' 8-max Seat #6 is the button
Seat 1: 393f8462 (9,475 in chips)
Seat 2: e324e4e8 (34,541 in chips)
Seat 3: 468d1a96 (13,325 in chips)
Seat 4: c81a9e82 (8,400 in chips)
Seat 5: 32911acd (6,096 in chips)
Seat 6: 50361d22 (8,700 in chips)
Seat 7: 8c0e1e8c (18,398 in chips)
Seat 8: Hero (25,337 in chips)
e324e4e8: posts the ante 150
32911acd: posts the ante 150
393f8462: posts the ante 150
c81a9e82: posts the ante 150
468d1a96: posts the ante 150
Hero: posts the ante 150
8c0e1e8c: posts the ante 150
50361d22: posts the ante 150
8c0e1e8c: posts small blind 600
Hero: posts big blind 1,200
*** HOLE CARDS ***
Dealt to 393f8462 
Dealt to e324e4e8 
Dealt to 468d1a96 
Dealt to c81a9e82 
Dealt to 32911acd 
Dealt to 50361d22 
Dealt to 8c0e1e8c 
Dealt to Hero [7h 5s]
393f8462: folds
e324e4e8: folds
468d1a96: folds
c81a9e82: folds
32911acd: folds
50361d22: folds
8c0e1e8c: folds
Uncalled bet (600) returned to Hero
*** SHOWDOWN ***
Hero collected 2,400 from pot
*** SUMMARY ***
Total pot 2,400 | Rake 0 | Jackpot 0 | Bingo 0 | Fortune 0 | Tax 0
Seat 1: 393f8462 folded before Flop
Seat 2: e324e4e8 folded before Flop
Seat 3: 468d1a96 folded before Flop
Seat 4: c81a9e82 folded before Flop
Seat 5: 32911acd folded before Flop
Seat 6: 50361d22 (button) folded before Flop
Seat 7: 8c0e1e8c (small blind) folded before Flop
Seat 8: Hero (big blind) collected (2,400)


Poker Hand #TM2923149570: Tournament #124868844, Daily Turbo $10 Hold'em No Limit - Level14(600/1,200) - 2024/02/03 19:28:03
Table '13' 8-max Seat #5 is the button
Seat 1: 393f8462 (19,620 in chips)
Seat 2: e324e4e8 (21,846 in chips)
Seat 3: 468d1a96 (13,475 in chips)
Seat 5: 32911acd (6,246 in chips)
Seat 6: 50361d22 (9,450 in chips)
Seat 7: 8c0e1e8c (19,748 in chips)
Seat 8: Hero (25,487 in chips)
e324e4e8: posts the ante 150
32911acd: posts the ante 150
393f8462: posts the ante 150
468d1a96: posts the ante 150
Hero: posts the ante 150
8c0e1e8c: posts the ante 150
50361d22: posts the ante 150
50361d22: posts small blind 600
8c0e1e8c: posts big blind 1,200
*** HOLE CARDS ***
Dealt to 393f8462 
Dealt to e324e4e8 
Dealt to 468d1a96 
Dealt to 32911acd 
Dealt to 50361d22 
Dealt to 8c0e1e8c 
Dealt to Hero [8d 2s]
Hero: folds
393f8462: raises 1,200 to 2,400
e324e4e8: calls 2,400
468d1a96: folds
32911acd: folds
50361d22: folds
8c0e1e8c: folds
*** FLOP *** [2d 4h Qd]
393f8462: bets 2,400
e324e4e8: raises 5,195 to 7,595
393f8462: calls 5,195
*** TURN *** [2d 4h Qd] [Ah]
393f8462: checks
e324e4e8: bets 11,701 and is all-in
393f8462: folds
Uncalled bet (11,701) returned to e324e4e8
*** SHOWDOWN ***
e324e4e8 collected 22,840 from pot
*** SUMMARY ***
Total pot 22,840 | Rake 0 | Jackpot 0 | Bingo 0 | Fortune 0 | Tax 0
Board [2d 4h Qd Ah]
Seat 1: 393f8462 folded on the Turn
Seat 2: e324e4e8 won (22,840)
Seat 3: 468d1a96 folded before Flop
Seat 5: 32911acd (button) folded before Flop
Seat 6: 50361d22 (small blind) folded before Flop
Seat 7: 8c0e1e8c (big blind) folded before Flop
Seat 8: Hero folded before Flop


Poker Hand #TM2923149546: Tournament #124868844, Daily Turbo $10 Hold'em No Limit - Level14(600/1,200) - 2024/02/03 19:27:00
Table '13' 8-max Seat #3 is the button
Seat 1: 393f8462 (19,770 in chips)
Seat 2: e324e4e8 (21,996 in chips)
Seat 3: 468d1a96 (13,625 in chips)
Seat 4: 56c197c7 (7,173 in chips)
Seat 5: 32911acd (7,596 in chips)
Seat 6: 50361d22 (9,600 in chips)
Seat 7: 8c0e1e8c (10,475 in chips)
Seat 8: Hero (25,637 in chips)
e324e4e8: posts the ante 150
393f8462: posts the ante 150
32911acd: posts the ante 150
468d1a96: posts the ante 150
Hero: posts the ante 150
8c0e1e8c: posts the ante 150
56c197c7: posts the ante 150
50361d22: posts the ante 150
56c197c7: posts small blind 600
32911acd: posts big blind 1,200
*** HOLE CARDS ***
Dealt to 393f8462 
Dealt to e324e4e8 
Dealt to 468d1a96 
Dealt to 56c197c7 
Dealt to 32911acd 
Dealt to 50361d22 
Dealt to 8c0e1e8c 
Dealt to Hero [6s 7s]
50361d22: folds
8c0e1e8c: raises 9,125 to 10,325 and is all-in
Hero: folds
393f8462: folds
e324e4e8: folds
468d1a96: folds
56c197c7: calls 6,423 and is all-in
32911acd: folds
Uncalled bet (3,302) returned to 8c0e1e8c
8c0e1e8c: shows [Kc Ad]
56c197c7: shows [As Qs]
*** FLOP *** [Ah Tc 6d]
*** TURN *** [Ah Tc 6d] [4d]
*** RIVER *** [Ah Tc 6d 4d] [Ts]
*** SHOWDOWN ***
8c0e1e8c collected 16,446 from pot
*** SUMMARY ***
Total pot 16,446 | Rake 0 | Jackpot 0 | Bingo 0 | Fortune 0 | Tax 0
Board [Ah Tc 6d 4d Ts]
Seat 1: 393f8462 folded before Flop
Seat 2: e324e4e8 folded before Flop
Seat 3: 468d1a96 (button) folded before Flop
Seat 4: 56c197c7 (small blind) showed [As Qs] and lost with Pair of Aces and Pair of Tens
Seat 5: 32911acd (big blind) folded before Flop
Seat 6: 50361d22 folded before Flop
Seat 7: 8c0e1e8c showed [Kc Ad] and won (16,446) with Pair of Aces and Pair of Tens
Seat 8: Hero folded before Flop


Poker Hand #TM2923149526: Tournament #124868844, Daily Turbo $10 Hold'em No Limit - Level14(600/1,200) - 2024/02/03 19:26:18
Table '13' 8-max Seat #2 is the button
Seat 1: 393f8462 (19,920 in chips)
Seat 2: e324e4e8 (16,896 in chips)
Seat 3: 468d1a96 (14,375 in chips)
Seat 4: 56c197c7 (8,523 in chips)
Seat 5: 32911acd (7,746 in chips)
Seat 6: 50361d22 (9,750 in chips)
Seat 8: Hero (28,187 in chips)
e324e4e8: posts the ante 150
393f8462: posts the ante 150
32911acd: posts the ante 150
Hero: posts the ante 150
468d1a96: posts the ante 150
56c197c7: posts the ante 150
50361d22: posts the ante 150
468d1a96: posts small blind 600
56c197c7: posts big blind 1,200
*** HOLE CARDS ***
Dealt to 393f8462 
Dealt to e324e4e8 
Dealt to 468d1a96 
Dealt to 56c197c7 
Dealt to 32911acd 
Dealt to 50361d22 
Dealt to Hero [Kd 4d]
32911acd: folds
50361d22: folds
Hero: raises 1,200 to 2,400
393f8462: folds
e324e4e8: raises 14,346 to 16,746 and is all-in
468d1a96: folds
56c197c7: folds
Hero: folds
Uncalled bet (14,346) returned to e324e4e8
*** SHOWDOWN ***
e324e4e8 collected 7,650 from pot
*** SUMMARY ***
Total pot 7,650 | Rake 0 | Jackpot 0 | Bingo 0 | Fortune 0 | Tax 0
Seat 1: 393f8462 folded before Flop
Seat 2: e324e4e8 (button) collected (7,650)
Seat 3: 468d1a96 (small blind) folded before Flop
Seat 4: 56c197c7 (big blind) folded before Flop
Seat 5: 32911acd folded before Flop
Seat 6: 50361d22 folded before Flop
Seat 8: Hero folded before Flop


Poker Hand #TM2923149508: Tournament #124868844, Daily Turbo $10 Hold'em No Limit - Level13(500/1,000) - 2024/02/03 19:25:37
Table '13' 8-max Seat #1 is the button
Seat 1: 393f8462 (20,045 in chips)
Seat 2: e324e4e8 (17,521 in chips)
Seat 3: 468d1a96 (15,500 in chips)
Seat 4: 56c197c7 (8,648 in chips)
Seat 5: 32911acd (7,871 in chips)
Seat 6: 50361d22 (9,875 in chips)
Seat 7: 33371c3f (8,625 in chips)
Seat 8: Hero (17,312 in chips)
e324e4e8: posts the ante 125
393f8462: posts the ante 125
32911acd: posts the ante 125
Hero: posts the ante 125
468d1a96: posts the ante 125
56c197c7: posts the ante 125
50361d22: posts the ante 125
33371c3f: posts the ante 125
e324e4e8: posts small blind 500
468d1a96: posts big blind 1,000
*** HOLE CARDS ***
Dealt to 393f8462 
Dealt to e324e4e8 
Dealt to 468d1a96 
Dealt to 56c197c7 
Dealt to 32911acd 
Dealt to 50361d22 
Dealt to 33371c3f 
Dealt to Hero [7s 7c]
56c197c7: folds
32911acd: folds
50361d22: folds
33371c3f: raises 7,500 to 8,500 and is all-in
Hero: raises 8,687 to 17,187 and is all-in
393f8462: folds
e324e4e8: folds
468d1a96: folds
Uncalled bet (8,687) returned to Hero
Hero: shows [7s 7c]
33371c3f: shows [Th Ad]
*** FLOP *** [Js 7h Jc]
*** TURN *** [Js 7h Jc] [2h]
*** RIVER *** [Js 7h Jc 2h] [3c]
*** SHOWDOWN ***
Hero collected 19,500 from pot
*** SUMMARY ***
Total pot 19,500 | Rake 0 | Jackpot 0 | Bingo 0 | Fortune 0 | Tax 0
Board [Js 7h Jc 2h 3c]
Seat 1: 393f8462 (button) folded before Flop
Seat 2: e324e4e8 (small blind) folded before Flop
Seat 3: 468d1a96 (big blind) folded before Flop
Seat 4: 56c197c7 folded before Flop
Seat 5: 32911acd folded before Flop
Seat 6: 50361d22 folded before Flop
Seat 7: 33371c3f showed [Th Ad] and lost with Pair of Jacks
Seat 8: Hero showed [7s 7c] and won (19,500) with Sevens Full over Jacks


Poker Hand #TM2923149482: Tournament #124868844, Daily Turbo $10 Hold'em No Limit - Level13(500/1,000) - 2024/02/03 19:24:28
Table '13' 8-max Seat #8 is the button
Seat 1: 393f8462 (20,670 in chips)
Seat 2: e324e4e8 (18,646 in chips)
Seat 3: 468d1a96 (6,625 in chips)
Seat 4: 56c197c7 (8,773 in chips)
Seat 5: 32911acd (14,496 in chips)
Seat 6: 50361d22 (10,000 in chips)
Seat 7: 33371c3f (8,750 in chips)
Seat 8: Hero (17,437 in chips)
e324e4e8: posts the ante 125
32911acd: posts the ante 125
393f8462: posts the ante 125
Hero: posts the ante 125
468d1a96: posts the ante 125
56c197c7: posts the ante 125
50361d22: posts the ante 125
33371c3f: posts the ante 125
393f8462: posts small blind 500
e324e4e8: posts big blind 1,000
*** HOLE CARDS ***
Dealt to 393f8462 
Dealt to e324e4e8 
Dealt to 468d1a96 
Dealt to 56c197c7 
Dealt to 32911acd 
Dealt to 50361d22 
Dealt to 33371c3f 
Dealt to Hero [3c 5s]
468d1a96: raises 5,500 to 6,500 and is all-in
56c197c7: folds
32911acd: raises 7,871 to 14,371 and is all-in
50361d22: folds
33371c3f: folds
Hero: folds
393f8462: folds
e324e4e8: folds
Uncalled bet (7,871) returned to 32911acd
32911acd: shows [Ah 4h]
468d1a96: shows [Tc Qs]
*** FLOP *** [6d 5c 8h]
*** TURN *** [6d 5c 8h] [Qh]
*** RIVER *** [6d 5c 8h Qh] [Ks]
*** SHOWDOWN ***
468d1a96 collected 15,500 from pot
*** SUMMARY ***
Total pot 15,500 | Rake 0 | Jackpot 0 | Bingo 0 | Fortune 0 | Tax 0
Board [6d 5c 8h Qh Ks]
Seat 1: 393f8462 (small blind) folded before Flop
Seat 2: e324e4e8 (big blind) folded before Flop
Seat 3: 468d1a96 showed [Tc Qs] and won (15,500) with Pair of Queens
Seat 4: 56c197c7 folded before Flop
Seat 5: 32911acd showed [Ah 4h] and lost with Ace-High
Seat 6: 50361d22 folded before Flop
Seat 7: 33371c3f folded before Flop
Seat 8: Hero (button) folded before Flop


Poker Hand #TM2923149468: Tournament #124868844, Daily Turbo $10 Hold'em No Limit - Level13(500/1,000) - 2024/02/03 19:23:57
Table '13' 8-max Seat #7 is the button
Seat 1: 393f8462 (21,795 in chips)
Seat 2: e324e4e8 (18,771 in chips)
Seat 3: 468d1a96 (6,750 in chips)
Seat 4: 56c197c7 (8,898 in chips)
Seat 5: 32911acd (12,246 in chips)
Seat 7: 33371c3f (8,875 in chips)
Seat 8: Hero (18,062 in chips)
e324e4e8: posts the ante 125
32911acd: posts the ante 125
393f8462: posts the ante 125
468d1a96: posts the ante 125
Hero: posts the ante 125
56c197c7: posts the ante 125
33371c3f: posts the ante 125
Hero: posts small blind 500
393f8462: posts big blind 1,000
*** HOLE CARDS ***
Dealt to 393f8462 
Dealt to e324e4e8 
Dealt to 468d1a96 
Dealt to 56c197c7 
Dealt to 32911acd 
Dealt to 33371c3f 
Dealt to Hero [9h Jd]
e324e4e8: folds
468d1a96: folds
56c197c7: folds
32911acd: calls 1,000
33371c3f: folds
Hero: folds
393f8462: checks
*** FLOP *** [Ad 6d 2c]
393f8462: checks
32911acd: bets 1,114
393f8462: folds
Uncalled bet (1,114) returned to 32911acd
*** SHOWDOWN ***
32911acd collected 3,375 from pot
*** SUMMARY ***
Total pot 3,375 | Rake 0 | Jackpot 0 | Bingo 0 | Fortune 0 | Tax 0
Board [Ad 6d 2c]
Seat 1: 393f8462 (big blind) folded on the Flop
Seat 2: e324e4e8 folded before Flop
Seat 3: 468d1a96 folded before Flop
Seat 4: 56c197c7 folded before Flop
Seat 5: 32911acd won (3,375)
Seat 7: 33371c3f (button) folded before Flop
Seat 8: Hero (small blind) folded before Flop


Poker Hand #TM2923149450: Tournament #124868844, Daily Turbo $10 Hold'em No Limit - Level13(500/1,000) - 2024/02/03 19:23:06
Table '13' 8-max Seat #5 is the button
Seat 1: 393f8462 (21,920 in chips)
Seat 2: e324e4e8 (18,896 in chips)
Seat 3: 468d1a96 (6,875 in chips)
Seat 4: 56c197c7 (9,023 in chips)
Seat 5: 32911acd (12,371 in chips)
Seat 6: 50b5c9ca (6,840 in chips)
Seat 7: 33371c3f (10,000 in chips)
Seat 8: Hero (9,472 in chips)
e324e4e8: posts the ante 125
50b5c9ca: posts the ante 125
32911acd: posts the ante 125
393f8462: posts the ante 125
468d1a96: posts the ante 125
Hero: posts the ante 125
56c197c7: posts the ante 125
33371c3f: posts the ante 125
50b5c9ca: posts small blind 500
33371c3f: posts big blind 1,000
*** HOLE CARDS ***
Dealt to 393f8462 
Dealt to e324e4e8 
Dealt to 468d1a96 
Dealt to 56c197c7 
Dealt to 32911acd 
Dealt to 50b5c9ca 
Dealt to 33371c3f 
Dealt to Hero [Kd As]
Hero: raises 8,347 to 9,347 and is all-in
393f8462: folds
e324e4e8: folds
468d1a96: folds
56c197c7: folds
32911acd: folds
50b5c9ca: calls 6,215 and is all-in
33371c3f: folds
Uncalled bet (2,632) returned to Hero
Hero: shows [Kd As]
50b5c9ca: shows [Kh Jd]
*** FLOP *** [8s 5d Ah]
*** TURN *** [8s 5d Ah] [2s]
*** RIVER *** [8s 5d Ah 2s] [7c]
*** SHOWDOWN ***
Hero collected 15,430 from pot
*** SUMMARY ***
Total pot 15,430 | Rake 0 | Jackpot 0 | Bingo 0 | Fortune 0 | Tax 0
Board [8s 5d Ah 2s 7c]
Seat 1: 393f8462 folded before Flop
Seat 2: e324e4e8 folded before Flop
Seat 3: 468d1a96 folded before Flop
Seat 4: 56c197c7 folded before Flop
Seat 5: 32911acd (button) folded before Flop
Seat 6: 50b5c9ca (small blind) showed [Kh Jd] and lost with Ace-High
Seat 7: 33371c3f (big blind) folded before Flop
Seat 8: Hero showed [Kd As] and won (15,430) with Pair of Aces


Poker Hand #TM2923149432: Tournament #124868844, Daily Turbo $10 Hold'em No Limit - Level13(500/1,000) - 2024/02/03 19:22:30
Table '13' 8-max Seat #4 is the button
Seat 1: 393f8462 (22,045 in chips)
Seat 2: e324e4e8 (19,021 in chips)
Seat 3: 468d1a96 (7,000 in chips)
Seat 4: 56c197c7 (9,148 in chips)
Seat 5: 32911acd (14,496 in chips)
Seat 6: 50b5c9ca (7,965 in chips)
Seat 7: 7da7c966 (56,098 in chips)
Seat 8: Hero (9,597 in chips)
e324e4e8: posts the ante 125
50b5c9ca: posts the ante 125
393f8462: posts the ante 125
32911acd: posts the ante 125
468d1a96: posts the ante 125
Hero: posts the ante 125
56c197c7: posts the ante 125
7da7c966: posts the ante 125
32911acd: posts small blind 500
50b5c9ca: posts big blind 1,000
*** HOLE CARDS ***
Dealt to 393f8462 
Dealt to e324e4e8 
Dealt to 468d1a96 
Dealt to 56c197c7 
Dealt to 32911acd 
Dealt to 50b5c9ca 
Dealt to 7da7c966 
Dealt to Hero [6d 9d]
7da7c966: raises 1,000 to 2,000
Hero: folds
393f8462: folds
e324e4e8: folds
468d1a96: folds
56c197c7: folds
32911acd: calls 1,500
50b5c9ca: folds
*** FLOP *** [8c Jd Qs]
32911acd: checks
7da7c966: bets 1,980
32911acd: folds
Uncalled bet (1,980) returned to 7da7c966
*** SHOWDOWN ***
7da7c966 collected 6,000 from pot
*** SUMMARY ***
Total pot 6,000 | Rake 0 | Jackpot 0 | Bingo 0 | Fortune 0 | Tax 0
Board [8c Jd Qs]
Seat 1: 393f8462 folded before Flop
Seat 2: e324e4e8 folded before Flop
Seat 3: 468d1a96 folded before Flop
Seat 4: 56c197c7 (button) folded before Flop
Seat 5: 32911acd (small blind) folded on the Flop
Seat 6: 50b5c9ca (big blind) folded before Flop
Seat 7: 7da7c966 won (6,000)
Seat 8: Hero folded before Flop


Poker Hand #TM2923149411: Tournament #124868844, Daily Turbo $10 Hold'em No Limit - Level13(500/1,000) - 2024/02/03 19:21:47
Table '13' 8-max Seat #3 is the button
Seat 1: 393f8462 (22,170 in chips)
Seat 2: e324e4e8 (19,146 in chips)
Seat 3: 468d1a96 (7,125 in chips)
Seat 4: 56c197c7 (9,773 in chips)
Seat 5: 32911acd (15,621 in chips)
Seat 6: 50b5c9ca (8,090 in chips)
Seat 7: 7da7c966 (56,223 in chips)
Seat 8: Hero (7,222 in chips)
e324e4e8: posts the ante 125
50b5c9ca: posts the ante 125
393f8462: posts the ante 125
32911acd: posts the ante 125
468d1a96: posts the ante 125
Hero: posts the ante 125
56c197c7: posts the ante 125
7da7c966: posts the ante 125
56c197c7: posts small blind 500
32911acd: posts big blind 1,000
*** HOLE CARDS ***
Dealt to 393f8462 
Dealt to e324e4e8 
Dealt to 468d1a96 
Dealt to 56c197c7 
Dealt to 32911acd 
Dealt to 50b5c9ca 
Dealt to 7da7c966 
Dealt to Hero [9d As]
50b5c9ca: folds
7da7c966: folds
Hero: raises 6,097 to 7,097 and is all-in
393f8462: folds
e324e4e8: folds
468d1a96: folds
56c197c7: folds
32911acd: folds
Uncalled bet (6,097) returned to Hero
*** SHOWDOWN ***
Hero collected 3,500 from pot
*** SUMMARY ***
Total pot 3,500 | Rake 0 | Jackpot 0 | Bingo 0 | Fortune 0 | Tax 0
Seat 1: 393f8462 folded before Flop
Seat 2: e324e4e8 folded before Flop
Seat 3: 468d1a96 (button) folded before Flop
Seat 4: 56c197c7 (small blind) folded before Flop
Seat 5: 32911acd (big blind) folded before Flop
Seat 6: 50b5c9ca folded before Flop
Seat 7: 7da7c966 folded before Flop
Seat 8: Hero collected (3,500)


Poker Hand #TM2923149392: Tournament #124868844, Daily Turbo $10 Hold'em No Limit - Level13(500/1,000) - 2024/02/03 19:20:54
Table '13' 8-max Seat #2 is the button
Seat 1: 393f8462 (22,295 in chips)
Seat 2: e324e4e8 (15,771 in chips)
Seat 3: 468d1a96 (7,750 in chips)
Seat 4: 56c197c7 (10,898 in chips)
Seat 5: 32911acd (16,746 in chips)
Seat 6: 50b5c9ca (8,215 in chips)
Seat 7: 7da7c966 (56,348 in chips)
Seat 8: Hero (7,347 in chips)
e324e4e8: posts the ante 125
50b5c9ca: posts the ante 125
393f8462: posts the ante 125
32911acd: posts the ante 125
Hero: posts the ante 125
468d1a96: posts the ante 125
56c197c7: posts the ante 125
7da7c966: posts the ante 125
468d1a96: posts small blind 500
56c197c7: posts big blind 1,000
*** HOLE CARDS ***
Dealt to 393f8462 
Dealt to e324e4e8 
Dealt to 468d1a96 
Dealt to 56c197c7 
Dealt to 32911acd 
Dealt to 50b5c9ca 
Dealt to 7da7c966 
Dealt to Hero [Tc 4d]
32911acd: calls 1,000
50b5c9ca: folds
7da7c966: folds
Hero: folds
393f8462: folds
e324e4e8: raises 14,646 to 15,646 and is all-in
468d1a96: folds
56c197c7: folds
32911acd: folds
Uncalled bet (14,646) returned to e324e4e8
*** SHOWDOWN ***
e324e4e8 collected 4,500 from pot
*** SUMMARY ***
Total pot 4,500 | Rake 0 | Jackpot 0 | Bingo 0 | Fortune 0 | Tax 0
Seat 1: 393f8462 folded before Flop
Seat 2: e324e4e8 (button) collected (4,500)
Seat 3: 468d1a96 (small blind) folded before Flop
Seat 4: 56c197c7 (big blind) folded before Flop
Seat 5: 32911acd folded before Flop
Seat 6: 50b5c9ca folded before Flop
Seat 7: 7da7c966 folded before Flop
Seat 8: Hero folded before Flop


Poker Hand #TM2923149368: Tournament #124868844, Daily Turbo $10 Hold'em No Limit - Level12(400/800) - 2024/02/03 19:20:02
Table '13' 8-max Seat #1 is the button
Seat 1: 393f8462 (22,395 in chips)
Seat 2: e324e4e8 (16,271 in chips)
Seat 3: 468d1a96 (8,650 in chips)
Seat 4: 56c197c7 (4,599 in chips)
Seat 5: 32911acd (16,846 in chips)
Seat 7: 7da7c966 (56,448 in chips)
Seat 8: Hero (11,946 in chips)
e324e4e8: posts the ante 100
393f8462: posts the ante 100
32911acd: posts the ante 100
Hero: posts the ante 100
468d1a96: posts the ante 100
56c197c7: posts the ante 100
7da7c966: posts the ante 100
e324e4e8: posts small blind 400
468d1a96: posts big blind 800
*** HOLE CARDS ***
Dealt to 393f8462 
Dealt to e324e4e8 
Dealt to 468d1a96 
Dealt to 56c197c7 
Dealt to 32911acd 
Dealt to 7da7c966 
Dealt to Hero [Kd Jh]
56c197c7: raises 3,699 to 4,499 and is all-in
32911acd: folds
7da7c966: folds
Hero: calls 4,499
393f8462: folds
e324e4e8: folds
468d1a96: folds
56c197c7: shows [9h Th]
Hero: shows [Kd Jh]
*** FLOP *** [2c Qh 9s]
*** TURN *** [2c Qh 9s] [As]
*** RIVER *** [2c Qh 9s As] [3d]
*** SHOWDOWN ***
56c197c7 collected 10,898 from pot
*** SUMMARY ***
Total pot 10,898 | Rake 0 | Jackpot 0 | Bingo 0 | Fortune 0 | Tax 0
Board [2c Qh 9s As 3d]
Seat 1: 393f8462 (button) folded before Flop
Seat 2: e324e4e8 (small blind) folded before Flop
Seat 3: 468d1a96 (big blind) folded before Flop
Seat 4: 56c197c7 showed [9h Th] and won (10,898) with Pair of Nines
Seat 5: 32911acd folded before Flop
Seat 7: 7da7c966 folded before Flop
Seat 8: Hero showed [Kd Jh] and lost with Ace-High


Poker Hand #TM2923149339: Tournament #124868844, Daily Turbo $10 Hold'em No Limit - Level12(400/800) - 2024/02/03 19:19:00
Table '13' 8-max Seat #8 is the button
Seat 1: 393f8462 (22,895 in chips)
Seat 2: e324e4e8 (19,254 in chips)
Seat 3: 468d1a96 (8,750 in chips)
Seat 4: 56c197c7 (4,699 in chips)
Seat 5: 32911acd (9,980 in chips)
Seat 6: e68c4a40 (2,983 in chips)
Seat 7: 7da7c966 (56,548 in chips)
Seat 8: Hero (12,046 in chips)
e324e4e8: posts the ante 100
32911acd: posts the ante 100
393f8462: posts the ante 100
Hero: posts the ante 100
468d1a96: posts the ante 100
56c197c7: posts the ante 100
7da7c966: posts the ante 100
e68c4a40: posts the ante 100
393f8462: posts small blind 400
e324e4e8: posts big blind 800
*** HOLE CARDS ***
Dealt to 393f8462 
Dealt to e324e4e8 
Dealt to 468d1a96 
Dealt to 56c197c7 
Dealt to 32911acd 
Dealt to e68c4a40 
Dealt to 7da7c966 
Dealt to Hero [2h Qc]
468d1a96: folds
56c197c7: folds
32911acd: raises 1,600 to 2,400
e68c4a40: raises 483 to 2,883 and is all-in
7da7c966: folds
Hero: folds
393f8462: folds
e324e4e8: calls 2,083
32911acd: calls 483
*** FLOP *** [8s 4h Jd]
e324e4e8: checks
32911acd: bets 6,997 and is all-in
e324e4e8: folds
Uncalled bet (6,997) returned to 32911acd
32911acd: shows [Ks Kd] (Pair of Kings)
e68c4a40: shows [Tc Qs] (Queen-High)
*** TURN *** [8s 4h Jd] [2c]
*** RIVER *** [8s 4h Jd 2c] [7s]
*** SHOWDOWN ***
32911acd collected 9,849 from pot
*** SUMMARY ***
Total pot 9,849 | Rake 0 | Jackpot 0 | Bingo 0 | Fortune 0 | Tax 0
Board [8s 4h Jd 2c 7s]
Seat 1: 393f8462 (small blind) folded before Flop
Seat 2: e324e4e8 (big blind) folded on the Flop
Seat 3: 468d1a96 folded before Flop
Seat 4: 56c197c7 folded before Flop
Seat 5: 32911acd showed [Ks Kd] and won (9,849) with Pair of Kings
Seat 6: e68c4a40 showed [Tc Qs] and lost with Queen-High
Seat 7: 7da7c966 folded before Flop
Seat 8: Hero (button) folded before Flop


Poker Hand #TM2923149305: Tournament #124868844, Daily Turbo $10 Hold'em No Limit - Level12(400/800) - 2024/02/03 19:17:34
Table '13' 8-max Seat #7 is the button
Seat 1: 393f8462 (23,795 in chips)
Seat 2: e324e4e8 (8,727 in chips)
Seat 3: 468d1a96 (8,850 in chips)
Seat 4: 56c197c7 (4,799 in chips)
Seat 5: 32911acd (10,080 in chips)
Seat 6: e68c4a40 (11,710 in chips)
Seat 7: 7da7c966 (56,648 in chips)
Seat 8: Hero (12,546 in chips)
e324e4e8: posts the ante 100
32911acd: posts the ante 100
393f8462: posts the ante 100
468d1a96: posts the ante 100
Hero: posts the ante 100
56c197c7: posts the ante 100
7da7c966: posts the ante 100
e68c4a40: posts the ante 100
Hero: posts small blind 400
393f8462: posts big blind 800
*** HOLE CARDS ***
Dealt to 393f8462 
Dealt to e324e4e8 
Dealt to 468d1a96 
Dealt to 56c197c7 
Dealt to 32911acd 
Dealt to e68c4a40 
Dealt to 7da7c966 
Dealt to Hero [Kc Ts]
e324e4e8: raises 7,827 to 8,627 and is all-in
468d1a96: folds
56c197c7: folds
32911acd: folds
e68c4a40: raises 2,983 to 11,610 and is all-in
7da7c966: folds
Hero: folds
393f8462: folds
Uncalled bet (2,983) returned to e68c4a40
e68c4a40: shows [7s 7h]
e324e4e8: shows [2d 2h]
*** FLOP *** [As 2s Kh]
*** TURN *** [As 2s Kh] [4d]
*** RIVER *** [As 2s Kh 4d] [8h]
*** SHOWDOWN ***
e324e4e8 collected 19,254 from pot
*** SUMMARY ***
Total pot 19,254 | Rake 0 | Jackpot 0 | Bingo 0 | Fortune 0 | Tax 0
Board [As 2s Kh 4d 8h]
Seat 1: 393f8462 (big blind) folded before Flop
Seat 2: e324e4e8 showed [2d 2h] and won (19,254) with Three Twos
Seat 3: 468d1a96 folded before Flop
Seat 4: 56c197c7 folded before Flop
Seat 5: 32911acd folded before Flop
Seat 6: e68c4a40 showed [7s 7h] and lost with Pair of Sevens
Seat 7: 7da7c966 (button) folded before Flop
Seat 8: Hero (small blind) folded before Flop


Poker Hand #TM2923149294: Tournament #124868844, Daily Turbo $10 Hold'em No Limit - Level12(400/800) - 2024/02/03 19:16:58
Table '13' 8-max Seat #6 is the button
Seat 1: 393f8462 (23,895 in chips)
Seat 2: e324e4e8 (8,827 in chips)
Seat 3: 468d1a96 (6,950 in chips)
Seat 4: 56c197c7 (4,899 in chips)
Seat 5: 32911acd (10,180 in chips)
Seat 6: e68c4a40 (11,810 in chips)
Seat 7: 7da7c966 (57,148 in chips)
Seat 8: Hero (13,446 in chips)
e324e4e8: posts the ante 100
32911acd: posts the ante 100
393f8462: posts the ante 100
468d1a96: posts the ante 100
Hero: posts the ante 100
56c197c7: posts the ante 100
7da7c966: posts the ante 100
e68c4a40: posts the ante 100
7da7c966: posts small blind 400
Hero: posts big blind 800
*** HOLE CARDS ***
Dealt to 393f8462 
Dealt to e324e4e8 
Dealt to 468d1a96 
Dealt to 56c197c7 
Dealt to 32911acd 
Dealt to e68c4a40 
Dealt to 7da7c966 
Dealt to Hero [5c 6s]
393f8462: folds
e324e4e8: folds
468d1a96: raises 6,050 to 6,850 and is all-in
56c197c7: folds
32911acd: folds
e68c4a40: folds
7da7c966: folds
Hero: folds
Uncalled bet (6,050) returned to 468d1a96
*** SHOWDOWN ***
468d1a96 collected 2,800 from pot
*** SUMMARY ***
Total pot 2,800 | Rake 0 | Jackpot 0 | Bingo 0 | Fortune 0 | Tax 0
Seat 1: 393f8462 folded before Flop
Seat 2: e324e4e8 folded before Flop
Seat 3: 468d1a96 collected (2,800)
Seat 4: 56c197c7 folded before Flop
Seat 5: 32911acd folded before Flop
Seat 6: e68c4a40 (button) folded before Flop
Seat 7: 7da7c966 (small blind) folded before Flop
Seat 8: Hero (big blind) folded before Flop


Poker Hand #TM2923149249: Tournament #124868844, Daily Turbo $10 Hold'em No Limit - Level11(350/700) - 2024/02/03 19:15:13
Table '13' 8-max Seat #5 is the button
Seat 1: 393f8462 (17,000 in chips)
Seat 2: e324e4e8 (8,912 in chips)
Seat 3: 468d1a96 (7,035 in chips)
Seat 4: 56c197c7 (4,984 in chips)
Seat 5: 32911acd (10,265 in chips)
Seat 6: e68c4a40 (13,295 in chips)
Seat 7: 7da7c966 (62,133 in chips)
Seat 8: Hero (13,531 in chips)
e324e4e8: posts the ante 85
32911acd: posts the ante 85
393f8462: posts the ante 85
468d1a96: posts the ante 85
Hero: posts the ante 85
56c197c7: posts the ante 85
7da7c966: posts the ante 85
e68c4a40: posts the ante 85
e68c4a40: posts small blind 350
7da7c966: posts big blind 700
*** HOLE CARDS ***
Dealt to 393f8462 
Dealt to e324e4e8 
Dealt to 468d1a96 
Dealt to 56c197c7 
Dealt to 32911acd 
Dealt to e68c4a40 
Dealt to 7da7c966 
Dealt to Hero [Kd 2d]
Hero: folds
393f8462: raises 700 to 1,400
e324e4e8: folds
468d1a96: folds
56c197c7: folds
32911acd: folds
e68c4a40: calls 1,050
7da7c966: calls 700
*** FLOP *** [5s 9d Kh]
e68c4a40: checks
7da7c966: checks
393f8462: bets 1,611
e68c4a40: folds
7da7c966: raises 1,889 to 3,500
393f8462: raises 12,015 to 15,515 and is all-in
7da7c966: folds
Uncalled bet (12,015) returned to 393f8462
*** SHOWDOWN ***
393f8462 collected 11,880 from pot
*** SUMMARY ***
Total pot 11,880 | Rake 0 | Jackpot 0 | Bingo 0 | Fortune 0 | Tax 0
Board [5s 9d Kh]
Seat 1: 393f8462 won (11,880)
Seat 2: e324e4e8 folded before Flop
Seat 3: 468d1a96 folded before Flop
Seat 4: 56c197c7 folded before Flop
Seat 5: 32911acd (button) folded before Flop
Seat 6: e68c4a40 (small blind) folded on the Flop
Seat 7: 7da7c966 (big blind) folded on the Flop
Seat 8: Hero folded before Flop


Poker Hand #TM2923149222: Tournament #124868844, Daily Turbo $10 Hold'em No Limit - Level11(350/700) - 2024/02/03 19:14:11
Table '13' 8-max Seat #4 is the button
Seat 1: 393f8462 (7,720 in chips)
Seat 2: e324e4e8 (16,632 in chips)
Seat 3: 468d1a96 (7,120 in chips)
Seat 4: 56c197c7 (5,069 in chips)
Seat 5: 32911acd (10,700 in chips)
Seat 6: e68c4a40 (14,080 in chips)
Seat 7: 7da7c966 (62,218 in chips)
Seat 8: Hero (13,616 in chips)
e324e4e8: posts the ante 85
393f8462: posts the ante 85
32911acd: posts the ante 85
468d1a96: posts the ante 85
Hero: posts the ante 85
56c197c7: posts the ante 85
7da7c966: posts the ante 85
e68c4a40: posts the ante 85
32911acd: posts small blind 350
e68c4a40: posts big blind 700
*** HOLE CARDS ***
Dealt to 393f8462 
Dealt to e324e4e8 
Dealt to 468d1a96 
Dealt to 56c197c7 
Dealt to 32911acd 
Dealt to e68c4a40 
Dealt to 7da7c966 
Dealt to Hero [9h Kd]
7da7c966: folds
Hero: folds
393f8462: raises 6,935 to 7,635 and is all-in
e324e4e8: raises 8,912 to 16,547 and is all-in
468d1a96: folds
56c197c7: folds
32911acd: folds
e68c4a40: folds
Uncalled bet (8,912) returned to e324e4e8
e324e4e8: shows [Ks Kh]
393f8462: shows [Ah 9s]
*** FLOP *** [Jd Ad Jh]
*** TURN *** [Jd Ad Jh] [9c]
*** RIVER *** [Jd Ad Jh 9c] [Qc]
*** SHOWDOWN ***
393f8462 collected 17,000 from pot
*** SUMMARY ***
Total pot 17,000 | Rake 0 | Jackpot 0 | Bingo 0 | Fortune 0 | Tax 0
Board [Jd Ad Jh 9c Qc]
Seat 1: 393f8462 showed [Ah 9s] and won (17,000) with Pair of Aces and Pair of Jacks
Seat 2: e324e4e8 showed [Ks Kh] and lost with Pair of Kings and Pair of Jacks
Seat 3: 468d1a96 folded before Flop
Seat 4: 56c197c7 (button) folded before Flop
Seat 5: 32911acd (small blind) folded before Flop
Seat 6: e68c4a40 (big blind) folded before Flop
Seat 7: 7da7c966 folded before Flop
Seat 8: Hero folded before Flop


Poker Hand #TM2923149199: Tournament #124868844, Daily Turbo $10 Hold'em No Limit - Level11(350/700) - 2024/02/03 19:13:18
Table '13' 8-max Seat #3 is the button
Seat 1: 393f8462 (7,805 in chips)
Seat 2: e324e4e8 (16,717 in chips)
Seat 3: 468d1a96 (7,205 in chips)
Seat 4: 56c197c7 (5,504 in chips)
Seat 5: 32911acd (9,755 in chips)
Seat 6: e68c4a40 (14,165 in chips)
Seat 7: 7da7c966 (62,303 in chips)
Seat 8: Hero (13,701 in chips)
e324e4e8: posts the ante 85
393f8462: posts the ante 85
32911acd: posts the ante 85
468d1a96: posts the ante 85
Hero: posts the ante 85
56c197c7: posts the ante 85
7da7c966: posts the ante 85
e68c4a40: posts the ante 85
56c197c7: posts small blind 350
32911acd: posts big blind 700
*** HOLE CARDS ***
Dealt to 393f8462 
Dealt to e324e4e8 
Dealt to 468d1a96 
Dealt to 56c197c7 
Dealt to 32911acd 
Dealt to e68c4a40 
Dealt to 7da7c966 
Dealt to Hero [8h 3h]
e68c4a40: folds
7da7c966: folds
Hero: folds
393f8462: folds
e324e4e8: folds
468d1a96: folds
56c197c7: folds
Uncalled bet (350) returned to 32911acd
*** SHOWDOWN ***
32911acd collected 1,380 from pot
*** SUMMARY ***
Total pot 1,380 | Rake 0 | Jackpot 0 | Bingo 0 | Fortune 0 | Tax 0
Seat 1: 393f8462 folded before Flop
Seat 2: e324e4e8 folded before Flop
Seat 3: 468d1a96 (button) folded before Flop
Seat 4: 56c197c7 (small blind) folded before Flop
Seat 5: 32911acd (big blind) collected (1,380)
Seat 6: e68c4a40 folded before Flop
Seat 7: 7da7c966 folded before Flop
Seat 8: Hero folded before Flop


Poker Hand #TM2923149179: Tournament #124868844, Daily Turbo $10 Hold'em No Limit - Level11(350/700) - 2024/02/03 19:12:19
Table '13' 8-max Seat #2 is the button
Seat 1: 393f8462 (7,890 in chips)
Seat 2: e324e4e8 (16,802 in chips)
Seat 3: 468d1a96 (7,640 in chips)
Seat 4: 56c197c7 (10,820 in chips)
Seat 5: 32911acd (9,840 in chips)
Seat 6: e68c4a40 (14,250 in chips)
Seat 7: 7da7c966 (56,127 in chips)
Seat 8: Hero (13,786 in chips)
e324e4e8: posts the ante 85
393f8462: posts the ante 85
32911acd: posts the ante 85
Hero: posts the ante 85
468d1a96: posts the ante 85
56c197c7: posts the ante 85
7da7c966: posts the ante 85
e68c4a40: posts the ante 85
468d1a96: posts small blind 350
56c197c7: posts big blind 700
*** HOLE CARDS ***
Dealt to 393f8462 
Dealt to e324e4e8 
Dealt to 468d1a96 
Dealt to 56c197c7 
Dealt to 32911acd 
Dealt to e68c4a40 
Dealt to 7da7c966 
Dealt to Hero [4s 5h]
32911acd: folds
e68c4a40: folds
7da7c966: raises 700 to 1,400
Hero: folds
393f8462: folds
e324e4e8: folds
468d1a96: folds
56c197c7: calls 700
*** FLOP *** [8c 6h Qc]
56c197c7: checks
7da7c966: bets 958
56c197c7: calls 958
*** TURN *** [8c 6h Qc] [Ah]
56c197c7: checks
7da7c966: bets 2,873
56c197c7: calls 2,873
*** RIVER *** [8c 6h Qc Ah] [Js]
56c197c7: checks
7da7c966: bets 50,811 and is all-in
56c197c7: folds
Uncalled bet (50,811) returned to 7da7c966
*** SHOWDOWN ***
7da7c966 collected 11,492 from pot
*** SUMMARY ***
Total pot 11,492 | Rake 0 | Jackpot 0 | Bingo 0 | Fortune 0 | Tax 0
Board [8c 6h Qc Ah Js]
Seat 1: 393f8462 folded before Flop
Seat 2: e324e4e8 (button) folded before Flop
Seat 3: 468d1a96 (small blind) folded before Flop
Seat 4: 56c197c7 (big blind) folded on the River
Seat 5: 32911acd folded before Flop
Seat 6: e68c4a40 folded before Flop
Seat 7: 7da7c966 won (11,492)
Seat 8: Hero folded before Flop


Poker Hand #TM2923149160: Tournament #124868844, Daily Turbo $10 Hold'em No Limit - Level11(350/700) - 2024/02/03 19:11:37
Table '13' 8-max Seat #1 is the button
Seat 1: 393f8462 (7,975 in chips)
Seat 2: e324e4e8 (17,237 in chips)
Seat 3: 468d1a96 (8,425 in chips)
Seat 4: 56c197c7 (10,905 in chips)
Seat 5: 32911acd (9,925 in chips)
Seat 6: e68c4a40 (14,335 in chips)
Seat 7: 7da7c966 (56,212 in chips)
Seat 8: Hero (12,141 in chips)
e324e4e8: posts the ante 85
393f8462: posts the ante 85
32911acd: posts the ante 85
Hero: posts the ante 85
468d1a96: posts the ante 85
56c197c7: posts the ante 85
7da7c966: posts the ante 85
e68c4a40: posts the ante 85
e324e4e8: posts small blind 350
468d1a96: posts big blind 700
*** HOLE CARDS ***
Dealt to 393f8462 
Dealt to e324e4e8 
Dealt to 468d1a96 
Dealt to 56c197c7 
Dealt to 32911acd 
Dealt to e68c4a40 
Dealt to 7da7c966 
Dealt to Hero [As 4d]
56c197c7: folds
32911acd: folds
e68c4a40: folds
7da7c966: folds
Hero: raises 700 to 1,400
393f8462: folds
e324e4e8: folds
468d1a96: folds
Uncalled bet (700) returned to Hero
*** SHOWDOWN ***
Hero collected 2,430 from pot
*** SUMMARY ***
Total pot 2,430 | Rake 0 | Jackpot 0 | Bingo 0 | Fortune 0 | Tax 0
Seat 1: 393f8462 (button) folded before Flop
Seat 2: e324e4e8 (small blind) folded before Flop
Seat 3: 468d1a96 (big blind) folded before Flop
Seat 4: 56c197c7 folded before Flop
Seat 5: 32911acd folded before Flop
Seat 6: e68c4a40 folded before Flop
Seat 7: 7da7c966 folded before Flop
Seat 8: Hero collected (2,430)


Poker Hand #TM2923149142: Tournament #124868844, Daily Turbo $10 Hold'em No Limit - Level10(300/600) - 2024/02/03 19:10:47
Table '13' 8-max Seat #8 is the button
Seat 1: 393f8462 (8,350 in chips)
Seat 2: e324e4e8 (17,912 in chips)
Seat 3: 468d1a96 (9,700 in chips)
Seat 4: 56c197c7 (10,980 in chips)
Seat 5: 32911acd (10,000 in chips)
Seat 6: e68c4a40 (14,410 in chips)
Seat 7: 7da7c966 (56,287 in chips)
Seat 8: Hero (9,516 in chips)
e324e4e8: posts the ante 75
32911acd: posts the ante 75
393f8462: posts the ante 75
Hero: posts the ante 75
468d1a96: posts the ante 75
56c197c7: posts the ante 75
7da7c966: posts the ante 75
e68c4a40: posts the ante 75
393f8462: posts small blind 300
e324e4e8: posts big blind 600
*** HOLE CARDS ***
Dealt to 393f8462 
Dealt to e324e4e8 
Dealt to 468d1a96 
Dealt to 56c197c7 
Dealt to 32911acd 
Dealt to e68c4a40 
Dealt to 7da7c966 
Dealt to Hero [Ad Td]
468d1a96: raises 600 to 1,200
56c197c7: folds
32911acd: folds
e68c4a40: folds
7da7c966: folds
Hero: calls 1,200
393f8462: folds
e324e4e8: folds
*** FLOP *** [3c 7c Qs]
468d1a96: checks
Hero: bets 1,287
468d1a96: folds
Uncalled bet (1,287) returned to Hero
*** SHOWDOWN ***
Hero collected 3,900 from pot
*** SUMMARY ***
Total pot 3,900 | Rake 0 | Jackpot 0 | Bingo 0 | Fortune 0 | Tax 0
Board [3c 7c Qs]
Seat 1: 393f8462 (small blind) folded before Flop
Seat 2: e324e4e8 (big blind) folded before Flop
Seat 3: 468d1a96 folded on the Flop
Seat 4: 56c197c7 folded before Flop
Seat 5: 32911acd folded before Flop
Seat 6: e68c4a40 folded before Flop
Seat 7: 7da7c966 folded before Flop
Seat 8: Hero (button) won (3,900)


Poker Hand #TM2923149122: Tournament #124868844, Daily Turbo $10 Hold'em No Limit - Level10(300/600) - 2024/02/03 19:10:01
Table '13' 8-max Seat #7 is the button
Seat 1: 393f8462 (9,025 in chips)
Seat 2: e324e4e8 (17,987 in chips)
Seat 3: 468d1a96 (9,775 in chips)
Seat 4: 56c197c7 (11,055 in chips)
Seat 6: e68c4a40 (14,485 in chips)
Seat 7: 7da7c966 (54,937 in chips)
Seat 8: Hero (9,891 in chips)
e324e4e8: posts the ante 75
393f8462: posts the ante 75
468d1a96: posts the ante 75
Hero: posts the ante 75
56c197c7: posts the ante 75
7da7c966: posts the ante 75
e68c4a40: posts the ante 75
Hero: posts small blind 300
393f8462: posts big blind 600
*** HOLE CARDS ***
Dealt to 393f8462 
Dealt to e324e4e8 
Dealt to 468d1a96 
Dealt to 56c197c7 
Dealt to e68c4a40 
Dealt to 7da7c966 
Dealt to Hero [9d 4s]
e324e4e8: folds
468d1a96: folds
56c197c7: folds
e68c4a40: folds
7da7c966: raises 600 to 1,200
Hero: folds
393f8462: folds
Uncalled bet (600) returned to 7da7c966
*** SHOWDOWN ***
7da7c966 collected 2,025 from pot
*** SUMMARY ***
Total pot 2,025 | Rake 0 | Jackpot 0 | Bingo 0 | Fortune 0 | Tax 0
Seat 1: 393f8462 (big blind) folded before Flop
Seat 2: e324e4e8 folded before Flop
Seat 3: 468d1a96 folded before Flop
Seat 4: 56c197c7 folded before Flop
Seat 6: e68c4a40 folded before Flop
Seat 7: 7da7c966 (button) collected (2,025)
Seat 8: Hero (small blind) folded before Flop


Poker Hand #TM2923149084: Tournament #124868844, Daily Turbo $10 Hold'em No Limit - Level10(300/600) - 2024/02/03 19:08:39
Table '13' 8-max Seat #6 is the button
Seat 1: 393f8462 (9,100 in chips)
Seat 2: e324e4e8 (18,062 in chips)
Seat 3: 468d1a96 (9,850 in chips)
Seat 4: 56c197c7 (11,130 in chips)
Seat 5: da9751fa (25,990 in chips)
Seat 6: e68c4a40 (14,560 in chips)
Seat 7: 7da7c966 (27,897 in chips)
Seat 8: Hero (10,566 in chips)
e324e4e8: posts the ante 75
393f8462: posts the ante 75
468d1a96: posts the ante 75
Hero: posts the ante 75
da9751fa: posts the ante 75
56c197c7: posts the ante 75
7da7c966: posts the ante 75
e68c4a40: posts the ante 75
7da7c966: posts small blind 300
Hero: posts big blind 600
*** HOLE CARDS ***
Dealt to 393f8462 
Dealt to e324e4e8 
Dealt to 468d1a96 
Dealt to 56c197c7 
Dealt to da9751fa 
Dealt to e68c4a40 
Dealt to 7da7c966 
Dealt to Hero [3h Kc]
393f8462: folds
e324e4e8: folds
468d1a96: folds
56c197c7: folds
da9751fa: raises 780 to 1,380
e68c4a40: folds
7da7c966: raises 2,820 to 4,200
Hero: folds
da9751fa: raises 21,715 to 25,915 and is all-in
7da7c966: calls 21,715
da9751fa: shows [As 5s]
7da7c966: shows [Td Th]
*** FLOP *** [Qs Qd Ks]
*** TURN *** [Qs Qd Ks] [6d]
*** RIVER *** [Qs Qd Ks 6d] [5h]
*** SHOWDOWN ***
7da7c966 collected 53,030 from pot
*** SUMMARY ***
Total pot 53,030 | Rake 0 | Jackpot 0 | Bingo 0 | Fortune 0 | Tax 0
Board [Qs Qd Ks 6d 5h]
Seat 1: 393f8462 folded before Flop
Seat 2: e324e4e8 folded before Flop
Seat 3: 468d1a96 folded before Flop
Seat 4: 56c197c7 folded before Flop
Seat 5: da9751fa showed [As 5s] and lost with Pair of Queens and Pair of Fives
Seat 6: e68c4a40 (button) folded before Flop
Seat 7: 7da7c966 (small blind) showed [Td Th] and won (53,030) with Pair of Queens and Pair of Tens
Seat 8: Hero (big blind) folded before Flop


Poker Hand #TM2922599034: Tournament #124868844, Daily Turbo $10 Hold'em No Limit - Level10(300/600) - 2024/02/03 19:06:57
Table '13' 8-max Seat #5 is the button
Seat 1: 393f8462 (9,175 in chips)
Seat 2: e324e4e8 (18,137 in chips)
Seat 3: 468d1a96 (9,925 in chips)
Seat 4: 56c197c7 (11,205 in chips)
Seat 5: da9751fa (26,065 in chips)
Seat 6: e68c4a40 (11,155 in chips)
Seat 7: 7da7c966 (28,572 in chips)
Seat 8: Hero (12,921 in chips)
e324e4e8: posts the ante 75
393f8462: posts the ante 75
468d1a96: posts the ante 75
Hero: posts the ante 75
da9751fa: posts the ante 75
56c197c7: posts the ante 75
7da7c966: posts the ante 75
e68c4a40: posts the ante 75
e68c4a40: posts small blind 300
7da7c966: posts big blind 600
*** HOLE CARDS ***
Dealt to 393f8462 
Dealt to e324e4e8 
Dealt to 468d1a96 
Dealt to 56c197c7 
Dealt to da9751fa 
Dealt to e68c4a40 
Dealt to 7da7c966 
Dealt to Hero [Ac 9d]
Hero: raises 660 to 1,260
393f8462: folds
e324e4e8: folds
468d1a96: folds
56c197c7: folds
da9751fa: folds
e68c4a40: calls 960
7da7c966: folds
*** FLOP *** [4c 6h Kd]
e68c4a40: checks
Hero: bets 1,020
e68c4a40: calls 1,020
*** TURN *** [4c 6h Kd] [Js]
e68c4a40: checks
Hero: checks
*** RIVER *** [4c 6h Kd Js] [Qh]
e68c4a40: bets 8,800 and is all-in
Hero: folds
Uncalled bet (8,800) returned to e68c4a40
*** SHOWDOWN ***
e68c4a40 collected 5,760 from pot
*** SUMMARY ***
Total pot 5,760 | Rake 0 | Jackpot 0 | Bingo 0 | Fortune 0 | Tax 0
Board [4c 6h Kd Js Qh]
Seat 1: 393f8462 folded before Flop
Seat 2: e324e4e8 folded before Flop
Seat 3: 468d1a96 folded before Flop
Seat 4: 56c197c7 folded before Flop
Seat 5: da9751fa (button) folded before Flop
Seat 6: e68c4a40 (small blind) won (5,760)
Seat 7: 7da7c966 (big blind) folded before Flop
Seat 8: Hero folded on the River


Poker Hand #TM2922599015: Tournament #124868844, Daily Turbo $10 Hold'em No Limit - Level10(300/600) - 2024/02/03 19:06:14
Table '13' 8-max Seat #4 is the button
Seat 1: 393f8462 (7,750 in chips)
Seat 2: e324e4e8 (18,212 in chips)
Seat 3: 468d1a96 (10,000 in chips)
Seat 4: 56c197c7 (11,280 in chips)
Seat 5: da9751fa (26,440 in chips)
Seat 6: e68c4a40 (11,830 in chips)
Seat 7: 7da7c966 (28,647 in chips)
Seat 8: Hero (12,996 in chips)
e324e4e8: posts the ante 75
393f8462: posts the ante 75
468d1a96: posts the ante 75
Hero: posts the ante 75
56c197c7: posts the ante 75
da9751fa: posts the ante 75
7da7c966: posts the ante 75
e68c4a40: posts the ante 75
da9751fa: posts small blind 300
e68c4a40: posts big blind 600
*** HOLE CARDS ***
Dealt to 393f8462 
Dealt to e324e4e8 
Dealt to 468d1a96 
Dealt to 56c197c7 
Dealt to da9751fa 
Dealt to e68c4a40 
Dealt to 7da7c966 
Dealt to Hero [5d Qh]
7da7c966: folds
Hero: folds
393f8462: raises 7,075 to 7,675 and is all-in
e324e4e8: folds
468d1a96: folds
56c197c7: folds
da9751fa: folds
e68c4a40: folds
Uncalled bet (7,075) returned to 393f8462
*** SHOWDOWN ***
393f8462 collected 2,100 from pot
*** SUMMARY ***
Total pot 2,100 | Rake 0 | Jackpot 0 | Bingo 0 | Fortune 0 | Tax 0
Seat 1: 393f8462 collected (2,100)
Seat 2: e324e4e8 folded before Flop
Seat 3: 468d1a96 folded before Flop
Seat 4: 56c197c7 (button) folded before Flop
Seat 5: da9751fa (small blind) folded before Flop
Seat 6: e68c4a40 (big blind) folded before Flop
Seat 7: 7da7c966 folded before Flop
Seat 8: Hero folded before Flop


Poker Hand #TM2922598985: Tournament #124868844, Daily Turbo $10 Hold'em No Limit - Level9(250/500) - 2024/02/03 19:05:17
Table '13' 8-max Seat #2 is the button
Seat 1: 393f8462 (7,810 in chips)
Seat 2: e324e4e8 (16,102 in chips)
Seat 4: 56c197c7 (11,590 in chips)
Seat 5: da9751fa (27,000 in chips)
Seat 6: e68c4a40 (11,890 in chips)
Seat 7: 7da7c966 (29,707 in chips)
Seat 8: Hero (13,056 in chips)
e324e4e8: posts the ante 60
393f8462: posts the ante 60
Hero: posts the ante 60
da9751fa: posts the ante 60
56c197c7: posts the ante 60
7da7c966: posts the ante 60
e68c4a40: posts the ante 60
56c197c7: posts small blind 250
da9751fa: posts big blind 500
*** HOLE CARDS ***
Dealt to 393f8462 
Dealt to e324e4e8 
Dealt to 56c197c7 
Dealt to da9751fa 
Dealt to e68c4a40 
Dealt to 7da7c966 
Dealt to Hero [2c Qd]
e68c4a40: folds
7da7c966: raises 500 to 1,000
Hero: folds
393f8462: folds
e324e4e8: calls 1,000
56c197c7: folds
da9751fa: folds
*** FLOP *** [6c 9s 4s]
7da7c966: checks
e324e4e8: bets 1,585
7da7c966: folds
Uncalled bet (1,585) returned to e324e4e8
*** SHOWDOWN ***
e324e4e8 collected 3,170 from pot
*** SUMMARY ***
Total pot 3,170 | Rake 0 | Jackpot 0 | Bingo 0 | Fortune 0 | Tax 0
Board [6c 9s 4s]
Seat 1: 393f8462 folded before Flop
Seat 2: e324e4e8 (button) won (3,170)
Seat 4: 56c197c7 (small blind) folded before Flop
Seat 5: da9751fa (big blind) folded before Flop
Seat 6: e68c4a40 folded before Flop
Seat 7: 7da7c966 folded on the Flop
Seat 8: Hero folded before Flop


Poker Hand #TM2922598958: Tournament #124868844, Daily Turbo $10 Hold'em No Limit - Level9(250/500) - 2024/02/03 19:04:35
Table '13' 8-max Seat #1 is the button
Seat 1: 393f8462 (7,870 in chips)
Seat 2: e324e4e8 (16,412 in chips)
Seat 3: 53ca95c2 (8,920 in chips)
Seat 4: 56c197c7 (11,650 in chips)
Seat 5: da9751fa (27,060 in chips)
Seat 6: e68c4a40 (11,950 in chips)
Seat 7: 7da7c966 (20,177 in chips)
Seat 8: Hero (13,116 in chips)
e324e4e8: posts the ante 60
393f8462: posts the ante 60
Hero: posts the ante 60
da9751fa: posts the ante 60
56c197c7: posts the ante 60
7da7c966: posts the ante 60
e68c4a40: posts the ante 60
53ca95c2: posts the ante 60
e324e4e8: posts small blind 250
53ca95c2: posts big blind 500
*** HOLE CARDS ***
Dealt to 393f8462 
Dealt to e324e4e8 
Dealt to 53ca95c2 
Dealt to 56c197c7 
Dealt to da9751fa 
Dealt to e68c4a40 
Dealt to 7da7c966 
Dealt to Hero [2h 3c]
56c197c7: folds
da9751fa: folds
e68c4a40: folds
7da7c966: raises 500 to 1,000
Hero: folds
393f8462: folds
e324e4e8: folds
53ca95c2: raises 7,860 to 8,860 and is all-in
7da7c966: calls 7,860
53ca95c2: shows [4d 4c]
7da7c966: shows [8d 8s]
*** FLOP *** [5c 8h Th]
*** TURN *** [5c 8h Th] [2d]
*** RIVER *** [5c 8h Th 2d] [4h]
*** SHOWDOWN ***
7da7c966 collected 18,450 from pot
*** SUMMARY ***
Total pot 18,450 | Rake 0 | Jackpot 0 | Bingo 0 | Fortune 0 | Tax 0
Board [5c 8h Th 2d 4h]
Seat 1: 393f8462 (button) folded before Flop
Seat 2: e324e4e8 (small blind) folded before Flop
Seat 3: 53ca95c2 (big blind) showed [4d 4c] and lost with Three Fours
Seat 4: 56c197c7 folded before Flop
Seat 5: da9751fa folded before Flop
Seat 6: e68c4a40 folded before Flop
Seat 7: 7da7c966 showed [8d 8s] and won (18,450) with Three Eights
Seat 8: Hero folded before Flop


Poker Hand #TM2922598946: Tournament #124868844, Daily Turbo $10 Hold'em No Limit - Level9(250/500) - 2024/02/03 19:04:02
Table '13' 8-max Seat #8 is the button
Seat 1: 393f8462 (8,180 in chips)
Seat 2: e324e4e8 (16,972 in chips)
Seat 3: 53ca95c2 (8,980 in chips)
Seat 4: 56c197c7 (10,480 in chips)
Seat 5: da9751fa (27,120 in chips)
Seat 6: e68c4a40 (12,010 in chips)
Seat 7: 7da7c966 (20,237 in chips)
Seat 8: Hero (13,176 in chips)
e324e4e8: posts the ante 60
393f8462: posts the ante 60
Hero: posts the ante 60
da9751fa: posts the ante 60
56c197c7: posts the ante 60
7da7c966: posts the ante 60
e68c4a40: posts the ante 60
53ca95c2: posts the ante 60
393f8462: posts small blind 250
e324e4e8: posts big blind 500
*** HOLE CARDS ***
Dealt to 393f8462 
Dealt to e324e4e8 
Dealt to 53ca95c2 
Dealt to 56c197c7 
Dealt to da9751fa 
Dealt to e68c4a40 
Dealt to 7da7c966 
Dealt to Hero [7h 2d]
53ca95c2: folds
56c197c7: raises 500 to 1,000
da9751fa: folds
e68c4a40: folds
7da7c966: folds
Hero: folds
393f8462: folds
e324e4e8: folds
Uncalled bet (500) returned to 56c197c7
*** SHOWDOWN ***
56c197c7 collected 1,730 from pot
*** SUMMARY ***
Total pot 1,730 | Rake 0 | Jackpot 0 | Bingo 0 | Fortune 0 | Tax 0
Seat 1: 393f8462 (small blind) folded before Flop
Seat 2: e324e4e8 (big blind) folded before Flop
Seat 3: 53ca95c2 folded before Flop
Seat 4: 56c197c7 collected (1,730)
Seat 5: da9751fa folded before Flop
Seat 6: e68c4a40 folded before Flop
Seat 7: 7da7c966 folded before Flop
Seat 8: Hero (button) folded before Flop


Poker Hand #TM2922598922: Tournament #124868844, Daily Turbo $10 Hold'em No Limit - Level9(250/500) - 2024/02/03 19:03:01
Table '13' 8-max Seat #7 is the button
Seat 1: 393f8462 (8,740 in chips)
Seat 2: e324e4e8 (17,032 in chips)
Seat 3: 53ca95c2 (9,040 in chips)
Seat 4: 56c197c7 (10,540 in chips)
Seat 5: da9751fa (27,180 in chips)
Seat 6: e68c4a40 (12,070 in chips)
Seat 7: 7da7c966 (21,297 in chips)
Seat 8: Hero (11,256 in chips)
e324e4e8: posts the ante 60
393f8462: posts the ante 60
Hero: posts the ante 60
da9751fa: posts the ante 60
56c197c7: posts the ante 60
7da7c966: posts the ante 60
e68c4a40: posts the ante 60
53ca95c2: posts the ante 60
Hero: posts small blind 250
393f8462: posts big blind 500
*** HOLE CARDS ***
Dealt to 393f8462 
Dealt to e324e4e8 
Dealt to 53ca95c2 
Dealt to 56c197c7 
Dealt to da9751fa 
Dealt to e68c4a40 
Dealt to 7da7c966 
Dealt to Hero [Ac 5s]
e324e4e8: folds
53ca95c2: folds
56c197c7: folds
da9751fa: folds
e68c4a40: folds
7da7c966: raises 500 to 1,000
Hero: raises 2,000 to 3,000
393f8462: folds
7da7c966: folds
Uncalled bet (2,000) returned to Hero
*** SHOWDOWN ***
Hero collected 2,980 from pot
*** SUMMARY ***
Total pot 2,980 | Rake 0 | Jackpot 0 | Bingo 0 | Fortune 0 | Tax 0
Seat 1: 393f8462 (big blind) folded before Flop
Seat 2: e324e4e8 folded before Flop
Seat 3: 53ca95c2 folded before Flop
Seat 4: 56c197c7 folded before Flop
Seat 5: da9751fa folded before Flop
Seat 6: e68c4a40 folded before Flop
Seat 7: 7da7c966 (button) folded before Flop
Seat 8: Hero (small blind) collected (2,980)


Poker Hand #TM2922598891: Tournament #124868844, Daily Turbo $10 Hold'em No Limit - Level9(250/500) - 2024/02/03 19:01:56
Table '13' 8-max Seat #6 is the button
Seat 1: 393f8462 (8,800 in chips)
Seat 2: e324e4e8 (17,092 in chips)
Seat 3: 53ca95c2 (9,100 in chips)
Seat 4: 56c197c7 (10,600 in chips)
Seat 5: da9751fa (28,390 in chips)
Seat 6: e68c4a40 (12,130 in chips)
Seat 7: 7da7c966 (21,607 in chips)
Seat 8: Hero (9,436 in chips)
e324e4e8: posts the ante 60
393f8462: posts the ante 60
Hero: posts the ante 60
da9751fa: posts the ante 60
56c197c7: posts the ante 60
7da7c966: posts the ante 60
e68c4a40: posts the ante 60
53ca95c2: posts the ante 60
7da7c966: posts small blind 250
Hero: posts big blind 500
*** HOLE CARDS ***
Dealt to 393f8462 
Dealt to e324e4e8 
Dealt to 53ca95c2 
Dealt to 56c197c7 
Dealt to da9751fa 
Dealt to e68c4a40 
Dealt to 7da7c966 
Dealt to Hero [7c As]
393f8462: folds
e324e4e8: folds
53ca95c2: folds
56c197c7: folds
da9751fa: raises 650 to 1,150
e68c4a40: folds
7da7c966: folds
Hero: raises 8,226 to 9,376 and is all-in
da9751fa: folds
Uncalled bet (8,226) returned to Hero
*** SHOWDOWN ***
Hero collected 3,030 from pot
*** SUMMARY ***
Total pot 3,030 | Rake 0 | Jackpot 0 | Bingo 0 | Fortune 0 | Tax 0
Seat 1: 393f8462 folded before Flop
Seat 2: e324e4e8 folded before Flop
Seat 3: 53ca95c2 folded before Flop
Seat 4: 56c197c7 folded before Flop
Seat 5: da9751fa folded before Flop
Seat 6: e68c4a40 (button) folded before Flop
Seat 7: 7da7c966 (small blind) folded before Flop
Seat 8: Hero (big blind) collected (3,030)


Poker Hand #TM2922598875: Tournament #124868844, Daily Turbo $10 Hold'em No Limit - Level9(250/500) - 2024/02/03 19:00:50
Table '13' 8-max Seat #5 is the button
Seat 1: 393f8462 (8,860 in chips)
Seat 2: e324e4e8 (17,152 in chips)
Seat 3: 53ca95c2 (9,160 in chips)
Seat 4: 56c197c7 (10,660 in chips)
Seat 5: da9751fa (28,450 in chips)
Seat 6: e68c4a40 (15,500 in chips)
Seat 7: 7da7c966 (17,877 in chips)
Seat 8: Hero (9,496 in chips)
e324e4e8: posts the ante 60
393f8462: posts the ante 60
Hero: posts the ante 60
da9751fa: posts the ante 60
56c197c7: posts the ante 60
7da7c966: posts the ante 60
e68c4a40: posts the ante 60
53ca95c2: posts the ante 60
e68c4a40: posts small blind 250
7da7c966: posts big blind 500
*** HOLE CARDS ***
Dealt to 393f8462 
Dealt to e324e4e8 
Dealt to 53ca95c2 
Dealt to 56c197c7 
Dealt to da9751fa 
Dealt to e68c4a40 
Dealt to 7da7c966 
Dealt to Hero [Jh 4s]
Hero: folds
393f8462: folds
e324e4e8: folds
53ca95c2: folds
56c197c7: folds
da9751fa: folds
e68c4a40: raises 1,000 to 1,500
7da7c966: calls 1,000
*** FLOP *** [Kc Tc Qs]
e68c4a40: bets 1,810
7da7c966: raises 1,810 to 3,620
e68c4a40: folds
Uncalled bet (1,810) returned to 7da7c966
*** SHOWDOWN ***
7da7c966 collected 7,100 from pot
*** SUMMARY ***
Total pot 7,100 | Rake 0 | Jackpot 0 | Bingo 0 | Fortune 0 | Tax 0
Board [Kc Tc Qs]
Seat 1: 393f8462 folded before Flop
Seat 2: e324e4e8 folded before Flop
Seat 3: 53ca95c2 folded before Flop
Seat 4: 56c197c7 folded before Flop
Seat 5: da9751fa (button) folded before Flop
Seat 6: e68c4a40 (small blind) folded on the Flop
Seat 7: 7da7c966 (big blind) won (7,100)
Seat 8: Hero folded before Flop


Poker Hand #TM2922598838: Tournament #124868844, Daily Turbo $10 Hold'em No Limit - Level8(200/400) - 2024/02/03 18:54:04
Table '13' 8-max Seat #4 is the button
Seat 1: 393f8462 (8,910 in chips)
Seat 2: e324e4e8 (17,202 in chips)
Seat 3: 53ca95c2 (9,210 in chips)
Seat 4: 56c197c7 (10,710 in chips)
Seat 5: da9751fa (28,700 in chips)
Seat 6: e68c4a40 (13,446 in chips)
Seat 7: 7da7c966 (17,927 in chips)
Seat 8: Hero (11,050 in chips)
e324e4e8: posts the ante 50
393f8462: posts the ante 50
Hero: posts the ante 50
56c197c7: posts the ante 50
da9751fa: posts the ante 50
7da7c966: posts the ante 50
e68c4a40: posts the ante 50
53ca95c2: posts the ante 50
da9751fa: posts small blind 200
e68c4a40: posts big blind 400
*** HOLE CARDS ***
Dealt to 393f8462 
Dealt to e324e4e8 
Dealt to 53ca95c2 
Dealt to 56c197c7 
Dealt to da9751fa 
Dealt to e68c4a40 
Dealt to 7da7c966 
Dealt to Hero [Js Kd]
7da7c966: folds
Hero: raises 400 to 800
393f8462: folds
e324e4e8: folds
53ca95c2: folds
56c197c7: folds
da9751fa: folds
e68c4a40: calls 400
*** FLOP *** [Jd Qc 7h]
e68c4a40: bets 704
Hero: calls 704
*** TURN *** [Jd Qc 7h] [Ah]
e68c4a40: checks
Hero: checks
*** RIVER *** [Jd Qc 7h Ah] [5c]
e68c4a40: bets 2,815
Hero: folds
Uncalled bet (2,815) returned to e68c4a40
*** SHOWDOWN ***
e68c4a40 collected 3,608 from pot
*** SUMMARY ***
Total pot 3,608 | Rake 0 | Jackpot 0 | Bingo 0 | Fortune 0 | Tax 0
Board [Jd Qc 7h Ah 5c]
Seat 1: 393f8462 folded before Flop
Seat 2: e324e4e8 folded before Flop
Seat 3: 53ca95c2 folded before Flop
Seat 4: 56c197c7 (button) folded before Flop
Seat 5: da9751fa (small blind) folded before Flop
Seat 6: e68c4a40 (big blind) won (3,608)
Seat 7: 7da7c966 folded before Flop
Seat 8: Hero folded on the River


Poker Hand #TM2922598800: Tournament #124868844, Daily Turbo $10 Hold'em No Limit - Level8(200/400) - 2024/02/03 18:52:38
Table '13' 8-max Seat #3 is the button
Seat 1: 393f8462 (8,960 in chips)
Seat 2: e324e4e8 (17,252 in chips)
Seat 3: 53ca95c2 (9,260 in chips)
Seat 4: 56c197c7 (11,160 in chips)
Seat 5: da9751fa (27,950 in chips)
Seat 6: e68c4a40 (13,496 in chips)
Seat 7: 7da7c966 (17,977 in chips)
Seat 8: Hero (11,100 in chips)
e324e4e8: posts the ante 50
393f8462: posts the ante 50
Hero: posts the ante 50
da9751fa: posts the ante 50
56c197c7: posts the ante 50
7da7c966: posts the ante 50
e68c4a40: posts the ante 50
53ca95c2: posts the ante 50
56c197c7: posts small blind 200
da9751fa: posts big blind 400
*** HOLE CARDS ***
Dealt to 393f8462 
Dealt to e324e4e8 
Dealt to 53ca95c2 
Dealt to 56c197c7 
Dealt to da9751fa 
Dealt to e68c4a40 
Dealt to 7da7c966 
Dealt to Hero [Qd 9s]
e68c4a40: folds
7da7c966: folds
Hero: folds
393f8462: folds
e324e4e8: folds
53ca95c2: folds
56c197c7: calls 200
da9751fa: checks
*** FLOP *** [2h 4c 2c]
56c197c7: checks
da9751fa: checks
*** TURN *** [2h 4c 2c] [Ad]
56c197c7: checks
da9751fa: bets 900
56c197c7: folds
Uncalled bet (900) returned to da9751fa
*** SHOWDOWN ***
da9751fa collected 1,200 from pot
*** SUMMARY ***
Total pot 1,200 | Rake 0 | Jackpot 0 | Bingo 0 | Fortune 0 | Tax 0
Board [2h 4c 2c Ad]
Seat 1: 393f8462 folded before Flop
Seat 2: e324e4e8 folded before Flop
Seat 3: 53ca95c2 (button) folded before Flop
Seat 4: 56c197c7 (small blind) folded on the Turn
Seat 5: da9751fa (big blind) won (1,200)
Seat 6: e68c4a40 folded before Flop
Seat 7: 7da7c966 folded before Flop
Seat 8: Hero folded before Flop


Poker Hand #TM2922598750: Tournament #124868844, Daily Turbo $10 Hold'em No Limit - Level8(200/400) - 2024/02/03 18:51:01
Table '13' 8-max Seat #2 is the button
Seat 1: 393f8462 (9,010 in chips)
Seat 2: e324e4e8 (18,142 in chips)
Seat 3: 53ca95c2 (9,510 in chips)
Seat 4: 56c197c7 (11,610 in chips)
Seat 5: da9751fa (28,000 in chips)
Seat 6: e68c4a40 (13,546 in chips)
Seat 7: 7da7c966 (18,027 in chips)
Seat 8: Hero (9,310 in chips)
e324e4e8: posts the ante 50
393f8462: posts the ante 50
Hero: posts the ante 50
da9751fa: posts the ante 50
56c197c7: posts the ante 50
7da7c966: posts the ante 50
e68c4a40: posts the ante 50
53ca95c2: posts the ante 50
53ca95c2: posts small blind 200
56c197c7: posts big blind 400
*** HOLE CARDS ***
Dealt to 393f8462 
Dealt to e324e4e8 
Dealt to 53ca95c2 
Dealt to 56c197c7 
Dealt to da9751fa 
Dealt to e68c4a40 
Dealt to 7da7c966 
Dealt to Hero [Kd 9s]
da9751fa: folds
e68c4a40: folds
7da7c966: folds
Hero: raises 440 to 840
393f8462: folds
e324e4e8: calls 840
53ca95c2: folds
56c197c7: folds
*** FLOP *** [5d 7d 2s]
Hero: checks
e324e4e8: checks
*** TURN *** [5d 7d 2s] [Ah]
Hero: bets 2,278
e324e4e8: folds
Uncalled bet (2,278) returned to Hero
*** SHOWDOWN ***
Hero collected 2,680 from pot
*** SUMMARY ***
Total pot 2,680 | Rake 0 | Jackpot 0 | Bingo 0 | Fortune 0 | Tax 0
Board [5d 7d 2s Ah]
Seat 1: 393f8462 folded before Flop
Seat 2: e324e4e8 (button) folded on the Turn
Seat 3: 53ca95c2 (small blind) folded before Flop
Seat 4: 56c197c7 (big blind) folded before Flop
Seat 5: da9751fa folded before Flop
Seat 6: e68c4a40 folded before Flop
Seat 7: 7da7c966 folded before Flop
Seat 8: Hero won (2,680)


Poker Hand #TM2922598726: Tournament #124868844, Daily Turbo $10 Hold'em No Limit - Level8(200/400) - 2024/02/03 18:50:20
Table '13' 8-max Seat #1 is the button
Seat 1: 393f8462 (9,860 in chips)
Seat 2: e324e4e8 (16,592 in chips)
Seat 3: 53ca95c2 (9,960 in chips)
Seat 4: 56c197c7 (11,660 in chips)
Seat 5: da9751fa (28,050 in chips)
Seat 6: e68c4a40 (13,596 in chips)
Seat 7: 7da7c966 (18,077 in chips)
Seat 8: Hero (9,360 in chips)
e324e4e8: posts the ante 50
393f8462: posts the ante 50
Hero: posts the ante 50
da9751fa: posts the ante 50
56c197c7: posts the ante 50
7da7c966: posts the ante 50
e68c4a40: posts the ante 50
53ca95c2: posts the ante 50
e324e4e8: posts small blind 200
53ca95c2: posts big blind 400
*** HOLE CARDS ***
Dealt to 393f8462 
Dealt to e324e4e8 
Dealt to 53ca95c2 
Dealt to 56c197c7 
Dealt to da9751fa 
Dealt to e68c4a40 
Dealt to 7da7c966 
Dealt to Hero [2c Qs]
56c197c7: folds
da9751fa: folds
e68c4a40: folds
7da7c966: folds
Hero: folds
393f8462: raises 400 to 800
e324e4e8: raises 15,742 to 16,542 and is all-in
53ca95c2: folds
393f8462: folds
Uncalled bet (15,742) returned to e324e4e8
*** SHOWDOWN ***
e324e4e8 collected 2,400 from pot
*** SUMMARY ***
Total pot 2,400 | Rake 0 | Jackpot 0 | Bingo 0 | Fortune 0 | Tax 0
Seat 1: 393f8462 (button) folded before Flop
Seat 2: e324e4e8 (small blind) collected (2,400)
Seat 3: 53ca95c2 (big blind) folded before Flop
Seat 4: 56c197c7 folded before Flop
Seat 5: da9751fa folded before Flop
Seat 6: e68c4a40 folded before Flop
Seat 7: 7da7c966 folded before Flop
Seat 8: Hero folded before Flop


Poker Hand #TM2922598660: Tournament #124868844, Daily Turbo $10 Hold'em No Limit - Level7(160/320) - 2024/02/03 18:48:35
Table '13' 8-max Seat #8 is the button
Seat 1: 393f8462 (10,540 in chips)
Seat 2: e324e4e8 (13,665 in chips)
Seat 3: 53ca95c2 (10,000 in chips)
Seat 4: 56c197c7 (11,700 in chips)
Seat 5: da9751fa (28,090 in chips)
Seat 6: e68c4a40 (13,636 in chips)
Seat 7: 7da7c966 (20,124 in chips)
Seat 8: Hero (9,400 in chips)
e324e4e8: posts the ante 40
393f8462: posts the ante 40
Hero: posts the ante 40
da9751fa: posts the ante 40
56c197c7: posts the ante 40
7da7c966: posts the ante 40
e68c4a40: posts the ante 40
53ca95c2: posts the ante 40
393f8462: posts small blind 160
e324e4e8: posts big blind 320
*** HOLE CARDS ***
Dealt to 393f8462 
Dealt to e324e4e8 
Dealt to 53ca95c2 
Dealt to 56c197c7 
Dealt to da9751fa 
Dealt to e68c4a40 
Dealt to 7da7c966 
Dealt to Hero [7s 2h]
53ca95c2: folds
56c197c7: folds
da9751fa: folds
e68c4a40: folds
7da7c966: raises 320 to 640
Hero: folds
393f8462: calls 480
e324e4e8: calls 320
*** FLOP *** [9h 2s 7h]
393f8462: checks
e324e4e8: checks
7da7c966: checks
*** TURN *** [9h 2s 7h] [8h]
393f8462: checks
e324e4e8: bets 1,367
7da7c966: calls 1,367
393f8462: folds
*** RIVER *** [9h 2s 7h 8h] [Td]
e324e4e8: bets 3,980
7da7c966: folds
Uncalled bet (3,980) returned to e324e4e8
*** SHOWDOWN ***
e324e4e8 collected 4,974 from pot
*** SUMMARY ***
Total pot 4,974 | Rake 0 | Jackpot 0 | Bingo 0 | Fortune 0 | Tax 0
Board [9h 2s 7h 8h Td]
Seat 1: 393f8462 (small blind) folded on the Turn
Seat 2: e324e4e8 (big blind) won (4,974)
Seat 3: 53ca95c2 folded before Flop
Seat 4: 56c197c7 folded before Flop
Seat 5: da9751fa folded before Flop
Seat 6: e68c4a40 folded before Flop
Seat 7: 7da7c966 folded on the River
Seat 8: Hero (button) folded before Flop


Poker Hand #TM2922598614: Tournament #124868844, Daily Turbo $10 Hold'em No Limit - Level7(160/320) - 2024/02/03 18:47:14
Table '13' 8-max Seat #7 is the button
Seat 1: 393f8462 (10,900 in chips)
Seat 2: e324e4e8 (10,325 in chips)
Seat 4: 56c197c7 (11,740 in chips)
Seat 5: da9751fa (28,770 in chips)
Seat 6: e68c4a40 (13,676 in chips)
Seat 7: 7da7c966 (22,144 in chips)
Seat 8: Hero (9,600 in chips)
e324e4e8: posts the ante 40
393f8462: posts the ante 40
Hero: posts the ante 40
da9751fa: posts the ante 40
56c197c7: posts the ante 40
7da7c966: posts the ante 40
e68c4a40: posts the ante 40
Hero: posts small blind 160
393f8462: posts big blind 320
*** HOLE CARDS ***
Dealt to 393f8462 
Dealt to e324e4e8 
Dealt to 56c197c7 
Dealt to da9751fa 
Dealt to e68c4a40 
Dealt to 7da7c966 
Dealt to Hero [6h Js]
e324e4e8: raises 320 to 640
56c197c7: folds
da9751fa: calls 640
e68c4a40: folds
7da7c966: calls 640
Hero: folds
393f8462: folds
*** FLOP *** [Td 6s 9c]
e324e4e8: bets 1,340
da9751fa: folds
7da7c966: calls 1,340
*** TURN *** [Td 6s 9c] [2h]
e324e4e8: bets 8,305 and is all-in
7da7c966: folds
Uncalled bet (8,305) returned to e324e4e8
*** SHOWDOWN ***
e324e4e8 collected 5,360 from pot
*** SUMMARY ***
Total pot 5,360 | Rake 0 | Jackpot 0 | Bingo 0 | Fortune 0 | Tax 0
Board [Td 6s 9c 2h]
Seat 1: 393f8462 (big blind) folded before Flop
Seat 2: e324e4e8 won (5,360)
Seat 4: 56c197c7 folded before Flop
Seat 5: da9751fa folded on the Flop
Seat 6: e68c4a40 folded before Flop
Seat 7: 7da7c966 (button) folded on the Turn
Seat 8: Hero (small blind) folded before Flop


Poker Hand #TM2922598575: Tournament #124868844, Daily Turbo $10 Hold'em No Limit - Level7(160/320) - 2024/02/03 18:46:13
Table '13' 8-max Seat #6 is the button
Seat 1: 393f8462 (12,540 in chips)
Seat 2: e324e4e8 (10,365 in chips)
Seat 4: 56c197c7 (11,780 in chips)
Seat 5: da9751fa (28,810 in chips)
Seat 6: e68c4a40 (11,356 in chips)
Seat 7: 7da7c966 (22,344 in chips)
Seat 8: Hero (9,960 in chips)
e324e4e8: posts the ante 40
393f8462: posts the ante 40
Hero: posts the ante 40
da9751fa: posts the ante 40
56c197c7: posts the ante 40
7da7c966: posts the ante 40
e68c4a40: posts the ante 40
7da7c966: posts small blind 160
Hero: posts big blind 320
*** HOLE CARDS ***
Dealt to 393f8462 
Dealt to e324e4e8 
Dealt to 56c197c7 
Dealt to da9751fa 
Dealt to e68c4a40 
Dealt to 7da7c966 
Dealt to Hero [3s 2c]
393f8462: raises 320 to 640
e324e4e8: folds
56c197c7: folds
da9751fa: folds
e68c4a40: raises 960 to 1,600
7da7c966: folds
Hero: folds
393f8462: calls 960
*** FLOP *** [2d Ad 5c]
393f8462: checks
e68c4a40: bets 1,428
393f8462: folds
Uncalled bet (1,428) returned to e68c4a40
*** SHOWDOWN ***
e68c4a40 collected 3,960 from pot
*** SUMMARY ***
Total pot 3,960 | Rake 0 | Jackpot 0 | Bingo 0 | Fortune 0 | Tax 0
Board [2d Ad 5c]
Seat 1: 393f8462 folded on the Flop
Seat 2: e324e4e8 folded before Flop
Seat 4: 56c197c7 folded before Flop
Seat 5: da9751fa folded before Flop
Seat 6: e68c4a40 (button) won (3,960)
Seat 7: 7da7c966 (small blind) folded before Flop
Seat 8: Hero (big blind) folded before Flop


Poker Hand #TM2922598555: Tournament #124868844, Daily Turbo $10 Hold'em No Limit - Level7(160/320) - 2024/02/03 18:45:39
Table '13' 8-max Seat #5 is the button
Seat 1: 393f8462 (11,500 in chips)
Seat 2: e324e4e8 (10,405 in chips)
Seat 4: 56c197c7 (11,820 in chips)
Seat 5: da9751fa (28,850 in chips)
Seat 6: e68c4a40 (11,556 in chips)
Seat 7: 7da7c966 (23,024 in chips)
Seat 8: Hero (10,000 in chips)
e324e4e8: posts the ante 40
393f8462: posts the ante 40
Hero: posts the ante 40
da9751fa: posts the ante 40
56c197c7: posts the ante 40
7da7c966: posts the ante 40
e68c4a40: posts the ante 40
e68c4a40: posts small blind 160
7da7c966: posts big blind 320
*** HOLE CARDS ***
Dealt to 393f8462 
Dealt to e324e4e8 
Dealt to 56c197c7 
Dealt to da9751fa 
Dealt to e68c4a40 
Dealt to 7da7c966 
Dealt to Hero [2c 4c]
Hero: folds
393f8462: raises 320 to 640
e324e4e8: folds
56c197c7: folds
da9751fa: folds
e68c4a40: folds
7da7c966: calls 320
*** FLOP *** [9s Ac As]
7da7c966: checks
393f8462: bets 320
7da7c966: folds
Uncalled bet (320) returned to 393f8462
*** SHOWDOWN ***
393f8462 collected 1,720 from pot
*** SUMMARY ***
Total pot 1,720 | Rake 0 | Jackpot 0 | Bingo 0 | Fortune 0 | Tax 0
Board [9s Ac As]
Seat 1: 393f8462 won (1,720)
Seat 2: e324e4e8 folded before Flop
Seat 4: 56c197c7 folded before Flop
Seat 5: da9751fa (button) folded before Flop
Seat 6: e68c4a40 (small blind) folded before Flop
Seat 7: 7da7c966 (big blind) folded on the Flop
Seat 8: Hero folded before Flop


