Poker Hand #TM2937163876: Tournament #125496200, Daily Big $20 Hold'em No Limit - Level15(600/1,200) - 2024/02/07 16:09:26
Table '28' 8-max Seat #4 is the button
Seat 1: 99cb6169 (65,244 in chips)
Seat 2: f1e7a42e (14,875 in chips)
Seat 3: db14ad91 (46,838 in chips)
Seat 4: c43a5192 (22,741 in chips)
Seat 5: 9d760df3 (33,295 in chips)
Seat 6: 6b4168c5 (19,362 in chips)
Seat 7: Hero (7,150 in chips)
Seat 8: d798d2dd (15,248 in chips)
c43a5192: posts the ante 150
6b4168c5: posts the ante 150
9d760df3: posts the ante 150
db14ad91: posts the ante 150
Hero: posts the ante 150
f1e7a42e: posts the ante 150
d798d2dd: posts the ante 150
99cb6169: posts the ante 150
9d760df3: posts small blind 600
6b4168c5: posts big blind 1,200
*** HOLE CARDS ***
Dealt to 99cb6169 
Dealt to f1e7a42e 
Dealt to db14ad91 
Dealt to c43a5192 
Dealt to 9d760df3 
Dealt to 6b4168c5 
Dealt to Hero [Kc Js]
Dealt to d798d2dd 
Hero: raises 5,800 to 7,000 and is all-in
d798d2dd: folds
99cb6169: folds
f1e7a42e: folds
db14ad91: folds
c43a5192: raises 15,591 to 22,591 and is all-in
9d760df3: folds
6b4168c5: folds
Uncalled bet (15,591) returned to c43a5192
c43a5192: shows [8c 8s]
Hero: shows [Kc Js]
*** FLOP *** [Jh 8d 4c]
*** TURN *** [Jh 8d 4c] [9d]
*** RIVER *** [Jh 8d 4c 9d] [Ts]
*** SHOWDOWN ***
c43a5192 collected 17,000 from pot
*** SUMMARY ***
Total pot 17,000 | Rake 0 | Jackpot 0 | Bingo 0 | Fortune 0 | Tax 0
Board [Jh 8d 4c 9d Ts]
Seat 1: 99cb6169 folded before Flop
Seat 2: f1e7a42e folded before Flop
Seat 3: db14ad91 folded before Flop
Seat 4: c43a5192 (button) showed [8c 8s] and won (17,000) with Three Eights
Seat 5: 9d760df3 (small blind) folded before Flop
Seat 6: 6b4168c5 (big blind) folded before Flop
Seat 7: Hero showed [Kc Js] and lost with Pair of Jacks
Seat 8: d798d2dd folded before Flop


Poker Hand #TM2937163822: Tournament #125496200, Daily Big $20 Hold'em No Limit - Level15(600/1,200) - 2024/02/07 16:08:55
Table '28' 8-max Seat #3 is the button
Seat 1: 99cb6169 (65,394 in chips)
Seat 2: f1e7a42e (15,025 in chips)
Seat 3: db14ad91 (43,988 in chips)
Seat 4: c43a5192 (23,491 in chips)
Seat 5: 9d760df3 (34,645 in chips)
Seat 6: 6b4168c5 (19,512 in chips)
Seat 7: Hero (7,300 in chips)
Seat 8: d798d2dd (15,398 in chips)
6b4168c5: posts the ante 150
9d760df3: posts the ante 150
c43a5192: posts the ante 150
db14ad91: posts the ante 150
Hero: posts the ante 150
f1e7a42e: posts the ante 150
d798d2dd: posts the ante 150
99cb6169: posts the ante 150
c43a5192: posts small blind 600
9d760df3: posts big blind 1,200
*** HOLE CARDS ***
Dealt to 99cb6169 
Dealt to f1e7a42e 
Dealt to db14ad91 
Dealt to c43a5192 
Dealt to 9d760df3 
Dealt to 6b4168c5 
Dealt to Hero [2h 9h]
Dealt to d798d2dd 
6b4168c5: folds
Hero: folds
d798d2dd: folds
99cb6169: folds
f1e7a42e: folds
db14ad91: raises 1,440 to 2,640
c43a5192: folds
9d760df3: folds
Uncalled bet (1,440) returned to db14ad91
*** SHOWDOWN ***
db14ad91 collected 4,200 from pot
*** SUMMARY ***
Total pot 4,200 | Rake 0 | Jackpot 0 | Bingo 0 | Fortune 0 | Tax 0
Seat 1: 99cb6169 folded before Flop
Seat 2: f1e7a42e folded before Flop
Seat 3: db14ad91 (button) collected (4,200)
Seat 4: c43a5192 (small blind) folded before Flop
Seat 5: 9d760df3 (big blind) folded before Flop
Seat 6: 6b4168c5 folded before Flop
Seat 7: Hero folded before Flop
Seat 8: d798d2dd folded before Flop


Poker Hand #TM2937163743: Tournament #125496200, Daily Big $20 Hold'em No Limit - Level15(600/1,200) - 2024/02/07 16:08:10
Table '28' 8-max Seat #2 is the button
Seat 1: 99cb6169 (65,544 in chips)
Seat 2: f1e7a42e (15,175 in chips)
Seat 3: db14ad91 (44,738 in chips)
Seat 4: c43a5192 (24,841 in chips)
Seat 5: 9d760df3 (34,795 in chips)
Seat 6: 6b4168c5 (19,662 in chips)
Seat 7: Hero (7,450 in chips)
Seat 8: d798d2dd (12,548 in chips)
6b4168c5: posts the ante 150
9d760df3: posts the ante 150
c43a5192: posts the ante 150
db14ad91: posts the ante 150
Hero: posts the ante 150
f1e7a42e: posts the ante 150
d798d2dd: posts the ante 150
99cb6169: posts the ante 150
db14ad91: posts small blind 600
c43a5192: posts big blind 1,200
*** HOLE CARDS ***
Dealt to 99cb6169 
Dealt to f1e7a42e 
Dealt to db14ad91 
Dealt to c43a5192 
Dealt to 9d760df3 
Dealt to 6b4168c5 
Dealt to Hero [8h 5d]
Dealt to d798d2dd 
9d760df3: folds
6b4168c5: folds
Hero: folds
d798d2dd: raises 10,800 to 12,000
99cb6169: folds
f1e7a42e: folds
db14ad91: folds
c43a5192: folds
Uncalled bet (10,800) returned to d798d2dd
*** SHOWDOWN ***
d798d2dd collected 4,200 from pot
*** SUMMARY ***
Total pot 4,200 | Rake 0 | Jackpot 0 | Bingo 0 | Fortune 0 | Tax 0
Seat 1: 99cb6169 folded before Flop
Seat 2: f1e7a42e (button) folded before Flop
Seat 3: db14ad91 (small blind) folded before Flop
Seat 4: c43a5192 (big blind) folded before Flop
Seat 5: 9d760df3 folded before Flop
Seat 6: 6b4168c5 folded before Flop
Seat 7: Hero folded before Flop
Seat 8: d798d2dd collected (4,200)


Poker Hand #TM2937163582: Tournament #125496200, Daily Big $20 Hold'em No Limit - Level15(600/1,200) - 2024/02/07 16:06:36
Table '28' 8-max Seat #1 is the button
Seat 1: 99cb6169 (53,964 in chips)
Seat 2: f1e7a42e (15,925 in chips)
Seat 3: db14ad91 (46,088 in chips)
Seat 4: c43a5192 (24,991 in chips)
Seat 5: 9d760df3 (34,945 in chips)
Seat 6: 6b4168c5 (28,542 in chips)
Seat 7: Hero (7,600 in chips)
Seat 8: d798d2dd (12,698 in chips)
6b4168c5: posts the ante 150
9d760df3: posts the ante 150
c43a5192: posts the ante 150
db14ad91: posts the ante 150
Hero: posts the ante 150
d798d2dd: posts the ante 150
f1e7a42e: posts the ante 150
99cb6169: posts the ante 150
f1e7a42e: posts small blind 600
db14ad91: posts big blind 1,200
*** HOLE CARDS ***
Dealt to 99cb6169 
Dealt to f1e7a42e 
Dealt to db14ad91 
Dealt to c43a5192 
Dealt to 9d760df3 
Dealt to 6b4168c5 
Dealt to Hero [2d Jc]
Dealt to d798d2dd 
c43a5192: folds
9d760df3: folds
6b4168c5: raises 1,320 to 2,520
Hero: folds
d798d2dd: folds
99cb6169: calls 2,520
f1e7a42e: folds
db14ad91: folds
*** FLOP *** [As 9h 6h]
6b4168c5: bets 2,400
99cb6169: calls 2,400
*** TURN *** [As 9h 6h] [Kh]
6b4168c5: checks
99cb6169: bets 3,810
6b4168c5: calls 3,810
*** RIVER *** [As 9h 6h Kh] [6c]
6b4168c5: checks
99cb6169: bets 45,084 and is all-in
6b4168c5: folds
Uncalled bet (45,084) returned to 99cb6169
*** SHOWDOWN ***
99cb6169 collected 20,460 from pot
*** SUMMARY ***
Total pot 20,460 | Rake 0 | Jackpot 0 | Bingo 0 | Fortune 0 | Tax 0
Board [As 9h 6h Kh 6c]
Seat 1: 99cb6169 (button) won (20,460)
Seat 2: f1e7a42e (small blind) folded before Flop
Seat 3: db14ad91 (big blind) folded before Flop
Seat 4: c43a5192 folded before Flop
Seat 5: 9d760df3 folded before Flop
Seat 6: 6b4168c5 folded on the River
Seat 7: Hero folded before Flop
Seat 8: d798d2dd folded before Flop


Poker Hand #TM2937163367: Tournament #125496200, Daily Big $20 Hold'em No Limit - Level15(600/1,200) - 2024/02/07 16:04:33
Table '28' 8-max Seat #7 is the button
Seat 1: 99cb6169 (25,407 in chips)
Seat 2: f1e7a42e (18,475 in chips)
Seat 3: db14ad91 (46,238 in chips)
Seat 4: c43a5192 (25,141 in chips)
Seat 5: 9d760df3 (60,352 in chips)
Seat 6: 6b4168c5 (28,692 in chips)
Seat 7: Hero (7,750 in chips)
6b4168c5: posts the ante 150
9d760df3: posts the ante 150
c43a5192: posts the ante 150
db14ad91: posts the ante 150
Hero: posts the ante 150
f1e7a42e: posts the ante 150
99cb6169: posts the ante 150
99cb6169: posts small blind 600
f1e7a42e: posts big blind 1,200
*** HOLE CARDS ***
Dealt to 99cb6169 
Dealt to f1e7a42e 
Dealt to db14ad91 
Dealt to c43a5192 
Dealt to 9d760df3 
Dealt to 6b4168c5 
Dealt to Hero [7d Ac]
db14ad91: folds
c43a5192: folds
9d760df3: raises 1,200 to 2,400
6b4168c5: folds
Hero: folds
99cb6169: calls 1,800
f1e7a42e: calls 1,200
*** FLOP *** [9d Td 3s]
99cb6169: checks
f1e7a42e: checks
9d760df3: bets 3,600
99cb6169: raises 5,699 to 9,299
f1e7a42e: folds
9d760df3: raises 48,503 to 57,802 and is all-in
99cb6169: calls 13,558 and is all-in
Uncalled bet (34,945) returned to 9d760df3
9d760df3: shows [Ks Kh] (Pair of Kings)
99cb6169: shows [Ts Qs] (Pair of Tens)
*** TURN *** [9d Td 3s] [6h]
*** RIVER *** [9d Td 3s 6h] [Qd]
*** SHOWDOWN ***
99cb6169 collected 53,964 from pot
*** SUMMARY ***
Total pot 53,964 | Rake 0 | Jackpot 0 | Bingo 0 | Fortune 0 | Tax 0
Board [9d Td 3s 6h Qd]
Seat 1: 99cb6169 (small blind) showed [Ts Qs] and won (53,964) with Pair of Queens and Pair of Tens
Seat 2: f1e7a42e (big blind) folded on the Flop
Seat 3: db14ad91 folded before Flop
Seat 4: c43a5192 folded before Flop
Seat 5: 9d760df3 showed [Ks Kh] and lost with Pair of Kings
Seat 6: 6b4168c5 folded before Flop
Seat 7: Hero (button) folded before Flop


Poker Hand #TM2937163299: Tournament #125496200, Daily Big $20 Hold'em No Limit - Level14(500/1,000) - 2024/02/07 16:03:54
Table '28' 8-max Seat #6 is the button
Seat 1: 99cb6169 (24,157 in chips)
Seat 2: f1e7a42e (18,600 in chips)
Seat 3: db14ad91 (46,363 in chips)
Seat 4: c43a5192 (25,266 in chips)
Seat 5: 9d760df3 (60,477 in chips)
Seat 6: 6b4168c5 (28,817 in chips)
Seat 7: Hero (8,375 in chips)
6b4168c5: posts the ante 125
9d760df3: posts the ante 125
c43a5192: posts the ante 125
db14ad91: posts the ante 125
Hero: posts the ante 125
f1e7a42e: posts the ante 125
99cb6169: posts the ante 125
Hero: posts small blind 500
99cb6169: posts big blind 1,000
*** HOLE CARDS ***
Dealt to 99cb6169 
Dealt to f1e7a42e 
Dealt to db14ad91 
Dealt to c43a5192 
Dealt to 9d760df3 
Dealt to 6b4168c5 
Dealt to Hero [3c Td]
f1e7a42e: folds
db14ad91: folds
c43a5192: folds
9d760df3: folds
6b4168c5: folds
Hero: folds
Uncalled bet (500) returned to 99cb6169
*** SHOWDOWN ***
99cb6169 collected 1,875 from pot
*** SUMMARY ***
Total pot 1,875 | Rake 0 | Jackpot 0 | Bingo 0 | Fortune 0 | Tax 0
Seat 1: 99cb6169 (big blind) collected (1,875)
Seat 2: f1e7a42e folded before Flop
Seat 3: db14ad91 folded before Flop
Seat 4: c43a5192 folded before Flop
Seat 5: 9d760df3 folded before Flop
Seat 6: 6b4168c5 (button) folded before Flop
Seat 7: Hero (small blind) folded before Flop


Poker Hand #TM2937163265: Tournament #125496200, Daily Big $20 Hold'em No Limit - Level14(500/1,000) - 2024/02/07 16:03:27
Table '28' 8-max Seat #5 is the button
Seat 1: 99cb6169 (24,282 in chips)
Seat 2: f1e7a42e (18,725 in chips)
Seat 3: db14ad91 (46,488 in chips)
Seat 4: c43a5192 (23,016 in chips)
Seat 5: 9d760df3 (60,602 in chips)
Seat 6: 6b4168c5 (29,442 in chips)
Seat 7: Hero (9,500 in chips)
9d760df3: posts the ante 125
c43a5192: posts the ante 125
6b4168c5: posts the ante 125
db14ad91: posts the ante 125
Hero: posts the ante 125
f1e7a42e: posts the ante 125
99cb6169: posts the ante 125
6b4168c5: posts small blind 500
Hero: posts big blind 1,000
*** HOLE CARDS ***
Dealt to 99cb6169 
Dealt to f1e7a42e 
Dealt to db14ad91 
Dealt to c43a5192 
Dealt to 9d760df3 
Dealt to 6b4168c5 
Dealt to Hero [2s 5h]
99cb6169: folds
f1e7a42e: folds
db14ad91: folds
c43a5192: raises 1,000 to 2,000
9d760df3: folds
6b4168c5: folds
Hero: folds
Uncalled bet (1,000) returned to c43a5192
*** SHOWDOWN ***
c43a5192 collected 3,375 from pot
*** SUMMARY ***
Total pot 3,375 | Rake 0 | Jackpot 0 | Bingo 0 | Fortune 0 | Tax 0
Seat 1: 99cb6169 folded before Flop
Seat 2: f1e7a42e folded before Flop
Seat 3: db14ad91 folded before Flop
Seat 4: c43a5192 collected (3,375)
Seat 5: 9d760df3 (button) folded before Flop
Seat 6: 6b4168c5 (small blind) folded before Flop
Seat 7: Hero (big blind) folded before Flop


Poker Hand #TM2937163173: Tournament #125496200, Daily Big $20 Hold'em No Limit - Level14(500/1,000) - 2024/02/07 16:02:30
Table '28' 8-max Seat #4 is the button
Seat 1: 99cb6169 (24,407 in chips)
Seat 2: f1e7a42e (18,850 in chips)
Seat 3: db14ad91 (46,613 in chips)
Seat 4: c43a5192 (13,851 in chips)
Seat 5: 9d760df3 (61,227 in chips)
Seat 6: 6b4168c5 (30,567 in chips)
Seat 7: Hero (9,625 in chips)
Seat 8: 3b421e7a (6,915 in chips)
c43a5192: posts the ante 125
6b4168c5: posts the ante 125
9d760df3: posts the ante 125
db14ad91: posts the ante 125
Hero: posts the ante 125
f1e7a42e: posts the ante 125
99cb6169: posts the ante 125
3b421e7a: posts the ante 125
9d760df3: posts small blind 500
6b4168c5: posts big blind 1,000
*** HOLE CARDS ***
Dealt to 99cb6169 
Dealt to f1e7a42e 
Dealt to db14ad91 
Dealt to c43a5192 
Dealt to 9d760df3 
Dealt to 6b4168c5 
Dealt to Hero [6d 3d]
Dealt to 3b421e7a 
Hero: folds
3b421e7a: raises 5,790 to 6,790 and is all-in
99cb6169: folds
f1e7a42e: folds
db14ad91: folds
c43a5192: raises 6,710 to 13,500
9d760df3: folds
6b4168c5: folds
Uncalled bet (6,710) returned to c43a5192
c43a5192: shows [As Tc]
3b421e7a: shows [8s Ad]
*** FLOP *** [2s Ks 9h]
*** TURN *** [2s Ks 9h] [Js]
*** RIVER *** [2s Ks 9h Js] [Th]
*** SHOWDOWN ***
c43a5192 collected 16,080 from pot
*** SUMMARY ***
Total pot 16,080 | Rake 0 | Jackpot 0 | Bingo 0 | Fortune 0 | Tax 0
Board [2s Ks 9h Js Th]
Seat 1: 99cb6169 folded before Flop
Seat 2: f1e7a42e folded before Flop
Seat 3: db14ad91 folded before Flop
Seat 4: c43a5192 (button) showed [As Tc] and won (16,080) with Pair of Tens
Seat 5: 9d760df3 (small blind) folded before Flop
Seat 6: 6b4168c5 (big blind) folded before Flop
Seat 7: Hero folded before Flop
Seat 8: 3b421e7a showed [8s Ad] and lost with Ace-High


Poker Hand #TM2937163073: Tournament #125496200, Daily Big $20 Hold'em No Limit - Level14(500/1,000) - 2024/02/07 16:00:58
Table '28' 8-max Seat #3 is the button
Seat 1: 99cb6169 (24,532 in chips)
Seat 2: f1e7a42e (18,975 in chips)
Seat 3: db14ad91 (44,238 in chips)
Seat 4: c43a5192 (14,476 in chips)
Seat 5: 9d760df3 (62,352 in chips)
Seat 6: 6b4168c5 (30,692 in chips)
Seat 7: Hero (9,750 in chips)
Seat 8: 3b421e7a (7,040 in chips)
6b4168c5: posts the ante 125
9d760df3: posts the ante 125
c43a5192: posts the ante 125
db14ad91: posts the ante 125
Hero: posts the ante 125
f1e7a42e: posts the ante 125
99cb6169: posts the ante 125
3b421e7a: posts the ante 125
c43a5192: posts small blind 500
9d760df3: posts big blind 1,000
*** HOLE CARDS ***
Dealt to 99cb6169 
Dealt to f1e7a42e 
Dealt to db14ad91 
Dealt to c43a5192 
Dealt to 9d760df3 
Dealt to 6b4168c5 
Dealt to Hero [Js 5c]
Dealt to 3b421e7a 
6b4168c5: folds
Hero: folds
3b421e7a: folds
99cb6169: folds
f1e7a42e: folds
db14ad91: raises 1,200 to 2,200
c43a5192: folds
9d760df3: folds
Uncalled bet (1,200) returned to db14ad91
*** SHOWDOWN ***
db14ad91 collected 3,500 from pot
*** SUMMARY ***
Total pot 3,500 | Rake 0 | Jackpot 0 | Bingo 0 | Fortune 0 | Tax 0
Seat 1: 99cb6169 folded before Flop
Seat 2: f1e7a42e folded before Flop
Seat 3: db14ad91 (button) collected (3,500)
Seat 4: c43a5192 (small blind) folded before Flop
Seat 5: 9d760df3 (big blind) folded before Flop
Seat 6: 6b4168c5 folded before Flop
Seat 7: Hero folded before Flop
Seat 8: 3b421e7a folded before Flop


Poker Hand #TM2937162896: Tournament #125496200, Daily Big $20 Hold'em No Limit - Level14(500/1,000) - 2024/02/07 15:53:17
Table '28' 8-max Seat #2 is the button
Seat 1: 99cb6169 (24,657 in chips)
Seat 2: f1e7a42e (19,100 in chips)
Seat 3: db14ad91 (73,989 in chips)
Seat 4: c43a5192 (16,701 in chips)
Seat 5: 9d760df3 (29,751 in chips)
Seat 6: 6b4168c5 (30,817 in chips)
Seat 7: Hero (9,875 in chips)
Seat 8: 3b421e7a (7,165 in chips)
6b4168c5: posts the ante 125
9d760df3: posts the ante 125
c43a5192: posts the ante 125
db14ad91: posts the ante 125
Hero: posts the ante 125
f1e7a42e: posts the ante 125
99cb6169: posts the ante 125
3b421e7a: posts the ante 125
db14ad91: posts small blind 500
c43a5192: posts big blind 1,000
*** HOLE CARDS ***
Dealt to 99cb6169 
Dealt to f1e7a42e 
Dealt to db14ad91 
Dealt to c43a5192 
Dealt to 9d760df3 
Dealt to 6b4168c5 
Dealt to Hero [3s 2s]
Dealt to 3b421e7a 
9d760df3: raises 1,100 to 2,100
6b4168c5: folds
Hero: folds
3b421e7a: folds
99cb6169: folds
f1e7a42e: folds
db14ad91: calls 1,600
c43a5192: calls 1,100
*** FLOP *** [Kc 4c 9h]
db14ad91: checks
c43a5192: checks
9d760df3: bets 2,555
db14ad91: raises 5,213 to 7,768
c43a5192: folds
9d760df3: raises 10,213 to 17,981
db14ad91: raises 35,475 to 53,456
9d760df3: calls 9,545 and is all-in
Uncalled bet (25,930) returned to db14ad91
db14ad91: shows [9c Ac] (Pair of Nines)
9d760df3: shows [Kh Ks] (Three Kings)
*** TURN *** [Kc 4c 9h] [Jd]
*** RIVER *** [Kc 4c 9h Jd] [Jh]
*** SHOWDOWN ***
9d760df3 collected 62,352 from pot
*** SUMMARY ***
Total pot 62,352 | Rake 0 | Jackpot 0 | Bingo 0 | Fortune 0 | Tax 0
Board [Kc 4c 9h Jd Jh]
Seat 1: 99cb6169 folded before Flop
Seat 2: f1e7a42e (button) folded before Flop
Seat 3: db14ad91 (small blind) showed [9c Ac] and lost with Pair of Jacks and Pair of Nines
Seat 4: c43a5192 (big blind) folded on the Flop
Seat 5: 9d760df3 showed [Kh Ks] and won (62,352) with Kings Full over Jacks
Seat 6: 6b4168c5 folded before Flop
Seat 7: Hero folded before Flop
Seat 8: 3b421e7a folded before Flop


Poker Hand #TM2937162858: Tournament #125496200, Daily Big $20 Hold'em No Limit - Level14(500/1,000) - 2024/02/07 15:52:35
Table '28' 8-max Seat #1 is the button
Seat 1: 99cb6169 (20,182 in chips)
Seat 2: f1e7a42e (19,725 in chips)
Seat 3: db14ad91 (75,114 in chips)
Seat 4: c43a5192 (18,926 in chips)
Seat 5: 9d760df3 (29,876 in chips)
Seat 6: 6b4168c5 (30,942 in chips)
Seat 7: Hero (10,000 in chips)
Seat 8: 3b421e7a (7,290 in chips)
6b4168c5: posts the ante 125
9d760df3: posts the ante 125
c43a5192: posts the ante 125
db14ad91: posts the ante 125
Hero: posts the ante 125
f1e7a42e: posts the ante 125
99cb6169: posts the ante 125
3b421e7a: posts the ante 125
f1e7a42e: posts small blind 500
db14ad91: posts big blind 1,000
*** HOLE CARDS ***
Dealt to 99cb6169 
Dealt to f1e7a42e 
Dealt to db14ad91 
Dealt to c43a5192 
Dealt to 9d760df3 
Dealt to 6b4168c5 
Dealt to Hero [Qh Ts]
Dealt to 3b421e7a 
c43a5192: raises 1,100 to 2,100
9d760df3: folds
6b4168c5: folds
Hero: folds
3b421e7a: folds
99cb6169: raises 17,957 to 20,057 and is all-in
f1e7a42e: folds
db14ad91: folds
c43a5192: folds
Uncalled bet (17,957) returned to 99cb6169
*** SHOWDOWN ***
99cb6169 collected 6,700 from pot
*** SUMMARY ***
Total pot 6,700 | Rake 0 | Jackpot 0 | Bingo 0 | Fortune 0 | Tax 0
Seat 1: 99cb6169 (button) collected (6,700)
Seat 2: f1e7a42e (small blind) folded before Flop
Seat 3: db14ad91 (big blind) folded before Flop
Seat 4: c43a5192 folded before Flop
Seat 5: 9d760df3 folded before Flop
Seat 6: 6b4168c5 folded before Flop
Seat 7: Hero folded before Flop
Seat 8: 3b421e7a folded before Flop


