Poker Hand #TM3008467517: Tournament #128708589, Daily Big $15 Hold'em No Limit - Level12(350/700) - 2024/02/26 13:40:52
Table '28' 8-max Seat #6 is the button
Seat 1: 91b28690 (23,820 in chips)
Seat 2: f4506a1b (8,388 in chips)
Seat 3: 67cf4193 (3,840 in chips)
Seat 4: db4b4095 (28,645 in chips)
Seat 5: 11163363 (21,220 in chips)
Seat 6: 982de30a (27,395 in chips)
Seat 7: d156b977 (14,616 in chips)
Seat 8: Hero (7,698 in chips)
982de30a: posts the ante 85
d156b977: posts the ante 85
91b28690: posts the ante 85
Hero: posts the ante 85
db4b4095: posts the ante 85
f4506a1b: posts the ante 85
67cf4193: posts the ante 85
11163363: posts the ante 85
d156b977: posts small blind 350
Hero: posts big blind 700
*** HOLE CARDS ***
Dealt to 91b28690 
Dealt to f4506a1b 
Dealt to 67cf4193 
Dealt to db4b4095 
Dealt to 11163363 
Dealt to 982de30a 
Dealt to d156b977 
Dealt to Hero [Js As]
91b28690: raises 1,400 to 2,100
f4506a1b: folds
67cf4193: folds
db4b4095: folds
11163363: calls 2,100
982de30a: folds
d156b977: folds
Hero: raises 5,513 to 7,613 and is all-in
91b28690: calls 5,513
11163363: folds
Hero: shows [Js As]
91b28690: shows [8h Ah]
*** FLOP *** [7d Qh 4h]
*** TURN *** [7d Qh 4h] [Qs]
*** RIVER *** [7d Qh 4h Qs] [3h]
*** SHOWDOWN ***
91b28690 collected 18,356 from pot
*** SUMMARY ***
Total pot 18,356 | Rake 0 | Jackpot 0 | Bingo 0 | Fortune 0 | Tax 0
Board [7d Qh 4h Qs 3h]
Seat 1: 91b28690 showed [8h Ah] and won (18,356) with Ace High Flush
Seat 2: f4506a1b folded before Flop
Seat 3: 67cf4193 folded before Flop
Seat 4: db4b4095 folded before Flop
Seat 5: 11163363 folded before Flop
Seat 6: 982de30a (button) folded before Flop
Seat 7: d156b977 (small blind) folded before Flop
Seat 8: Hero (big blind) showed [Js As] and lost with Pair of Queens


Poker Hand #TM3008467472: Tournament #128708589, Daily Big $15 Hold'em No Limit - Level12(350/700) - 2024/02/26 13:40:06
Table '28' 8-max Seat #5 is the button
Seat 1: 91b28690 (23,905 in chips)
Seat 2: f4506a1b (8,473 in chips)
Seat 3: 67cf4193 (1,315 in chips)
Seat 4: db4b4095 (28,730 in chips)
Seat 5: 11163363 (21,305 in chips)
Seat 6: 982de30a (28,710 in chips)
Seat 7: d156b977 (15,401 in chips)
Seat 8: Hero (7,783 in chips)
d156b977: posts the ante 85
982de30a: posts the ante 85
91b28690: posts the ante 85
Hero: posts the ante 85
db4b4095: posts the ante 85
f4506a1b: posts the ante 85
67cf4193: posts the ante 85
11163363: posts the ante 85
982de30a: posts small blind 350
d156b977: posts big blind 700
*** HOLE CARDS ***
Dealt to 91b28690 
Dealt to f4506a1b 
Dealt to 67cf4193 
Dealt to db4b4095 
Dealt to 11163363 
Dealt to 982de30a 
Dealt to d156b977 
Dealt to Hero [Jc 9h]
Hero: folds
91b28690: folds
f4506a1b: folds
67cf4193: raises 530 to 1,230 and is all-in
db4b4095: folds
11163363: folds
982de30a: raises 700 to 1,930
d156b977: folds
Uncalled bet (700) returned to 982de30a
982de30a: shows [4d As]
67cf4193: shows [Js Qh]
*** FLOP *** [7c 2s Jd]
*** TURN *** [7c 2s Jd] [8s]
*** RIVER *** [7c 2s Jd 8s] [Td]
*** SHOWDOWN ***
67cf4193 collected 3,840 from pot
*** SUMMARY ***
Total pot 3,840 | Rake 0 | Jackpot 0 | Bingo 0 | Fortune 0 | Tax 0
Board [7c 2s Jd 8s Td]
Seat 1: 91b28690 folded before Flop
Seat 2: f4506a1b folded before Flop
Seat 3: 67cf4193 showed [Js Qh] and won (3,840) with Pair of Jacks
Seat 4: db4b4095 folded before Flop
Seat 5: 11163363 (button) folded before Flop
Seat 6: 982de30a (small blind) showed [4d As] and lost with Ace-High
Seat 7: d156b977 (big blind) folded before Flop
Seat 8: Hero folded before Flop


Poker Hand #TM3008467445: Tournament #128708589, Daily Big $15 Hold'em No Limit - Level12(350/700) - 2024/02/26 13:39:44
Table '28' 8-max Seat #4 is the button
Seat 1: 91b28690 (22,260 in chips)
Seat 2: f4506a1b (8,558 in chips)
Seat 3: 67cf4193 (1,400 in chips)
Seat 4: db4b4095 (28,815 in chips)
Seat 5: 11163363 (21,740 in chips)
Seat 6: 982de30a (29,495 in chips)
Seat 7: d156b977 (15,486 in chips)
Seat 8: Hero (7,868 in chips)
d156b977: posts the ante 85
982de30a: posts the ante 85
91b28690: posts the ante 85
Hero: posts the ante 85
db4b4095: posts the ante 85
f4506a1b: posts the ante 85
67cf4193: posts the ante 85
11163363: posts the ante 85
11163363: posts small blind 350
982de30a: posts big blind 700
*** HOLE CARDS ***
Dealt to 91b28690 
Dealt to f4506a1b 
Dealt to 67cf4193 
Dealt to db4b4095 
Dealt to 11163363 
Dealt to 982de30a 
Dealt to d156b977 
Dealt to Hero [7s Kh]
d156b977: folds
Hero: folds
91b28690: raises 1,400 to 2,100
f4506a1b: folds
67cf4193: folds
db4b4095: folds
11163363: folds
982de30a: folds
Uncalled bet (1,400) returned to 91b28690
*** SHOWDOWN ***
91b28690 collected 2,430 from pot
*** SUMMARY ***
Total pot 2,430 | Rake 0 | Jackpot 0 | Bingo 0 | Fortune 0 | Tax 0
Seat 1: 91b28690 collected (2,430)
Seat 2: f4506a1b folded before Flop
Seat 3: 67cf4193 folded before Flop
Seat 4: db4b4095 (button) folded before Flop
Seat 5: 11163363 (small blind) folded before Flop
Seat 6: 982de30a (big blind) folded before Flop
Seat 7: d156b977 folded before Flop
Seat 8: Hero folded before Flop


Poker Hand #TM3008467411: Tournament #128708589, Daily Big $15 Hold'em No Limit - Level12(350/700) - 2024/02/26 13:39:18
Table '28' 8-max Seat #3 is the button
Seat 1: 91b28690 (20,615 in chips)
Seat 2: f4506a1b (8,643 in chips)
Seat 3: 67cf4193 (1,485 in chips)
Seat 4: db4b4095 (29,250 in chips)
Seat 5: 11163363 (22,525 in chips)
Seat 6: 982de30a (29,580 in chips)
Seat 7: d156b977 (15,571 in chips)
Seat 8: Hero (7,953 in chips)
d156b977: posts the ante 85
982de30a: posts the ante 85
91b28690: posts the ante 85
Hero: posts the ante 85
db4b4095: posts the ante 85
f4506a1b: posts the ante 85
67cf4193: posts the ante 85
11163363: posts the ante 85
db4b4095: posts small blind 350
11163363: posts big blind 700
*** HOLE CARDS ***
Dealt to 91b28690 
Dealt to f4506a1b 
Dealt to 67cf4193 
Dealt to db4b4095 
Dealt to 11163363 
Dealt to 982de30a 
Dealt to d156b977 
Dealt to Hero [5s Td]
982de30a: folds
d156b977: folds
Hero: folds
91b28690: raises 700 to 1,400
f4506a1b: folds
67cf4193: folds
db4b4095: folds
11163363: folds
Uncalled bet (700) returned to 91b28690
*** SHOWDOWN ***
91b28690 collected 2,430 from pot
*** SUMMARY ***
Total pot 2,430 | Rake 0 | Jackpot 0 | Bingo 0 | Fortune 0 | Tax 0
Seat 1: 91b28690 collected (2,430)
Seat 2: f4506a1b folded before Flop
Seat 3: 67cf4193 (button) folded before Flop
Seat 4: db4b4095 (small blind) folded before Flop
Seat 5: 11163363 (big blind) folded before Flop
Seat 6: 982de30a folded before Flop
Seat 7: d156b977 folded before Flop
Seat 8: Hero folded before Flop


Poker Hand #TM3008467320: Tournament #128708589, Daily Big $15 Hold'em No Limit - Level12(350/700) - 2024/02/26 13:37:56
Table '28' 8-max Seat #2 is the button
Seat 1: 91b28690 (20,700 in chips)
Seat 2: f4506a1b (8,728 in chips)
Seat 3: 67cf4193 (13,920 in chips)
Seat 4: db4b4095 (30,035 in chips)
Seat 5: 11163363 (22,610 in chips)
Seat 6: 982de30a (12,435 in chips)
Seat 7: d156b977 (15,656 in chips)
Seat 8: Hero (11,538 in chips)
d156b977: posts the ante 85
982de30a: posts the ante 85
91b28690: posts the ante 85
Hero: posts the ante 85
db4b4095: posts the ante 85
f4506a1b: posts the ante 85
67cf4193: posts the ante 85
11163363: posts the ante 85
67cf4193: posts small blind 350
db4b4095: posts big blind 700
*** HOLE CARDS ***
Dealt to 91b28690 
Dealt to f4506a1b 
Dealt to 67cf4193 
Dealt to db4b4095 
Dealt to 11163363 
Dealt to 982de30a 
Dealt to d156b977 
Dealt to Hero [Ad 7d]
11163363: folds
982de30a: raises 700 to 1,400
d156b977: folds
Hero: raises 2,100 to 3,500
91b28690: folds
f4506a1b: folds
67cf4193: raises 10,335 to 13,835 and is all-in
db4b4095: folds
982de30a: calls 10,950 and is all-in
Hero: folds
Uncalled bet (1,485) returned to 67cf4193
67cf4193: shows [Qh Ah]
982de30a: shows [Kh Ks]
*** FLOP *** [9h 8d Qd]
*** TURN *** [9h 8d Qd] [Td]
*** RIVER *** [9h 8d Qd Td] [8c]
*** SHOWDOWN ***
982de30a collected 29,580 from pot
*** SUMMARY ***
Total pot 29,580 | Rake 0 | Jackpot 0 | Bingo 0 | Fortune 0 | Tax 0
Board [9h 8d Qd Td 8c]
Seat 1: 91b28690 folded before Flop
Seat 2: f4506a1b (button) folded before Flop
Seat 3: 67cf4193 (small blind) showed [Qh Ah] and lost with Pair of Queens and Pair of Eights
Seat 4: db4b4095 (big blind) folded before Flop
Seat 5: 11163363 folded before Flop
Seat 6: 982de30a showed [Kh Ks] and won (29,580) with Pair of Kings and Pair of Eights
Seat 7: d156b977 folded before Flop
Seat 8: Hero folded before Flop


Poker Hand #TM3008467254: Tournament #128708589, Daily Big $15 Hold'em No Limit - Level12(350/700) - 2024/02/26 13:36:58
Table '28' 8-max Seat #1 is the button
Seat 1: 91b28690 (20,785 in chips)
Seat 2: f4506a1b (9,513 in chips)
Seat 3: 67cf4193 (12,625 in chips)
Seat 4: db4b4095 (30,120 in chips)
Seat 5: 11163363 (22,695 in chips)
Seat 6: 982de30a (12,520 in chips)
Seat 7: d156b977 (15,741 in chips)
Seat 8: Hero (11,623 in chips)
d156b977: posts the ante 85
982de30a: posts the ante 85
91b28690: posts the ante 85
Hero: posts the ante 85
db4b4095: posts the ante 85
f4506a1b: posts the ante 85
67cf4193: posts the ante 85
11163363: posts the ante 85
f4506a1b: posts small blind 350
67cf4193: posts big blind 700
*** HOLE CARDS ***
Dealt to 91b28690 
Dealt to f4506a1b 
Dealt to 67cf4193 
Dealt to db4b4095 
Dealt to 11163363 
Dealt to 982de30a 
Dealt to d156b977 
Dealt to Hero [2s 3c]
db4b4095: folds
11163363: folds
982de30a: folds
d156b977: folds
Hero: folds
91b28690: folds
f4506a1b: calls 350
67cf4193: checks
*** FLOP *** [Kd 4h 6h]
f4506a1b: checks
67cf4193: checks
*** TURN *** [Kd 4h 6h] [Js]
f4506a1b: checks
67cf4193: bets 2,260
f4506a1b: folds
Uncalled bet (2,260) returned to 67cf4193
*** SHOWDOWN ***
67cf4193 collected 2,080 from pot
*** SUMMARY ***
Total pot 2,080 | Rake 0 | Jackpot 0 | Bingo 0 | Fortune 0 | Tax 0
Board [Kd 4h 6h Js]
Seat 1: 91b28690 (button) folded before Flop
Seat 2: f4506a1b (small blind) folded on the Turn
Seat 3: 67cf4193 (big blind) won (2,080)
Seat 4: db4b4095 folded before Flop
Seat 5: 11163363 folded before Flop
Seat 6: 982de30a folded before Flop
Seat 7: d156b977 folded before Flop
Seat 8: Hero folded before Flop


Poker Hand #TM3008467162: Tournament #128708589, Daily Big $15 Hold'em No Limit - Level12(350/700) - 2024/02/26 13:35:33
Table '17' 8-max Seat #1 is the button
Seat 1: f41150cf (33,579 in chips)
Seat 2: cf514155 (24,174 in chips)
Seat 4: d42929dd (7,440 in chips)
Seat 5: c23ab3be (11,010 in chips)
Seat 6: ae0460f5 (8,980 in chips)
Seat 7: Hero (11,708 in chips)
Seat 8: 5e358177 (2,172 in chips)
cf514155: posts the ante 85
Hero: posts the ante 85
f41150cf: posts the ante 85
5e358177: posts the ante 85
c23ab3be: posts the ante 85
ae0460f5: posts the ante 85
d42929dd: posts the ante 85
cf514155: posts small blind 350
d42929dd: posts big blind 700
*** HOLE CARDS ***
Dealt to f41150cf 
Dealt to cf514155 
Dealt to d42929dd 
Dealt to c23ab3be 
Dealt to ae0460f5 
Dealt to Hero [3s Jh]
Dealt to 5e358177 
c23ab3be: raises 700 to 1,400
ae0460f5: folds
Hero: folds
5e358177: raises 687 to 2,087 and is all-in
f41150cf: raises 2,100 to 4,187
cf514155: folds
d42929dd: folds
c23ab3be: raises 6,738 to 10,925 and is all-in
f41150cf: calls 6,738
c23ab3be: shows [Tc Th]
5e358177: shows [8h Ad]
f41150cf: shows [Ts As]
*** FLOP *** [8d 5c Ks]
*** TURN *** [8d 5c Ks] [Qs]
*** RIVER *** [8d 5c Ks Qs] [Ac]
*** SHOWDOWN ***
5e358177 collected 7,906 from pot
f41150cf collected 17,676 from pot
*** SUMMARY ***
Total pot 25,582 | Rake 0 | Jackpot 0 | Bingo 0 | Fortune 0 | Tax 0
Board [8d 5c Ks Qs Ac]
Seat 1: f41150cf (button) showed [Ts As] and won (17,676) with Pair of Aces
Seat 2: cf514155 (small blind) folded before Flop
Seat 4: d42929dd (big blind) folded before Flop
Seat 5: c23ab3be showed [Tc Th] and lost with Pair of Tens
Seat 6: ae0460f5 folded before Flop
Seat 7: Hero folded before Flop
Seat 8: 5e358177 showed [8h Ad] and won (7,906) with Pair of Aces and Pair of Eights


Poker Hand #TM3008467108: Tournament #128708589, Daily Big $15 Hold'em No Limit - Level12(350/700) - 2024/02/26 13:34:43
Table '17' 8-max Seat #8 is the button
Seat 1: f41150cf (15,527 in chips)
Seat 2: cf514155 (24,959 in chips)
Seat 3: f4506a1b (20,383 in chips)
Seat 5: c23ab3be (11,095 in chips)
Seat 6: ae0460f5 (10,465 in chips)
Seat 7: Hero (11,793 in chips)
Seat 8: 5e358177 (17,699 in chips)
cf514155: posts the ante 85
Hero: posts the ante 85
f41150cf: posts the ante 85
5e358177: posts the ante 85
f4506a1b: posts the ante 85
c23ab3be: posts the ante 85
ae0460f5: posts the ante 85
f41150cf: posts small blind 350
cf514155: posts big blind 700
*** HOLE CARDS ***
Dealt to f41150cf 
Dealt to cf514155 
Dealt to f4506a1b 
Dealt to c23ab3be 
Dealt to ae0460f5 
Dealt to Hero [9h 5h]
Dealt to 5e358177 
f4506a1b: folds
c23ab3be: folds
ae0460f5: raises 700 to 1,400
Hero: folds
5e358177: raises 16,214 to 17,614 and is all-in
f41150cf: calls 15,092 and is all-in
cf514155: folds
ae0460f5: folds
Uncalled bet (2,172) returned to 5e358177
5e358177: shows [Qc Tc]
f41150cf: shows [As Kd]
*** FLOP *** [7s 4s Qd]
*** TURN *** [7s 4s Qd] [9s]
*** RIVER *** [7s 4s Qd 9s] [Ad]
*** SHOWDOWN ***
f41150cf collected 33,579 from pot
*** SUMMARY ***
Total pot 33,579 | Rake 0 | Jackpot 0 | Bingo 0 | Fortune 0 | Tax 0
Board [7s 4s Qd 9s Ad]
Seat 1: f41150cf (small blind) showed [As Kd] and won (33,579) with Pair of Aces
Seat 2: cf514155 (big blind) folded before Flop
Seat 3: f4506a1b folded before Flop
Seat 5: c23ab3be folded before Flop
Seat 6: ae0460f5 folded before Flop
Seat 7: Hero folded before Flop
Seat 8: 5e358177 (button) showed [Qc Tc] and lost with Pair of Queens


Poker Hand #TM3008467020: Tournament #128708589, Daily Big $15 Hold'em No Limit - Level11(300/600) - 2024/02/26 13:33:30
Table '17' 8-max Seat #7 is the button
Seat 1: f41150cf (16,202 in chips)
Seat 2: cf514155 (17,877 in chips)
Seat 3: f4506a1b (20,458 in chips)
Seat 4: 723b9c00 (5,732 in chips)
Seat 5: c23ab3be (11,170 in chips)
Seat 6: ae0460f5 (10,540 in chips)
Seat 7: Hero (11,868 in chips)
Seat 8: 5e358177 (18,074 in chips)
cf514155: posts the ante 75
Hero: posts the ante 75
f41150cf: posts the ante 75
f4506a1b: posts the ante 75
5e358177: posts the ante 75
c23ab3be: posts the ante 75
ae0460f5: posts the ante 75
723b9c00: posts the ante 75
5e358177: posts small blind 300
f41150cf: posts big blind 600
*** HOLE CARDS ***
Dealt to f41150cf 
Dealt to cf514155 
Dealt to f4506a1b 
Dealt to 723b9c00 
Dealt to c23ab3be 
Dealt to ae0460f5 
Dealt to Hero [Jh 9c]
Dealt to 5e358177 
cf514155: raises 840 to 1,440
f4506a1b: folds
723b9c00: raises 4,217 to 5,657 and is all-in
c23ab3be: folds
ae0460f5: folds
Hero: folds
5e358177: folds
f41150cf: folds
cf514155: calls 4,217
723b9c00: shows [8c 8s]
cf514155: shows [Ah Ad]
*** FLOP *** [6d Td 4s]
*** TURN *** [6d Td 4s] [2h]
*** RIVER *** [6d Td 4s 2h] [6s]
*** SHOWDOWN ***
cf514155 collected 12,814 from pot
*** SUMMARY ***
Total pot 12,814 | Rake 0 | Jackpot 0 | Bingo 0 | Fortune 0 | Tax 0
Board [6d Td 4s 2h 6s]
Seat 1: f41150cf (big blind) folded before Flop
Seat 2: cf514155 showed [Ah Ad] and won (12,814) with Pair of Aces and Pair of Sixes
Seat 3: f4506a1b folded before Flop
Seat 4: 723b9c00 showed [8c 8s] and lost with Pair of Eights and Pair of Sixes
Seat 5: c23ab3be folded before Flop
Seat 6: ae0460f5 folded before Flop
Seat 7: Hero (button) folded before Flop
Seat 8: 5e358177 (small blind) folded before Flop


Poker Hand #TM3008466947: Tournament #128708589, Daily Big $15 Hold'em No Limit - Level11(300/600) - 2024/02/26 13:32:26
Table '17' 8-max Seat #6 is the button
Seat 1: f41150cf (16,277 in chips)
Seat 2: cf514155 (20,780 in chips)
Seat 3: f4506a1b (20,533 in chips)
Seat 4: 723b9c00 (5,807 in chips)
Seat 5: c23ab3be (11,245 in chips)
Seat 6: ae0460f5 (10,615 in chips)
Seat 7: Hero (7,915 in chips)
Seat 8: 5e358177 (18,749 in chips)
cf514155: posts the ante 75
Hero: posts the ante 75
f41150cf: posts the ante 75
f4506a1b: posts the ante 75
5e358177: posts the ante 75
c23ab3be: posts the ante 75
ae0460f5: posts the ante 75
723b9c00: posts the ante 75
Hero: posts small blind 300
5e358177: posts big blind 600
*** HOLE CARDS ***
Dealt to f41150cf 
Dealt to cf514155 
Dealt to f4506a1b 
Dealt to 723b9c00 
Dealt to c23ab3be 
Dealt to ae0460f5 
Dealt to Hero [2s 2c]
Dealt to 5e358177 
f41150cf: folds
cf514155: raises 840 to 1,440
f4506a1b: folds
723b9c00: folds
c23ab3be: folds
ae0460f5: folds
Hero: calls 1,140
5e358177: folds
*** FLOP *** [3d 2d 4h]
Hero: checks
cf514155: bets 1,388
Hero: raises 5,012 to 6,400 and is all-in
cf514155: folds
Uncalled bet (5,012) returned to Hero
*** SHOWDOWN ***
Hero collected 6,856 from pot
*** SUMMARY ***
Total pot 6,856 | Rake 0 | Jackpot 0 | Bingo 0 | Fortune 0 | Tax 0
Board [3d 2d 4h]
Seat 1: f41150cf folded before Flop
Seat 2: cf514155 folded on the Flop
Seat 3: f4506a1b folded before Flop
Seat 4: 723b9c00 folded before Flop
Seat 5: c23ab3be folded before Flop
Seat 6: ae0460f5 (button) folded before Flop
Seat 7: Hero (small blind) won (6,856)
Seat 8: 5e358177 (big blind) folded before Flop


Poker Hand #TM3008466893: Tournament #128708589, Daily Big $15 Hold'em No Limit - Level11(300/600) - 2024/02/26 13:31:47
Table '17' 8-max Seat #5 is the button
Seat 1: f41150cf (16,352 in chips)
Seat 3: f4506a1b (21,808 in chips)
Seat 4: 723b9c00 (5,882 in chips)
Seat 5: c23ab3be (8,695 in chips)
Seat 6: ae0460f5 (10,990 in chips)
Seat 7: Hero (8,590 in chips)
Seat 8: 5e358177 (18,824 in chips)
Hero: posts the ante 75
f41150cf: posts the ante 75
f4506a1b: posts the ante 75
5e358177: posts the ante 75
c23ab3be: posts the ante 75
ae0460f5: posts the ante 75
723b9c00: posts the ante 75
ae0460f5: posts small blind 300
Hero: posts big blind 600
*** HOLE CARDS ***
Dealt to f41150cf 
Dealt to f4506a1b 
Dealt to 723b9c00 
Dealt to c23ab3be 
Dealt to ae0460f5 
Dealt to Hero [Kh 9c]
Dealt to 5e358177 
5e358177: folds
f41150cf: folds
f4506a1b: raises 600 to 1,200
723b9c00: folds
c23ab3be: raises 7,420 to 8,620 and is all-in
ae0460f5: folds
Hero: folds
f4506a1b: folds
Uncalled bet (7,420) returned to c23ab3be
*** SHOWDOWN ***
c23ab3be collected 3,825 from pot
*** SUMMARY ***
Total pot 3,825 | Rake 0 | Jackpot 0 | Bingo 0 | Fortune 0 | Tax 0
Seat 1: f41150cf folded before Flop
Seat 3: f4506a1b folded before Flop
Seat 4: 723b9c00 folded before Flop
Seat 5: c23ab3be (button) collected (3,825)
Seat 6: ae0460f5 (small blind) folded before Flop
Seat 7: Hero (big blind) folded before Flop
Seat 8: 5e358177 folded before Flop


Poker Hand #TM3008466862: Tournament #128708589, Daily Big $15 Hold'em No Limit - Level11(300/600) - 2024/02/26 13:31:14
Table '17' 8-max Seat #4 is the button
Seat 1: f41150cf (17,627 in chips)
Seat 2: 4f1df43 (12,907 in chips)
Seat 3: f4506a1b (19,183 in chips)
Seat 4: 723b9c00 (5,957 in chips)
Seat 5: c23ab3be (9,070 in chips)
Seat 6: ae0460f5 (11,665 in chips)
Seat 7: Hero (8,665 in chips)
Seat 8: 5e358177 (18,899 in chips)
Hero: posts the ante 75
f41150cf: posts the ante 75
f4506a1b: posts the ante 75
5e358177: posts the ante 75
4f1df43: posts the ante 75
c23ab3be: posts the ante 75
ae0460f5: posts the ante 75
723b9c00: posts the ante 75
c23ab3be: posts small blind 300
ae0460f5: posts big blind 600
*** HOLE CARDS ***
Dealt to f41150cf 
Dealt to 4f1df43 
Dealt to f4506a1b 
Dealt to 723b9c00 
Dealt to c23ab3be 
Dealt to ae0460f5 
Dealt to Hero [2d Ah]
Dealt to 5e358177 
Hero: folds
5e358177: folds
f41150cf: raises 600 to 1,200
4f1df43: folds
f4506a1b: raises 2,400 to 3,600
723b9c00: folds
c23ab3be: folds
ae0460f5: folds
f41150cf: folds
Uncalled bet (2,400) returned to f4506a1b
*** SHOWDOWN ***
f4506a1b collected 3,900 from pot
*** SUMMARY ***
Total pot 3,900 | Rake 0 | Jackpot 0 | Bingo 0 | Fortune 0 | Tax 0
Seat 1: f41150cf folded before Flop
Seat 2: 4f1df43 folded before Flop
Seat 3: f4506a1b collected (3,900)
Seat 4: 723b9c00 (button) folded before Flop
Seat 5: c23ab3be (small blind) folded before Flop
Seat 6: ae0460f5 (big blind) folded before Flop
Seat 7: Hero folded before Flop
Seat 8: 5e358177 folded before Flop


Poker Hand #TM3008535335: Tournament #128708589, Daily Big $15 Hold'em No Limit - Level11(300/600) - 2024/02/26 13:30:09
Table '19' 8-max Seat #8 is the button
Seat 1: 72e6a8f8 (24,693 in chips)
Seat 2: c0b0e4ef (8,587 in chips)
Seat 3: 7cc5310 (14,010 in chips)
Seat 4: e8e8f9c4 (11,234 in chips)
Seat 5: 83e2f1dd (7,325 in chips)
Seat 6: 796b0d06 (15,083 in chips)
Seat 7: Hero (8,740 in chips)
Seat 8: 4768dc22 (3,202 in chips)
c0b0e4ef: posts the ante 75
e8e8f9c4: posts the ante 75
7cc5310: posts the ante 75
83e2f1dd: posts the ante 75
Hero: posts the ante 75
796b0d06: posts the ante 75
4768dc22: posts the ante 75
72e6a8f8: posts the ante 75
72e6a8f8: posts small blind 300
c0b0e4ef: posts big blind 600
*** HOLE CARDS ***
Dealt to 72e6a8f8 
Dealt to c0b0e4ef 
Dealt to 7cc5310 
Dealt to e8e8f9c4 
Dealt to 83e2f1dd 
Dealt to 796b0d06 
Dealt to Hero [4s 7h]
Dealt to 4768dc22 
7cc5310: folds
e8e8f9c4: folds
83e2f1dd: folds
796b0d06: folds
Hero: folds
4768dc22: raises 2,527 to 3,127 and is all-in
72e6a8f8: raises 5,873 to 9,000
c0b0e4ef: folds
Uncalled bet (5,873) returned to 72e6a8f8
72e6a8f8: shows [9h 9c]
4768dc22: shows [Qd Qc]
*** FLOP *** [Kc 8h 3h]
*** TURN *** [Kc 8h 3h] [9d]
*** RIVER *** [Kc 8h 3h 9d] [Ad]
*** SHOWDOWN ***
72e6a8f8 collected 7,454 from pot
*** SUMMARY ***
Total pot 7,454 | Rake 0 | Jackpot 0 | Bingo 0 | Fortune 0 | Tax 0
Board [Kc 8h 3h 9d Ad]
Seat 1: 72e6a8f8 (small blind) showed [9h 9c] and won (7,454) with Three Nines
Seat 2: c0b0e4ef (big blind) folded before Flop
Seat 3: 7cc5310 folded before Flop
Seat 4: e8e8f9c4 folded before Flop
Seat 5: 83e2f1dd folded before Flop
Seat 6: 796b0d06 folded before Flop
Seat 7: Hero folded before Flop
Seat 8: 4768dc22 (button) showed [Qd Qc] and lost with Pair of Queens


Poker Hand #TM3008535264: Tournament #128708589, Daily Big $15 Hold'em No Limit - Level11(300/600) - 2024/02/26 13:28:59
Table '19' 8-max Seat #7 is the button
Seat 1: 72e6a8f8 (21,843 in chips)
Seat 2: c0b0e4ef (8,662 in chips)
Seat 3: 7cc5310 (14,085 in chips)
Seat 4: e8e8f9c4 (11,309 in chips)
Seat 5: 83e2f1dd (9,425 in chips)
Seat 6: 796b0d06 (15,158 in chips)
Seat 7: Hero (8,815 in chips)
Seat 8: 4768dc22 (3,577 in chips)
c0b0e4ef: posts the ante 75
e8e8f9c4: posts the ante 75
7cc5310: posts the ante 75
83e2f1dd: posts the ante 75
Hero: posts the ante 75
796b0d06: posts the ante 75
4768dc22: posts the ante 75
72e6a8f8: posts the ante 75
4768dc22: posts small blind 300
72e6a8f8: posts big blind 600
*** HOLE CARDS ***
Dealt to 72e6a8f8 
Dealt to c0b0e4ef 
Dealt to 7cc5310 
Dealt to e8e8f9c4 
Dealt to 83e2f1dd 
Dealt to 796b0d06 
Dealt to Hero [5h Jc]
Dealt to 4768dc22 
c0b0e4ef: folds
7cc5310: folds
e8e8f9c4: folds
83e2f1dd: raises 600 to 1,200
796b0d06: folds
Hero: folds
4768dc22: folds
72e6a8f8: calls 600
*** FLOP *** [Qc 3s 7s]
72e6a8f8: checks
83e2f1dd: bets 825
72e6a8f8: raises 1,485 to 2,310
83e2f1dd: folds
Uncalled bet (1,485) returned to 72e6a8f8
*** SHOWDOWN ***
72e6a8f8 collected 4,950 from pot
*** SUMMARY ***
Total pot 4,950 | Rake 0 | Jackpot 0 | Bingo 0 | Fortune 0 | Tax 0
Board [Qc 3s 7s]
Seat 1: 72e6a8f8 (big blind) won (4,950)
Seat 2: c0b0e4ef folded before Flop
Seat 3: 7cc5310 folded before Flop
Seat 4: e8e8f9c4 folded before Flop
Seat 5: 83e2f1dd folded on the Flop
Seat 6: 796b0d06 folded before Flop
Seat 7: Hero (button) folded before Flop
Seat 8: 4768dc22 (small blind) folded before Flop


Poker Hand #TM3008535232: Tournament #128708589, Daily Big $15 Hold'em No Limit - Level11(300/600) - 2024/02/26 13:28:33
Table '19' 8-max Seat #6 is the button
Seat 1: 72e6a8f8 (21,918 in chips)
Seat 2: c0b0e4ef (8,737 in chips)
Seat 3: 7cc5310 (12,660 in chips)
Seat 4: e8e8f9c4 (11,384 in chips)
Seat 5: 83e2f1dd (9,500 in chips)
Seat 6: 796b0d06 (15,233 in chips)
Seat 7: Hero (9,190 in chips)
Seat 8: 4768dc22 (4,252 in chips)
c0b0e4ef: posts the ante 75
e8e8f9c4: posts the ante 75
7cc5310: posts the ante 75
83e2f1dd: posts the ante 75
Hero: posts the ante 75
796b0d06: posts the ante 75
4768dc22: posts the ante 75
72e6a8f8: posts the ante 75
Hero: posts small blind 300
4768dc22: posts big blind 600
*** HOLE CARDS ***
Dealt to 72e6a8f8 
Dealt to c0b0e4ef 
Dealt to 7cc5310 
Dealt to e8e8f9c4 
Dealt to 83e2f1dd 
Dealt to 796b0d06 
Dealt to Hero [9d Kc]
Dealt to 4768dc22 
72e6a8f8: folds
c0b0e4ef: folds
7cc5310: raises 600 to 1,200
e8e8f9c4: folds
83e2f1dd: folds
796b0d06: folds
Hero: folds
4768dc22: folds
Uncalled bet (600) returned to 7cc5310
*** SHOWDOWN ***
7cc5310 collected 2,100 from pot
*** SUMMARY ***
Total pot 2,100 | Rake 0 | Jackpot 0 | Bingo 0 | Fortune 0 | Tax 0
Seat 1: 72e6a8f8 folded before Flop
Seat 2: c0b0e4ef folded before Flop
Seat 3: 7cc5310 collected (2,100)
Seat 4: e8e8f9c4 folded before Flop
Seat 5: 83e2f1dd folded before Flop
Seat 6: 796b0d06 (button) folded before Flop
Seat 7: Hero (small blind) folded before Flop
Seat 8: 4768dc22 (big blind) folded before Flop


Poker Hand #TM3008535187: Tournament #128708589, Daily Big $15 Hold'em No Limit - Level11(300/600) - 2024/02/26 13:27:51
Table '19' 8-max Seat #5 is the button
Seat 1: 72e6a8f8 (21,993 in chips)
Seat 2: c0b0e4ef (8,812 in chips)
Seat 3: 7cc5310 (12,735 in chips)
Seat 4: e8e8f9c4 (11,459 in chips)
Seat 5: 83e2f1dd (10,775 in chips)
Seat 6: 796b0d06 (12,908 in chips)
Seat 7: Hero (9,865 in chips)
Seat 8: 4768dc22 (4,327 in chips)
c0b0e4ef: posts the ante 75
e8e8f9c4: posts the ante 75
7cc5310: posts the ante 75
83e2f1dd: posts the ante 75
Hero: posts the ante 75
796b0d06: posts the ante 75
4768dc22: posts the ante 75
72e6a8f8: posts the ante 75
796b0d06: posts small blind 300
Hero: posts big blind 600
*** HOLE CARDS ***
Dealt to 72e6a8f8 
Dealt to c0b0e4ef 
Dealt to 7cc5310 
Dealt to e8e8f9c4 
Dealt to 83e2f1dd 
Dealt to 796b0d06 
Dealt to Hero [2d 4d]
Dealt to 4768dc22 
4768dc22: folds
72e6a8f8: folds
c0b0e4ef: folds
7cc5310: folds
e8e8f9c4: folds
83e2f1dd: raises 600 to 1,200
796b0d06: raises 11,633 to 12,833 and is all-in
Hero: folds
83e2f1dd: folds
Uncalled bet (11,633) returned to 796b0d06
*** SHOWDOWN ***
796b0d06 collected 3,600 from pot
*** SUMMARY ***
Total pot 3,600 | Rake 0 | Jackpot 0 | Bingo 0 | Fortune 0 | Tax 0
Seat 1: 72e6a8f8 folded before Flop
Seat 2: c0b0e4ef folded before Flop
Seat 3: 7cc5310 folded before Flop
Seat 4: e8e8f9c4 folded before Flop
Seat 5: 83e2f1dd (button) folded before Flop
Seat 6: 796b0d06 (small blind) collected (3,600)
Seat 7: Hero (big blind) folded before Flop
Seat 8: 4768dc22 folded before Flop


Poker Hand #TM3008535136: Tournament #128708589, Daily Big $15 Hold'em No Limit - Level11(300/600) - 2024/02/26 13:27:03
Table '19' 8-max Seat #4 is the button
Seat 1: 72e6a8f8 (23,328 in chips)
Seat 2: c0b0e4ef (8,887 in chips)
Seat 3: 7cc5310 (12,810 in chips)
Seat 4: e8e8f9c4 (11,534 in chips)
Seat 5: 83e2f1dd (8,390 in chips)
Seat 6: 796b0d06 (13,583 in chips)
Seat 7: Hero (9,940 in chips)
Seat 8: 4768dc22 (4,402 in chips)
c0b0e4ef: posts the ante 75
e8e8f9c4: posts the ante 75
7cc5310: posts the ante 75
83e2f1dd: posts the ante 75
Hero: posts the ante 75
796b0d06: posts the ante 75
4768dc22: posts the ante 75
72e6a8f8: posts the ante 75
83e2f1dd: posts small blind 300
796b0d06: posts big blind 600
*** HOLE CARDS ***
Dealt to 72e6a8f8 
Dealt to c0b0e4ef 
Dealt to 7cc5310 
Dealt to e8e8f9c4 
Dealt to 83e2f1dd 
Dealt to 796b0d06 
Dealt to Hero [8h Jd]
Dealt to 4768dc22 
Hero: folds
4768dc22: folds
72e6a8f8: raises 660 to 1,260
c0b0e4ef: folds
7cc5310: folds
e8e8f9c4: folds
83e2f1dd: raises 7,055 to 8,315 and is all-in
796b0d06: folds
72e6a8f8: folds
Uncalled bet (7,055) returned to 83e2f1dd
*** SHOWDOWN ***
83e2f1dd collected 3,720 from pot
*** SUMMARY ***
Total pot 3,720 | Rake 0 | Jackpot 0 | Bingo 0 | Fortune 0 | Tax 0
Seat 1: 72e6a8f8 folded before Flop
Seat 2: c0b0e4ef folded before Flop
Seat 3: 7cc5310 folded before Flop
Seat 4: e8e8f9c4 (button) folded before Flop
Seat 5: 83e2f1dd (small blind) collected (3,720)
Seat 6: 796b0d06 (big blind) folded before Flop
Seat 7: Hero folded before Flop
Seat 8: 4768dc22 folded before Flop


Poker Hand #TM3008535091: Tournament #128708589, Daily Big $15 Hold'em No Limit - Level10(250/500) - 2024/02/26 13:26:20
Table '19' 8-max Seat #3 is the button
Seat 1: 72e6a8f8 (23,388 in chips)
Seat 2: c0b0e4ef (9,947 in chips)
Seat 3: 7cc5310 (10,640 in chips)
Seat 4: e8e8f9c4 (11,844 in chips)
Seat 5: 83e2f1dd (8,950 in chips)
Seat 6: 796b0d06 (13,643 in chips)
Seat 7: Hero (10,000 in chips)
Seat 8: 4768dc22 (4,462 in chips)
c0b0e4ef: posts the ante 60
7cc5310: posts the ante 60
e8e8f9c4: posts the ante 60
83e2f1dd: posts the ante 60
Hero: posts the ante 60
796b0d06: posts the ante 60
4768dc22: posts the ante 60
72e6a8f8: posts the ante 60
e8e8f9c4: posts small blind 250
83e2f1dd: posts big blind 500
*** HOLE CARDS ***
Dealt to 72e6a8f8 
Dealt to c0b0e4ef 
Dealt to 7cc5310 
Dealt to e8e8f9c4 
Dealt to 83e2f1dd 
Dealt to 796b0d06 
Dealt to Hero [2c 9s]
Dealt to 4768dc22 
796b0d06: folds
Hero: folds
4768dc22: folds
72e6a8f8: folds
c0b0e4ef: raises 500 to 1,000
7cc5310: raises 1,500 to 2,500
e8e8f9c4: folds
83e2f1dd: folds
c0b0e4ef: folds
Uncalled bet (1,500) returned to 7cc5310
*** SHOWDOWN ***
7cc5310 collected 3,230 from pot
*** SUMMARY ***
Total pot 3,230 | Rake 0 | Jackpot 0 | Bingo 0 | Fortune 0 | Tax 0
Seat 1: 72e6a8f8 folded before Flop
Seat 2: c0b0e4ef folded before Flop
Seat 3: 7cc5310 (button) collected (3,230)
Seat 4: e8e8f9c4 (small blind) folded before Flop
Seat 5: 83e2f1dd (big blind) folded before Flop
Seat 6: 796b0d06 folded before Flop
Seat 7: Hero folded before Flop
Seat 8: 4768dc22 folded before Flop


