Poker Hand #TM2927303493: Tournament #125022911, Sunday Big $20 Hold'em No Limit - Level16(800/1,600) - 2024/02/04 20:16:56
Table '25' 8-max Seat #1 is the button
Seat 1: a0afea34 (3,575 in chips)
Seat 2: e9cd1fd7 (23,644 in chips)
Seat 3: Hero (1,075 in chips)
Seat 4: c5277554 (32,624 in chips)
Seat 5: edfcf89 (15,211 in chips)
Seat 6: e7bc6abc (4,875 in chips)
Seat 7: 9b20b90 (16,150 in chips)
Seat 8: 8ecdaf72 (16,729 in chips)
a0afea34: posts the ante 200
edfcf89: posts the ante 200
Hero: posts the ante 200
8ecdaf72: posts the ante 200
e7bc6abc: posts the ante 200
c5277554: posts the ante 200
9b20b90: posts the ante 200
e9cd1fd7: posts the ante 200
e9cd1fd7: posts small blind 800
Hero: posts big blind 875
*** HOLE CARDS ***
Dealt to a0afea34 
Dealt to e9cd1fd7 
Dealt to Hero [3s Kh]
Dealt to c5277554 
Dealt to edfcf89 
Dealt to e7bc6abc 
Dealt to 9b20b90 
Dealt to 8ecdaf72 
c5277554: folds
edfcf89: raises 13,411 to 15,011 and is all-in
e7bc6abc: calls 4,675 and is all-in
9b20b90: folds
8ecdaf72: calls 15,011
a0afea34: folds
e9cd1fd7: folds
edfcf89: shows [Kd Qs]
e7bc6abc: shows [9d Ad]
8ecdaf72: shows [Qd Qc]
Hero: shows [3s Kh]
*** FLOP *** [4c 6c 2s]
*** TURN *** [4c 6c 2s] [Ah]
*** RIVER *** [4c 6c 2s Ah] [6d]
*** SHOWDOWN ***
e7bc6abc collected 5,900 from pot
e7bc6abc collected 11,400 from pot
8ecdaf72 collected 20,672 from pot
*** SUMMARY ***
Total pot 37,972 | Rake 0 | Jackpot 0 | Bingo 0 | Fortune 0 | Tax 0
Board [4c 6c 2s Ah 6d]
Seat 1: a0afea34 (button) folded before Flop
Seat 2: e9cd1fd7 (small blind) folded before Flop
Seat 3: Hero (big blind) showed [3s Kh] and lost with Pair of Sixes
Seat 4: c5277554 folded before Flop
Seat 5: edfcf89 showed [Kd Qs] and lost with Pair of Sixes
Seat 6: e7bc6abc showed [9d Ad] and won (17,300) with Pair of Aces and Pair of Sixes
Seat 7: 9b20b90 folded before Flop
Seat 8: 8ecdaf72 showed [Qd Qc] and won (20,672) with Pair of Queens and Pair of Sixes


Poker Hand #TM2927303407: Tournament #125022911, Sunday Big $20 Hold'em No Limit - Level15(600/1,200) - 2024/02/04 20:15:29
Table '25' 8-max Seat #8 is the button
Seat 1: a0afea34 (4,325 in chips)
Seat 2: e9cd1fd7 (26,194 in chips)
Seat 3: Hero (1,225 in chips)
Seat 4: c5277554 (28,574 in chips)
Seat 5: edfcf89 (15,361 in chips)
Seat 6: e7bc6abc (5,025 in chips)
Seat 7: 9b20b90 (16,300 in chips)
Seat 8: 8ecdaf72 (16,879 in chips)
a0afea34: posts the ante 150
edfcf89: posts the ante 150
Hero: posts the ante 150
8ecdaf72: posts the ante 150
e7bc6abc: posts the ante 150
c5277554: posts the ante 150
9b20b90: posts the ante 150
e9cd1fd7: posts the ante 150
a0afea34: posts small blind 600
e9cd1fd7: posts big blind 1,200
*** HOLE CARDS ***
Dealt to a0afea34 
Dealt to e9cd1fd7 
Dealt to Hero [Ts 6s]
Dealt to c5277554 
Dealt to edfcf89 
Dealt to e7bc6abc 
Dealt to 9b20b90 
Dealt to 8ecdaf72 
Hero: folds
c5277554: raises 1,200 to 2,400
edfcf89: folds
e7bc6abc: folds
9b20b90: folds
8ecdaf72: folds
a0afea34: folds
e9cd1fd7: calls 1,200
*** FLOP *** [3h 4s 3d]
e9cd1fd7: checks
c5277554: bets 3,000
e9cd1fd7: folds
Uncalled bet (3,000) returned to c5277554
*** SHOWDOWN ***
c5277554 collected 6,600 from pot
*** SUMMARY ***
Total pot 6,600 | Rake 0 | Jackpot 0 | Bingo 0 | Fortune 0 | Tax 0
Board [3h 4s 3d]
Seat 1: a0afea34 (small blind) folded before Flop
Seat 2: e9cd1fd7 (big blind) folded on the Flop
Seat 3: Hero folded before Flop
Seat 4: c5277554 won (6,600)
Seat 5: edfcf89 folded before Flop
Seat 6: e7bc6abc folded before Flop
Seat 7: 9b20b90 folded before Flop
Seat 8: 8ecdaf72 (button) folded before Flop


Poker Hand #TM2927303351: Tournament #125022911, Sunday Big $20 Hold'em No Limit - Level15(600/1,200) - 2024/02/04 20:14:37
Table '25' 8-max Seat #7 is the button
Seat 1: a0afea34 (5,675 in chips)
Seat 2: e9cd1fd7 (26,344 in chips)
Seat 3: Hero (8,025 in chips)
Seat 4: c5277554 (28,724 in chips)
Seat 5: edfcf89 (15,511 in chips)
Seat 6: e7bc6abc (5,175 in chips)
Seat 7: 9b20b90 (6,800 in chips)
Seat 8: 8ecdaf72 (17,629 in chips)
a0afea34: posts the ante 150
edfcf89: posts the ante 150
Hero: posts the ante 150
8ecdaf72: posts the ante 150
e7bc6abc: posts the ante 150
c5277554: posts the ante 150
9b20b90: posts the ante 150
e9cd1fd7: posts the ante 150
8ecdaf72: posts small blind 600
a0afea34: posts big blind 1,200
*** HOLE CARDS ***
Dealt to a0afea34 
Dealt to e9cd1fd7 
Dealt to Hero [9c As]
Dealt to c5277554 
Dealt to edfcf89 
Dealt to e7bc6abc 
Dealt to 9b20b90 
Dealt to 8ecdaf72 
e9cd1fd7: folds
Hero: raises 6,675 to 7,875 and is all-in
c5277554: folds
edfcf89: folds
e7bc6abc: folds
9b20b90: calls 6,650 and is all-in
8ecdaf72: folds
a0afea34: folds
Uncalled bet (1,225) returned to Hero
Hero: shows [9c As]
9b20b90: shows [7c Ac]
*** FLOP *** [Qc Ts 8s]
*** TURN *** [Qc Ts 8s] [9h]
*** RIVER *** [Qc Ts 8s 9h] [6s]
*** SHOWDOWN ***
9b20b90 collected 16,300 from pot
*** SUMMARY ***
Total pot 16,300 | Rake 0 | Jackpot 0 | Bingo 0 | Fortune 0 | Tax 0
Board [Qc Ts 8s 9h 6s]
Seat 1: a0afea34 (big blind) folded before Flop
Seat 2: e9cd1fd7 folded before Flop
Seat 3: Hero showed [9c As] and lost with Pair of Nines
Seat 4: c5277554 folded before Flop
Seat 5: edfcf89 folded before Flop
Seat 6: e7bc6abc folded before Flop
Seat 7: 9b20b90 (button) showed [7c Ac] and won (16,300) with Tens-High Straight
Seat 8: 8ecdaf72 (small blind) folded before Flop


Poker Hand #TM2927303271: Tournament #125022911, Sunday Big $20 Hold'em No Limit - Level15(600/1,200) - 2024/02/04 20:13:15
Table '25' 8-max Seat #6 is the button
Seat 1: a0afea34 (5,825 in chips)
Seat 2: e9cd1fd7 (26,494 in chips)
Seat 3: Hero (8,175 in chips)
Seat 4: c5277554 (22,628 in chips)
Seat 5: edfcf89 (15,661 in chips)
Seat 6: e7bc6abc (5,325 in chips)
Seat 7: 9b20b90 (7,550 in chips)
Seat 8: 8ecdaf72 (22,225 in chips)
a0afea34: posts the ante 150
edfcf89: posts the ante 150
Hero: posts the ante 150
8ecdaf72: posts the ante 150
e7bc6abc: posts the ante 150
c5277554: posts the ante 150
9b20b90: posts the ante 150
e9cd1fd7: posts the ante 150
9b20b90: posts small blind 600
8ecdaf72: posts big blind 1,200
*** HOLE CARDS ***
Dealt to a0afea34 
Dealt to e9cd1fd7 
Dealt to Hero [6h 7c]
Dealt to c5277554 
Dealt to edfcf89 
Dealt to e7bc6abc 
Dealt to 9b20b90 
Dealt to 8ecdaf72 
a0afea34: folds
e9cd1fd7: folds
Hero: folds
c5277554: raises 1,200 to 2,400
edfcf89: folds
e7bc6abc: folds
9b20b90: folds
8ecdaf72: calls 1,200
*** FLOP *** [8s 7h Qc]
8ecdaf72: bets 2,046
c5277554: raises 3,422 to 5,468
8ecdaf72: folds
Uncalled bet (3,422) returned to c5277554
*** SHOWDOWN ***
c5277554 collected 10,692 from pot
*** SUMMARY ***
Total pot 10,692 | Rake 0 | Jackpot 0 | Bingo 0 | Fortune 0 | Tax 0
Board [8s 7h Qc]
Seat 1: a0afea34 folded before Flop
Seat 2: e9cd1fd7 folded before Flop
Seat 3: Hero folded before Flop
Seat 4: c5277554 won (10,692)
Seat 5: edfcf89 folded before Flop
Seat 6: e7bc6abc (button) folded before Flop
Seat 7: 9b20b90 (small blind) folded before Flop
Seat 8: 8ecdaf72 (big blind) folded on the Flop


Poker Hand #TM2927303221: Tournament #125022911, Sunday Big $20 Hold'em No Limit - Level15(600/1,200) - 2024/02/04 20:12:19
Table '25' 8-max Seat #5 is the button
Seat 1: a0afea34 (5,975 in chips)
Seat 3: Hero (8,325 in chips)
Seat 4: c5277554 (10,039 in chips)
Seat 5: edfcf89 (25,700 in chips)
Seat 6: e7bc6abc (6,075 in chips)
Seat 7: 9b20b90 (8,900 in chips)
Seat 8: 8ecdaf72 (22,375 in chips)
a0afea34: posts the ante 150
edfcf89: posts the ante 150
Hero: posts the ante 150
8ecdaf72: posts the ante 150
e7bc6abc: posts the ante 150
c5277554: posts the ante 150
9b20b90: posts the ante 150
e7bc6abc: posts small blind 600
9b20b90: posts big blind 1,200
*** HOLE CARDS ***
Dealt to a0afea34 
Dealt to Hero [3h 7d]
Dealt to c5277554 
Dealt to edfcf89 
Dealt to e7bc6abc 
Dealt to 9b20b90 
Dealt to 8ecdaf72 
8ecdaf72: folds
a0afea34: folds
Hero: folds
c5277554: raises 8,689 to 9,889 and is all-in
edfcf89: calls 9,889
e7bc6abc: folds
9b20b90: folds
c5277554: shows [7s 7c]
edfcf89: shows [Jd Kc]
*** FLOP *** [4s 2s 9h]
*** TURN *** [4s 2s 9h] [Ts]
*** RIVER *** [4s 2s 9h Ts] [Th]
*** SHOWDOWN ***
c5277554 collected 22,628 from pot
*** SUMMARY ***
Total pot 22,628 | Rake 0 | Jackpot 0 | Bingo 0 | Fortune 0 | Tax 0
Board [4s 2s 9h Ts Th]
Seat 1: a0afea34 folded before Flop
Seat 3: Hero folded before Flop
Seat 4: c5277554 showed [7s 7c] and won (22,628) with Pair of Tens and Pair of Sevens
Seat 5: edfcf89 (button) showed [Jd Kc] and lost with Pair of Tens
Seat 6: e7bc6abc (small blind) folded before Flop
Seat 7: 9b20b90 (big blind) folded before Flop
Seat 8: 8ecdaf72 folded before Flop


Poker Hand #TM2927303170: Tournament #125022911, Sunday Big $20 Hold'em No Limit - Level15(600/1,200) - 2024/02/04 20:11:36
Table '25' 8-max Seat #4 is the button
Seat 1: a0afea34 (6,125 in chips)
Seat 3: Hero (8,475 in chips)
Seat 4: c5277554 (10,189 in chips)
Seat 5: edfcf89 (23,600 in chips)
Seat 6: e7bc6abc (7,425 in chips)
Seat 7: 9b20b90 (9,050 in chips)
Seat 8: 8ecdaf72 (22,525 in chips)
a0afea34: posts the ante 150
edfcf89: posts the ante 150
Hero: posts the ante 150
8ecdaf72: posts the ante 150
e7bc6abc: posts the ante 150
c5277554: posts the ante 150
9b20b90: posts the ante 150
edfcf89: posts small blind 600
e7bc6abc: posts big blind 1,200
*** HOLE CARDS ***
Dealt to a0afea34 
Dealt to Hero [7d 9h]
Dealt to c5277554 
Dealt to edfcf89 
Dealt to e7bc6abc 
Dealt to 9b20b90 
Dealt to 8ecdaf72 
9b20b90: folds
8ecdaf72: folds
a0afea34: folds
Hero: folds
c5277554: folds
edfcf89: raises 22,250 to 23,450 and is all-in
e7bc6abc: folds
Uncalled bet (22,250) returned to edfcf89
*** SHOWDOWN ***
edfcf89 collected 3,450 from pot
*** SUMMARY ***
Total pot 3,450 | Rake 0 | Jackpot 0 | Bingo 0 | Fortune 0 | Tax 0
Seat 1: a0afea34 folded before Flop
Seat 3: Hero folded before Flop
Seat 4: c5277554 (button) folded before Flop
Seat 5: edfcf89 (small blind) collected (3,450)
Seat 6: e7bc6abc (big blind) folded before Flop
Seat 7: 9b20b90 folded before Flop
Seat 8: 8ecdaf72 folded before Flop


Poker Hand #TM2927303134: Tournament #125022911, Sunday Big $20 Hold'em No Limit - Level15(600/1,200) - 2024/02/04 20:10:58
Table '25' 8-max Seat #3 is the button
Seat 1: a0afea34 (6,275 in chips)
Seat 3: Hero (8,625 in chips)
Seat 4: c5277554 (10,939 in chips)
Seat 5: edfcf89 (24,950 in chips)
Seat 6: e7bc6abc (7,575 in chips)
Seat 7: 9b20b90 (9,200 in chips)
Seat 8: 8ecdaf72 (19,825 in chips)
a0afea34: posts the ante 150
edfcf89: posts the ante 150
Hero: posts the ante 150
8ecdaf72: posts the ante 150
e7bc6abc: posts the ante 150
c5277554: posts the ante 150
9b20b90: posts the ante 150
c5277554: posts small blind 600
edfcf89: posts big blind 1,200
*** HOLE CARDS ***
Dealt to a0afea34 
Dealt to Hero [Kd Qc]
Dealt to c5277554 
Dealt to edfcf89 
Dealt to e7bc6abc 
Dealt to 9b20b90 
Dealt to 8ecdaf72 
e7bc6abc: folds
9b20b90: folds
8ecdaf72: raises 1,200 to 2,400
a0afea34: folds
Hero: folds
c5277554: folds
edfcf89: folds
Uncalled bet (1,200) returned to 8ecdaf72
*** SHOWDOWN ***
8ecdaf72 collected 4,050 from pot
*** SUMMARY ***
Total pot 4,050 | Rake 0 | Jackpot 0 | Bingo 0 | Fortune 0 | Tax 0
Seat 1: a0afea34 folded before Flop
Seat 3: Hero (button) folded before Flop
Seat 4: c5277554 (small blind) folded before Flop
Seat 5: edfcf89 (big blind) folded before Flop
Seat 6: e7bc6abc folded before Flop
Seat 7: 9b20b90 folded before Flop
Seat 8: 8ecdaf72 collected (4,050)


Poker Hand #TM2927303064: Tournament #125022911, Sunday Big $20 Hold'em No Limit - Level15(600/1,200) - 2024/02/04 20:09:57
Table '25' 8-max Seat #8 is the button
Seat 2: b22045c2 (375 in chips)
Seat 3: Hero (9,975 in chips)
Seat 4: c5277554 (11,089 in chips)
Seat 5: edfcf89 (25,100 in chips)
Seat 6: e7bc6abc (7,725 in chips)
Seat 7: 9b20b90 (9,350 in chips)
Seat 8: 8ecdaf72 (17,500 in chips)
edfcf89: posts the ante 150
Hero: posts the ante 150
8ecdaf72: posts the ante 150
b22045c2: posts the ante 150
e7bc6abc: posts the ante 150
c5277554: posts the ante 150
9b20b90: posts the ante 150
b22045c2: posts small blind 225
Hero: posts big blind 1,200
*** HOLE CARDS ***
Dealt to b22045c2 
Dealt to Hero [2h 3s]
Dealt to c5277554 
Dealt to edfcf89 
Dealt to e7bc6abc 
Dealt to 9b20b90 
Dealt to 8ecdaf72 
c5277554: folds
edfcf89: folds
e7bc6abc: folds
9b20b90: folds
8ecdaf72: raises 16,150 to 17,350 and is all-in
Hero: folds
Uncalled bet (16,150) returned to 8ecdaf72
8ecdaf72: shows [As 7d]
b22045c2: shows [8c Th]
*** FLOP *** [5h Qs Jh]
*** TURN *** [5h Qs Jh] [Qh]
*** RIVER *** [5h Qs Jh Qh] [5c]
*** SHOWDOWN ***
8ecdaf72 collected 1,725 from pot
8ecdaf72 collected 1,950 from pot
*** SUMMARY ***
Total pot 3,675 | Rake 0 | Jackpot 0 | Bingo 0 | Fortune 0 | Tax 0
Board [5h Qs Jh Qh 5c]
Seat 2: b22045c2 (small blind) showed [8c Th] and lost with Pair of Queens and Pair of Fives
Seat 3: Hero (big blind) folded before Flop
Seat 4: c5277554 folded before Flop
Seat 5: edfcf89 folded before Flop
Seat 6: e7bc6abc folded before Flop
Seat 7: 9b20b90 folded before Flop
Seat 8: 8ecdaf72 (button) showed [As 7d] and won (3,675) with Pair of Queens and Pair of Fives


Poker Hand #TM2927303010: Tournament #125022911, Sunday Big $20 Hold'em No Limit - Level15(600/1,200) - 2024/02/04 20:08:55
Table '25' 8-max Seat #7 is the button
Seat 2: b22045c2 (8,750 in chips)
Seat 3: Hero (10,125 in chips)
Seat 4: c5277554 (11,239 in chips)
Seat 5: edfcf89 (25,250 in chips)
Seat 6: e7bc6abc (7,875 in chips)
Seat 7: 9b20b90 (9,500 in chips)
Seat 8: 8ecdaf72 (8,375 in chips)
edfcf89: posts the ante 150
Hero: posts the ante 150
8ecdaf72: posts the ante 150
b22045c2: posts the ante 150
e7bc6abc: posts the ante 150
c5277554: posts the ante 150
9b20b90: posts the ante 150
8ecdaf72: posts small blind 600
b22045c2: posts big blind 1,200
*** HOLE CARDS ***
Dealt to b22045c2 
Dealt to Hero [5s 8d]
Dealt to c5277554 
Dealt to edfcf89 
Dealt to e7bc6abc 
Dealt to 9b20b90 
Dealt to 8ecdaf72 
Hero: folds
c5277554: folds
edfcf89: folds
e7bc6abc: folds
9b20b90: folds
8ecdaf72: raises 7,025 to 8,225 and is all-in
b22045c2: calls 7,025
8ecdaf72: shows [5h Jc]
b22045c2: shows [8s Ad]
*** FLOP *** [7d 9d 3s]
*** TURN *** [7d 9d 3s] [5c]
*** RIVER *** [7d 9d 3s 5c] [3d]
*** SHOWDOWN ***
8ecdaf72 collected 17,500 from pot
*** SUMMARY ***
Total pot 17,500 | Rake 0 | Jackpot 0 | Bingo 0 | Fortune 0 | Tax 0
Board [7d 9d 3s 5c 3d]
Seat 2: b22045c2 (big blind) showed [8s Ad] and lost with Pair of Treys
Seat 3: Hero folded before Flop
Seat 4: c5277554 folded before Flop
Seat 5: edfcf89 folded before Flop
Seat 6: e7bc6abc folded before Flop
Seat 7: 9b20b90 (button) folded before Flop
Seat 8: 8ecdaf72 (small blind) showed [5h Jc] and won (17,500) with Pair of Fives and Pair of Treys


Poker Hand #TM2927302976: Tournament #125022911, Sunday Big $20 Hold'em No Limit - Level14(500/1,000) - 2024/02/04 20:08:21
Table '25' 8-max Seat #6 is the button
Seat 2: b22045c2 (8,875 in chips)
Seat 3: Hero (10,250 in chips)
Seat 4: c5277554 (11,364 in chips)
Seat 5: edfcf89 (25,375 in chips)
Seat 6: e7bc6abc (8,000 in chips)
Seat 7: 9b20b90 (7,750 in chips)
Seat 8: 8ecdaf72 (9,500 in chips)
edfcf89: posts the ante 125
Hero: posts the ante 125
8ecdaf72: posts the ante 125
b22045c2: posts the ante 125
e7bc6abc: posts the ante 125
c5277554: posts the ante 125
9b20b90: posts the ante 125
9b20b90: posts small blind 500
8ecdaf72: posts big blind 1,000
*** HOLE CARDS ***
Dealt to b22045c2 
Dealt to Hero [2s Ts]
Dealt to c5277554 
Dealt to edfcf89 
Dealt to e7bc6abc 
Dealt to 9b20b90 
Dealt to 8ecdaf72 
b22045c2: folds
Hero: folds
c5277554: folds
edfcf89: folds
e7bc6abc: folds
9b20b90: raises 6,625 to 7,625 and is all-in
8ecdaf72: folds
Uncalled bet (6,625) returned to 9b20b90
*** SHOWDOWN ***
9b20b90 collected 2,875 from pot
*** SUMMARY ***
Total pot 2,875 | Rake 0 | Jackpot 0 | Bingo 0 | Fortune 0 | Tax 0
Seat 2: b22045c2 folded before Flop
Seat 3: Hero folded before Flop
Seat 4: c5277554 folded before Flop
Seat 5: edfcf89 folded before Flop
Seat 6: e7bc6abc (button) folded before Flop
Seat 7: 9b20b90 (small blind) collected (2,875)
Seat 8: 8ecdaf72 (big blind) folded before Flop


Poker Hand #TM2927302940: Tournament #125022911, Sunday Big $20 Hold'em No Limit - Level14(500/1,000) - 2024/02/04 20:07:37
Table '25' 8-max Seat #5 is the button
Seat 2: b22045c2 (9,000 in chips)
Seat 3: Hero (10,375 in chips)
Seat 4: c5277554 (23,364 in chips)
Seat 5: edfcf89 (8,125 in chips)
Seat 6: e7bc6abc (8,625 in chips)
Seat 7: 9b20b90 (12,000 in chips)
Seat 8: 8ecdaf72 (9,625 in chips)
edfcf89: posts the ante 125
Hero: posts the ante 125
8ecdaf72: posts the ante 125
b22045c2: posts the ante 125
e7bc6abc: posts the ante 125
c5277554: posts the ante 125
9b20b90: posts the ante 125
e7bc6abc: posts small blind 500
9b20b90: posts big blind 1,000
*** HOLE CARDS ***
Dealt to b22045c2 
Dealt to Hero [3h Qc]
Dealt to c5277554 
Dealt to edfcf89 
Dealt to e7bc6abc 
Dealt to 9b20b90 
Dealt to 8ecdaf72 
8ecdaf72: folds
b22045c2: folds
Hero: folds
c5277554: raises 22,239 to 23,239 and is all-in
edfcf89: calls 8,000 and is all-in
e7bc6abc: folds
9b20b90: calls 10,875 and is all-in
Uncalled bet (11,364) returned to c5277554
c5277554: shows [5s 5h]
edfcf89: shows [Ac 8h]
9b20b90: shows [Kc Ks]
*** FLOP *** [Jc 7c Ad]
*** TURN *** [Jc 7c Ad] [9s]
*** RIVER *** [Jc 7c Ad 9s] [Qh]
*** SHOWDOWN ***
edfcf89 collected 25,375 from pot
9b20b90 collected 7,750 from pot
*** SUMMARY ***
Total pot 33,125 | Rake 0 | Jackpot 0 | Bingo 0 | Fortune 0 | Tax 0
Board [Jc 7c Ad 9s Qh]
Seat 2: b22045c2 folded before Flop
Seat 3: Hero folded before Flop
Seat 4: c5277554 showed [5s 5h] and lost with Pair of Fives
Seat 5: edfcf89 (button) showed [Ac 8h] and won (25,375) with Pair of Aces
Seat 6: e7bc6abc (small blind) folded before Flop
Seat 7: 9b20b90 (big blind) showed [Kc Ks] and won (7,750) with Pair of Kings
Seat 8: 8ecdaf72 folded before Flop


Poker Hand #TM2927302904: Tournament #125022911, Sunday Big $20 Hold'em No Limit - Level14(500/1,000) - 2024/02/04 20:06:59
Table '25' 8-max Seat #4 is the button
Seat 2: b22045c2 (9,125 in chips)
Seat 3: Hero (10,500 in chips)
Seat 4: c5277554 (23,489 in chips)
Seat 5: edfcf89 (8,750 in chips)
Seat 6: e7bc6abc (9,750 in chips)
Seat 7: 9b20b90 (9,750 in chips)
Seat 8: 8ecdaf72 (9,750 in chips)
edfcf89: posts the ante 125
Hero: posts the ante 125
8ecdaf72: posts the ante 125
b22045c2: posts the ante 125
e7bc6abc: posts the ante 125
c5277554: posts the ante 125
9b20b90: posts the ante 125
edfcf89: posts small blind 500
e7bc6abc: posts big blind 1,000
*** HOLE CARDS ***
Dealt to b22045c2 
Dealt to Hero [9c 5h]
Dealt to c5277554 
Dealt to edfcf89 
Dealt to e7bc6abc 
Dealt to 9b20b90 
Dealt to 8ecdaf72 
9b20b90: raises 1,000 to 2,000
8ecdaf72: folds
b22045c2: folds
Hero: folds
c5277554: folds
edfcf89: folds
e7bc6abc: folds
Uncalled bet (1,000) returned to 9b20b90
*** SHOWDOWN ***
9b20b90 collected 3,375 from pot
*** SUMMARY ***
Total pot 3,375 | Rake 0 | Jackpot 0 | Bingo 0 | Fortune 0 | Tax 0
Seat 2: b22045c2 folded before Flop
Seat 3: Hero folded before Flop
Seat 4: c5277554 (button) folded before Flop
Seat 5: edfcf89 (small blind) folded before Flop
Seat 6: e7bc6abc (big blind) folded before Flop
Seat 7: 9b20b90 collected (3,375)
Seat 8: 8ecdaf72 folded before Flop


Poker Hand #TM2927302831: Tournament #125022911, Sunday Big $20 Hold'em No Limit - Level14(500/1,000) - 2024/02/04 20:05:47
Table '25' 8-max Seat #3 is the button
Seat 1: cd6cd49f (1,114 in chips)
Seat 2: b22045c2 (9,250 in chips)
Seat 3: Hero (10,625 in chips)
Seat 4: c5277554 (20,625 in chips)
Seat 5: edfcf89 (9,875 in chips)
Seat 6: e7bc6abc (9,875 in chips)
Seat 7: 9b20b90 (9,875 in chips)
Seat 8: 8ecdaf72 (9,875 in chips)
edfcf89: posts the ante 125
Hero: posts the ante 125
8ecdaf72: posts the ante 125
b22045c2: posts the ante 125
cd6cd49f: posts the ante 125
e7bc6abc: posts the ante 125
c5277554: posts the ante 125
9b20b90: posts the ante 125
c5277554: posts small blind 500
edfcf89: posts big blind 1,000
*** HOLE CARDS ***
Dealt to cd6cd49f 
Dealt to b22045c2 
Dealt to Hero [2d 3d]
Dealt to c5277554 
Dealt to edfcf89 
Dealt to e7bc6abc 
Dealt to 9b20b90 
Dealt to 8ecdaf72 
e7bc6abc: folds
9b20b90: folds
8ecdaf72: folds
cd6cd49f: calls 989 and is all-in
b22045c2: folds
Hero: folds
c5277554: raises 19,500 to 20,500 and is all-in
edfcf89: folds
Uncalled bet (19,500) returned to c5277554
c5277554: shows [Kc 8h]
cd6cd49f: shows [7s Ts]
*** FLOP *** [Qh 7h 2s]
*** TURN *** [Qh 7h 2s] [2h]
*** RIVER *** [Qh 7h 2s 2h] [Jh]
*** SHOWDOWN ***
c5277554 collected 3,967 from pot
c5277554 collected 22 from pot
*** SUMMARY ***
Total pot 3,989 | Rake 0 | Jackpot 0 | Bingo 0 | Fortune 0 | Tax 0
Board [Qh 7h 2s 2h Jh]
Seat 1: cd6cd49f showed [7s Ts] and lost with Pair of Sevens and Pair of Twos
Seat 2: b22045c2 folded before Flop
Seat 3: Hero (button) folded before Flop
Seat 4: c5277554 (small blind) showed [Kc 8h] and won (3,989) with Queen High Flush
Seat 5: edfcf89 (big blind) folded before Flop
Seat 6: e7bc6abc folded before Flop
Seat 7: 9b20b90 folded before Flop
Seat 8: 8ecdaf72 folded before Flop


Poker Hand #TM2927302779: Tournament #125022911, Sunday Big $20 Hold'em No Limit - Level14(500/1,000) - 2024/02/04 20:05:04
Table '25' 8-max Seat #2 is the button
Seat 2: b22045c2 (9,375 in chips)
Seat 3: Hero (8,875 in chips)
Seat 4: c5277554 (21,750 in chips)
Seat 5: edfcf89 (10,000 in chips)
Seat 6: e7bc6abc (10,000 in chips)
Seat 7: 9b20b90 (10,000 in chips)
Seat 8: 8ecdaf72 (10,000 in chips)
edfcf89: posts the ante 125
Hero: posts the ante 125
8ecdaf72: posts the ante 125
b22045c2: posts the ante 125
e7bc6abc: posts the ante 125
c5277554: posts the ante 125
9b20b90: posts the ante 125
Hero: posts small blind 500
c5277554: posts big blind 1,000
*** HOLE CARDS ***
Dealt to b22045c2 
Dealt to Hero [5h Qc]
Dealt to c5277554 
Dealt to edfcf89 
Dealt to e7bc6abc 
Dealt to 9b20b90 
Dealt to 8ecdaf72 
edfcf89: folds
e7bc6abc: folds
9b20b90: folds
8ecdaf72: folds
b22045c2: folds
Hero: raises 7,750 to 8,750 and is all-in
c5277554: folds
Uncalled bet (7,750) returned to Hero
*** SHOWDOWN ***
Hero collected 2,875 from pot
*** SUMMARY ***
Total pot 2,875 | Rake 0 | Jackpot 0 | Bingo 0 | Fortune 0 | Tax 0
Seat 2: b22045c2 (button) folded before Flop
Seat 3: Hero (small blind) collected (2,875)
Seat 4: c5277554 (big blind) folded before Flop
Seat 5: edfcf89 folded before Flop
Seat 6: e7bc6abc folded before Flop
Seat 7: 9b20b90 folded before Flop
Seat 8: 8ecdaf72 folded before Flop


Poker Hand #TM2927302738: Tournament #125022911, Sunday Big $20 Hold'em No Limit - Level14(500/1,000) - 2024/02/04 20:04:18
Table '25' 8-max Seat #1 is the button
Seat 1: 229f5853 (10,000 in chips)
Seat 2: b22045c2 (10,000 in chips)
Seat 3: Hero (10,000 in chips)
Seat 4: c5277554 (10,000 in chips)
Hero: posts the ante 125
b22045c2: posts the ante 125
229f5853: posts the ante 125
c5277554: posts the ante 125
b22045c2: posts small blind 500
Hero: posts big blind 1,000
*** HOLE CARDS ***
Dealt to 229f5853 
Dealt to b22045c2 
Dealt to Hero [6d Qd]
Dealt to c5277554 
c5277554: raises 8,875 to 9,875 and is all-in
229f5853: calls 9,875 and is all-in
b22045c2: folds
Hero: folds
c5277554: shows [Ks Qc]
229f5853: shows [4c 4h]
*** FLOP *** [Js Ah Ts]
*** TURN *** [Js Ah Ts] [Jc]
*** RIVER *** [Js Ah Ts Jc] [Kd]
*** SHOWDOWN ***
c5277554 collected 21,750 from pot
*** SUMMARY ***
Total pot 21,750 | Rake 0 | Jackpot 0 | Bingo 0 | Fortune 0 | Tax 0
Board [Js Ah Ts Jc Kd]
Seat 1: 229f5853 (button) showed [4c 4h] and lost with Pair of Jacks and Pair of Fours
Seat 2: b22045c2 (small blind) folded before Flop
Seat 3: Hero (big blind) folded before Flop
Seat 4: c5277554 showed [Ks Qc] and won (21,750) with Aces-High Straight


