PokerStars Hand #249050943248: Tournament #3714753579, €13.50+€13.50+€3.00 EUR Hold'em No Limit - Level II (30/60) - 2024/02/23 17:16:49 BRT [2024/02/23 15:16:49 ET]
Table '3714753579 38' 7-max Seat #1 is the button
Seat 1: KKZ1N (9675 in chips, €13.50 bounty) 
Seat 2: winji287 (10837 in chips, €13.50 bounty) 
Seat 3: Catela95 (10330 in chips, €13.50 bounty) 
Seat 5: deiraisetonuts (10000 in chips, €13.50 bounty) 
KKZ1N: posts the ante 6
winji287: posts the ante 6
Catela95: posts the ante 6
deiraisetonuts: posts the ante 6
winji287: posts small blind 30
Catela95: posts big blind 60
*** HOLE CARDS ***
Dealt to deiraisetonuts [Ad Qd]
Protos.es is disconnected 
What1snuts is disconnected 
deiraisetonuts: raises 60 to 120
KKZ1N: folds 
winji287: folds 
Catela95: calls 60
*** FLOP *** [5d 2c Ah]
Catela95: checks 
IvIaJlblw_7.7.7 is disconnected 
deiraisetonuts: bets 73
Catela95: folds 
Uncalled bet (73) returned to deiraisetonuts
deiraisetonuts collected 294 from pot
deiraisetonuts: doesn't show hand 
*** SUMMARY ***
Total pot 294 | Rake 0 
Board [5d 2c Ah]
Seat 1: KKZ1N (button) folded before Flop (didn't bet)
Seat 2: winji287 (small blind) folded before Flop
Seat 3: Catela95 (big blind) folded on the Flop
Seat 5: deiraisetonuts collected (294)



PokerStars Hand #249050973759: Tournament #3714753579, €13.50+€13.50+€3.00 EUR Hold'em No Limit - Level II (30/60) - 2024/02/23 17:18:14 BRT [2024/02/23 15:18:14 ET]
Table '3714753579 38' 7-max Seat #2 is the button
Seat 1: KKZ1N (9669 in chips, €13.50 bounty) 
Seat 2: winji287 (10801 in chips, €13.50 bounty) 
Seat 3: Catela95 (10204 in chips, €13.50 bounty) 
Seat 4: Protos.es (3232 in chips, €13.50 bounty) 
Seat 5: deiraisetonuts (10168 in chips, €13.50 bounty) 
Seat 6: What1snuts (8490 in chips, €13.50 bounty) 
Seat 7: IvIaJlblw_7.7.7 (10000 in chips, €13.50 bounty) 
KKZ1N: posts the ante 6
winji287: posts the ante 6
Catela95: posts the ante 6
Protos.es: posts the ante 6
deiraisetonuts: posts the ante 6
What1snuts: posts the ante 6
IvIaJlblw_7.7.7: posts the ante 6
Catela95: posts small blind 30
Protos.es: posts big blind 60
*** HOLE CARDS ***
Dealt to deiraisetonuts [2h Th]
deiraisetonuts: folds 
What1snuts: folds 
IvIaJlblw_7.7.7: raises 60 to 120
KKZ1N: folds 
winji287: folds 
Catela95: raises 510 to 630
Protos.es: folds 
IvIaJlblw_7.7.7: folds 
Uncalled bet (510) returned to Catela95
Catela95 collected 342 from pot
Catela95: doesn't show hand 
*** SUMMARY ***
Total pot 342 | Rake 0 
Seat 1: KKZ1N folded before Flop (didn't bet)
Seat 2: winji287 (button) folded before Flop (didn't bet)
Seat 3: Catela95 (small blind) collected (342)
Seat 4: Protos.es (big blind) folded before Flop
Seat 5: deiraisetonuts folded before Flop (didn't bet)
Seat 6: What1snuts folded before Flop (didn't bet)
Seat 7: IvIaJlblw_7.7.7 folded before Flop



PokerStars Hand #249050987006: Tournament #3714753579, €13.50+€13.50+€3.00 EUR Hold'em No Limit - Level II (30/60) - 2024/02/23 17:18:51 BRT [2024/02/23 15:18:51 ET]
Table '3714753579 38' 7-max Seat #3 is the button
Seat 1: KKZ1N (9663 in chips, €13.50 bounty) 
Seat 2: winji287 (10795 in chips, €13.50 bounty) 
Seat 3: Catela95 (10420 in chips, €13.50 bounty) 
Seat 4: Protos.es (3166 in chips, €13.50 bounty) 
Seat 5: deiraisetonuts (10162 in chips, €13.50 bounty) 
Seat 6: What1snuts (8484 in chips, €13.50 bounty) 
Seat 7: IvIaJlblw_7.7.7 (9874 in chips, €13.50 bounty) 
KKZ1N: posts the ante 6
winji287: posts the ante 6
Catela95: posts the ante 6
Protos.es: posts the ante 6
deiraisetonuts: posts the ante 6
What1snuts: posts the ante 6
IvIaJlblw_7.7.7: posts the ante 6
Protos.es: posts small blind 30
deiraisetonuts: posts big blind 60
*** HOLE CARDS ***
Dealt to deiraisetonuts [Jh 2c]
What1snuts: folds 
IvIaJlblw_7.7.7: folds 
KKZ1N: folds 
winji287: raises 60 to 120
Catela95: calls 120
Protos.es: folds 
deiraisetonuts: folds 
*** FLOP *** [9h 5d 4s]
winji287: checks 
Catela95: checks 
*** TURN *** [9h 5d 4s] [7s]
winji287: checks 
Catela95: bets 264
winji287: folds 
Uncalled bet (264) returned to Catela95
Catela95 collected 372 from pot
Catela95: doesn't show hand 
*** SUMMARY ***
Total pot 372 | Rake 0 
Board [9h 5d 4s 7s]
Seat 1: KKZ1N folded before Flop (didn't bet)
Seat 2: winji287 folded on the Turn
Seat 3: Catela95 (button) collected (372)
Seat 4: Protos.es (small blind) folded before Flop
Seat 5: deiraisetonuts (big blind) folded before Flop
Seat 6: What1snuts folded before Flop (didn't bet)
Seat 7: IvIaJlblw_7.7.7 folded before Flop (didn't bet)



PokerStars Hand #249051019017: Tournament #3714753579, €13.50+€13.50+€3.00 EUR Hold'em No Limit - Level III (40/80) - 2024/02/23 17:20:20 BRT [2024/02/23 15:20:20 ET]
Table '3714753579 38' 7-max Seat #4 is the button
Seat 1: KKZ1N (9657 in chips, €13.50 bounty) 
Seat 2: winji287 (10669 in chips, €13.50 bounty) 
Seat 3: Catela95 (10666 in chips, €13.50 bounty) 
Seat 4: Protos.es (3130 in chips, €13.50 bounty) 
Seat 5: deiraisetonuts (10096 in chips, €13.50 bounty) 
Seat 6: What1snuts (8478 in chips, €13.50 bounty) 
Seat 7: IvIaJlblw_7.7.7 (9868 in chips, €13.50 bounty) 
KKZ1N: posts the ante 8
winji287: posts the ante 8
Catela95: posts the ante 8
Protos.es: posts the ante 8
deiraisetonuts: posts the ante 8
What1snuts: posts the ante 8
IvIaJlblw_7.7.7: posts the ante 8
deiraisetonuts: posts small blind 40
What1snuts: posts big blind 80
*** HOLE CARDS ***
Dealt to deiraisetonuts [Td Ks]
IvIaJlblw_7.7.7: folds 
KKZ1N: folds 
winji287: folds 
Catela95: folds 
Protos.es: folds 
deiraisetonuts: raises 240 to 320
What1snuts: folds 
Uncalled bet (240) returned to deiraisetonuts
deiraisetonuts collected 216 from pot
deiraisetonuts: doesn't show hand 
*** SUMMARY ***
Total pot 216 | Rake 0 
Seat 1: KKZ1N folded before Flop (didn't bet)
Seat 2: winji287 folded before Flop (didn't bet)
Seat 3: Catela95 folded before Flop (didn't bet)
Seat 4: Protos.es (button) folded before Flop (didn't bet)
Seat 5: deiraisetonuts (small blind) collected (216)
Seat 6: What1snuts (big blind) folded before Flop
Seat 7: IvIaJlblw_7.7.7 folded before Flop (didn't bet)



PokerStars Hand #249051030408: Tournament #3714753579, €13.50+€13.50+€3.00 EUR Hold'em No Limit - Level III (40/80) - 2024/02/23 17:20:51 BRT [2024/02/23 15:20:51 ET]
Table '3714753579 38' 7-max Seat #5 is the button
Seat 1: KKZ1N (9649 in chips, €13.50 bounty) 
Seat 2: winji287 (10661 in chips, €13.50 bounty) 
Seat 3: Catela95 (10658 in chips, €13.50 bounty) 
Seat 4: Protos.es (3122 in chips, €13.50 bounty) 
Seat 5: deiraisetonuts (10224 in chips, €13.50 bounty) 
Seat 6: What1snuts (8390 in chips, €13.50 bounty) 
Seat 7: IvIaJlblw_7.7.7 (9860 in chips, €13.50 bounty) 
KKZ1N: posts the ante 8
winji287: posts the ante 8
Catela95: posts the ante 8
Protos.es: posts the ante 8
deiraisetonuts: posts the ante 8
What1snuts: posts the ante 8
IvIaJlblw_7.7.7: posts the ante 8
What1snuts: posts small blind 40
IvIaJlblw_7.7.7: posts big blind 80
*** HOLE CARDS ***
Dealt to deiraisetonuts [4d Jh]
KKZ1N: raises 80 to 160
winji287: folds 
Catela95: folds 
Protos.es: folds 
deiraisetonuts: folds 
What1snuts: calls 120
IvIaJlblw_7.7.7: folds 
*** FLOP *** [2d 8c 2c]
What1snuts: bets 91
KKZ1N: folds 
Uncalled bet (91) returned to What1snuts
What1snuts collected 456 from pot
What1snuts: doesn't show hand 
*** SUMMARY ***
Total pot 456 | Rake 0 
Board [2d 8c 2c]
Seat 1: KKZ1N folded on the Flop
Seat 2: winji287 folded before Flop (didn't bet)
Seat 3: Catela95 folded before Flop (didn't bet)
Seat 4: Protos.es folded before Flop (didn't bet)
Seat 5: deiraisetonuts (button) folded before Flop (didn't bet)
Seat 6: What1snuts (small blind) collected (456)
Seat 7: IvIaJlblw_7.7.7 (big blind) folded before Flop



PokerStars Hand #249051041991: Tournament #3714753579, €13.50+€13.50+€3.00 EUR Hold'em No Limit - Level III (40/80) - 2024/02/23 17:21:23 BRT [2024/02/23 15:21:23 ET]
Table '3714753579 38' 7-max Seat #6 is the button
Seat 2: winji287 (10653 in chips, €13.50 bounty) 
Seat 3: Catela95 (10650 in chips, €13.50 bounty) 
Seat 4: Protos.es (3114 in chips, €13.50 bounty) 
Seat 5: deiraisetonuts (10216 in chips, €13.50 bounty) 
Seat 6: What1snuts (8678 in chips, €13.50 bounty) 
Seat 7: IvIaJlblw_7.7.7 (9772 in chips, €13.50 bounty) 
winji287: posts the ante 8
Catela95: posts the ante 8
Protos.es: posts the ante 8
deiraisetonuts: posts the ante 8
What1snuts: posts the ante 8
IvIaJlblw_7.7.7: posts the ante 8
IvIaJlblw_7.7.7: posts small blind 40
winji287: posts big blind 80
*** HOLE CARDS ***
Dealt to deiraisetonuts [5h Ks]
Catela95: folds 
SonsOfFun is disconnected 
Protos.es: raises 103 to 183
deiraisetonuts: folds 
What1snuts: folds 
IvIaJlblw_7.7.7: folds 
winji287: calls 103
*** FLOP *** [Qh Ah 5c]
winji287: checks 
Protos.es: bets 120
winji287: calls 120
*** TURN *** [Qh Ah 5c] [Qc]
winji287: checks 
Protos.es: bets 520
winji287: calls 520
*** RIVER *** [Qh Ah 5c Qc] [9d]
winji287: checks 
Protos.es: bets 1200
winji287: calls 1200
*** SHOW DOWN ***
Protos.es: shows [Qd 8d] (three of a kind, Queens)
winji287: mucks hand 
Protos.es collected 4134 from pot
*** SUMMARY ***
Total pot 4134 | Rake 0 
Board [Qh Ah 5c Qc 9d]
Seat 2: winji287 (big blind) mucked [8c As]
Seat 3: Catela95 folded before Flop (didn't bet)
Seat 4: Protos.es showed [Qd 8d] and won (4134) with three of a kind, Queens
Seat 5: deiraisetonuts folded before Flop (didn't bet)
Seat 6: What1snuts (button) folded before Flop (didn't bet)
Seat 7: IvIaJlblw_7.7.7 (small blind) folded before Flop



PokerStars Hand #249051077361: Tournament #3714753579, €13.50+€13.50+€3.00 EUR Hold'em No Limit - Level III (40/80) - 2024/02/23 17:23:01 BRT [2024/02/23 15:23:01 ET]
Table '3714753579 38' 7-max Seat #7 is the button
Seat 1: SonsOfFun (10000 in chips) out of hand (moved from another table into small blind)
Seat 2: winji287 (8622 in chips, €13.50 bounty) 
Seat 3: Catela95 (10642 in chips, €13.50 bounty) 
Seat 4: Protos.es (5217 in chips, €13.50 bounty) 
Seat 5: deiraisetonuts (10208 in chips, €13.50 bounty) 
Seat 6: What1snuts (8670 in chips, €13.50 bounty) 
Seat 7: IvIaJlblw_7.7.7 (9724 in chips, €13.50 bounty) 
SonsOfFun will be allowed to play after the button
winji287: posts the ante 8
Catela95: posts the ante 8
Protos.es: posts the ante 8
deiraisetonuts: posts the ante 8
What1snuts: posts the ante 8
IvIaJlblw_7.7.7: posts the ante 8
winji287: posts small blind 40
Catela95: posts big blind 80
*** HOLE CARDS ***
Dealt to deiraisetonuts [3s 6h]
Protos.es: folds 
deiraisetonuts: folds 
What1snuts: raises 160 to 240
IvIaJlblw_7.7.7: folds 
winji287: folds 
Catela95: folds 
Uncalled bet (160) returned to What1snuts
What1snuts collected 248 from pot
What1snuts: doesn't show hand 
*** SUMMARY ***
Total pot 248 | Rake 0 
Seat 2: winji287 (small blind) folded before Flop
Seat 3: Catela95 (big blind) folded before Flop
Seat 4: Protos.es folded before Flop (didn't bet)
Seat 5: deiraisetonuts folded before Flop (didn't bet)
Seat 6: What1snuts collected (248)
Seat 7: IvIaJlblw_7.7.7 (button) folded before Flop (didn't bet)



PokerStars Hand #249051085832: Tournament #3714753579, €13.50+€13.50+€3.00 EUR Hold'em No Limit - Level III (40/80) - 2024/02/23 17:23:25 BRT [2024/02/23 15:23:25 ET]
Table '3714753579 38' 7-max Seat #2 is the button
Seat 1: SonsOfFun (10000 in chips, €13.50 bounty) 
Seat 2: winji287 (8574 in chips, €13.50 bounty) 
Seat 3: Catela95 (10554 in chips, €13.50 bounty) 
Seat 4: Protos.es (5209 in chips, €13.50 bounty) 
Seat 5: deiraisetonuts (10200 in chips, €13.50 bounty) 
Seat 6: What1snuts (8830 in chips, €13.50 bounty) 
Seat 7: IvIaJlblw_7.7.7 (9716 in chips, €13.50 bounty) 
SonsOfFun: posts the ante 8
winji287: posts the ante 8
Catela95: posts the ante 8
Protos.es: posts the ante 8
deiraisetonuts: posts the ante 8
What1snuts: posts the ante 8
IvIaJlblw_7.7.7: posts the ante 8
Catela95: posts small blind 40
Protos.es: posts big blind 80
*** HOLE CARDS ***
Dealt to deiraisetonuts [4h 2d]
deiraisetonuts: folds 
What1snuts: folds 
IvIaJlblw_7.7.7: raises 120 to 200
SonsOfFun: folds 
winji287: folds 
Catela95: folds 
Protos.es: folds 
Uncalled bet (120) returned to IvIaJlblw_7.7.7
IvIaJlblw_7.7.7 collected 256 from pot
IvIaJlblw_7.7.7: doesn't show hand 
*** SUMMARY ***
Total pot 256 | Rake 0 
Seat 1: SonsOfFun folded before Flop (didn't bet)
Seat 2: winji287 (button) folded before Flop (didn't bet)
Seat 3: Catela95 (small blind) folded before Flop
Seat 4: Protos.es (big blind) folded before Flop
Seat 5: deiraisetonuts folded before Flop (didn't bet)
Seat 6: What1snuts folded before Flop (didn't bet)
Seat 7: IvIaJlblw_7.7.7 collected (256)



PokerStars Hand #249051097279: Tournament #3714753579, €13.50+€13.50+€3.00 EUR Hold'em No Limit - Level III (40/80) - 2024/02/23 17:23:56 BRT [2024/02/23 15:23:56 ET]
Table '3714753579 38' 7-max Seat #3 is the button
Seat 1: SonsOfFun (9992 in chips, €13.50 bounty) 
Seat 2: winji287 (8566 in chips, €13.50 bounty) 
Seat 3: Catela95 (10506 in chips, €13.50 bounty) 
Seat 4: Protos.es (5121 in chips, €13.50 bounty) 
Seat 5: deiraisetonuts (10192 in chips, €13.50 bounty) 
Seat 6: What1snuts (8822 in chips, €13.50 bounty) 
Seat 7: IvIaJlblw_7.7.7 (9884 in chips, €13.50 bounty) 
SonsOfFun: posts the ante 8
winji287: posts the ante 8
Catela95: posts the ante 8
Protos.es: posts the ante 8
deiraisetonuts: posts the ante 8
What1snuts: posts the ante 8
IvIaJlblw_7.7.7: posts the ante 8
Protos.es: posts small blind 40
deiraisetonuts: posts big blind 80
*** HOLE CARDS ***
Dealt to deiraisetonuts [Qc 3c]
What1snuts: folds 
IvIaJlblw_7.7.7: folds 
SonsOfFun: folds 
winji287: folds 
Catela95: folds 
Protos.es: folds 
Uncalled bet (40) returned to deiraisetonuts
deiraisetonuts collected 136 from pot
deiraisetonuts: doesn't show hand 
*** SUMMARY ***
Total pot 136 | Rake 0 
Seat 1: SonsOfFun folded before Flop (didn't bet)
Seat 2: winji287 folded before Flop (didn't bet)
Seat 3: Catela95 (button) folded before Flop (didn't bet)
Seat 4: Protos.es (small blind) folded before Flop
Seat 5: deiraisetonuts (big blind) collected (136)
Seat 6: What1snuts folded before Flop (didn't bet)
Seat 7: IvIaJlblw_7.7.7 folded before Flop (didn't bet)



PokerStars Hand #249051104030: Tournament #3714753579, €13.50+€13.50+€3.00 EUR Hold'em No Limit - Level III (40/80) - 2024/02/23 17:24:15 BRT [2024/02/23 15:24:15 ET]
Table '3714753579 38' 7-max Seat #4 is the button
Seat 1: SonsOfFun (9984 in chips, €13.50 bounty) 
Seat 2: winji287 (8558 in chips, €13.50 bounty) 
Seat 3: Catela95 (10498 in chips, €13.50 bounty) 
Seat 4: Protos.es (5073 in chips, €13.50 bounty) 
Seat 5: deiraisetonuts (10280 in chips, €13.50 bounty) 
Seat 7: IvIaJlblw_7.7.7 (9876 in chips, €13.50 bounty) 
SonsOfFun: posts the ante 8
winji287: posts the ante 8
Catela95: posts the ante 8
Protos.es: posts the ante 8
deiraisetonuts: posts the ante 8
IvIaJlblw_7.7.7: posts the ante 8
deiraisetonuts: posts small blind 40
IvIaJlblw_7.7.7: posts big blind 80
*** HOLE CARDS ***
Dealt to deiraisetonuts [Kh Jh]
SonsOfFun: folds 
winji287: folds 
Catela95: raises 120 to 200
Protos.es: folds 
W.junior.R is disconnected 
deiraisetonuts: raises 820 to 1020
IvIaJlblw_7.7.7: folds 
Catela95: calls 820
*** FLOP *** [8c 7c Ks]
deiraisetonuts: bets 1192
Catela95: folds 
Uncalled bet (1192) returned to deiraisetonuts
deiraisetonuts collected 2168 from pot
deiraisetonuts: doesn't show hand 
*** SUMMARY ***
Total pot 2168 | Rake 0 
Board [8c 7c Ks]
Seat 1: SonsOfFun folded before Flop (didn't bet)
Seat 2: winji287 folded before Flop (didn't bet)
Seat 3: Catela95 folded on the Flop
Seat 4: Protos.es (button) folded before Flop (didn't bet)
Seat 5: deiraisetonuts (small blind) collected (2168)
Seat 7: IvIaJlblw_7.7.7 (big blind) folded before Flop



PokerStars Hand #249051128685: Tournament #3714753579, €13.50+€13.50+€3.00 EUR Hold'em No Limit - Level III (40/80) - 2024/02/23 17:25:23 BRT [2024/02/23 15:25:23 ET]
Table '3714753579 38' 7-max Seat #5 is the button
Seat 1: SonsOfFun (9976 in chips, €13.50 bounty) 
Seat 3: Catela95 (9470 in chips, €13.50 bounty) 
Seat 4: Protos.es (5065 in chips, €13.50 bounty) 
Seat 5: deiraisetonuts (11420 in chips, €13.50 bounty) 
Seat 6: W.junior.R (10000 in chips) out of hand (moved from another table into small blind)
Seat 7: IvIaJlblw_7.7.7 (9788 in chips, €13.50 bounty) 
W.junior.R will be allowed to play after the button
SonsOfFun: posts the ante 8
Catela95: posts the ante 8
Protos.es: posts the ante 8
deiraisetonuts: posts the ante 8
IvIaJlblw_7.7.7: posts the ante 8
IvIaJlblw_7.7.7: posts small blind 40
SonsOfFun: posts big blind 80
*** HOLE CARDS ***
Dealt to deiraisetonuts [5d 3c]
Catela95: folds 
Protos.es: folds 
deiraisetonuts: folds 
IvIaJlblw_7.7.7: folds 
Uncalled bet (40) returned to SonsOfFun
SonsOfFun collected 120 from pot
*** SUMMARY ***
Total pot 120 | Rake 0 
Seat 1: SonsOfFun (big blind) collected (120)
Seat 3: Catela95 folded before Flop (didn't bet)
Seat 4: Protos.es folded before Flop (didn't bet)
Seat 5: deiraisetonuts (button) folded before Flop (didn't bet)
Seat 7: IvIaJlblw_7.7.7 (small blind) folded before Flop



PokerStars Hand #249051135975: Tournament #3714753579, €13.50+€13.50+€3.00 EUR Hold'em No Limit - Level III (40/80) - 2024/02/23 17:25:43 BRT [2024/02/23 15:25:43 ET]
Table '3714753579 38' 7-max Seat #7 is the button
Seat 1: SonsOfFun (10048 in chips, €13.50 bounty) 
Seat 3: Catela95 (9462 in chips, €13.50 bounty) 
Seat 4: Protos.es (5057 in chips, €13.50 bounty) 
Seat 5: deiraisetonuts (11412 in chips, €13.50 bounty) 
Seat 6: W.junior.R (10000 in chips, €13.50 bounty) 
Seat 7: IvIaJlblw_7.7.7 (9740 in chips, €13.50 bounty) 
SonsOfFun: posts the ante 8
Catela95: posts the ante 8
Protos.es: posts the ante 8
deiraisetonuts: posts the ante 8
W.junior.R: posts the ante 8
IvIaJlblw_7.7.7: posts the ante 8
SonsOfFun: posts small blind 40
Catela95: posts big blind 80
*** HOLE CARDS ***
Dealt to deiraisetonuts [7s Ad]
Protos.es: folds 
deiraisetonuts: folds 
W.junior.R: raises 88 to 168
IvIaJlblw_7.7.7: folds 
SonsOfFun: folds 
Catela95: folds 
Uncalled bet (88) returned to W.junior.R
W.junior.R collected 248 from pot
W.junior.R: doesn't show hand 
*** SUMMARY ***
Total pot 248 | Rake 0 
Seat 1: SonsOfFun (small blind) folded before Flop
Seat 3: Catela95 (big blind) folded before Flop
Seat 4: Protos.es folded before Flop (didn't bet)
Seat 5: deiraisetonuts folded before Flop (didn't bet)
Seat 6: W.junior.R collected (248)
Seat 7: IvIaJlblw_7.7.7 (button) folded before Flop (didn't bet)



PokerStars Hand #249051145899: Tournament #3714753579, €13.50+€13.50+€3.00 EUR Hold'em No Limit - Level III (40/80) - 2024/02/23 17:26:11 BRT [2024/02/23 15:26:11 ET]
Table '3714753579 38' 7-max Seat #1 is the button
Seat 1: SonsOfFun (10000 in chips, €13.50 bounty) 
Seat 2: etoTUFFta (10000 in chips) out of hand (moved from another table into small blind)
Seat 3: Catela95 (9374 in chips, €13.50 bounty) 
Seat 4: Protos.es (5049 in chips, €13.50 bounty) 
Seat 5: deiraisetonuts (11404 in chips, €13.50 bounty) 
Seat 6: W.junior.R (10160 in chips, €13.50 bounty) 
Seat 7: IvIaJlblw_7.7.7 (9732 in chips, €13.50 bounty) 
etoTUFFta will be allowed to play after the button
SonsOfFun: posts the ante 8
Catela95: posts the ante 8
Protos.es: posts the ante 8
deiraisetonuts: posts the ante 8
W.junior.R: posts the ante 8
IvIaJlblw_7.7.7: posts the ante 8
Catela95: posts small blind 40
Protos.es: posts big blind 80
*** HOLE CARDS ***
Dealt to deiraisetonuts [Ad As]
deiraisetonuts: raises 88 to 168
W.junior.R: folds 
IvIaJlblw_7.7.7: calls 168
SonsOfFun: calls 168
Catela95: folds 
Protos.es: folds 
*** FLOP *** [4h Kd 6c]
deiraisetonuts: checks 
IvIaJlblw_7.7.7: bets 194
SonsOfFun: calls 194
deiraisetonuts: raises 691 to 885
IvIaJlblw_7.7.7: folds 
SonsOfFun: calls 691
*** TURN *** [4h Kd 6c] [2s]
deiraisetonuts: checks 
SonsOfFun: checks 
*** RIVER *** [4h Kd 6c 2s] [4c]
deiraisetonuts: bets 2640
SonsOfFun: calls 2640
*** SHOW DOWN ***
deiraisetonuts: shows [Ad As] (two pair, Aces and Fours)
SonsOfFun: mucks hand 
deiraisetonuts collected 7916 from pot
*** SUMMARY ***
Total pot 7916 | Rake 0 
Board [4h Kd 6c 2s 4c]
Seat 1: SonsOfFun (button) mucked [Qh Kh]
Seat 3: Catela95 (small blind) folded before Flop
Seat 4: Protos.es (big blind) folded before Flop
Seat 5: deiraisetonuts showed [Ad As] and won (7916) with two pair, Aces and Fours
Seat 6: W.junior.R folded before Flop (didn't bet)
Seat 7: IvIaJlblw_7.7.7 folded on the Flop



PokerStars Hand #249051195270: Tournament #3714753579, €13.50+€13.50+€3.00 EUR Hold'em No Limit - Level III (40/80) - 2024/02/23 17:28:27 BRT [2024/02/23 15:28:27 ET]
Table '3714753579 38' 7-max Seat #3 is the button
Seat 2: etoTUFFta (10000 in chips, €13.50 bounty) 
Seat 3: Catela95 (9326 in chips, €13.50 bounty) 
Seat 4: Protos.es (4961 in chips, €13.50 bounty) 
Seat 5: deiraisetonuts (15619 in chips, €13.50 bounty) 
Seat 6: W.junior.R (10152 in chips, €13.50 bounty) 
Seat 7: IvIaJlblw_7.7.7 (9362 in chips, €13.50 bounty) 
etoTUFFta: posts the ante 8
Catela95: posts the ante 8
Protos.es: posts the ante 8
deiraisetonuts: posts the ante 8
W.junior.R: posts the ante 8
IvIaJlblw_7.7.7: posts the ante 8
Protos.es: posts small blind 40
deiraisetonuts: posts big blind 80
*** HOLE CARDS ***
Dealt to deiraisetonuts [7c Kh]
W.junior.R: folds 
IvIaJlblw_7.7.7: folds 
etoTUFFta: folds 
Catela95: folds 
Protos.es: raises 240 to 320
deiraisetonuts: calls 240
*** FLOP *** [4d Ah 5s]
zengin23 is disconnected 
Protos.es: checks 
deiraisetonuts: checks 
*** TURN *** [4d Ah 5s] [2c]
Protos.es: bets 344
deiraisetonuts: calls 344
*** RIVER *** [4d Ah 5s 2c] [7h]
Protos.es: bets 1032
deiraisetonuts: calls 1032
*** SHOW DOWN ***
Protos.es: shows [Kc 3c] (a straight, Ace to Five)
deiraisetonuts: mucks hand 
Protos.es collected 3440 from pot
*** SUMMARY ***
Total pot 3440 | Rake 0 
Board [4d Ah 5s 2c 7h]
Seat 2: etoTUFFta folded before Flop (didn't bet)
Seat 3: Catela95 (button) folded before Flop (didn't bet)
Seat 4: Protos.es (small blind) showed [Kc 3c] and won (3440) with a straight, Ace to Five
Seat 5: deiraisetonuts (big blind) mucked [7c Kh]
Seat 6: W.junior.R folded before Flop (didn't bet)
Seat 7: IvIaJlblw_7.7.7 folded before Flop (didn't bet)



PokerStars Hand #249051229482: Tournament #3714753579, €13.50+€13.50+€3.00 EUR Hold'em No Limit - Level III (40/80) - 2024/02/23 17:30:01 BRT [2024/02/23 15:30:01 ET]
Table '3714753579 38' 7-max Seat #4 is the button
Seat 1: zengin23 (10000 in chips, €13.50 bounty) 
Seat 2: etoTUFFta (9992 in chips, €13.50 bounty) 
Seat 3: Catela95 (9318 in chips, €13.50 bounty) 
Seat 4: Protos.es (6697 in chips, €13.50 bounty) 
Seat 5: deiraisetonuts (13915 in chips, €13.50 bounty) 
Seat 6: W.junior.R (10144 in chips, €13.50 bounty) 
Seat 7: IvIaJlblw_7.7.7 (9354 in chips, €13.50 bounty) 
zengin23: posts the ante 8
etoTUFFta: posts the ante 8
Catela95: posts the ante 8
Protos.es: posts the ante 8
deiraisetonuts: posts the ante 8
W.junior.R: posts the ante 8
IvIaJlblw_7.7.7: posts the ante 8
deiraisetonuts: posts small blind 40
W.junior.R: posts big blind 80
*** HOLE CARDS ***
Dealt to deiraisetonuts [Kd 7h]
IvIaJlblw_7.7.7: raises 120 to 200
zengin23: folds 
etoTUFFta: folds 
Catela95: folds 
Protos.es: folds 
deiraisetonuts: folds 
W.junior.R: calls 120
*** FLOP *** [Qs 9s 6h]
W.junior.R: checks 
IvIaJlblw_7.7.7: bets 144
W.junior.R: calls 144
*** TURN *** [Qs 9s 6h] [3s]
W.junior.R: checks 
IvIaJlblw_7.7.7: bets 408
W.junior.R: folds 
Uncalled bet (408) returned to IvIaJlblw_7.7.7
IvIaJlblw_7.7.7 collected 784 from pot
IvIaJlblw_7.7.7: doesn't show hand 
*** SUMMARY ***
Total pot 784 | Rake 0 
Board [Qs 9s 6h 3s]
Seat 1: zengin23 folded before Flop (didn't bet)
Seat 2: etoTUFFta folded before Flop (didn't bet)
Seat 3: Catela95 folded before Flop (didn't bet)
Seat 4: Protos.es (button) folded before Flop (didn't bet)
Seat 5: deiraisetonuts (small blind) folded before Flop
Seat 6: W.junior.R (big blind) folded on the Turn
Seat 7: IvIaJlblw_7.7.7 collected (784)



PokerStars Hand #249051257604: Tournament #3714753579, €13.50+€13.50+€3.00 EUR Hold'em No Limit - Level IV (50/100) - 2024/02/23 17:31:17 BRT [2024/02/23 15:31:17 ET]
Table '3714753579 38' 7-max Seat #5 is the button
Seat 1: zengin23 (9992 in chips, €13.50 bounty) 
Seat 2: etoTUFFta (9984 in chips, €13.50 bounty) 
Seat 3: Catela95 (9310 in chips, €13.50 bounty) 
Seat 4: Protos.es (6689 in chips, €13.50 bounty) 
Seat 5: deiraisetonuts (13867 in chips, €13.50 bounty) 
Seat 6: W.junior.R (9792 in chips, €13.50 bounty) 
Seat 7: IvIaJlblw_7.7.7 (9786 in chips, €13.50 bounty) 
zengin23: posts the ante 10
etoTUFFta: posts the ante 10
Catela95: posts the ante 10
Protos.es: posts the ante 10
deiraisetonuts: posts the ante 10
W.junior.R: posts the ante 10
IvIaJlblw_7.7.7: posts the ante 10
W.junior.R: posts small blind 50
IvIaJlblw_7.7.7: posts big blind 100
*** HOLE CARDS ***
Dealt to deiraisetonuts [Qd Qh]
zengin23: folds 
etoTUFFta: folds 
Catela95: folds 
Protos.es: raises 100 to 200
deiraisetonuts: raises 500 to 700
W.junior.R: folds 
IvIaJlblw_7.7.7: folds 
Protos.es: calls 500
*** FLOP *** [Kd Jd Td]
Protos.es: checks 
deiraisetonuts: bets 405
Protos.es: folds 
Uncalled bet (405) returned to deiraisetonuts
deiraisetonuts collected 1620 from pot
deiraisetonuts: doesn't show hand 
*** SUMMARY ***
Total pot 1620 | Rake 0 
Board [Kd Jd Td]
Seat 1: zengin23 folded before Flop (didn't bet)
Seat 2: etoTUFFta folded before Flop (didn't bet)
Seat 3: Catela95 folded before Flop (didn't bet)
Seat 4: Protos.es folded on the Flop
Seat 5: deiraisetonuts (button) collected (1620)
Seat 6: W.junior.R (small blind) folded before Flop
Seat 7: IvIaJlblw_7.7.7 (big blind) folded before Flop



PokerStars Hand #249051287759: Tournament #3714753579, €13.50+€13.50+€3.00 EUR Hold'em No Limit - Level IV (50/100) - 2024/02/23 17:32:39 BRT [2024/02/23 15:32:39 ET]
Table '3714753579 38' 7-max Seat #6 is the button
Seat 1: zengin23 (9982 in chips, €13.50 bounty) 
Seat 2: etoTUFFta (9974 in chips, €13.50 bounty) 
Seat 3: Catela95 (9300 in chips, €13.50 bounty) 
Seat 4: Protos.es (5979 in chips, €13.50 bounty) 
Seat 5: deiraisetonuts (14777 in chips, €13.50 bounty) 
Seat 6: W.junior.R (9732 in chips, €13.50 bounty) 
Seat 7: IvIaJlblw_7.7.7 (9676 in chips, €13.50 bounty) 
zengin23: posts the ante 10
etoTUFFta: posts the ante 10
Catela95: posts the ante 10
Protos.es: posts the ante 10
deiraisetonuts: posts the ante 10
W.junior.R: posts the ante 10
IvIaJlblw_7.7.7: posts the ante 10
IvIaJlblw_7.7.7: posts small blind 50
zengin23: posts big blind 100
*** HOLE CARDS ***
Dealt to deiraisetonuts [2c Ac]
etoTUFFta: folds 
Catela95: folds 
Protos.es: folds 
deiraisetonuts: raises 110 to 210
W.junior.R: folds 
IvIaJlblw_7.7.7: folds 
zengin23: folds 
Uncalled bet (110) returned to deiraisetonuts
deiraisetonuts collected 320 from pot
deiraisetonuts: doesn't show hand 
*** SUMMARY ***
Total pot 320 | Rake 0 
Seat 1: zengin23 (big blind) folded before Flop
Seat 2: etoTUFFta folded before Flop (didn't bet)
Seat 3: Catela95 folded before Flop (didn't bet)
Seat 4: Protos.es folded before Flop (didn't bet)
Seat 5: deiraisetonuts collected (320)
Seat 6: W.junior.R (button) folded before Flop (didn't bet)
Seat 7: IvIaJlblw_7.7.7 (small blind) folded before Flop



PokerStars Hand #249051301276: Tournament #3714753579, €13.50+€13.50+€3.00 EUR Hold'em No Limit - Level IV (50/100) - 2024/02/23 17:33:16 BRT [2024/02/23 15:33:16 ET]
Table '3714753579 38' 7-max Seat #7 is the button
Seat 1: zengin23 (9872 in chips, €13.50 bounty) 
Seat 2: etoTUFFta (9964 in chips, €13.50 bounty) 
Seat 3: Catela95 (9290 in chips, €13.50 bounty) 
Seat 4: Protos.es (5969 in chips, €13.50 bounty) 
Seat 5: deiraisetonuts (14987 in chips, €13.50 bounty) 
Seat 6: W.junior.R (9722 in chips, €13.50 bounty) 
Seat 7: IvIaJlblw_7.7.7 (9616 in chips, €13.50 bounty) 
zengin23: posts the ante 10
etoTUFFta: posts the ante 10
Catela95: posts the ante 10
Protos.es: posts the ante 10
deiraisetonuts: posts the ante 10
W.junior.R: posts the ante 10
IvIaJlblw_7.7.7: posts the ante 10
zengin23: posts small blind 50
etoTUFFta: posts big blind 100
*** HOLE CARDS ***
Dealt to deiraisetonuts [Qs Kd]
Catela95: folds 
Protos.es: folds 
deiraisetonuts: raises 100 to 200
W.junior.R: folds 
IvIaJlblw_7.7.7: folds 
zengin23: raises 600 to 800
etoTUFFta: folds 
deiraisetonuts: calls 600
*** FLOP *** [4s As Ad]
zengin23: bets 584
deiraisetonuts: calls 584
*** TURN *** [4s As Ad] [Th]
zengin23: checks 
deiraisetonuts: checks 
*** RIVER *** [4s As Ad Th] [4c]
zengin23: bets 970
deiraisetonuts: folds 
Uncalled bet (970) returned to zengin23
zengin23 collected 2938 from pot
zengin23: doesn't show hand 
*** SUMMARY ***
Total pot 2938 | Rake 0 
Board [4s As Ad Th 4c]
Seat 1: zengin23 (small blind) collected (2938)
Seat 2: etoTUFFta (big blind) folded before Flop
Seat 3: Catela95 folded before Flop (didn't bet)
Seat 4: Protos.es folded before Flop (didn't bet)
Seat 5: deiraisetonuts folded on the River
Seat 6: W.junior.R folded before Flop (didn't bet)
Seat 7: IvIaJlblw_7.7.7 (button) folded before Flop (didn't bet)



PokerStars Hand #249051355027: Tournament #3714753579, €13.50+€13.50+€3.00 EUR Hold'em No Limit - Level IV (50/100) - 2024/02/23 17:35:42 BRT [2024/02/23 15:35:42 ET]
Table '3714753579 38' 7-max Seat #1 is the button
Seat 1: zengin23 (11416 in chips, €13.50 bounty) 
Seat 2: etoTUFFta (9854 in chips, €13.50 bounty) 
Seat 3: Catela95 (9280 in chips, €13.50 bounty) 
Seat 4: Protos.es (5959 in chips, €13.50 bounty) 
Seat 5: deiraisetonuts (13593 in chips, €13.50 bounty) 
Seat 6: W.junior.R (9712 in chips, €13.50 bounty) 
Seat 7: IvIaJlblw_7.7.7 (9606 in chips, €13.50 bounty) 
zengin23: posts the ante 10
etoTUFFta: posts the ante 10
Catela95: posts the ante 10
Protos.es: posts the ante 10
deiraisetonuts: posts the ante 10
W.junior.R: posts the ante 10
IvIaJlblw_7.7.7: posts the ante 10
etoTUFFta: posts small blind 50
Catela95: posts big blind 100
*** HOLE CARDS ***
Dealt to deiraisetonuts [Ad Td]
Protos.es: folds 
deiraisetonuts: raises 100 to 200
W.junior.R: folds 
IvIaJlblw_7.7.7: folds 
zengin23: folds 
etoTUFFta: folds 
Catela95: calls 100
*** FLOP *** [4d 8s 9s]
Catela95: checks 
deiraisetonuts: bets 343
Catela95: calls 343
*** TURN *** [4d 8s 9s] [6h]
Catela95: checks 
deiraisetonuts: checks 
*** RIVER *** [4d 8s 9s 6h] [2c]
Catela95: bets 856
deiraisetonuts: folds 
Uncalled bet (856) returned to Catela95
Catela95 collected 1206 from pot
Catela95: doesn't show hand 
*** SUMMARY ***
Total pot 1206 | Rake 0 
Board [4d 8s 9s 6h 2c]
Seat 1: zengin23 (button) folded before Flop (didn't bet)
Seat 2: etoTUFFta (small blind) folded before Flop
Seat 3: Catela95 (big blind) collected (1206)
Seat 4: Protos.es folded before Flop (didn't bet)
Seat 5: deiraisetonuts folded on the River
Seat 6: W.junior.R folded before Flop (didn't bet)
Seat 7: IvIaJlblw_7.7.7 folded before Flop (didn't bet)



PokerStars Hand #249051402083: Tournament #3714753579, €13.50+€13.50+€3.00 EUR Hold'em No Limit - Level IV (50/100) - 2024/02/23 17:37:51 BRT [2024/02/23 15:37:51 ET]
Table '3714753579 38' 7-max Seat #2 is the button
Seat 1: zengin23 (11406 in chips, €13.50 bounty) 
Seat 2: etoTUFFta (9794 in chips, €13.50 bounty) 
Seat 3: Catela95 (9933 in chips, €13.50 bounty) 
Seat 5: deiraisetonuts (13040 in chips, €13.50 bounty) 
Seat 6: W.junior.R (9702 in chips, €13.50 bounty) 
Seat 7: IvIaJlblw_7.7.7 (9596 in chips, €13.50 bounty) 
zengin23: posts the ante 10
etoTUFFta: posts the ante 10
Catela95: posts the ante 10
deiraisetonuts: posts the ante 10
W.junior.R: posts the ante 10
IvIaJlblw_7.7.7: posts the ante 10
Catela95: posts small blind 50
deiraisetonuts: posts big blind 100
*** HOLE CARDS ***
Dealt to deiraisetonuts [5d 8d]
W.junior.R: folds 
IvIaJlblw_7.7.7: folds 
zengin23: folds 
etoTUFFta: folds 
Catela95: calls 50
Crackoso is disconnected 
deiraisetonuts: raises 250 to 350
Catela95: calls 250
*** FLOP *** [4c 4s 9c]
Catela95: checks 
deiraisetonuts: bets 190
Catela95: calls 190
*** TURN *** [4c 4s 9c] [As]
Catela95: checks 
deiraisetonuts: bets 1425
Catela95: folds 
Uncalled bet (1425) returned to deiraisetonuts
deiraisetonuts collected 1140 from pot
deiraisetonuts: doesn't show hand 
*** SUMMARY ***
Total pot 1140 | Rake 0 
Board [4c 4s 9c As]
Seat 1: zengin23 folded before Flop (didn't bet)
Seat 2: etoTUFFta (button) folded before Flop (didn't bet)
Seat 3: Catela95 (small blind) folded on the Turn
Seat 5: deiraisetonuts (big blind) collected (1140)
Seat 6: W.junior.R folded before Flop (didn't bet)
Seat 7: IvIaJlblw_7.7.7 folded before Flop (didn't bet)



PokerStars Hand #249051437645: Tournament #3714753579, €13.50+€13.50+€3.00 EUR Hold'em No Limit - Level IV (50/100) - 2024/02/23 17:39:29 BRT [2024/02/23 15:39:29 ET]
Table '3714753579 38' 7-max Seat #3 is the button
Seat 1: zengin23 (11396 in chips, €13.50 bounty) 
Seat 2: etoTUFFta (9784 in chips, €13.50 bounty) 
Seat 3: Catela95 (9383 in chips, €13.50 bounty) 
Seat 4: Crackoso (10000 in chips) out of hand (moved from another table into small blind)
Seat 5: deiraisetonuts (13630 in chips, €13.50 bounty) 
Seat 6: W.junior.R (9692 in chips, €13.50 bounty) 
Seat 7: IvIaJlblw_7.7.7 (9586 in chips, €13.50 bounty) 
Crackoso will be allowed to play after the button
zengin23: posts the ante 10
etoTUFFta: posts the ante 10
Catela95: posts the ante 10
deiraisetonuts: posts the ante 10
W.junior.R: posts the ante 10
IvIaJlblw_7.7.7: posts the ante 10
deiraisetonuts: posts small blind 50
W.junior.R: posts big blind 100
*** HOLE CARDS ***
Dealt to deiraisetonuts [5h 4s]
IvIaJlblw_7.7.7: folds 
zengin23: folds 
etoTUFFta: raises 150 to 250
Catela95: folds 
deiraisetonuts: folds 
W.junior.R: calls 150
*** FLOP *** [Qd 7c 5d]
W.junior.R: checks 
etoTUFFta: bets 201
W.junior.R: raises 599 to 800
etoTUFFta: calls 599
*** TURN *** [Qd 7c 5d] [3h]
W.junior.R: checks 
etoTUFFta: bets 1216
W.junior.R: calls 1216
*** RIVER *** [Qd 7c 5d 3h] [Jh]
W.junior.R: checks 
etoTUFFta: checks 
*** SHOW DOWN ***
W.junior.R: shows [6c 7h] (a pair of Sevens)
etoTUFFta: shows [Kd Qh] (a pair of Queens)
etoTUFFta collected 4642 from pot
*** SUMMARY ***
Total pot 4642 | Rake 0 
Board [Qd 7c 5d 3h Jh]
Seat 1: zengin23 folded before Flop (didn't bet)
Seat 2: etoTUFFta showed [Kd Qh] and won (4642) with a pair of Queens
Seat 3: Catela95 (button) folded before Flop (didn't bet)
Seat 5: deiraisetonuts (small blind) folded before Flop
Seat 6: W.junior.R (big blind) showed [6c 7h] and lost with a pair of Sevens
Seat 7: IvIaJlblw_7.7.7 folded before Flop (didn't bet)



PokerStars Hand #249051484007: Tournament #3714753579, €13.50+€13.50+€3.00 EUR Hold'em No Limit - Level V (60/120) - 2024/02/23 17:41:36 BRT [2024/02/23 15:41:36 ET]
Table '3714753579 38' 7-max Seat #5 is the button
Seat 1: zengin23 (11386 in chips, €13.50 bounty) 
Seat 2: etoTUFFta (12150 in chips, €13.50 bounty) 
Seat 3: Catela95 (9373 in chips, €13.50 bounty) 
Seat 4: Crackoso (10000 in chips, €13.50 bounty) 
Seat 5: deiraisetonuts (13570 in chips, €13.50 bounty) 
Seat 6: W.junior.R (7416 in chips, €13.50 bounty) 
Seat 7: IvIaJlblw_7.7.7 (9576 in chips, €13.50 bounty) 
zengin23: posts the ante 15
etoTUFFta: posts the ante 15
Catela95: posts the ante 15
Crackoso: posts the ante 15
deiraisetonuts: posts the ante 15
W.junior.R: posts the ante 15
IvIaJlblw_7.7.7: posts the ante 15
W.junior.R: posts small blind 60
IvIaJlblw_7.7.7: posts big blind 120
*** HOLE CARDS ***
Dealt to deiraisetonuts [6d 2h]
zengin23: folds 
etoTUFFta: raises 180 to 300
Catela95: folds 
Crackoso: folds 
deiraisetonuts: folds 
W.junior.R: folds 
IvIaJlblw_7.7.7: calls 180
*** FLOP *** [Qc 3c 4h]
IvIaJlblw_7.7.7: checks 
etoTUFFta: bets 252
IvIaJlblw_7.7.7: folds 
Uncalled bet (252) returned to etoTUFFta
etoTUFFta collected 765 from pot
*** SUMMARY ***
Total pot 765 | Rake 0 
Board [Qc 3c 4h]
Seat 1: zengin23 folded before Flop (didn't bet)
Seat 2: etoTUFFta collected (765)
Seat 3: Catela95 folded before Flop (didn't bet)
Seat 4: Crackoso folded before Flop (didn't bet)
Seat 5: deiraisetonuts (button) folded before Flop (didn't bet)
Seat 6: W.junior.R (small blind) folded before Flop
Seat 7: IvIaJlblw_7.7.7 (big blind) folded on the Flop



PokerStars Hand #249051500365: Tournament #3714753579, €13.50+€13.50+€3.00 EUR Hold'em No Limit - Level V (60/120) - 2024/02/23 17:42:21 BRT [2024/02/23 15:42:21 ET]
Table '3714753579 38' 7-max Seat #6 is the button
Seat 1: zengin23 (11371 in chips, €13.50 bounty) 
Seat 2: etoTUFFta (12600 in chips, €13.50 bounty) 
Seat 3: Catela95 (9358 in chips, €13.50 bounty) 
Seat 4: Crackoso (9985 in chips, €13.50 bounty) 
Seat 5: deiraisetonuts (13555 in chips, €13.50 bounty) 
Seat 6: W.junior.R (7341 in chips, €13.50 bounty) 
Seat 7: IvIaJlblw_7.7.7 (9261 in chips, €13.50 bounty) 
zengin23: posts the ante 15
etoTUFFta: posts the ante 15
Catela95: posts the ante 15
Crackoso: posts the ante 15
deiraisetonuts: posts the ante 15
W.junior.R: posts the ante 15
IvIaJlblw_7.7.7: posts the ante 15
IvIaJlblw_7.7.7: posts small blind 60
zengin23: posts big blind 120
*** HOLE CARDS ***
Dealt to deiraisetonuts [Td 2c]
etoTUFFta: folds 
Catela95: folds 
Crackoso: folds 
deiraisetonuts: folds 
W.junior.R: folds 
IvIaJlblw_7.7.7: folds 
Uncalled bet (60) returned to zengin23
zengin23 collected 225 from pot
zengin23: doesn't show hand 
*** SUMMARY ***
Total pot 225 | Rake 0 
Seat 1: zengin23 (big blind) collected (225)
Seat 2: etoTUFFta folded before Flop (didn't bet)
Seat 3: Catela95 folded before Flop (didn't bet)
Seat 4: Crackoso folded before Flop (didn't bet)
Seat 5: deiraisetonuts folded before Flop (didn't bet)
Seat 6: W.junior.R (button) folded before Flop (didn't bet)
Seat 7: IvIaJlblw_7.7.7 (small blind) folded before Flop



PokerStars Hand #249051509281: Tournament #3714753579, €13.50+€13.50+€3.00 EUR Hold'em No Limit - Level V (60/120) - 2024/02/23 17:42:46 BRT [2024/02/23 15:42:46 ET]
Table '3714753579 38' 7-max Seat #7 is the button
Seat 1: zengin23 (11521 in chips, €13.50 bounty) 
Seat 2: etoTUFFta (12585 in chips, €13.50 bounty) 
Seat 3: Catela95 (9343 in chips, €13.50 bounty) 
Seat 4: Crackoso (9970 in chips, €13.50 bounty) 
Seat 5: deiraisetonuts (13540 in chips, €13.50 bounty) 
Seat 6: W.junior.R (7326 in chips, €13.50 bounty) 
Seat 7: IvIaJlblw_7.7.7 (9186 in chips, €13.50 bounty) 
zengin23: posts the ante 15
etoTUFFta: posts the ante 15
Catela95: posts the ante 15
Crackoso: posts the ante 15
deiraisetonuts: posts the ante 15
W.junior.R: posts the ante 15
IvIaJlblw_7.7.7: posts the ante 15
zengin23: posts small blind 60
etoTUFFta: posts big blind 120
*** HOLE CARDS ***
Dealt to deiraisetonuts [8d Ah]
Catela95: folds 
Crackoso: folds 
deiraisetonuts: folds 
W.junior.R: folds 
IvIaJlblw_7.7.7: folds 
zengin23: folds 
Uncalled bet (60) returned to etoTUFFta
etoTUFFta collected 225 from pot
*** SUMMARY ***
Total pot 225 | Rake 0 
Seat 1: zengin23 (small blind) folded before Flop
Seat 2: etoTUFFta (big blind) collected (225)
Seat 3: Catela95 folded before Flop (didn't bet)
Seat 4: Crackoso folded before Flop (didn't bet)
Seat 5: deiraisetonuts folded before Flop (didn't bet)
Seat 6: W.junior.R folded before Flop (didn't bet)
Seat 7: IvIaJlblw_7.7.7 (button) folded before Flop (didn't bet)



PokerStars Hand #249051522975: Tournament #3714753579, €13.50+€13.50+€3.00 EUR Hold'em No Limit - Level V (60/120) - 2024/02/23 17:43:23 BRT [2024/02/23 15:43:23 ET]
Table '3714753579 38' 7-max Seat #1 is the button
Seat 1: zengin23 (11446 in chips, €13.50 bounty) 
Seat 2: etoTUFFta (12735 in chips, €13.50 bounty) 
Seat 3: Catela95 (9328 in chips, €13.50 bounty) 
Seat 4: Crackoso (9955 in chips, €13.50 bounty) 
Seat 5: deiraisetonuts (13525 in chips, €13.50 bounty) 
Seat 6: W.junior.R (7311 in chips, €13.50 bounty) 
Seat 7: IvIaJlblw_7.7.7 (9171 in chips, €13.50 bounty) 
zengin23: posts the ante 15
etoTUFFta: posts the ante 15
Catela95: posts the ante 15
Crackoso: posts the ante 15
deiraisetonuts: posts the ante 15
W.junior.R: posts the ante 15
IvIaJlblw_7.7.7: posts the ante 15
etoTUFFta: posts small blind 60
Catela95: posts big blind 120
*** HOLE CARDS ***
Dealt to deiraisetonuts [8d Qc]
Crackoso: folds 
deiraisetonuts: folds 
W.junior.R: raises 132 to 252
IvIaJlblw_7.7.7: folds 
zengin23: folds 
etoTUFFta: folds 
Catela95: calls 132
*** FLOP *** [5c 3h Ah]
Catela95: checks 
W.junior.R: bets 167
Catela95: folds 
Uncalled bet (167) returned to W.junior.R
W.junior.R collected 669 from pot
W.junior.R: doesn't show hand 
*** SUMMARY ***
Total pot 669 | Rake 0 
Board [5c 3h Ah]
Seat 1: zengin23 (button) folded before Flop (didn't bet)
Seat 2: etoTUFFta (small blind) folded before Flop
Seat 3: Catela95 (big blind) folded on the Flop
Seat 4: Crackoso folded before Flop (didn't bet)
Seat 5: deiraisetonuts folded before Flop (didn't bet)
Seat 6: W.junior.R collected (669)
Seat 7: IvIaJlblw_7.7.7 folded before Flop (didn't bet)



PokerStars Hand #249051550318: Tournament #3714753579, €13.50+€13.50+€3.00 EUR Hold'em No Limit - Level V (60/120) - 2024/02/23 17:44:38 BRT [2024/02/23 15:44:38 ET]
Table '3714753579 38' 7-max Seat #2 is the button
Seat 1: zengin23 (11431 in chips, €13.50 bounty) 
Seat 2: etoTUFFta (12660 in chips, €13.50 bounty) 
Seat 3: Catela95 (9061 in chips, €13.50 bounty) 
Seat 4: Crackoso (9940 in chips, €13.50 bounty) 
Seat 5: deiraisetonuts (13510 in chips, €13.50 bounty) 
Seat 6: W.junior.R (7713 in chips, €13.50 bounty) 
Seat 7: IvIaJlblw_7.7.7 (9156 in chips, €13.50 bounty) 
zengin23: posts the ante 15
etoTUFFta: posts the ante 15
Catela95: posts the ante 15
Crackoso: posts the ante 15
deiraisetonuts: posts the ante 15
W.junior.R: posts the ante 15
IvIaJlblw_7.7.7: posts the ante 15
Catela95: posts small blind 60
Crackoso: posts big blind 120
*** HOLE CARDS ***
Dealt to deiraisetonuts [3s Qc]
deiraisetonuts: folds 
W.junior.R: folds 
IvIaJlblw_7.7.7: folds 
zengin23: folds 
etoTUFFta: raises 180 to 300
Catela95: folds 
Crackoso: folds 
Uncalled bet (180) returned to etoTUFFta
etoTUFFta collected 405 from pot
*** SUMMARY ***
Total pot 405 | Rake 0 
Seat 1: zengin23 folded before Flop (didn't bet)
Seat 2: etoTUFFta (button) collected (405)
Seat 3: Catela95 (small blind) folded before Flop
Seat 4: Crackoso (big blind) folded before Flop
Seat 5: deiraisetonuts folded before Flop (didn't bet)
Seat 6: W.junior.R folded before Flop (didn't bet)
Seat 7: IvIaJlblw_7.7.7 folded before Flop (didn't bet)



PokerStars Hand #249051568719: Tournament #3714753579, €13.50+€13.50+€3.00 EUR Hold'em No Limit - Level V (60/120) - 2024/02/23 17:45:29 BRT [2024/02/23 15:45:29 ET]
Table '3714753579 38' 7-max Seat #3 is the button
Seat 1: zengin23 (11416 in chips, €13.50 bounty) 
Seat 2: etoTUFFta (12930 in chips, €13.50 bounty) 
Seat 3: Catela95 (8986 in chips, €13.50 bounty) 
Seat 4: Crackoso (9805 in chips, €13.50 bounty) 
Seat 5: deiraisetonuts (13495 in chips, €13.50 bounty) 
Seat 6: W.junior.R (7698 in chips, €13.50 bounty) 
Seat 7: IvIaJlblw_7.7.7 (9141 in chips, €13.50 bounty) 
zengin23: posts the ante 15
etoTUFFta: posts the ante 15
Catela95: posts the ante 15
Crackoso: posts the ante 15
deiraisetonuts: posts the ante 15
W.junior.R: posts the ante 15
IvIaJlblw_7.7.7: posts the ante 15
Crackoso: posts small blind 60
deiraisetonuts: posts big blind 120
*** HOLE CARDS ***
Dealt to deiraisetonuts [6d 6s]
W.junior.R: folds 
IvIaJlblw_7.7.7: folds 
zengin23: folds 
etoTUFFta: raises 180 to 300
Catela95: raises 540 to 840
Crackoso: folds 
deiraisetonuts: folds 
etoTUFFta: folds 
Uncalled bet (540) returned to Catela95
Catela95 collected 885 from pot
Catela95: doesn't show hand 
*** SUMMARY ***
Total pot 885 | Rake 0 
Seat 1: zengin23 folded before Flop (didn't bet)
Seat 2: etoTUFFta folded before Flop
Seat 3: Catela95 (button) collected (885)
Seat 4: Crackoso (small blind) folded before Flop
Seat 5: deiraisetonuts (big blind) folded before Flop
Seat 6: W.junior.R folded before Flop (didn't bet)
Seat 7: IvIaJlblw_7.7.7 folded before Flop (didn't bet)



PokerStars Hand #249051581939: Tournament #3714753579, €13.50+€13.50+€3.00 EUR Hold'em No Limit - Level V (60/120) - 2024/02/23 17:46:06 BRT [2024/02/23 15:46:06 ET]
Table '3714753579 38' 7-max Seat #4 is the button
Seat 1: zengin23 (11401 in chips, €13.50 bounty) 
Seat 2: etoTUFFta (12615 in chips, €13.50 bounty) 
Seat 3: Catela95 (9556 in chips, €13.50 bounty) 
Seat 4: Crackoso (9730 in chips, €13.50 bounty) 
Seat 5: deiraisetonuts (13360 in chips, €13.50 bounty) 
Seat 6: W.junior.R (7683 in chips, €13.50 bounty) 
Seat 7: IvIaJlblw_7.7.7 (9126 in chips, €13.50 bounty) 
zengin23: posts the ante 15
etoTUFFta: posts the ante 15
Catela95: posts the ante 15
Crackoso: posts the ante 15
deiraisetonuts: posts the ante 15
W.junior.R: posts the ante 15
IvIaJlblw_7.7.7: posts the ante 15
deiraisetonuts: posts small blind 60
W.junior.R: posts big blind 120
*** HOLE CARDS ***
Dealt to deiraisetonuts [7s 3d]
IvIaJlblw_7.7.7: raises 180 to 300
zengin23: folds 
etoTUFFta: folds 
Catela95: raises 540 to 840
Crackoso: folds 
deiraisetonuts: folds 
W.junior.R: folds 
IvIaJlblw_7.7.7: calls 540
*** FLOP *** [Jd Jh Kc]
IvIaJlblw_7.7.7: checks 
Catela95: checks 
*** TURN *** [Jd Jh Kc] [6c]
IvIaJlblw_7.7.7: bets 608
Catela95: calls 608
*** RIVER *** [Jd Jh Kc 6c] [5h]
IvIaJlblw_7.7.7: bets 2671
Catela95: calls 2671
*** SHOW DOWN ***
IvIaJlblw_7.7.7: shows [Ad Qc] (a pair of Jacks)
Catela95: shows [As Kh] (two pair, Kings and Jacks)
Catela95 collected 8523 from pot
*** SUMMARY ***
Total pot 8523 | Rake 0 
Board [Jd Jh Kc 6c 5h]
Seat 1: zengin23 folded before Flop (didn't bet)
Seat 2: etoTUFFta folded before Flop (didn't bet)
Seat 3: Catela95 showed [As Kh] and won (8523) with two pair, Kings and Jacks
Seat 4: Crackoso (button) folded before Flop (didn't bet)
Seat 5: deiraisetonuts (small blind) folded before Flop
Seat 6: W.junior.R (big blind) folded before Flop
Seat 7: IvIaJlblw_7.7.7 showed [Ad Qc] and lost with a pair of Jacks



PokerStars Hand #249051609220: Tournament #3714753579, €13.50+€13.50+€3.00 EUR Hold'em No Limit - Level V (60/120) - 2024/02/23 17:47:21 BRT [2024/02/23 15:47:21 ET]
Table '3714753579 38' 7-max Seat #5 is the button
Seat 1: zengin23 (11386 in chips, €13.50 bounty) 
Seat 2: etoTUFFta (12600 in chips, €13.50 bounty) 
Seat 3: Catela95 (13945 in chips, €13.50 bounty) 
Seat 4: Crackoso (9715 in chips, €13.50 bounty) 
Seat 5: deiraisetonuts (13285 in chips, €13.50 bounty) 
Seat 6: W.junior.R (7548 in chips, €13.50 bounty) 
zengin23: posts the ante 15
etoTUFFta: posts the ante 15
Catela95: posts the ante 15
Crackoso: posts the ante 15
deiraisetonuts: posts the ante 15
W.junior.R: posts the ante 15
W.junior.R: posts small blind 60
zengin23: posts big blind 120
*** HOLE CARDS ***
Dealt to deiraisetonuts [4s 8c]
etoTUFFta: folds 
Catela95: folds 
Crackoso: folds 
deiraisetonuts: folds 
W.junior.R: calls 60
zengin23: checks 
*** FLOP *** [7h Jc Kd]
W.junior.R: checks 
zengin23: checks 
*** TURN *** [7h Jc Kd] [Qs]
b0t4n4hp0k3r is disconnected 
W.junior.R: checks 
zengin23: checks 
*** RIVER *** [7h Jc Kd Qs] [6c]
W.junior.R: checks 
zengin23: checks 
*** SHOW DOWN ***
W.junior.R: shows [3c Ac] (high card Ace)
zengin23: shows [Jd 4h] (a pair of Jacks)
zengin23 collected 330 from pot
*** SUMMARY ***
Total pot 330 | Rake 0 
Board [7h Jc Kd Qs 6c]
Seat 1: zengin23 (big blind) showed [Jd 4h] and won (330) with a pair of Jacks
Seat 2: etoTUFFta folded before Flop (didn't bet)
Seat 3: Catela95 folded before Flop (didn't bet)
Seat 4: Crackoso folded before Flop (didn't bet)
Seat 5: deiraisetonuts (button) folded before Flop (didn't bet)
Seat 6: W.junior.R (small blind) showed [3c Ac] and lost with high card Ace



PokerStars Hand #249051628256: Tournament #3714753579, €13.50+€13.50+€3.00 EUR Hold'em No Limit - Level V (60/120) - 2024/02/23 17:48:14 BRT [2024/02/23 15:48:14 ET]
Table '3714753579 38' 7-max Seat #6 is the button
Seat 1: zengin23 (11581 in chips, €13.50 bounty) 
Seat 2: etoTUFFta (12585 in chips, €13.50 bounty) 
Seat 3: Catela95 (13930 in chips, €13.50 bounty) 
Seat 4: Crackoso (9700 in chips, €13.50 bounty) 
Seat 5: deiraisetonuts (13270 in chips, €13.50 bounty) 
Seat 6: W.junior.R (7413 in chips, €13.50 bounty) 
Seat 7: b0t4n4hp0k3r (10000 in chips) out of hand (moved from another table into small blind)
b0t4n4hp0k3r will be allowed to play after the button
zengin23: posts the ante 15
etoTUFFta: posts the ante 15
Catela95: posts the ante 15
Crackoso: posts the ante 15
deiraisetonuts: posts the ante 15
W.junior.R: posts the ante 15
zengin23: posts small blind 60
etoTUFFta: posts big blind 120
*** HOLE CARDS ***
Dealt to deiraisetonuts [5c 9h]
Catela95: folds 
Crackoso: raises 120 to 240
deiraisetonuts: folds 
W.junior.R: folds 
zengin23: folds 
etoTUFFta: calls 120
*** FLOP *** [6h Qh As]
etoTUFFta: checks 
Crackoso: bets 240
etoTUFFta: calls 240
*** TURN *** [6h Qh As] [9s]
etoTUFFta: checks 
Crackoso: checks 
*** RIVER *** [6h Qh As 9s] [3c]
etoTUFFta: bets 888
Crackoso: folds 
Uncalled bet (888) returned to etoTUFFta
etoTUFFta collected 1110 from pot
*** SUMMARY ***
Total pot 1110 | Rake 0 
Board [6h Qh As 9s 3c]
Seat 1: zengin23 (small blind) folded before Flop
Seat 2: etoTUFFta (big blind) collected (1110)
Seat 3: Catela95 folded before Flop (didn't bet)
Seat 4: Crackoso folded on the River
Seat 5: deiraisetonuts folded before Flop (didn't bet)
Seat 6: W.junior.R (button) folded before Flop (didn't bet)



PokerStars Hand #249051658512: Tournament #3714753579, €13.50+€13.50+€3.00 EUR Hold'em No Limit - Level V (60/120) - 2024/02/23 17:49:38 BRT [2024/02/23 15:49:38 ET]
Table '3714753579 38' 7-max Seat #1 is the button
Seat 1: zengin23 (11506 in chips, €13.50 bounty) 
Seat 2: etoTUFFta (13200 in chips, €13.50 bounty) 
Seat 3: Catela95 (13915 in chips, €13.50 bounty) 
Seat 4: Crackoso (9205 in chips, €13.50 bounty) 
Seat 5: deiraisetonuts (13255 in chips, €13.50 bounty) 
Seat 6: W.junior.R (7398 in chips, €13.50 bounty) 
Seat 7: b0t4n4hp0k3r (10000 in chips, €13.50 bounty) 
zengin23: posts the ante 15
etoTUFFta: posts the ante 15
Catela95: posts the ante 15
Crackoso: posts the ante 15
deiraisetonuts: posts the ante 15
W.junior.R: posts the ante 15
b0t4n4hp0k3r: posts the ante 15
etoTUFFta: posts small blind 60
Catela95: posts big blind 120
*** HOLE CARDS ***
Dealt to deiraisetonuts [2c 5d]
Crackoso: folds 
deiraisetonuts: folds 
W.junior.R: folds 
b0t4n4hp0k3r: raises 120 to 240
zengin23: folds 
etoTUFFta: folds 
Catela95: calls 120
*** FLOP *** [Qc Ks 5c]
Catela95: checks 
b0t4n4hp0k3r: bets 206
Catela95: folds 
Uncalled bet (206) returned to b0t4n4hp0k3r
b0t4n4hp0k3r collected 645 from pot
b0t4n4hp0k3r: doesn't show hand 
*** SUMMARY ***
Total pot 645 | Rake 0 
Board [Qc Ks 5c]
Seat 1: zengin23 (button) folded before Flop (didn't bet)
Seat 2: etoTUFFta (small blind) folded before Flop
Seat 3: Catela95 (big blind) folded on the Flop
Seat 4: Crackoso folded before Flop (didn't bet)
Seat 5: deiraisetonuts folded before Flop (didn't bet)
Seat 6: W.junior.R folded before Flop (didn't bet)
Seat 7: b0t4n4hp0k3r collected (645)



PokerStars Hand #249051681601: Tournament #3714753579, €13.50+€13.50+€3.00 EUR Hold'em No Limit - Level VI (75/150) - 2024/02/23 17:50:43 BRT [2024/02/23 15:50:43 ET]
Table '3714753579 38' 7-max Seat #2 is the button
Seat 1: zengin23 (11491 in chips, €13.50 bounty) 
Seat 2: etoTUFFta (13125 in chips, €13.50 bounty) 
Seat 3: Catela95 (13660 in chips, €13.50 bounty) 
Seat 4: Crackoso (9190 in chips, €13.50 bounty) 
Seat 5: deiraisetonuts (13240 in chips, €13.50 bounty) 
Seat 6: W.junior.R (7383 in chips, €13.50 bounty) 
Seat 7: b0t4n4hp0k3r (10390 in chips, €13.50 bounty) 
zengin23: posts the ante 20
etoTUFFta: posts the ante 20
Catela95: posts the ante 20
Crackoso: posts the ante 20
deiraisetonuts: posts the ante 20
W.junior.R: posts the ante 20
b0t4n4hp0k3r: posts the ante 20
Catela95: posts small blind 75
Crackoso: posts big blind 150
*** HOLE CARDS ***
Dealt to deiraisetonuts [Js Kc]
deiraisetonuts: raises 150 to 300
W.junior.R: folds 
b0t4n4hp0k3r: folds 
zengin23: folds 
etoTUFFta: folds 
Catela95: calls 225
Crackoso: folds 
*** FLOP *** [4d 3c 3h]
Catela95: checks 
deiraisetonuts: bets 222
Catela95: raises 453 to 675
deiraisetonuts: raises 738 to 1413
Catela95: calls 738
*** TURN *** [4d 3c 3h] [3s]
Catela95: checks 
deiraisetonuts: bets 2712
Catela95: calls 2712
*** RIVER *** [4d 3c 3h 3s] [4h]
Catela95: checks 
deiraisetonuts: checks 
*** SHOW DOWN ***
Catela95: shows [Qs Ah] (a full house, Threes full of Fours)
deiraisetonuts: shows [Js Kc] (a full house, Threes full of Fours)
Catela95 collected 4570 from pot
deiraisetonuts collected 4570 from pot
*** SUMMARY ***
Total pot 9140 | Rake 0 
Board [4d 3c 3h 3s 4h]
Seat 1: zengin23 folded before Flop (didn't bet)
Seat 2: etoTUFFta (button) folded before Flop (didn't bet)
Seat 3: Catela95 (small blind) showed [Qs Ah] and won (4570) with a full house, Threes full of Fours
Seat 4: Crackoso (big blind) folded before Flop
Seat 5: deiraisetonuts showed [Js Kc] and won (4570) with a full house, Threes full of Fours
Seat 6: W.junior.R folded before Flop (didn't bet)
Seat 7: b0t4n4hp0k3r folded before Flop (didn't bet)



PokerStars Hand #249051744213: Tournament #3714753579, €13.50+€13.50+€3.00 EUR Hold'em No Limit - Level VI (75/150) - 2024/02/23 17:53:37 BRT [2024/02/23 15:53:37 ET]
Table '3714753579 38' 7-max Seat #3 is the button
Seat 1: zengin23 (11471 in chips, €13.50 bounty) 
Seat 2: etoTUFFta (13105 in chips, €13.50 bounty) 
Seat 3: Catela95 (13785 in chips, €13.50 bounty) 
Seat 4: Crackoso (9020 in chips, €13.50 bounty) 
Seat 5: deiraisetonuts (13365 in chips, €13.50 bounty) 
Seat 6: W.junior.R (7363 in chips, €13.50 bounty) 
Seat 7: b0t4n4hp0k3r (10370 in chips, €13.50 bounty) 
zengin23: posts the ante 20
etoTUFFta: posts the ante 20
Catela95: posts the ante 20
Crackoso: posts the ante 20
deiraisetonuts: posts the ante 20
W.junior.R: posts the ante 20
b0t4n4hp0k3r: posts the ante 20
Crackoso: posts small blind 75
deiraisetonuts: posts big blind 150
*** HOLE CARDS ***
Dealt to deiraisetonuts [9s 4s]
W.junior.R: folds 
b0t4n4hp0k3r: folds 
zengin23: folds 
etoTUFFta: folds 
Catela95: raises 195 to 345
Crackoso: raises 980 to 1325
deiraisetonuts: folds 
Catela95: calls 980
*** FLOP *** [Kd Jh 8s]
Crackoso: bets 2023
Catela95: folds 
Uncalled bet (2023) returned to Crackoso
Crackoso collected 2940 from pot
Crackoso: doesn't show hand 
*** SUMMARY ***
Total pot 2940 | Rake 0 
Board [Kd Jh 8s]
Seat 1: zengin23 folded before Flop (didn't bet)
Seat 2: etoTUFFta folded before Flop (didn't bet)
Seat 3: Catela95 (button) folded on the Flop
Seat 4: Crackoso (small blind) collected (2940)
Seat 5: deiraisetonuts (big blind) folded before Flop
Seat 6: W.junior.R folded before Flop (didn't bet)
Seat 7: b0t4n4hp0k3r folded before Flop (didn't bet)



PokerStars Hand #249051912026: Tournament #3714753579, €13.50+€13.50+€3.00 EUR Hold'em No Limit - Level VI (75/150) - 2024/02/23 18:03:01 BRT [2024/02/23 16:03:01 ET]
Table '3714753579 38' 7-max Seat #4 is the button
Seat 1: zengin23 (11451 in chips, €13.50 bounty) 
Seat 2: etoTUFFta (13085 in chips, €13.50 bounty) 
Seat 3: Catela95 (12440 in chips, €13.50 bounty) 
Seat 4: Crackoso (10615 in chips, €13.50 bounty) 
Seat 5: deiraisetonuts (13195 in chips, €13.50 bounty) 
Seat 6: W.junior.R (7343 in chips, €13.50 bounty) 
Seat 7: b0t4n4hp0k3r (10350 in chips, €13.50 bounty) 
zengin23: posts the ante 20
etoTUFFta: posts the ante 20
Catela95: posts the ante 20
Crackoso: posts the ante 20
deiraisetonuts: posts the ante 20
W.junior.R: posts the ante 20
b0t4n4hp0k3r: posts the ante 20
deiraisetonuts: posts small blind 75
W.junior.R: posts big blind 150
*** HOLE CARDS ***
Dealt to deiraisetonuts [6h 9c]
b0t4n4hp0k3r: folds 
zengin23: folds 
etoTUFFta: folds 
Catela95: raises 195 to 345
Crackoso: folds 
deiraisetonuts: folds 
W.junior.R: folds 
Uncalled bet (195) returned to Catela95
Catela95 collected 515 from pot
Catela95: doesn't show hand 
*** SUMMARY ***
Total pot 515 | Rake 0 
Seat 1: zengin23 folded before Flop (didn't bet)
Seat 2: etoTUFFta folded before Flop (didn't bet)
Seat 3: Catela95 collected (515)
Seat 4: Crackoso (button) folded before Flop (didn't bet)
Seat 5: deiraisetonuts (small blind) folded before Flop
Seat 6: W.junior.R (big blind) folded before Flop
Seat 7: b0t4n4hp0k3r folded before Flop (didn't bet)



PokerStars Hand #249051922377: Tournament #3714753579, €13.50+€13.50+€3.00 EUR Hold'em No Limit - Level VI (75/150) - 2024/02/23 18:03:30 BRT [2024/02/23 16:03:30 ET]
Table '3714753579 38' 7-max Seat #5 is the button
Seat 1: zengin23 (11431 in chips, €13.50 bounty) 
Seat 2: etoTUFFta (13065 in chips, €13.50 bounty) 
Seat 3: Catela95 (12785 in chips, €13.50 bounty) 
Seat 4: Crackoso (10595 in chips, €13.50 bounty) 
Seat 5: deiraisetonuts (13100 in chips, €13.50 bounty) 
Seat 6: W.junior.R (7173 in chips, €13.50 bounty) 
Seat 7: b0t4n4hp0k3r (10330 in chips, €13.50 bounty) 
zengin23: posts the ante 20
etoTUFFta: posts the ante 20
Catela95: posts the ante 20
Crackoso: posts the ante 20
deiraisetonuts: posts the ante 20
W.junior.R: posts the ante 20
b0t4n4hp0k3r: posts the ante 20
W.junior.R: posts small blind 75
b0t4n4hp0k3r: posts big blind 150
*** HOLE CARDS ***
Dealt to deiraisetonuts [2s Ks]
zengin23: folds 
etoTUFFta: folds 
Catela95: folds 
Crackoso: raises 150 to 300
deiraisetonuts: calls 300
W.junior.R: folds 
b0t4n4hp0k3r: calls 150
*** FLOP *** [4c 3s Ad]
b0t4n4hp0k3r: checks 
Crackoso: checks 
deiraisetonuts: bets 367
b0t4n4hp0k3r: folds 
Crackoso: folds 
Uncalled bet (367) returned to deiraisetonuts
deiraisetonuts collected 1115 from pot
deiraisetonuts: doesn't show hand 
*** SUMMARY ***
Total pot 1115 | Rake 0 
Board [4c 3s Ad]
Seat 1: zengin23 folded before Flop (didn't bet)
Seat 2: etoTUFFta folded before Flop (didn't bet)
Seat 3: Catela95 folded before Flop (didn't bet)
Seat 4: Crackoso folded on the Flop
Seat 5: deiraisetonuts (button) collected (1115)
Seat 6: W.junior.R (small blind) folded before Flop
Seat 7: b0t4n4hp0k3r (big blind) folded on the Flop



PokerStars Hand #249051953623: Tournament #3714753579, €13.50+€13.50+€3.00 EUR Hold'em No Limit - Level VI (75/150) - 2024/02/23 18:04:58 BRT [2024/02/23 16:04:58 ET]
Table '3714753579 38' 7-max Seat #6 is the button
Seat 1: zengin23 (11411 in chips, €13.50 bounty) 
Seat 2: etoTUFFta (13045 in chips, €13.50 bounty) 
Seat 3: Catela95 (12765 in chips, €13.50 bounty) 
Seat 4: Crackoso (10275 in chips, €13.50 bounty) 
Seat 5: deiraisetonuts (13895 in chips, €13.50 bounty) 
Seat 6: W.junior.R (7078 in chips, €13.50 bounty) 
Seat 7: b0t4n4hp0k3r (10010 in chips, €13.50 bounty) 
zengin23: posts the ante 20
etoTUFFta: posts the ante 20
Catela95: posts the ante 20
Crackoso: posts the ante 20
deiraisetonuts: posts the ante 20
W.junior.R: posts the ante 20
b0t4n4hp0k3r: posts the ante 20
b0t4n4hp0k3r: posts small blind 75
zengin23: posts big blind 150
*** HOLE CARDS ***
Dealt to deiraisetonuts [7h 9s]
etoTUFFta: folds 
Catela95: folds 
Crackoso: folds 
deiraisetonuts: folds 
W.junior.R: folds 
b0t4n4hp0k3r: raises 300 to 450
zengin23: folds 
Uncalled bet (300) returned to b0t4n4hp0k3r
b0t4n4hp0k3r collected 440 from pot
b0t4n4hp0k3r: doesn't show hand 
*** SUMMARY ***
Total pot 440 | Rake 0 
Seat 1: zengin23 (big blind) folded before Flop
Seat 2: etoTUFFta folded before Flop (didn't bet)
Seat 3: Catela95 folded before Flop (didn't bet)
Seat 4: Crackoso folded before Flop (didn't bet)
Seat 5: deiraisetonuts folded before Flop (didn't bet)
Seat 6: W.junior.R (button) folded before Flop (didn't bet)
Seat 7: b0t4n4hp0k3r (small blind) collected (440)



PokerStars Hand #249051964632: Tournament #3714753579, €13.50+€13.50+€3.00 EUR Hold'em No Limit - Level VI (75/150) - 2024/02/23 18:05:27 BRT [2024/02/23 16:05:27 ET]
Table '3714753579 38' 7-max Seat #7 is the button
Seat 1: zengin23 (11241 in chips, €13.50 bounty) 
Seat 2: etoTUFFta (13025 in chips, €13.50 bounty) 
Seat 3: Catela95 (12745 in chips, €13.50 bounty) 
Seat 4: Crackoso (10255 in chips, €13.50 bounty) 
Seat 5: deiraisetonuts (13875 in chips, €13.50 bounty) 
Seat 6: W.junior.R (7058 in chips, €13.50 bounty) 
Seat 7: b0t4n4hp0k3r (10280 in chips, €13.50 bounty) 
zengin23: posts the ante 20
etoTUFFta: posts the ante 20
Catela95: posts the ante 20
Crackoso: posts the ante 20
deiraisetonuts: posts the ante 20
W.junior.R: posts the ante 20
b0t4n4hp0k3r: posts the ante 20
zengin23: posts small blind 75
etoTUFFta: posts big blind 150
*** HOLE CARDS ***
Dealt to deiraisetonuts [Jd Ac]
Catela95: folds 
Crackoso: folds 
deiraisetonuts: raises 150 to 300
W.junior.R: folds 
b0t4n4hp0k3r: folds 
zengin23: raises 890 to 1190
etoTUFFta: folds 
deiraisetonuts: calls 890
*** FLOP *** [7c 6h Kd]
zengin23: bets 881
deiraisetonuts: calls 881
*** TURN *** [7c 6h Kd] [9d]
zengin23: bets 1050
deiraisetonuts: folds 
Uncalled bet (1050) returned to zengin23
zengin23 collected 4432 from pot
zengin23: doesn't show hand 
*** SUMMARY ***
Total pot 4432 | Rake 0 
Board [7c 6h Kd 9d]
Seat 1: zengin23 (small blind) collected (4432)
Seat 2: etoTUFFta (big blind) folded before Flop
Seat 3: Catela95 folded before Flop (didn't bet)
Seat 4: Crackoso folded before Flop (didn't bet)
Seat 5: deiraisetonuts folded on the Turn
Seat 6: W.junior.R folded before Flop (didn't bet)
Seat 7: b0t4n4hp0k3r (button) folded before Flop (didn't bet)



PokerStars Hand #249052007624: Tournament #3714753579, €13.50+€13.50+€3.00 EUR Hold'em No Limit - Level VI (75/150) - 2024/02/23 18:07:25 BRT [2024/02/23 16:07:25 ET]
Table '3714753579 38' 7-max Seat #1 is the button
Seat 1: zengin23 (13582 in chips, €13.50 bounty) 
Seat 2: etoTUFFta (12855 in chips, €13.50 bounty) 
Seat 3: Catela95 (12725 in chips, €13.50 bounty) 
Seat 4: Crackoso (10235 in chips, €13.50 bounty) 
Seat 5: deiraisetonuts (11784 in chips, €13.50 bounty) 
Seat 6: W.junior.R (7038 in chips, €13.50 bounty) 
Seat 7: b0t4n4hp0k3r (10260 in chips, €13.50 bounty) 
zengin23: posts the ante 20
etoTUFFta: posts the ante 20
Catela95: posts the ante 20
Crackoso: posts the ante 20
deiraisetonuts: posts the ante 20
W.junior.R: posts the ante 20
b0t4n4hp0k3r: posts the ante 20
etoTUFFta: posts small blind 75
Catela95: posts big blind 150
*** HOLE CARDS ***
Dealt to deiraisetonuts [Tc 5h]
Crackoso: folds 
deiraisetonuts: folds 
W.junior.R: folds 
b0t4n4hp0k3r: folds 
zengin23: folds 
etoTUFFta: raises 375 to 525
Catela95: folds 
Uncalled bet (375) returned to etoTUFFta
etoTUFFta collected 440 from pot
*** SUMMARY ***
Total pot 440 | Rake 0 
Seat 1: zengin23 (button) folded before Flop (didn't bet)
Seat 2: etoTUFFta (small blind) collected (440)
Seat 3: Catela95 (big blind) folded before Flop
Seat 4: Crackoso folded before Flop (didn't bet)
Seat 5: deiraisetonuts folded before Flop (didn't bet)
Seat 6: W.junior.R folded before Flop (didn't bet)
Seat 7: b0t4n4hp0k3r folded before Flop (didn't bet)



PokerStars Hand #249052021417: Tournament #3714753579, €13.50+€13.50+€3.00 EUR Hold'em No Limit - Level VI (75/150) - 2024/02/23 18:08:03 BRT [2024/02/23 16:08:03 ET]
Table '3714753579 38' 7-max Seat #2 is the button
Seat 1: zengin23 (13562 in chips, €13.50 bounty) 
Seat 2: etoTUFFta (13125 in chips, €13.50 bounty) 
Seat 3: Catela95 (12555 in chips, €13.50 bounty) 
Seat 4: Crackoso (10215 in chips, €13.50 bounty) 
Seat 5: deiraisetonuts (11764 in chips, €13.50 bounty) 
Seat 6: W.junior.R (7018 in chips, €13.50 bounty) 
Seat 7: b0t4n4hp0k3r (10240 in chips, €13.50 bounty) 
zengin23: posts the ante 20
etoTUFFta: posts the ante 20
Catela95: posts the ante 20
Crackoso: posts the ante 20
deiraisetonuts: posts the ante 20
W.junior.R: posts the ante 20
b0t4n4hp0k3r: posts the ante 20
Catela95: posts small blind 75
Crackoso: posts big blind 150
*** HOLE CARDS ***
Dealt to deiraisetonuts [4d 8h]
deiraisetonuts: folds 
W.junior.R: folds 
b0t4n4hp0k3r: raises 150 to 300
zengin23: raises 450 to 750
etoTUFFta: folds 
Catela95: folds 
Crackoso: folds 
b0t4n4hp0k3r: calls 450
*** FLOP *** [6d 9s 2s]
b0t4n4hp0k3r: checks 
zengin23: bets 750
b0t4n4hp0k3r: calls 750
*** TURN *** [6d 9s 2s] [3s]
b0t4n4hp0k3r: checks 
zengin23: checks 
*** RIVER *** [6d 9s 2s 3s] [Kc]
b0t4n4hp0k3r: bets 2700
zengin23: calls 2700
*** SHOW DOWN ***
b0t4n4hp0k3r: shows [Js Ks] (a flush, King high)
zengin23: mucks hand 
b0t4n4hp0k3r collected 8765 from pot
*** SUMMARY ***
Total pot 8765 | Rake 0 
Board [6d 9s 2s 3s Kc]
Seat 1: zengin23 mucked [Kh 7h]
Seat 2: etoTUFFta (button) folded before Flop (didn't bet)
Seat 3: Catela95 (small blind) folded before Flop
Seat 4: Crackoso (big blind) folded before Flop
Seat 5: deiraisetonuts folded before Flop (didn't bet)
Seat 6: W.junior.R folded before Flop (didn't bet)
Seat 7: b0t4n4hp0k3r showed [Js Ks] and won (8765) with a flush, King high



PokerStars Hand #249052047549: Tournament #3714753579, €13.50+€13.50+€3.00 EUR Hold'em No Limit - Level VII (100/200) - 2024/02/23 18:09:14 BRT [2024/02/23 16:09:14 ET]
Table '3714753579 38' 7-max Seat #3 is the button
Seat 1: zengin23 (9342 in chips, €13.50 bounty) 
Seat 2: etoTUFFta (13105 in chips, €13.50 bounty) 
Seat 3: Catela95 (12460 in chips, €13.50 bounty) 
Seat 4: Crackoso (10045 in chips, €13.50 bounty) 
Seat 5: deiraisetonuts (11744 in chips, €13.50 bounty) 
Seat 6: W.junior.R (6998 in chips, €13.50 bounty) 
Seat 7: b0t4n4hp0k3r (14785 in chips, €13.50 bounty) 
zengin23: posts the ante 25
etoTUFFta: posts the ante 25
Catela95: posts the ante 25
Crackoso: posts the ante 25
deiraisetonuts: posts the ante 25
W.junior.R: posts the ante 25
b0t4n4hp0k3r: posts the ante 25
Crackoso: posts small blind 100
deiraisetonuts: posts big blind 200
*** HOLE CARDS ***
Dealt to deiraisetonuts [Qd 8d]
W.junior.R: folds 
b0t4n4hp0k3r: folds 
zengin23: folds 
etoTUFFta: folds 
Catela95: folds 
Crackoso: raises 250 to 450
deiraisetonuts: calls 250
*** FLOP *** [9c 7s 9d]
Crackoso: checks 
deiraisetonuts: checks 
*** TURN *** [9c 7s 9d] [3h]
Crackoso: bets 301
deiraisetonuts: folds 
Uncalled bet (301) returned to Crackoso
Crackoso collected 1075 from pot
Crackoso: doesn't show hand 
*** SUMMARY ***
Total pot 1075 | Rake 0 
Board [9c 7s 9d 3h]
Seat 1: zengin23 folded before Flop (didn't bet)
Seat 2: etoTUFFta folded before Flop (didn't bet)
Seat 3: Catela95 (button) folded before Flop (didn't bet)
Seat 4: Crackoso (small blind) collected (1075)
Seat 5: deiraisetonuts (big blind) folded on the Turn
Seat 6: W.junior.R folded before Flop (didn't bet)
Seat 7: b0t4n4hp0k3r folded before Flop (didn't bet)



PokerStars Hand #249052070876: Tournament #3714753579, €13.50+€13.50+€3.00 EUR Hold'em No Limit - Level VII (100/200) - 2024/02/23 18:10:18 BRT [2024/02/23 16:10:18 ET]
Table '3714753579 38' 7-max Seat #4 is the button
Seat 1: zengin23 (9317 in chips, €13.50 bounty) 
Seat 2: etoTUFFta (13080 in chips, €13.50 bounty) 
Seat 3: Catela95 (12435 in chips, €13.50 bounty) 
Seat 4: Crackoso (10645 in chips, €13.50 bounty) 
Seat 5: deiraisetonuts (11269 in chips, €13.50 bounty) 
Seat 6: W.junior.R (6973 in chips, €13.50 bounty) 
Seat 7: b0t4n4hp0k3r (14760 in chips, €13.50 bounty) 
zengin23: posts the ante 25
etoTUFFta: posts the ante 25
Catela95: posts the ante 25
Crackoso: posts the ante 25
deiraisetonuts: posts the ante 25
W.junior.R: posts the ante 25
b0t4n4hp0k3r: posts the ante 25
deiraisetonuts: posts small blind 100
W.junior.R: posts big blind 200
*** HOLE CARDS ***
Dealt to deiraisetonuts [As 6h]
b0t4n4hp0k3r: folds 
zengin23: folds 
etoTUFFta: folds 
Catela95: folds 
Crackoso: raises 200 to 400
deiraisetonuts: folds 
W.junior.R: calls 200
*** FLOP *** [5s Ad 2c]
W.junior.R: checks 
Crackoso: bets 394
W.junior.R: folds 
Uncalled bet (394) returned to Crackoso
Crackoso collected 1075 from pot
Crackoso: doesn't show hand 
*** SUMMARY ***
Total pot 1075 | Rake 0 
Board [5s Ad 2c]
Seat 1: zengin23 folded before Flop (didn't bet)
Seat 2: etoTUFFta folded before Flop (didn't bet)
Seat 3: Catela95 folded before Flop (didn't bet)
Seat 4: Crackoso (button) collected (1075)
Seat 5: deiraisetonuts (small blind) folded before Flop
Seat 6: W.junior.R (big blind) folded on the Flop
Seat 7: b0t4n4hp0k3r folded before Flop (didn't bet)



PokerStars Hand #249052090888: Tournament #3714753579, €13.50+€13.50+€3.00 EUR Hold'em No Limit - Level VII (100/200) - 2024/02/23 18:11:12 BRT [2024/02/23 16:11:12 ET]
Table '3714753579 38' 7-max Seat #5 is the button
Seat 1: zengin23 (9292 in chips, €13.50 bounty) 
Seat 2: etoTUFFta (13055 in chips, €13.50 bounty) 
Seat 3: Catela95 (12410 in chips, €13.50 bounty) 
Seat 4: Crackoso (11295 in chips, €13.50 bounty) 
Seat 5: deiraisetonuts (11144 in chips, €13.50 bounty) 
Seat 6: W.junior.R (6548 in chips, €13.50 bounty) 
Seat 7: b0t4n4hp0k3r (14735 in chips, €13.50 bounty) 
zengin23: posts the ante 25
etoTUFFta: posts the ante 25
Catela95: posts the ante 25
Crackoso: posts the ante 25
deiraisetonuts: posts the ante 25
W.junior.R: posts the ante 25
b0t4n4hp0k3r: posts the ante 25
W.junior.R: posts small blind 100
b0t4n4hp0k3r: posts big blind 200
*** HOLE CARDS ***
Dealt to deiraisetonuts [2h 2c]
zengin23: folds 
etoTUFFta: folds 
Catela95: raises 260 to 460
Crackoso: folds 
deiraisetonuts: calls 460
W.junior.R: folds 
b0t4n4hp0k3r: folds 
*** FLOP *** [Ah 7c Qd]
Catela95: checks 
deiraisetonuts: bets 1186
Catela95: folds 
Uncalled bet (1186) returned to deiraisetonuts
deiraisetonuts collected 1395 from pot
deiraisetonuts: doesn't show hand 
*** SUMMARY ***
Total pot 1395 | Rake 0 
Board [Ah 7c Qd]
Seat 1: zengin23 folded before Flop (didn't bet)
Seat 2: etoTUFFta folded before Flop (didn't bet)
Seat 3: Catela95 folded on the Flop
Seat 4: Crackoso folded before Flop (didn't bet)
Seat 5: deiraisetonuts (button) collected (1395)
Seat 6: W.junior.R (small blind) folded before Flop
Seat 7: b0t4n4hp0k3r (big blind) folded before Flop



PokerStars Hand #249052116554: Tournament #3714753579, €13.50+€13.50+€3.00 EUR Hold'em No Limit - Level VII (100/200) - 2024/02/23 18:12:21 BRT [2024/02/23 16:12:21 ET]
Table '3714753579 38' 7-max Seat #6 is the button
Seat 1: zengin23 (9267 in chips, €13.50 bounty) 
Seat 2: etoTUFFta (13030 in chips, €13.50 bounty) 
Seat 3: Catela95 (11925 in chips, €13.50 bounty) 
Seat 4: Crackoso (11270 in chips, €13.50 bounty) 
Seat 5: deiraisetonuts (12054 in chips, €13.50 bounty) 
Seat 6: W.junior.R (6423 in chips, €13.50 bounty) 
Seat 7: b0t4n4hp0k3r (14510 in chips, €13.50 bounty) 
zengin23: posts the ante 25
etoTUFFta: posts the ante 25
Catela95: posts the ante 25
Crackoso: posts the ante 25
deiraisetonuts: posts the ante 25
W.junior.R: posts the ante 25
b0t4n4hp0k3r: posts the ante 25
b0t4n4hp0k3r: posts small blind 100
zengin23: posts big blind 200
*** HOLE CARDS ***
Dealt to deiraisetonuts [Ac As]
etoTUFFta: folds 
Catela95: folds 
Crackoso: folds 
deiraisetonuts: raises 200 to 400
W.junior.R: folds 
b0t4n4hp0k3r: folds 
zengin23: folds 
Uncalled bet (200) returned to deiraisetonuts
deiraisetonuts collected 675 from pot
deiraisetonuts: doesn't show hand 
*** SUMMARY ***
Total pot 675 | Rake 0 
Seat 1: zengin23 (big blind) folded before Flop
Seat 2: etoTUFFta folded before Flop (didn't bet)
Seat 3: Catela95 folded before Flop (didn't bet)
Seat 4: Crackoso folded before Flop (didn't bet)
Seat 5: deiraisetonuts collected (675)
Seat 6: W.junior.R (button) folded before Flop (didn't bet)
Seat 7: b0t4n4hp0k3r (small blind) folded before Flop



PokerStars Hand #249052130609: Tournament #3714753579, €13.50+€13.50+€3.00 EUR Hold'em No Limit - Level VII (100/200) - 2024/02/23 18:12:59 BRT [2024/02/23 16:12:59 ET]
Table '3714753579 38' 7-max Seat #7 is the button
Seat 1: zengin23 (9042 in chips, €13.50 bounty) 
Seat 2: etoTUFFta (13005 in chips, €13.50 bounty) 
Seat 3: Catela95 (11900 in chips, €13.50 bounty) 
Seat 4: Crackoso (11245 in chips, €13.50 bounty) 
Seat 5: deiraisetonuts (12504 in chips, €13.50 bounty) 
Seat 6: W.junior.R (6398 in chips, €13.50 bounty) 
Seat 7: b0t4n4hp0k3r (14385 in chips, €13.50 bounty) 
zengin23: posts the ante 25
etoTUFFta: posts the ante 25
Catela95: posts the ante 25
Crackoso: posts the ante 25
deiraisetonuts: posts the ante 25
W.junior.R: posts the ante 25
b0t4n4hp0k3r: posts the ante 25
zengin23: posts small blind 100
etoTUFFta: posts big blind 200
*** HOLE CARDS ***
Dealt to deiraisetonuts [3d 5c]
Catela95: folds 
Crackoso: folds 
deiraisetonuts: folds 
W.junior.R: folds 
b0t4n4hp0k3r: folds 
zengin23: raises 400 to 600
etoTUFFta: calls 400
*** FLOP *** [6d Qh 7d]
zengin23: checks 
etoTUFFta: bets 454
zengin23: folds 
Uncalled bet (454) returned to etoTUFFta
etoTUFFta collected 1375 from pot
*** SUMMARY ***
Total pot 1375 | Rake 0 
Board [6d Qh 7d]
Seat 1: zengin23 (small blind) folded on the Flop
Seat 2: etoTUFFta (big blind) collected (1375)
Seat 3: Catela95 folded before Flop (didn't bet)
Seat 4: Crackoso folded before Flop (didn't bet)
Seat 5: deiraisetonuts folded before Flop (didn't bet)
Seat 6: W.junior.R folded before Flop (didn't bet)
Seat 7: b0t4n4hp0k3r (button) folded before Flop (didn't bet)



PokerStars Hand #249052155312: Tournament #3714753579, €13.50+€13.50+€3.00 EUR Hold'em No Limit - Level VII (100/200) - 2024/02/23 18:14:06 BRT [2024/02/23 16:14:06 ET]
Table '3714753579 38' 7-max Seat #1 is the button
Seat 1: zengin23 (8417 in chips, €13.50 bounty) 
Seat 2: etoTUFFta (13755 in chips, €13.50 bounty) 
Seat 3: Catela95 (11875 in chips, €13.50 bounty) 
Seat 4: Crackoso (11220 in chips, €13.50 bounty) 
Seat 5: deiraisetonuts (12479 in chips, €13.50 bounty) 
Seat 6: W.junior.R (6373 in chips, €13.50 bounty) 
Seat 7: b0t4n4hp0k3r (14360 in chips, €13.50 bounty) 
zengin23: posts the ante 25
etoTUFFta: posts the ante 25
Catela95: posts the ante 25
Crackoso: posts the ante 25
deiraisetonuts: posts the ante 25
W.junior.R: posts the ante 25
b0t4n4hp0k3r: posts the ante 25
etoTUFFta: posts small blind 100
Catela95: posts big blind 200
*** HOLE CARDS ***
Dealt to deiraisetonuts [9d 7h]
Crackoso: folds 
deiraisetonuts: folds 
W.junior.R: raises 220 to 420
b0t4n4hp0k3r: folds 
zengin23: folds 
etoTUFFta: folds 
Catela95: calls 220
*** FLOP *** [5h 9s 2d]
Catela95: checks 
W.junior.R: bets 368
Catela95: folds 
Uncalled bet (368) returned to W.junior.R
W.junior.R collected 1115 from pot
W.junior.R: doesn't show hand 
*** SUMMARY ***
Total pot 1115 | Rake 0 
Board [5h 9s 2d]
Seat 1: zengin23 (button) folded before Flop (didn't bet)
Seat 2: etoTUFFta (small blind) folded before Flop
Seat 3: Catela95 (big blind) folded on the Flop
Seat 4: Crackoso folded before Flop (didn't bet)
Seat 5: deiraisetonuts folded before Flop (didn't bet)
Seat 6: W.junior.R collected (1115)
Seat 7: b0t4n4hp0k3r folded before Flop (didn't bet)



PokerStars Hand #249052177804: Tournament #3714753579, €13.50+€13.50+€3.00 EUR Hold'em No Limit - Level VII (100/200) - 2024/02/23 18:15:06 BRT [2024/02/23 16:15:06 ET]
Table '3714753579 38' 7-max Seat #2 is the button
Seat 1: zengin23 (8392 in chips, €13.50 bounty) 
Seat 2: etoTUFFta (13630 in chips, €13.50 bounty) 
Seat 3: Catela95 (11430 in chips, €13.50 bounty) 
Seat 4: Crackoso (11195 in chips, €13.50 bounty) 
Seat 5: deiraisetonuts (12454 in chips, €13.50 bounty) 
Seat 6: W.junior.R (7043 in chips, €13.50 bounty) 
Seat 7: b0t4n4hp0k3r (14335 in chips, €13.50 bounty) 
zengin23: posts the ante 25
etoTUFFta: posts the ante 25
Catela95: posts the ante 25
Crackoso: posts the ante 25
deiraisetonuts: posts the ante 25
W.junior.R: posts the ante 25
b0t4n4hp0k3r: posts the ante 25
Catela95: posts small blind 100
Crackoso: posts big blind 200
*** HOLE CARDS ***
Dealt to deiraisetonuts [Ah 7s]
deiraisetonuts: folds 
W.junior.R: folds 
b0t4n4hp0k3r: folds 
zengin23: folds 
etoTUFFta: raises 240 to 440
Catela95: raises 1260 to 1700
Crackoso: folds 
etoTUFFta: calls 1260
*** FLOP *** [Kd 7d 3s]
Catela95: bets 1246
etoTUFFta: folds 
Uncalled bet (1246) returned to Catela95
Catela95 collected 3775 from pot
Catela95: doesn't show hand 
*** SUMMARY ***
Total pot 3775 | Rake 0 
Board [Kd 7d 3s]
Seat 1: zengin23 folded before Flop (didn't bet)
Seat 2: etoTUFFta (button) folded on the Flop
Seat 3: Catela95 (small blind) collected (3775)
Seat 4: Crackoso (big blind) folded before Flop
Seat 5: deiraisetonuts folded before Flop (didn't bet)
Seat 6: W.junior.R folded before Flop (didn't bet)
Seat 7: b0t4n4hp0k3r folded before Flop (didn't bet)



PokerStars Hand #249052197869: Tournament #3714753579, €13.50+€13.50+€3.00 EUR Hold'em No Limit - Level VII (100/200) - 2024/02/23 18:16:00 BRT [2024/02/23 16:16:00 ET]
Table '3714753579 38' 7-max Seat #3 is the button
Seat 1: zengin23 (8367 in chips, €13.50 bounty) 
Seat 2: etoTUFFta (11905 in chips, €13.50 bounty) 
Seat 3: Catela95 (13480 in chips, €13.50 bounty) 
Seat 4: Crackoso (10970 in chips, €13.50 bounty) 
Seat 5: deiraisetonuts (12429 in chips, €13.50 bounty) 
Seat 6: W.junior.R (7018 in chips, €13.50 bounty) 
Seat 7: b0t4n4hp0k3r (14310 in chips, €13.50 bounty) 
zengin23: posts the ante 25
etoTUFFta: posts the ante 25
Catela95: posts the ante 25
Crackoso: posts the ante 25
deiraisetonuts: posts the ante 25
W.junior.R: posts the ante 25
b0t4n4hp0k3r: posts the ante 25
Crackoso: posts small blind 100
deiraisetonuts: posts big blind 200
*** HOLE CARDS ***
Dealt to deiraisetonuts [8d Qh]
W.junior.R: folds 
b0t4n4hp0k3r: raises 200 to 400
zengin23: folds 
etoTUFFta: folds 
Catela95: calls 400
Crackoso: calls 300
deiraisetonuts: folds 
*** FLOP *** [4h 9d Ad]
Crackoso: checks 
b0t4n4hp0k3r: checks 
Catela95: checks 
*** TURN *** [4h 9d Ad] [3d]
Crackoso: checks 
b0t4n4hp0k3r: checks 
Catela95: bets 520
Crackoso: calls 520
b0t4n4hp0k3r: calls 520
*** RIVER *** [4h 9d Ad 3d] [2s]
Crackoso: bets 878
b0t4n4hp0k3r: calls 878
Catela95: folds 
*** SHOW DOWN ***
Crackoso: shows [3s Ah] (two pair, Aces and Threes)
b0t4n4hp0k3r: shows [5s 5d] (a straight, Ace to Five)
b0t4n4hp0k3r collected 4891 from pot
*** SUMMARY ***
Total pot 4891 | Rake 0 
Board [4h 9d Ad 3d 2s]
Seat 1: zengin23 folded before Flop (didn't bet)
Seat 2: etoTUFFta folded before Flop (didn't bet)
Seat 3: Catela95 (button) folded on the River
Seat 4: Crackoso (small blind) showed [3s Ah] and lost with two pair, Aces and Threes
Seat 5: deiraisetonuts (big blind) folded before Flop
Seat 6: W.junior.R folded before Flop (didn't bet)
Seat 7: b0t4n4hp0k3r showed [5s 5d] and won (4891) with a straight, Ace to Five



PokerStars Hand #249052253682: Tournament #3714753579, €13.50+€13.50+€3.00 EUR Hold'em No Limit - Level VIII (125/250) - 2024/02/23 18:18:29 BRT [2024/02/23 16:18:29 ET]
Table '3714753579 38' 7-max Seat #4 is the button
Seat 1: zengin23 (8342 in chips, €13.50 bounty) 
Seat 2: etoTUFFta (11880 in chips, €13.50 bounty) 
Seat 3: Catela95 (12535 in chips, €13.50 bounty) 
Seat 4: Crackoso (9147 in chips, €13.50 bounty) 
Seat 5: deiraisetonuts (12204 in chips, €13.50 bounty) 
Seat 6: W.junior.R (6993 in chips, €13.50 bounty) 
Seat 7: b0t4n4hp0k3r (17378 in chips, €13.50 bounty) 
zengin23: posts the ante 30
etoTUFFta: posts the ante 30
Catela95: posts the ante 30
Crackoso: posts the ante 30
deiraisetonuts: posts the ante 30
W.junior.R: posts the ante 30
b0t4n4hp0k3r: posts the ante 30
deiraisetonuts: posts small blind 125
W.junior.R: posts big blind 250
*** HOLE CARDS ***
Dealt to deiraisetonuts [6h 6c]
b0t4n4hp0k3r: folds 
zengin23: raises 250 to 500
etoTUFFta: folds 
Catela95: folds 
Crackoso: folds 
deiraisetonuts: calls 375
W.junior.R: calls 250
*** FLOP *** [Ah Js 8s]
deiraisetonuts: checks 
W.junior.R: checks 
zengin23: bets 1250
deiraisetonuts: folds 
W.junior.R: folds 
Uncalled bet (1250) returned to zengin23
zengin23 collected 1710 from pot
zengin23: doesn't show hand 
*** SUMMARY ***
Total pot 1710 | Rake 0 
Board [Ah Js 8s]
Seat 1: zengin23 collected (1710)
Seat 2: etoTUFFta folded before Flop (didn't bet)
Seat 3: Catela95 folded before Flop (didn't bet)
Seat 4: Crackoso (button) folded before Flop (didn't bet)
Seat 5: deiraisetonuts (small blind) folded on the Flop
Seat 6: W.junior.R (big blind) folded on the Flop
Seat 7: b0t4n4hp0k3r folded before Flop (didn't bet)



PokerStars Hand #249052278062: Tournament #3714753579, €13.50+€13.50+€3.00 EUR Hold'em No Limit - Level VIII (125/250) - 2024/02/23 18:19:35 BRT [2024/02/23 16:19:35 ET]
Table '3714753579 38' 7-max Seat #5 is the button
Seat 1: zengin23 (9522 in chips, €13.50 bounty) 
Seat 2: etoTUFFta (11850 in chips, €13.50 bounty) 
Seat 3: Catela95 (12505 in chips, €13.50 bounty) 
Seat 4: Crackoso (9117 in chips, €13.50 bounty) 
Seat 5: deiraisetonuts (11674 in chips, €13.50 bounty) 
Seat 6: W.junior.R (6463 in chips, €13.50 bounty) 
Seat 7: b0t4n4hp0k3r (17348 in chips, €13.50 bounty) 
zengin23: posts the ante 30
etoTUFFta: posts the ante 30
Catela95: posts the ante 30
Crackoso: posts the ante 30
deiraisetonuts: posts the ante 30
W.junior.R: posts the ante 30
b0t4n4hp0k3r: posts the ante 30
W.junior.R: posts small blind 125
b0t4n4hp0k3r: posts big blind 250
*** HOLE CARDS ***
Dealt to deiraisetonuts [9c 9d]
zengin23: folds 
etoTUFFta: folds 
Catela95: raises 250 to 500
Crackoso: folds 
deiraisetonuts: raises 1000 to 1500
W.junior.R: folds 
b0t4n4hp0k3r: raises 3625 to 5125
Catela95: raises 7350 to 12475 and is all-in
deiraisetonuts: folds 
b0t4n4hp0k3r: calls 7350
*** FLOP *** [Qd 7c 9s]
*** TURN *** [Qd 7c 9s] [Tc]
*** RIVER *** [Qd 7c 9s Tc] [Kh]
*** SHOW DOWN ***
b0t4n4hp0k3r: shows [Kc Ad] (a pair of Kings)
Catela95: shows [Kd Ah] (a pair of Kings)
b0t4n4hp0k3r collected 13393 from pot
Catela95 collected 13392 from pot
*** SUMMARY ***
Total pot 26785 | Rake 0 
Board [Qd 7c 9s Tc Kh]
Seat 1: zengin23 folded before Flop (didn't bet)
Seat 2: etoTUFFta folded before Flop (didn't bet)
Seat 3: Catela95 showed [Kd Ah] and won (13392) with a pair of Kings
Seat 4: Crackoso folded before Flop (didn't bet)
Seat 5: deiraisetonuts (button) folded before Flop
Seat 6: W.junior.R (small blind) folded before Flop
Seat 7: b0t4n4hp0k3r (big blind) showed [Kc Ad] and won (13393) with a pair of Kings



PokerStars Hand #249052308121: Tournament #3714753579, €13.50+€13.50+€3.00 EUR Hold'em No Limit - Level VIII (125/250) - 2024/02/23 18:20:55 BRT [2024/02/23 16:20:55 ET]
Table '3714753579 38' 7-max Seat #6 is the button
Seat 1: zengin23 (9492 in chips, €13.50 bounty) 
Seat 2: etoTUFFta (11820 in chips, €13.50 bounty) 
Seat 3: Catela95 (13392 in chips, €13.50 bounty) 
Seat 4: Crackoso (9087 in chips, €13.50 bounty) 
Seat 5: deiraisetonuts (10144 in chips, €13.50 bounty) 
Seat 6: W.junior.R (6308 in chips, €13.50 bounty) 
Seat 7: b0t4n4hp0k3r (18236 in chips, €13.50 bounty) 
zengin23: posts the ante 30
etoTUFFta: posts the ante 30
Catela95: posts the ante 30
Crackoso: posts the ante 30
deiraisetonuts: posts the ante 30
W.junior.R: posts the ante 30
b0t4n4hp0k3r: posts the ante 30
b0t4n4hp0k3r: posts small blind 125
zengin23: posts big blind 250
*** HOLE CARDS ***
Dealt to deiraisetonuts [9s 7c]
etoTUFFta: raises 300 to 550
Catela95: folds 
Crackoso: raises 1435 to 1985
deiraisetonuts: folds 
W.junior.R: folds 
b0t4n4hp0k3r: folds 
zengin23: folds 
etoTUFFta: folds 
Uncalled bet (1435) returned to Crackoso
Crackoso collected 1685 from pot
Crackoso: doesn't show hand 
*** SUMMARY ***
Total pot 1685 | Rake 0 
Seat 1: zengin23 (big blind) folded before Flop
Seat 2: etoTUFFta folded before Flop
Seat 3: Catela95 folded before Flop (didn't bet)
Seat 4: Crackoso collected (1685)
Seat 5: deiraisetonuts folded before Flop (didn't bet)
Seat 6: W.junior.R (button) folded before Flop (didn't bet)
Seat 7: b0t4n4hp0k3r (small blind) folded before Flop



PokerStars Hand #249052322214: Tournament #3714753579, €13.50+€13.50+€3.00 EUR Hold'em No Limit - Level VIII (125/250) - 2024/02/23 18:21:33 BRT [2024/02/23 16:21:33 ET]
Table '3714753579 38' 7-max Seat #7 is the button
Seat 1: zengin23 (9212 in chips, €13.50 bounty) 
Seat 2: etoTUFFta (11240 in chips, €13.50 bounty) 
Seat 3: Catela95 (13362 in chips, €13.50 bounty) 
Seat 4: Crackoso (10192 in chips, €13.50 bounty) 
Seat 5: deiraisetonuts (10114 in chips, €13.50 bounty) 
Seat 6: W.junior.R (6278 in chips, €13.50 bounty) 
Seat 7: b0t4n4hp0k3r (18081 in chips, €13.50 bounty) 
zengin23: posts the ante 30
etoTUFFta: posts the ante 30
Catela95: posts the ante 30
Crackoso: posts the ante 30
deiraisetonuts: posts the ante 30
W.junior.R: posts the ante 30
b0t4n4hp0k3r: posts the ante 30
zengin23: posts small blind 125
etoTUFFta: posts big blind 250
*** HOLE CARDS ***
Dealt to deiraisetonuts [9c 4s]
Catela95: folds 
Crackoso: folds 
deiraisetonuts: folds 
W.junior.R: raises 250 to 500
b0t4n4hp0k3r: folds 
zengin23: folds 
etoTUFFta: calls 250
*** FLOP *** [2h 5h 4d]
etoTUFFta: checks 
W.junior.R: bets 334
etoTUFFta: raises 916 to 1250
W.junior.R: raises 916 to 2166
etoTUFFta: folds 
Uncalled bet (916) returned to W.junior.R
W.junior.R collected 3835 from pot
W.junior.R: doesn't show hand 
*** SUMMARY ***
Total pot 3835 | Rake 0 
Board [2h 5h 4d]
Seat 1: zengin23 (small blind) folded before Flop
Seat 2: etoTUFFta (big blind) folded on the Flop
Seat 3: Catela95 folded before Flop (didn't bet)
Seat 4: Crackoso folded before Flop (didn't bet)
Seat 5: deiraisetonuts folded before Flop (didn't bet)
Seat 6: W.junior.R collected (3835)
Seat 7: b0t4n4hp0k3r (button) folded before Flop (didn't bet)



PokerStars Hand #249052350324: Tournament #3714753579, €13.50+€13.50+€3.00 EUR Hold'em No Limit - Level VIII (125/250) - 2024/02/23 18:22:48 BRT [2024/02/23 16:22:48 ET]
Table '3714753579 38' 7-max Seat #1 is the button
Seat 1: zengin23 (9057 in chips, €13.50 bounty) 
Seat 2: etoTUFFta (9460 in chips, €13.50 bounty) 
Seat 3: Catela95 (13332 in chips, €13.50 bounty) 
Seat 4: Crackoso (10162 in chips, €13.50 bounty) 
Seat 5: deiraisetonuts (10084 in chips, €13.50 bounty) 
Seat 6: W.junior.R (8333 in chips, €13.50 bounty) 
Seat 7: b0t4n4hp0k3r (18051 in chips, €13.50 bounty) 
zengin23: posts the ante 30
etoTUFFta: posts the ante 30
Catela95: posts the ante 30
Crackoso: posts the ante 30
deiraisetonuts: posts the ante 30
W.junior.R: posts the ante 30
b0t4n4hp0k3r: posts the ante 30
etoTUFFta: posts small blind 125
Catela95: posts big blind 250
*** HOLE CARDS ***
Dealt to deiraisetonuts [4c 3h]
Crackoso: raises 250 to 500
deiraisetonuts: folds 
W.junior.R: raises 1200 to 1700
b0t4n4hp0k3r: folds 
zengin23: folds 
etoTUFFta: raises 7730 to 9430 and is all-in
Catela95: folds 
Crackoso: raises 702 to 10132 and is all-in
W.junior.R: folds 
Uncalled bet (702) returned to Crackoso
*** FLOP *** [8s 2d Qc]
*** TURN *** [8s 2d Qc] [Kh]
*** RIVER *** [8s 2d Qc Kh] [4h]
*** SHOW DOWN ***
etoTUFFta: shows [Ad Kd] (a pair of Kings)
Crackoso: shows [Th Td] (a pair of Tens)
etoTUFFta collected 21020 from pot
*** SUMMARY ***
Total pot 21020 | Rake 0 
Board [8s 2d Qc Kh 4h]
Seat 1: zengin23 (button) folded before Flop (didn't bet)
Seat 2: etoTUFFta (small blind) showed [Ad Kd] and won (21020) with a pair of Kings
Seat 3: Catela95 (big blind) folded before Flop
Seat 4: Crackoso showed [Th Td] and lost with a pair of Tens
Seat 5: deiraisetonuts folded before Flop (didn't bet)
Seat 6: W.junior.R folded before Flop
Seat 7: b0t4n4hp0k3r folded before Flop (didn't bet)



PokerStars Hand #249052368920: Tournament #3714753579, €13.50+€13.50+€3.00 EUR Hold'em No Limit - Level VIII (125/250) - 2024/02/23 18:23:38 BRT [2024/02/23 16:23:38 ET]
Table '3714753579 38' 7-max Seat #2 is the button
Seat 1: zengin23 (9027 in chips, €13.50 bounty) 
Seat 2: etoTUFFta (21020 in chips, €13.50 bounty) 
Seat 3: Catela95 (13052 in chips, €13.50 bounty) 
Seat 4: Crackoso (702 in chips, €13.50 bounty) 
Seat 5: deiraisetonuts (10054 in chips, €13.50 bounty) 
Seat 6: W.junior.R (6603 in chips, €13.50 bounty) 
Seat 7: b0t4n4hp0k3r (18021 in chips, €13.50 bounty) 
zengin23: posts the ante 30
etoTUFFta: posts the ante 30
Catela95: posts the ante 30
Crackoso: posts the ante 30
deiraisetonuts: posts the ante 30
W.junior.R: posts the ante 30
b0t4n4hp0k3r: posts the ante 30
Catela95: posts small blind 125
Crackoso: posts big blind 250
*** HOLE CARDS ***
Dealt to deiraisetonuts [7c Jc]
deiraisetonuts: folds 
W.junior.R: raises 250 to 500
b0t4n4hp0k3r: folds 
zengin23: folds 
etoTUFFta: folds 
Catela95: raises 12522 to 13022 and is all-in
Crackoso: calls 422 and is all-in
W.junior.R: folds 
Uncalled bet (12350) returned to Catela95
*** FLOP *** [5d Jd 4d]
*** TURN *** [5d Jd 4d] [Qd]
*** RIVER *** [5d Jd 4d Qd] [8h]
*** SHOW DOWN ***
Catela95: shows [Th Tc] (a pair of Tens)
Crackoso: shows [9s As] (high card Ace)
Catela95 collected 2054 from pot
Catela95 wins €6.75 for eliminating Crackoso and their own bounty increases by €6.75 to €20.25
Crackoso finished the tournament
*** SUMMARY ***
Total pot 2054 | Rake 0 
Board [5d Jd 4d Qd 8h]
Seat 1: zengin23 folded before Flop (didn't bet)
Seat 2: etoTUFFta (button) folded before Flop (didn't bet)
Seat 3: Catela95 (small blind) showed [Th Tc] and won (2054) with a pair of Tens
Seat 4: Crackoso (big blind) showed [9s As] and lost with high card Ace
Seat 5: deiraisetonuts folded before Flop (didn't bet)
Seat 6: W.junior.R folded before Flop
Seat 7: b0t4n4hp0k3r folded before Flop (didn't bet)



PokerStars Hand #249052392288: Tournament #3714753579, €13.50+€13.50+€3.00 EUR Hold'em No Limit - Level VIII (125/250) - 2024/02/23 18:24:40 BRT [2024/02/23 16:24:40 ET]
Table '3714753579 38' 7-max Seat #3 is the button
Seat 1: zengin23 (8997 in chips, €13.50 bounty) 
Seat 2: etoTUFFta (20990 in chips, €13.50 bounty) 
Seat 3: Catela95 (14404 in chips, €20.25 bounty) 
Seat 5: deiraisetonuts (10024 in chips, €13.50 bounty) 
Seat 6: W.junior.R (6073 in chips, €13.50 bounty) 
Seat 7: b0t4n4hp0k3r (17991 in chips, €13.50 bounty) 
zengin23: posts the ante 30
etoTUFFta: posts the ante 30
Catela95: posts the ante 30
deiraisetonuts: posts the ante 30
W.junior.R: posts the ante 30
b0t4n4hp0k3r: posts the ante 30
deiraisetonuts: posts small blind 125
W.junior.R: posts big blind 250
*** HOLE CARDS ***
Dealt to deiraisetonuts [7s Jc]
b0t4n4hp0k3r: folds 
zengin23: folds 
etoTUFFta: folds 
setiverparabens is disconnected 
Catela95: raises 250 to 500
deiraisetonuts: folds 
W.junior.R: calls 250
*** FLOP *** [As 5c 8c]
W.junior.R: checks 
Catela95: bets 300
W.junior.R: folds 
Uncalled bet (300) returned to Catela95
Catela95 collected 1305 from pot
Catela95: doesn't show hand 
*** SUMMARY ***
Total pot 1305 | Rake 0 
Board [As 5c 8c]
Seat 1: zengin23 folded before Flop (didn't bet)
Seat 2: etoTUFFta folded before Flop (didn't bet)
Seat 3: Catela95 (button) collected (1305)
Seat 5: deiraisetonuts (small blind) folded before Flop
Seat 6: W.junior.R (big blind) folded on the Flop
Seat 7: b0t4n4hp0k3r folded before Flop (didn't bet)



PokerStars Hand #249052404708: Tournament #3714753579, €13.50+€13.50+€3.00 EUR Hold'em No Limit - Level VIII (125/250) - 2024/02/23 18:25:14 BRT [2024/02/23 16:25:14 ET]
Table '3714753579 38' 7-max Seat #5 is the button
Seat 1: zengin23 (8967 in chips, €13.50 bounty) 
Seat 2: etoTUFFta (20960 in chips, €13.50 bounty) 
Seat 3: Catela95 (15179 in chips, €20.25 bounty) 
Seat 4: setiverparabens (10000 in chips, €13.50 bounty) 
Seat 5: deiraisetonuts (9869 in chips, €13.50 bounty) 
Seat 6: W.junior.R (5543 in chips, €13.50 bounty) 
Seat 7: b0t4n4hp0k3r (17961 in chips, €13.50 bounty) 
zengin23: posts the ante 30
etoTUFFta: posts the ante 30
Catela95: posts the ante 30
setiverparabens: posts the ante 30
deiraisetonuts: posts the ante 30
W.junior.R: posts the ante 30
b0t4n4hp0k3r: posts the ante 30
W.junior.R: posts small blind 125
b0t4n4hp0k3r: posts big blind 250
*** HOLE CARDS ***
Dealt to deiraisetonuts [Tc 6d]
zengin23: folds 
etoTUFFta: raises 300 to 550
Catela95: folds 
setiverparabens: raises 1200 to 1750
deiraisetonuts: folds 
W.junior.R: folds 
b0t4n4hp0k3r is disconnected 
b0t4n4hp0k3r has timed out while disconnected
b0t4n4hp0k3r: folds 
b0t4n4hp0k3r is sitting out
etoTUFFta: folds 
Uncalled bet (1200) returned to setiverparabens
setiverparabens collected 1685 from pot
setiverparabens: doesn't show hand 
*** SUMMARY ***
Total pot 1685 | Rake 0 
Seat 1: zengin23 folded before Flop (didn't bet)
Seat 2: etoTUFFta folded before Flop
Seat 3: Catela95 folded before Flop (didn't bet)
Seat 4: setiverparabens collected (1685)
Seat 5: deiraisetonuts (button) folded before Flop (didn't bet)
Seat 6: W.junior.R (small blind) folded before Flop
Seat 7: b0t4n4hp0k3r (big blind) folded before Flop



PokerStars Hand #249052424687: Tournament #3714753579, €13.50+€13.50+€3.00 EUR Hold'em No Limit - Level VIII (125/250) - 2024/02/23 18:26:08 BRT [2024/02/23 16:26:08 ET]
Table '3714753579 38' 7-max Seat #6 is the button
Seat 1: zengin23 (8937 in chips, €13.50 bounty) 
Seat 2: etoTUFFta (20380 in chips, €13.50 bounty) 
Seat 3: Catela95 (15149 in chips, €20.25 bounty) 
Seat 4: setiverparabens (11105 in chips, €13.50 bounty) 
Seat 5: deiraisetonuts (9839 in chips, €13.50 bounty) 
Seat 6: W.junior.R (5388 in chips, €13.50 bounty) 
Seat 7: b0t4n4hp0k3r (17681 in chips, €13.50 bounty) is sitting out
zengin23: posts the ante 30
etoTUFFta: posts the ante 30
Catela95: posts the ante 30
setiverparabens: posts the ante 30
deiraisetonuts: posts the ante 30
W.junior.R: posts the ante 30
b0t4n4hp0k3r: posts the ante 30
b0t4n4hp0k3r: posts small blind 125
zengin23: posts big blind 250
*** HOLE CARDS ***
Dealt to deiraisetonuts [7d 8s]
etoTUFFta: folds 
Catela95: folds 
setiverparabens: folds 
deiraisetonuts: folds 
W.junior.R: raises 250 to 500
b0t4n4hp0k3r: folds 
zengin23: folds 
Uncalled bet (250) returned to W.junior.R
W.junior.R collected 835 from pot
W.junior.R: doesn't show hand 
*** SUMMARY ***
Total pot 835 | Rake 0 
Seat 1: zengin23 (big blind) folded before Flop
Seat 2: etoTUFFta folded before Flop (didn't bet)
Seat 3: Catela95 folded before Flop (didn't bet)
Seat 4: setiverparabens folded before Flop (didn't bet)
Seat 5: deiraisetonuts folded before Flop (didn't bet)
Seat 6: W.junior.R (button) collected (835)
Seat 7: b0t4n4hp0k3r (small blind) folded before Flop



PokerStars Hand #249052431826: Tournament #3714753579, €13.50+€13.50+€3.00 EUR Hold'em No Limit - Level VIII (125/250) - 2024/02/23 18:26:27 BRT [2024/02/23 16:26:27 ET]
Table '3714753579 38' 7-max Seat #7 is the button
Seat 1: zengin23 (8657 in chips, €13.50 bounty) 
Seat 2: etoTUFFta (20350 in chips, €13.50 bounty) 
Seat 3: Catela95 (15119 in chips, €20.25 bounty) 
Seat 4: setiverparabens (11075 in chips, €13.50 bounty) 
Seat 5: deiraisetonuts (9809 in chips, €13.50 bounty) 
Seat 6: W.junior.R (5943 in chips, €13.50 bounty) 
Seat 7: b0t4n4hp0k3r (17526 in chips, €13.50 bounty) is sitting out
zengin23: posts the ante 30
etoTUFFta: posts the ante 30
Catela95: posts the ante 30
setiverparabens: posts the ante 30
deiraisetonuts: posts the ante 30
W.junior.R: posts the ante 30
b0t4n4hp0k3r: posts the ante 30
zengin23: posts small blind 125
etoTUFFta: posts big blind 250
*** HOLE CARDS ***
Dealt to deiraisetonuts [7h Ac]
Catela95: folds 
setiverparabens: folds 
deiraisetonuts: folds 
W.junior.R: folds 
b0t4n4hp0k3r: folds 
zengin23: folds 
Uncalled bet (125) returned to etoTUFFta
etoTUFFta collected 460 from pot
*** SUMMARY ***
Total pot 460 | Rake 0 
Seat 1: zengin23 (small blind) folded before Flop
Seat 2: etoTUFFta (big blind) collected (460)
Seat 3: Catela95 folded before Flop (didn't bet)
Seat 4: setiverparabens folded before Flop (didn't bet)
Seat 5: deiraisetonuts folded before Flop (didn't bet)
Seat 6: W.junior.R folded before Flop (didn't bet)
Seat 7: b0t4n4hp0k3r (button) folded before Flop (didn't bet)



PokerStars Hand #249052447314: Tournament #3714753579, €13.50+€13.50+€3.00 EUR Hold'em No Limit - Level VIII (125/250) - 2024/02/23 18:27:09 BRT [2024/02/23 16:27:09 ET]
Table '3714753579 38' 7-max Seat #1 is the button
Seat 1: zengin23 (8502 in chips, €13.50 bounty) 
Seat 2: etoTUFFta (20655 in chips, €13.50 bounty) 
Seat 3: Catela95 (15089 in chips, €20.25 bounty) 
Seat 4: setiverparabens (11045 in chips, €13.50 bounty) 
Seat 5: deiraisetonuts (9779 in chips, €13.50 bounty) 
Seat 6: W.junior.R (5913 in chips, €13.50 bounty) 
Seat 7: b0t4n4hp0k3r (17496 in chips, €13.50 bounty) is sitting out
zengin23: posts the ante 30
etoTUFFta: posts the ante 30
Catela95: posts the ante 30
setiverparabens: posts the ante 30
deiraisetonuts: posts the ante 30
W.junior.R: posts the ante 30
b0t4n4hp0k3r: posts the ante 30
etoTUFFta: posts small blind 125
Catela95: posts big blind 250
*** HOLE CARDS ***
Dealt to deiraisetonuts [3d 8s]
setiverparabens: folds 
deiraisetonuts: folds 
W.junior.R: raises 250 to 500
b0t4n4hp0k3r: folds 
b0t4n4hp0k3r has returned
zengin23: folds 
etoTUFFta: folds 
Catela95: folds 
Uncalled bet (250) returned to W.junior.R
W.junior.R collected 835 from pot
W.junior.R: doesn't show hand 
*** SUMMARY ***
Total pot 835 | Rake 0 
Seat 1: zengin23 (button) folded before Flop (didn't bet)
Seat 2: etoTUFFta (small blind) folded before Flop
Seat 3: Catela95 (big blind) folded before Flop
Seat 4: setiverparabens folded before Flop (didn't bet)
Seat 5: deiraisetonuts folded before Flop (didn't bet)
Seat 6: W.junior.R collected (835)
Seat 7: b0t4n4hp0k3r folded before Flop (didn't bet)



PokerStars Hand #249052463136: Tournament #3714753579, €13.50+€13.50+€3.00 EUR Hold'em No Limit - Level VIII (125/250) - 2024/02/23 18:27:53 BRT [2024/02/23 16:27:53 ET]
Table '3714753579 38' 7-max Seat #2 is the button
Seat 1: zengin23 (8472 in chips, €13.50 bounty) 
Seat 2: etoTUFFta (20500 in chips, €13.50 bounty) 
Seat 3: Catela95 (14809 in chips, €20.25 bounty) 
Seat 4: setiverparabens (11015 in chips, €13.50 bounty) 
Seat 5: deiraisetonuts (9749 in chips, €13.50 bounty) 
Seat 6: W.junior.R (6468 in chips, €13.50 bounty) 
Seat 7: b0t4n4hp0k3r (17466 in chips, €13.50 bounty) 
zengin23: posts the ante 30
etoTUFFta: posts the ante 30
Catela95: posts the ante 30
setiverparabens: posts the ante 30
deiraisetonuts: posts the ante 30
W.junior.R: posts the ante 30
b0t4n4hp0k3r: posts the ante 30
Catela95: posts small blind 125
setiverparabens: posts big blind 250
*** HOLE CARDS ***
Dealt to deiraisetonuts [6d Qs]
deiraisetonuts: folds 
W.junior.R: folds 
b0t4n4hp0k3r: folds 
zengin23: folds 
etoTUFFta: raises 300 to 550
Catela95: calls 425
setiverparabens: raises 10435 to 10985 and is all-in
etoTUFFta: folds 
Catela95: folds 
Uncalled bet (10435) returned to setiverparabens
setiverparabens collected 1860 from pot
setiverparabens: doesn't show hand 
*** SUMMARY ***
Total pot 1860 | Rake 0 
Seat 1: zengin23 folded before Flop (didn't bet)
Seat 2: etoTUFFta (button) folded before Flop
Seat 3: Catela95 (small blind) folded before Flop
Seat 4: setiverparabens (big blind) collected (1860)
Seat 5: deiraisetonuts folded before Flop (didn't bet)
Seat 6: W.junior.R folded before Flop (didn't bet)
Seat 7: b0t4n4hp0k3r folded before Flop (didn't bet)



PokerStars Hand #249052479696: Tournament #3714753579, €13.50+€13.50+€3.00 EUR Hold'em No Limit - Level IX (150/300) - 2024/02/23 18:28:38 BRT [2024/02/23 16:28:38 ET]
Table '3714753579 38' 7-max Seat #3 is the button
Seat 1: zengin23 (8442 in chips, €13.50 bounty) 
Seat 2: etoTUFFta (19920 in chips, €13.50 bounty) 
Seat 3: Catela95 (14229 in chips, €20.25 bounty) 
Seat 4: setiverparabens (12295 in chips, €13.50 bounty) 
Seat 5: deiraisetonuts (9719 in chips, €13.50 bounty) 
Seat 6: W.junior.R (6438 in chips, €13.50 bounty) 
Seat 7: b0t4n4hp0k3r (17436 in chips, €13.50 bounty) 
zengin23: posts the ante 40
etoTUFFta: posts the ante 40
Catela95: posts the ante 40
setiverparabens: posts the ante 40
deiraisetonuts: posts the ante 40
W.junior.R: posts the ante 40
b0t4n4hp0k3r: posts the ante 40
setiverparabens: posts small blind 150
deiraisetonuts: posts big blind 300
*** HOLE CARDS ***
Dealt to deiraisetonuts [Jc Kc]
W.junior.R: folds 
b0t4n4hp0k3r: folds 
zengin23: folds 
etoTUFFta: folds 
Catela95: folds 
setiverparabens: calls 150
deiraisetonuts: raises 750 to 1050
setiverparabens: calls 750
*** FLOP *** [7h Qh Th]
setiverparabens: checks 
deiraisetonuts: checks 
*** TURN *** [7h Qh Th] [5h]
setiverparabens: checks 
deiraisetonuts: bets 594
setiverparabens: calls 594
*** RIVER *** [7h Qh Th 5h] [Tc]
setiverparabens: checks 
deiraisetonuts: bets 8035 and is all-in
setiverparabens: calls 8035
*** SHOW DOWN ***
deiraisetonuts: shows [Jc Kc] (a pair of Tens)
setiverparabens: shows [8h 6h] (a flush, Queen high)
setiverparabens collected 19638 from pot
setiverparabens wins €6.75 for eliminating deiraisetonuts and their own bounty increases by €6.75 to €20.25
deiraisetonuts finished the tournament
*** SUMMARY ***
Total pot 19638 | Rake 0 
Board [7h Qh Th 5h Tc]
Seat 1: zengin23 folded before Flop (didn't bet)
Seat 2: etoTUFFta folded before Flop (didn't bet)
Seat 3: Catela95 (button) folded before Flop (didn't bet)
Seat 4: setiverparabens (small blind) showed [8h 6h] and won (19638) with a flush, Queen high
Seat 5: deiraisetonuts (big blind) showed [Jc Kc] and lost with a pair of Tens
Seat 6: W.junior.R folded before Flop (didn't bet)
Seat 7: b0t4n4hp0k3r folded before Flop (didn't bet)



