PokerStars Hand #249090756518: Tournament #3714753604, €22.50+€22.50+€5.00 EUR Hold'em No Limit - Level IV (1000/2000) - 2024/02/25 16:39:30 BRT [2024/02/25 14:39:30 ET]
Table '3714753604 191' 8-max Seat #7 is the button
Seat 1: emorejp11 (258272 in chips, €22.50 bounty) 
Seat 2: deiraisetonuts (250000 in chips, €22.50 bounty) 
Seat 3: darkevilxd (229490 in chips, €22.50 bounty) 
Seat 4: 9Carboneraa (249500 in chips, €22.50 bounty) 
Seat 5: dinizosama (226685 in chips, €22.50 bounty) 
Seat 6: Gravillinho (361133 in chips, €22.50 bounty) 
Seat 7: Avetoo (208254 in chips, €22.50 bounty) 
Seat 8: 1suppoetAllin (177757 in chips, €22.50 bounty) 
emorejp11: posts the ante 250
deiraisetonuts: posts the ante 250
darkevilxd: posts the ante 250
9Carboneraa: posts the ante 250
dinizosama: posts the ante 250
Gravillinho: posts the ante 250
Avetoo: posts the ante 250
1suppoetAllin: posts the ante 250
1suppoetAllin: posts small blind 1000
emorejp11: posts big blind 2000
*** HOLE CARDS ***
Dealt to deiraisetonuts [Ks 9c]
deiraisetonuts: folds 
darkevilxd: folds 
9Carboneraa: raises 2800 to 4800
dinizosama: folds 
Gravillinho: folds 
Avetoo: folds 
1suppoetAllin: calls 3800
emorejp11: folds 
*** FLOP *** [3d 6c Jh]
1suppoetAllin: checks 
9Carboneraa: bets 2992
1suppoetAllin: calls 2992
*** TURN *** [3d 6c Jh] [4d]
1suppoetAllin: checks 
9Carboneraa: bets 16255
1suppoetAllin: calls 16255
*** RIVER *** [3d 6c Jh 4d] [Qd]
1suppoetAllin: bets 32000
9Carboneraa: raises 193203 to 225203 and is all-in
1suppoetAllin: calls 121460 and is all-in
Uncalled bet (71743) returned to 9Carboneraa
*** SHOW DOWN ***
9Carboneraa: shows [Td Jd] (a flush, Queen high)
1suppoetAllin: shows [9d 8d] (a flush, Queen high - lower cards)
9Carboneraa collected 359014 from pot
9Carboneraa wins €11.25 for eliminating 1suppoetAllin and their own bounty increases by €11.25 to €33.75
1suppoetAllin finished the tournament
*** SUMMARY ***
Total pot 359014 | Rake 0 
Board [3d 6c Jh 4d Qd]
Seat 1: emorejp11 (big blind) folded before Flop
Seat 2: deiraisetonuts folded before Flop (didn't bet)
Seat 3: darkevilxd folded before Flop (didn't bet)
Seat 4: 9Carboneraa showed [Td Jd] and won (359014) with a flush, Queen high
Seat 5: dinizosama folded before Flop (didn't bet)
Seat 6: Gravillinho folded before Flop (didn't bet)
Seat 7: Avetoo (button) folded before Flop (didn't bet)
Seat 8: 1suppoetAllin (small blind) showed [9d 8d] and lost with a flush, Queen high



PokerStars Hand #249090789679: Tournament #3714753604, €22.50+€22.50+€5.00 EUR Hold'em No Limit - Level IV (1000/2000) - 2024/02/25 16:40:49 BRT [2024/02/25 14:40:49 ET]
Table '3714753604 191' 8-max Seat #1 is the button
Seat 1: emorejp11 (256022 in chips, €22.50 bounty) 
Seat 2: deiraisetonuts (249750 in chips, €22.50 bounty) 
Seat 3: darkevilxd (229240 in chips, €22.50 bounty) 
Seat 4: 9Carboneraa (430757 in chips, €33.75 bounty) 
Seat 5: dinizosama (226435 in chips, €22.50 bounty) 
Seat 6: Gravillinho (360883 in chips, €22.50 bounty) 
Seat 7: Avetoo (208004 in chips, €22.50 bounty) 
emorejp11: posts the ante 250
deiraisetonuts: posts the ante 250
darkevilxd: posts the ante 250
9Carboneraa: posts the ante 250
dinizosama: posts the ante 250
Gravillinho: posts the ante 250
Avetoo: posts the ante 250
deiraisetonuts: posts small blind 1000
darkevilxd: posts big blind 2000
*** HOLE CARDS ***
Dealt to deiraisetonuts [5d 2c]
9Carboneraa: folds 
dinizosama: folds 
Kaiiju is disconnected 
Gravillinho: folds 
Avetoo: raises 2400 to 4400
emorejp11: calls 4400
deiraisetonuts: folds 
darkevilxd: calls 2400
*** FLOP *** [Tc Ah 3d]
darkevilxd: checks 
Avetoo: checks 
emorejp11: bets 10000
darkevilxd: folds 
Avetoo: folds 
Uncalled bet (10000) returned to emorejp11
emorejp11 collected 15950 from pot
emorejp11: doesn't show hand 
*** SUMMARY ***
Total pot 15950 | Rake 0 
Board [Tc Ah 3d]
Seat 1: emorejp11 (button) collected (15950)
Seat 2: deiraisetonuts (small blind) folded before Flop
Seat 3: darkevilxd (big blind) folded on the Flop
Seat 4: 9Carboneraa folded before Flop (didn't bet)
Seat 5: dinizosama folded before Flop (didn't bet)
Seat 6: Gravillinho folded before Flop (didn't bet)
Seat 7: Avetoo folded on the Flop



PokerStars Hand #249090811176: Tournament #3714753604, €22.50+€22.50+€5.00 EUR Hold'em No Limit - Level IV (1000/2000) - 2024/02/25 16:41:40 BRT [2024/02/25 14:41:40 ET]
Table '3714753604 191' 8-max Seat #2 is the button
Seat 1: emorejp11 (267322 in chips, €22.50 bounty) 
Seat 2: deiraisetonuts (248500 in chips, €22.50 bounty) 
Seat 3: darkevilxd (224590 in chips, €22.50 bounty) 
Seat 4: 9Carboneraa (430507 in chips, €33.75 bounty) 
Seat 5: dinizosama (226185 in chips, €22.50 bounty) 
Seat 6: Gravillinho (360633 in chips, €22.50 bounty) 
Seat 7: Avetoo (203354 in chips, €22.50 bounty) 
Seat 8: Kaiiju (250000 in chips, €22.50 bounty) 
emorejp11: posts the ante 250
deiraisetonuts: posts the ante 250
darkevilxd: posts the ante 250
9Carboneraa: posts the ante 250
dinizosama: posts the ante 250
Gravillinho: posts the ante 250
Avetoo: posts the ante 250
Kaiiju: posts the ante 250
darkevilxd: posts small blind 1000
9Carboneraa: posts big blind 2000
*** HOLE CARDS ***
Dealt to deiraisetonuts [2h 5h]
dinizosama: folds 
Gravillinho: folds 
Avetoo: folds 
Kaiiju: folds 
emorejp11: raises 2000 to 4000
deiraisetonuts: folds 
darkevilxd: folds 
9Carboneraa: folds 
Uncalled bet (2000) returned to emorejp11
emorejp11 collected 7000 from pot
emorejp11: doesn't show hand 
*** SUMMARY ***
Total pot 7000 | Rake 0 
Seat 1: emorejp11 collected (7000)
Seat 2: deiraisetonuts (button) folded before Flop (didn't bet)
Seat 3: darkevilxd (small blind) folded before Flop
Seat 4: 9Carboneraa (big blind) folded before Flop
Seat 5: dinizosama folded before Flop (didn't bet)
Seat 6: Gravillinho folded before Flop (didn't bet)
Seat 7: Avetoo folded before Flop (didn't bet)
Seat 8: Kaiiju folded before Flop (didn't bet)



PokerStars Hand #249090830074: Tournament #3714753604, €22.50+€22.50+€5.00 EUR Hold'em No Limit - Level IV (1000/2000) - 2024/02/25 16:42:26 BRT [2024/02/25 14:42:26 ET]
Table '3714753604 191' 8-max Seat #3 is the button
Seat 1: emorejp11 (272072 in chips, €22.50 bounty) 
Seat 2: deiraisetonuts (248250 in chips, €22.50 bounty) 
Seat 3: darkevilxd (223340 in chips, €22.50 bounty) 
Seat 4: 9Carboneraa (428257 in chips, €33.75 bounty) 
Seat 5: dinizosama (225935 in chips, €22.50 bounty) 
Seat 6: Gravillinho (360383 in chips, €22.50 bounty) 
Seat 7: Avetoo (203104 in chips, €22.50 bounty) 
Seat 8: Kaiiju (249750 in chips, €22.50 bounty) 
emorejp11: posts the ante 250
deiraisetonuts: posts the ante 250
darkevilxd: posts the ante 250
9Carboneraa: posts the ante 250
dinizosama: posts the ante 250
Gravillinho: posts the ante 250
Avetoo: posts the ante 250
Kaiiju: posts the ante 250
9Carboneraa: posts small blind 1000
dinizosama: posts big blind 2000
*** HOLE CARDS ***
Dealt to deiraisetonuts [Qc 4c]
Gravillinho: folds 
Avetoo: folds 
Kaiiju: folds 
emorejp11: raises 2000 to 4000
deiraisetonuts: folds 
darkevilxd: raises 8000 to 12000
9Carboneraa: folds 
dinizosama: folds 
emorejp11: calls 8000
*** FLOP *** [8c Jd Ad]
emorejp11: checks 
darkevilxd: bets 9570
emorejp11: raises 24070 to 33640
darkevilxd: folds 
Uncalled bet (24070) returned to emorejp11
emorejp11 collected 48140 from pot
emorejp11: doesn't show hand 
*** SUMMARY ***
Total pot 48140 | Rake 0 
Board [8c Jd Ad]
Seat 1: emorejp11 collected (48140)
Seat 2: deiraisetonuts folded before Flop (didn't bet)
Seat 3: darkevilxd (button) folded on the Flop
Seat 4: 9Carboneraa (small blind) folded before Flop
Seat 5: dinizosama (big blind) folded before Flop
Seat 6: Gravillinho folded before Flop (didn't bet)
Seat 7: Avetoo folded before Flop (didn't bet)
Seat 8: Kaiiju folded before Flop (didn't bet)



PokerStars Hand #249090862086: Tournament #3714753604, €22.50+€22.50+€5.00 EUR Hold'em No Limit - Level IV (1000/2000) - 2024/02/25 16:43:43 BRT [2024/02/25 14:43:43 ET]
Table '3714753604 191' 8-max Seat #4 is the button
Seat 1: emorejp11 (298392 in chips, €22.50 bounty) 
Seat 2: deiraisetonuts (248000 in chips, €22.50 bounty) 
Seat 3: darkevilxd (201520 in chips, €22.50 bounty) 
Seat 4: 9Carboneraa (427007 in chips, €33.75 bounty) 
Seat 5: dinizosama (223685 in chips, €22.50 bounty) 
Seat 6: Gravillinho (360133 in chips, €22.50 bounty) 
Seat 7: Avetoo (202854 in chips, €22.50 bounty) 
Seat 8: Kaiiju (249500 in chips, €22.50 bounty) 
emorejp11: posts the ante 250
deiraisetonuts: posts the ante 250
darkevilxd: posts the ante 250
9Carboneraa: posts the ante 250
dinizosama: posts the ante 250
Gravillinho: posts the ante 250
Avetoo: posts the ante 250
Kaiiju: posts the ante 250
dinizosama: posts small blind 1000
Gravillinho: posts big blind 2000
*** HOLE CARDS ***
Dealt to deiraisetonuts [8c Td]
Avetoo: folds 
Kaiiju: folds 
emorejp11: folds 
deiraisetonuts: folds 
darkevilxd: folds 
9Carboneraa: raises 2800 to 4800
dinizosama: folds 
Gravillinho: calls 2800
*** FLOP *** [7c 9s 2h]
Gravillinho: checks 
9Carboneraa: bets 10458
Gravillinho: folds 
Uncalled bet (10458) returned to 9Carboneraa
9Carboneraa collected 12600 from pot
9Carboneraa: doesn't show hand 
*** SUMMARY ***
Total pot 12600 | Rake 0 
Board [7c 9s 2h]
Seat 1: emorejp11 folded before Flop (didn't bet)
Seat 2: deiraisetonuts folded before Flop (didn't bet)
Seat 3: darkevilxd folded before Flop (didn't bet)
Seat 4: 9Carboneraa (button) collected (12600)
Seat 5: dinizosama (small blind) folded before Flop
Seat 6: Gravillinho (big blind) folded on the Flop
Seat 7: Avetoo folded before Flop (didn't bet)
Seat 8: Kaiiju folded before Flop (didn't bet)



PokerStars Hand #249090891018: Tournament #3714753604, €22.50+€22.50+€5.00 EUR Hold'em No Limit - Level IV (1000/2000) - 2024/02/25 16:44:52 BRT [2024/02/25 14:44:52 ET]
Table '3714753604 191' 8-max Seat #5 is the button
Seat 1: emorejp11 (298142 in chips, €22.50 bounty) 
Seat 2: deiraisetonuts (247750 in chips, €22.50 bounty) 
Seat 3: darkevilxd (201270 in chips, €22.50 bounty) 
Seat 4: 9Carboneraa (434557 in chips, €33.75 bounty) 
Seat 5: dinizosama (222435 in chips, €22.50 bounty) 
Seat 6: Gravillinho (355083 in chips, €22.50 bounty) 
Seat 7: Avetoo (202604 in chips, €22.50 bounty) 
Seat 8: Kaiiju (249250 in chips, €22.50 bounty) 
emorejp11: posts the ante 250
deiraisetonuts: posts the ante 250
darkevilxd: posts the ante 250
9Carboneraa: posts the ante 250
dinizosama: posts the ante 250
Gravillinho: posts the ante 250
Avetoo: posts the ante 250
Kaiiju: posts the ante 250
Gravillinho: posts small blind 1000
Avetoo: posts big blind 2000
*** HOLE CARDS ***
Dealt to deiraisetonuts [Ah Qc]
Kaiiju: folds 
emorejp11: folds 
deiraisetonuts: raises 2000 to 4000
darkevilxd: folds 
9Carboneraa: raises 10400 to 14400
dinizosama: folds 
Gravillinho: folds 
Avetoo: folds 
deiraisetonuts: calls 10400
*** FLOP *** [8h 6s Kc]
deiraisetonuts: checks 
9Carboneraa: bets 7436
deiraisetonuts: calls 7436
*** TURN *** [8h 6s Kc] [9s]
deiraisetonuts: checks 
9Carboneraa: bets 40398
deiraisetonuts: folds 
Uncalled bet (40398) returned to 9Carboneraa
9Carboneraa collected 48672 from pot
9Carboneraa: doesn't show hand 
*** SUMMARY ***
Total pot 48672 | Rake 0 
Board [8h 6s Kc 9s]
Seat 1: emorejp11 folded before Flop (didn't bet)
Seat 2: deiraisetonuts folded on the Turn
Seat 3: darkevilxd folded before Flop (didn't bet)
Seat 4: 9Carboneraa collected (48672)
Seat 5: dinizosama (button) folded before Flop (didn't bet)
Seat 6: Gravillinho (small blind) folded before Flop
Seat 7: Avetoo (big blind) folded before Flop
Seat 8: Kaiiju folded before Flop (didn't bet)



PokerStars Hand #249090934657: Tournament #3714753604, €22.50+€22.50+€5.00 EUR Hold'em No Limit - Level IV (1000/2000) - 2024/02/25 16:46:36 BRT [2024/02/25 14:46:36 ET]
Table '3714753604 191' 8-max Seat #6 is the button
Seat 1: emorejp11 (297892 in chips, €22.50 bounty) 
Seat 2: deiraisetonuts (225664 in chips, €22.50 bounty) 
Seat 3: darkevilxd (201020 in chips, €22.50 bounty) 
Seat 4: 9Carboneraa (461143 in chips, €33.75 bounty) 
Seat 5: dinizosama (222185 in chips, €22.50 bounty) 
Seat 6: Gravillinho (353833 in chips, €22.50 bounty) 
Seat 7: Avetoo (200354 in chips, €22.50 bounty) 
Seat 8: Kaiiju (249000 in chips, €22.50 bounty) 
emorejp11: posts the ante 250
deiraisetonuts: posts the ante 250
darkevilxd: posts the ante 250
9Carboneraa: posts the ante 250
dinizosama: posts the ante 250
Gravillinho: posts the ante 250
Avetoo: posts the ante 250
Kaiiju: posts the ante 250
Avetoo: posts small blind 1000
Kaiiju: posts big blind 2000
*** HOLE CARDS ***
Dealt to deiraisetonuts [6h Ks]
emorejp11: folds 
deiraisetonuts: folds 
darkevilxd: folds 
9Carboneraa: raises 2200 to 4200
dinizosama: folds 
Gravillinho: calls 4200
Avetoo: folds 
Kaiiju: calls 2200
*** FLOP *** [5d 6c 9h]
Kaiiju: checks 
9Carboneraa: checks 
Gravillinho: checks 
*** TURN *** [5d 6c 9h] [9d]
Kaiiju: checks 
9Carboneraa: bets 12948
Gravillinho: folds 
Kaiiju: folds 
Uncalled bet (12948) returned to 9Carboneraa
9Carboneraa collected 15600 from pot
9Carboneraa: doesn't show hand 
*** SUMMARY ***
Total pot 15600 | Rake 0 
Board [5d 6c 9h 9d]
Seat 1: emorejp11 folded before Flop (didn't bet)
Seat 2: deiraisetonuts folded before Flop (didn't bet)
Seat 3: darkevilxd folded before Flop (didn't bet)
Seat 4: 9Carboneraa collected (15600)
Seat 5: dinizosama folded before Flop (didn't bet)
Seat 6: Gravillinho (button) folded on the Turn
Seat 7: Avetoo (small blind) folded before Flop
Seat 8: Kaiiju (big blind) folded on the Turn



PokerStars Hand #249090983466: Tournament #3714753604, €22.50+€22.50+€5.00 EUR Hold'em No Limit - Level V (1250/2500) - 2024/02/25 16:48:32 BRT [2024/02/25 14:48:32 ET]
Table '3714753604 191' 8-max Seat #7 is the button
Seat 1: emorejp11 (297642 in chips, €22.50 bounty) 
Seat 2: deiraisetonuts (225414 in chips, €22.50 bounty) 
Seat 3: darkevilxd (200770 in chips, €22.50 bounty) 
Seat 4: 9Carboneraa (472293 in chips, €33.75 bounty) 
Seat 5: dinizosama (221935 in chips, €22.50 bounty) 
Seat 6: Gravillinho (349383 in chips, €22.50 bounty) 
Seat 7: Avetoo (199104 in chips, €22.50 bounty) 
Seat 8: Kaiiju (244550 in chips, €22.50 bounty) 
emorejp11: posts the ante 325
deiraisetonuts: posts the ante 325
darkevilxd: posts the ante 325
9Carboneraa: posts the ante 325
dinizosama: posts the ante 325
Gravillinho: posts the ante 325
Avetoo: posts the ante 325
Kaiiju: posts the ante 325
Kaiiju: posts small blind 1250
emorejp11: posts big blind 2500
*** HOLE CARDS ***
Dealt to deiraisetonuts [Ts 9s]
deiraisetonuts: raises 2500 to 5000
darkevilxd: folds 
9Carboneraa: calls 5000
dinizosama: folds 
Gravillinho: calls 5000
Avetoo: folds 
Kaiiju: folds 
emorejp11: calls 2500
*** FLOP *** [Kc 6s Ac]
emorejp11: checks 
deiraisetonuts: checks 
9Carboneraa: checks 
Gravillinho: checks 
*** TURN *** [Kc 6s Ac] [Kh]
emorejp11: checks 
deiraisetonuts: bets 15750
9Carboneraa: folds 
Gravillinho: folds 
emorejp11: folds 
Uncalled bet (15750) returned to deiraisetonuts
deiraisetonuts collected 23850 from pot
deiraisetonuts: doesn't show hand 
*** SUMMARY ***
Total pot 23850 | Rake 0 
Board [Kc 6s Ac Kh]
Seat 1: emorejp11 (big blind) folded on the Turn
Seat 2: deiraisetonuts collected (23850)
Seat 3: darkevilxd folded before Flop (didn't bet)
Seat 4: 9Carboneraa folded on the Turn
Seat 5: dinizosama folded before Flop (didn't bet)
Seat 6: Gravillinho folded on the Turn
Seat 7: Avetoo (button) folded before Flop (didn't bet)
Seat 8: Kaiiju (small blind) folded before Flop



PokerStars Hand #249091031007: Tournament #3714753604, €22.50+€22.50+€5.00 EUR Hold'em No Limit - Level V (1250/2500) - 2024/02/25 16:50:26 BRT [2024/02/25 14:50:26 ET]
Table '3714753604 191' 8-max Seat #8 is the button
Seat 1: emorejp11 (292317 in chips, €22.50 bounty) 
Seat 2: deiraisetonuts (243939 in chips, €22.50 bounty) 
Seat 3: darkevilxd (200445 in chips, €22.50 bounty) 
Seat 4: 9Carboneraa (466968 in chips, €33.75 bounty) 
Seat 5: dinizosama (221610 in chips, €22.50 bounty) 
Seat 6: Gravillinho (344058 in chips, €22.50 bounty) 
Seat 7: Avetoo (198779 in chips, €22.50 bounty) 
Seat 8: Kaiiju (242975 in chips, €22.50 bounty) 
emorejp11: posts the ante 325
deiraisetonuts: posts the ante 325
darkevilxd: posts the ante 325
9Carboneraa: posts the ante 325
dinizosama: posts the ante 325
Gravillinho: posts the ante 325
Avetoo: posts the ante 325
Kaiiju: posts the ante 325
emorejp11: posts small blind 1250
deiraisetonuts: posts big blind 2500
*** HOLE CARDS ***
Dealt to deiraisetonuts [9c 4h]
darkevilxd: folds 
9Carboneraa: folds 
dinizosama: folds 
Gravillinho: folds 
Avetoo: folds 
Kaiiju: raises 3750 to 6250
emorejp11: folds 
deiraisetonuts: folds 
Uncalled bet (3750) returned to Kaiiju
Kaiiju collected 8850 from pot
Kaiiju: doesn't show hand 
*** SUMMARY ***
Total pot 8850 | Rake 0 
Seat 1: emorejp11 (small blind) folded before Flop
Seat 2: deiraisetonuts (big blind) folded before Flop
Seat 3: darkevilxd folded before Flop (didn't bet)
Seat 4: 9Carboneraa folded before Flop (didn't bet)
Seat 5: dinizosama folded before Flop (didn't bet)
Seat 6: Gravillinho folded before Flop (didn't bet)
Seat 7: Avetoo folded before Flop (didn't bet)
Seat 8: Kaiiju (button) collected (8850)



PokerStars Hand #249091053681: Tournament #3714753604, €22.50+€22.50+€5.00 EUR Hold'em No Limit - Level V (1250/2500) - 2024/02/25 16:51:21 BRT [2024/02/25 14:51:21 ET]
Table '3714753604 191' 8-max Seat #1 is the button
Seat 1: emorejp11 (290742 in chips, €22.50 bounty) 
Seat 2: deiraisetonuts (241114 in chips, €22.50 bounty) 
Seat 3: darkevilxd (200120 in chips, €22.50 bounty) 
Seat 4: 9Carboneraa (466643 in chips, €33.75 bounty) 
Seat 5: dinizosama (221285 in chips, €22.50 bounty) 
Seat 6: Gravillinho (343733 in chips, €22.50 bounty) 
Seat 7: Avetoo (198454 in chips, €22.50 bounty) 
Seat 8: Kaiiju (249000 in chips, €22.50 bounty) 
emorejp11: posts the ante 325
deiraisetonuts: posts the ante 325
darkevilxd: posts the ante 325
9Carboneraa: posts the ante 325
dinizosama: posts the ante 325
Gravillinho: posts the ante 325
Avetoo: posts the ante 325
Kaiiju: posts the ante 325
deiraisetonuts: posts small blind 1250
darkevilxd: posts big blind 2500
*** HOLE CARDS ***
Dealt to deiraisetonuts [6h Js]
9Carboneraa: raises 3500 to 6000
dinizosama: raises 12750 to 18750
Gravillinho: folds 
Avetoo: folds 
Kaiiju: folds 
emorejp11: folds 
deiraisetonuts: folds 
darkevilxd: folds 
9Carboneraa: folds 
Uncalled bet (12750) returned to dinizosama
dinizosama collected 18350 from pot
dinizosama: doesn't show hand 
*** SUMMARY ***
Total pot 18350 | Rake 0 
Seat 1: emorejp11 (button) folded before Flop (didn't bet)
Seat 2: deiraisetonuts (small blind) folded before Flop
Seat 3: darkevilxd (big blind) folded before Flop
Seat 4: 9Carboneraa folded before Flop
Seat 5: dinizosama collected (18350)
Seat 6: Gravillinho folded before Flop (didn't bet)
Seat 7: Avetoo folded before Flop (didn't bet)
Seat 8: Kaiiju folded before Flop (didn't bet)



PokerStars Hand #249091071745: Tournament #3714753604, €22.50+€22.50+€5.00 EUR Hold'em No Limit - Level V (1250/2500) - 2024/02/25 16:52:05 BRT [2024/02/25 14:52:05 ET]
Table '3714753604 191' 8-max Seat #2 is the button
Seat 1: emorejp11 (290417 in chips, €22.50 bounty) 
Seat 2: deiraisetonuts (239539 in chips, €22.50 bounty) 
Seat 3: darkevilxd (197295 in chips, €22.50 bounty) 
Seat 4: 9Carboneraa (460318 in chips, €33.75 bounty) 
Seat 5: dinizosama (233310 in chips, €22.50 bounty) 
Seat 6: Gravillinho (343408 in chips, €22.50 bounty) 
Seat 7: Avetoo (198129 in chips, €22.50 bounty) 
Seat 8: Kaiiju (248675 in chips, €22.50 bounty) 
emorejp11: posts the ante 325
deiraisetonuts: posts the ante 325
darkevilxd: posts the ante 325
9Carboneraa: posts the ante 325
dinizosama: posts the ante 325
Gravillinho: posts the ante 325
Avetoo: posts the ante 325
Kaiiju: posts the ante 325
darkevilxd: posts small blind 1250
9Carboneraa: posts big blind 2500
*** HOLE CARDS ***
Dealt to deiraisetonuts [4d 3d]
dinizosama: folds 
Gravillinho: folds 
Avetoo: folds 
Kaiiju: folds 
emorejp11: folds 
deiraisetonuts: raises 2500 to 5000
darkevilxd: folds 
9Carboneraa: folds 
Uncalled bet (2500) returned to deiraisetonuts
deiraisetonuts collected 8850 from pot
deiraisetonuts: doesn't show hand 
*** SUMMARY ***
Total pot 8850 | Rake 0 
Seat 1: emorejp11 folded before Flop (didn't bet)
Seat 2: deiraisetonuts (button) collected (8850)
Seat 3: darkevilxd (small blind) folded before Flop
Seat 4: 9Carboneraa (big blind) folded before Flop
Seat 5: dinizosama folded before Flop (didn't bet)
Seat 6: Gravillinho folded before Flop (didn't bet)
Seat 7: Avetoo folded before Flop (didn't bet)
Seat 8: Kaiiju folded before Flop (didn't bet)



PokerStars Hand #249091082876: Tournament #3714753604, €22.50+€22.50+€5.00 EUR Hold'em No Limit - Level V (1250/2500) - 2024/02/25 16:52:33 BRT [2024/02/25 14:52:33 ET]
Table '3714753604 191' 8-max Seat #3 is the button
Seat 1: emorejp11 (290092 in chips, €22.50 bounty) 
Seat 2: deiraisetonuts (245564 in chips, €22.50 bounty) 
Seat 3: darkevilxd (195720 in chips, €22.50 bounty) 
Seat 4: 9Carboneraa (457493 in chips, €33.75 bounty) 
Seat 5: dinizosama (232985 in chips, €22.50 bounty) 
Seat 6: Gravillinho (343083 in chips, €22.50 bounty) 
Seat 7: Avetoo (197804 in chips, €22.50 bounty) 
Seat 8: Kaiiju (248350 in chips, €22.50 bounty) 
emorejp11: posts the ante 325
deiraisetonuts: posts the ante 325
darkevilxd: posts the ante 325
9Carboneraa: posts the ante 325
dinizosama: posts the ante 325
Gravillinho: posts the ante 325
Avetoo: posts the ante 325
Kaiiju: posts the ante 325
9Carboneraa: posts small blind 1250
dinizosama: posts big blind 2500
*** HOLE CARDS ***
Dealt to deiraisetonuts [Qd Ks]
Gravillinho: folds 
Avetoo: raises 2625 to 5125
Kaiiju: folds 
emorejp11: folds 
deiraisetonuts: raises 11800 to 16925
darkevilxd: folds 
9Carboneraa: folds 
dinizosama: folds 
Avetoo: calls 11800
*** FLOP *** [3h Ah 2d]
Avetoo: checks 
deiraisetonuts: bets 10075
Avetoo: calls 10075
*** TURN *** [3h Ah 2d] [3d]
Avetoo: checks 
deiraisetonuts: checks 
*** RIVER *** [3h Ah 2d 3d] [Kc]
Avetoo: bets 19916
deiraisetonuts: folds 
Uncalled bet (19916) returned to Avetoo
Avetoo collected 60350 from pot
*** SUMMARY ***
Total pot 60350 | Rake 0 
Board [3h Ah 2d 3d Kc]
Seat 1: emorejp11 folded before Flop (didn't bet)
Seat 2: deiraisetonuts folded on the River
Seat 3: darkevilxd (button) folded before Flop (didn't bet)
Seat 4: 9Carboneraa (small blind) folded before Flop
Seat 5: dinizosama (big blind) folded before Flop
Seat 6: Gravillinho folded before Flop (didn't bet)
Seat 7: Avetoo collected (60350)
Seat 8: Kaiiju folded before Flop (didn't bet)



PokerStars Hand #249091137751: Tournament #3714753604, €22.50+€22.50+€5.00 EUR Hold'em No Limit - Level V (1250/2500) - 2024/02/25 16:54:47 BRT [2024/02/25 14:54:47 ET]
Table '3714753604 191' 8-max Seat #4 is the button
Seat 1: emorejp11 (289767 in chips, €22.50 bounty) 
Seat 2: deiraisetonuts (218239 in chips, €22.50 bounty) 
Seat 3: darkevilxd (195395 in chips, €22.50 bounty) 
Seat 4: 9Carboneraa (455918 in chips, €33.75 bounty) 
Seat 5: dinizosama (230160 in chips, €22.50 bounty) 
Seat 6: Gravillinho (342758 in chips, €22.50 bounty) 
Seat 7: Avetoo (230829 in chips, €22.50 bounty) 
Seat 8: Kaiiju (248025 in chips, €22.50 bounty) 
emorejp11: posts the ante 325
deiraisetonuts: posts the ante 325
darkevilxd: posts the ante 325
9Carboneraa: posts the ante 325
dinizosama: posts the ante 325
Gravillinho: posts the ante 325
Avetoo: posts the ante 325
Kaiiju: posts the ante 325
dinizosama: posts small blind 1250
Gravillinho: posts big blind 2500
*** HOLE CARDS ***
Dealt to deiraisetonuts [6d 8d]
Avetoo: folds 
Kaiiju: folds 
emorejp11: folds 
deiraisetonuts: raises 2500 to 5000
darkevilxd: folds 
9Carboneraa: raises 15500 to 20500
dinizosama: raises 209335 to 229835 and is all-in
Gravillinho: folds 
deiraisetonuts: folds 
9Carboneraa: folds 
Uncalled bet (209335) returned to dinizosama
dinizosama collected 51100 from pot
dinizosama: doesn't show hand 
*** SUMMARY ***
Total pot 51100 | Rake 0 
Seat 1: emorejp11 folded before Flop (didn't bet)
Seat 2: deiraisetonuts folded before Flop
Seat 3: darkevilxd folded before Flop (didn't bet)
Seat 4: 9Carboneraa (button) folded before Flop
Seat 5: dinizosama (small blind) collected (51100)
Seat 6: Gravillinho (big blind) folded before Flop
Seat 7: Avetoo folded before Flop (didn't bet)
Seat 8: Kaiiju folded before Flop (didn't bet)



PokerStars Hand #249091312034: Tournament #3714753604, €22.50+€22.50+€5.00 EUR Hold'em No Limit - Level V (1250/2500) - 2024/02/25 17:04:12 BRT [2024/02/25 15:04:12 ET]
Table '3714753604 191' 8-max Seat #5 is the button
Seat 1: emorejp11 (289442 in chips, €22.50 bounty) 
Seat 2: deiraisetonuts (212914 in chips, €22.50 bounty) 
Seat 3: darkevilxd (195070 in chips, €22.50 bounty) 
Seat 4: 9Carboneraa (435093 in chips, €33.75 bounty) 
Seat 5: dinizosama (260435 in chips, €22.50 bounty) 
Seat 6: Gravillinho (339933 in chips, €22.50 bounty) 
Seat 7: Avetoo (230504 in chips, €22.50 bounty) 
Seat 8: Kaiiju (247700 in chips, €22.50 bounty) 
emorejp11: posts the ante 325
deiraisetonuts: posts the ante 325
darkevilxd: posts the ante 325
9Carboneraa: posts the ante 325
dinizosama: posts the ante 325
Gravillinho: posts the ante 325
Avetoo: posts the ante 325
Kaiiju: posts the ante 325
Gravillinho: posts small blind 1250
Avetoo: posts big blind 2500
*** HOLE CARDS ***
Dealt to deiraisetonuts [Ah Jc]
Kaiiju: folds 
emorejp11: folds 
deiraisetonuts: raises 2500 to 5000
darkevilxd: folds 
9Carboneraa: folds 
dinizosama: folds 
Gravillinho: folds 
Avetoo: calls 2500
*** FLOP *** [8d Qd Ad]
Avetoo: checks 
deiraisetonuts: bets 3475
Avetoo: folds 
Uncalled bet (3475) returned to deiraisetonuts
deiraisetonuts collected 13850 from pot
deiraisetonuts: doesn't show hand 
*** SUMMARY ***
Total pot 13850 | Rake 0 
Board [8d Qd Ad]
Seat 1: emorejp11 folded before Flop (didn't bet)
Seat 2: deiraisetonuts collected (13850)
Seat 3: darkevilxd folded before Flop (didn't bet)
Seat 4: 9Carboneraa folded before Flop (didn't bet)
Seat 5: dinizosama (button) folded before Flop (didn't bet)
Seat 6: Gravillinho (small blind) folded before Flop
Seat 7: Avetoo (big blind) folded on the Flop
Seat 8: Kaiiju folded before Flop (didn't bet)



PokerStars Hand #249091336326: Tournament #3714753604, €22.50+€22.50+€5.00 EUR Hold'em No Limit - Level V (1250/2500) - 2024/02/25 17:05:09 BRT [2024/02/25 15:05:09 ET]
Table '3714753604 191' 8-max Seat #6 is the button
Seat 1: emorejp11 (289117 in chips, €22.50 bounty) 
Seat 2: deiraisetonuts (221439 in chips, €22.50 bounty) 
Seat 3: darkevilxd (194745 in chips, €22.50 bounty) 
Seat 4: 9Carboneraa (434768 in chips, €33.75 bounty) 
Seat 5: dinizosama (260110 in chips, €22.50 bounty) 
Seat 6: Gravillinho (338358 in chips, €22.50 bounty) 
Seat 7: Avetoo (225179 in chips, €22.50 bounty) 
Seat 8: Kaiiju (247375 in chips, €22.50 bounty) 
emorejp11: posts the ante 325
deiraisetonuts: posts the ante 325
darkevilxd: posts the ante 325
9Carboneraa: posts the ante 325
dinizosama: posts the ante 325
Gravillinho: posts the ante 325
Avetoo: posts the ante 325
Kaiiju: posts the ante 325
Avetoo: posts small blind 1250
Kaiiju: posts big blind 2500
*** HOLE CARDS ***
Dealt to deiraisetonuts [Qh 3h]
emorejp11: folds 
deiraisetonuts: folds 
darkevilxd: folds 
9Carboneraa: folds 
dinizosama: folds 
Gravillinho: folds 
Avetoo: raises 6250 to 8750
Kaiiju: folds 
Uncalled bet (6250) returned to Avetoo
Avetoo collected 7600 from pot
*** SUMMARY ***
Total pot 7600 | Rake 0 
Seat 1: emorejp11 folded before Flop (didn't bet)
Seat 2: deiraisetonuts folded before Flop (didn't bet)
Seat 3: darkevilxd folded before Flop (didn't bet)
Seat 4: 9Carboneraa folded before Flop (didn't bet)
Seat 5: dinizosama folded before Flop (didn't bet)
Seat 6: Gravillinho (button) folded before Flop (didn't bet)
Seat 7: Avetoo (small blind) collected (7600)
Seat 8: Kaiiju (big blind) folded before Flop



PokerStars Hand #249091357221: Tournament #3714753604, €22.50+€22.50+€5.00 EUR Hold'em No Limit - Level V (1250/2500) - 2024/02/25 17:05:57 BRT [2024/02/25 15:05:57 ET]
Table '3714753604 191' 8-max Seat #7 is the button
Seat 1: emorejp11 (288792 in chips, €22.50 bounty) 
Seat 2: deiraisetonuts (221114 in chips, €22.50 bounty) 
Seat 3: darkevilxd (194420 in chips, €22.50 bounty) 
Seat 4: 9Carboneraa (434443 in chips, €33.75 bounty) 
Seat 5: dinizosama (259785 in chips, €22.50 bounty) 
Seat 6: Gravillinho (338033 in chips, €22.50 bounty) 
Seat 7: Avetoo (229954 in chips, €22.50 bounty) 
Seat 8: Kaiiju (244550 in chips, €22.50 bounty) 
emorejp11: posts the ante 325
deiraisetonuts: posts the ante 325
darkevilxd: posts the ante 325
9Carboneraa: posts the ante 325
dinizosama: posts the ante 325
Gravillinho: posts the ante 325
Avetoo: posts the ante 325
Kaiiju: posts the ante 325
Kaiiju: posts small blind 1250
emorejp11: posts big blind 2500
*** HOLE CARDS ***
Dealt to deiraisetonuts [5d Ks]
deiraisetonuts: folds 
darkevilxd: raises 2500 to 5000
9Carboneraa: folds 
dinizosama: folds 
Gravillinho: folds 
Avetoo: folds 
Kaiiju: calls 3750
emorejp11: folds 
*** FLOP *** [Qs 3h Tc]
Kaiiju: checks 
darkevilxd: checks 
*** TURN *** [Qs 3h Tc] [2s]
Kaiiju: bets 6250
darkevilxd: calls 6250
*** RIVER *** [Qs 3h Tc 2s] [Qd]
Kaiiju: bets 18750
darkevilxd: calls 18750
*** SHOW DOWN ***
Kaiiju: shows [8h 7h] (a pair of Queens)
darkevilxd: shows [Th As] (two pair, Queens and Tens)
darkevilxd collected 65100 from pot
*** SUMMARY ***
Total pot 65100 | Rake 0 
Board [Qs 3h Tc 2s Qd]
Seat 1: emorejp11 (big blind) folded before Flop
Seat 2: deiraisetonuts folded before Flop (didn't bet)
Seat 3: darkevilxd showed [Th As] and won (65100) with two pair, Queens and Tens
Seat 4: 9Carboneraa folded before Flop (didn't bet)
Seat 5: dinizosama folded before Flop (didn't bet)
Seat 6: Gravillinho folded before Flop (didn't bet)
Seat 7: Avetoo (button) folded before Flop (didn't bet)
Seat 8: Kaiiju (small blind) showed [8h 7h] and lost with a pair of Queens



PokerStars Hand #249091395842: Tournament #3714753604, €22.50+€22.50+€5.00 EUR Hold'em No Limit - Level V (1250/2500) - 2024/02/25 17:07:25 BRT [2024/02/25 15:07:25 ET]
Table '3714753604 191' 8-max Seat #8 is the button
Seat 1: emorejp11 (285967 in chips, €22.50 bounty) 
Seat 2: deiraisetonuts (220789 in chips, €22.50 bounty) 
Seat 3: darkevilxd (229195 in chips, €22.50 bounty) 
Seat 4: 9Carboneraa (434118 in chips, €33.75 bounty) 
Seat 5: dinizosama (259460 in chips, €22.50 bounty) 
Seat 6: Gravillinho (337708 in chips, €22.50 bounty) 
Seat 7: Avetoo (229629 in chips, €22.50 bounty) 
Seat 8: Kaiiju (214225 in chips, €22.50 bounty) 
emorejp11: posts the ante 325
deiraisetonuts: posts the ante 325
darkevilxd: posts the ante 325
9Carboneraa: posts the ante 325
dinizosama: posts the ante 325
Gravillinho: posts the ante 325
Avetoo: posts the ante 325
Kaiiju: posts the ante 325
emorejp11: posts small blind 1250
deiraisetonuts: posts big blind 2500
*** HOLE CARDS ***
Dealt to deiraisetonuts [Jh 3s]
darkevilxd: raises 3750 to 6250
9Carboneraa: folds 
dinizosama: folds 
Gravillinho: folds 
Avetoo: folds 
Kaiiju: folds 
emorejp11: folds 
deiraisetonuts: folds 
Uncalled bet (3750) returned to darkevilxd
darkevilxd collected 8850 from pot
darkevilxd: doesn't show hand 
*** SUMMARY ***
Total pot 8850 | Rake 0 
Seat 1: emorejp11 (small blind) folded before Flop
Seat 2: deiraisetonuts (big blind) folded before Flop
Seat 3: darkevilxd collected (8850)
Seat 4: 9Carboneraa folded before Flop (didn't bet)
Seat 5: dinizosama folded before Flop (didn't bet)
Seat 6: Gravillinho folded before Flop (didn't bet)
Seat 7: Avetoo folded before Flop (didn't bet)
Seat 8: Kaiiju (button) folded before Flop (didn't bet)



PokerStars Hand #249091415509: Tournament #3714753604, €22.50+€22.50+€5.00 EUR Hold'em No Limit - Level V (1250/2500) - 2024/02/25 17:08:09 BRT [2024/02/25 15:08:09 ET]
Table '3714753604 191' 8-max Seat #1 is the button
Seat 1: emorejp11 (284392 in chips, €22.50 bounty) 
Seat 2: deiraisetonuts (217964 in chips, €22.50 bounty) 
Seat 3: darkevilxd (235220 in chips, €22.50 bounty) 
Seat 4: 9Carboneraa (433793 in chips, €33.75 bounty) 
Seat 5: dinizosama (259135 in chips, €22.50 bounty) 
Seat 6: Gravillinho (337383 in chips, €22.50 bounty) 
Seat 7: Avetoo (229304 in chips, €22.50 bounty) 
Seat 8: Kaiiju (213900 in chips, €22.50 bounty) 
emorejp11: posts the ante 325
deiraisetonuts: posts the ante 325
darkevilxd: posts the ante 325
9Carboneraa: posts the ante 325
dinizosama: posts the ante 325
Gravillinho: posts the ante 325
Avetoo: posts the ante 325
Kaiiju: posts the ante 325
deiraisetonuts: posts small blind 1250
darkevilxd: posts big blind 2500
*** HOLE CARDS ***
Dealt to deiraisetonuts [9d 7d]
9Carboneraa: folds 
dinizosama: folds 
Gravillinho: folds 
Avetoo: folds 
Kaiiju: folds 
emorejp11: folds 
deiraisetonuts: raises 6250 to 8750
darkevilxd: calls 6250
*** FLOP *** [Jd As 3h]
deiraisetonuts: bets 5025
darkevilxd: calls 5025
*** TURN *** [Jd As 3h] [9c]
deiraisetonuts: checks 
darkevilxd: bets 22613
deiraisetonuts: calls 22613
*** RIVER *** [Jd As 3h 9c] [3d]
deiraisetonuts: checks 
darkevilxd: checks 
*** SHOW DOWN ***
deiraisetonuts: shows [9d 7d] (two pair, Nines and Threes)
darkevilxd: mucks hand 
deiraisetonuts collected 75376 from pot
*** SUMMARY ***
Total pot 75376 | Rake 0 
Board [Jd As 3h 9c 3d]
Seat 1: emorejp11 (button) folded before Flop (didn't bet)
Seat 2: deiraisetonuts (small blind) showed [9d 7d] and won (75376) with two pair, Nines and Threes
Seat 3: darkevilxd (big blind) mucked [Ts Qd]
Seat 4: 9Carboneraa folded before Flop (didn't bet)
Seat 5: dinizosama folded before Flop (didn't bet)
Seat 6: Gravillinho folded before Flop (didn't bet)
Seat 7: Avetoo folded before Flop (didn't bet)
Seat 8: Kaiiju folded before Flop (didn't bet)



PokerStars Hand #249091469241: Tournament #3714753604, €22.50+€22.50+€5.00 EUR Hold'em No Limit - Level VI (1500/3000) - 2024/02/25 17:10:12 BRT [2024/02/25 15:10:12 ET]
Table '3714753604 191' 8-max Seat #2 is the button
Seat 1: emorejp11 (284067 in chips, €22.50 bounty) 
Seat 2: deiraisetonuts (256627 in chips, €22.50 bounty) 
Seat 3: darkevilxd (198507 in chips, €22.50 bounty) 
Seat 4: 9Carboneraa (433468 in chips, €33.75 bounty) 
Seat 5: dinizosama (258810 in chips, €22.50 bounty) 
Seat 6: Gravillinho (337058 in chips, €22.50 bounty) 
Seat 7: Avetoo (228979 in chips, €22.50 bounty) 
Seat 8: Kaiiju (213575 in chips, €22.50 bounty) 
emorejp11: posts the ante 375
deiraisetonuts: posts the ante 375
darkevilxd: posts the ante 375
9Carboneraa: posts the ante 375
dinizosama: posts the ante 375
Gravillinho: posts the ante 375
Avetoo: posts the ante 375
Kaiiju: posts the ante 375
darkevilxd: posts small blind 1500
9Carboneraa: posts big blind 3000
*** HOLE CARDS ***
Dealt to deiraisetonuts [Qd Qc]
dinizosama: folds 
Gravillinho: folds 
Avetoo: folds 
Kaiiju: folds 
emorejp11: folds 
deiraisetonuts: raises 3300 to 6300
darkevilxd: calls 4800
9Carboneraa: calls 3300
*** FLOP *** [9d 7s 9h]
darkevilxd: checks 
9Carboneraa: checks 
deiraisetonuts: checks 
*** TURN *** [9d 7s 9h] [5h]
darkevilxd: checks 
9Carboneraa: bets 4818
deiraisetonuts: calls 4818
darkevilxd: folds 
*** RIVER *** [9d 7s 9h 5h] [Qs]
9Carboneraa: checks 
deiraisetonuts: bets 7890
9Carboneraa: calls 7890
*** SHOW DOWN ***
deiraisetonuts: shows [Qd Qc] (a full house, Queens full of Nines)
9Carboneraa: mucks hand 
deiraisetonuts collected 47316 from pot
*** SUMMARY ***
Total pot 47316 | Rake 0 
Board [9d 7s 9h 5h Qs]
Seat 1: emorejp11 folded before Flop (didn't bet)
Seat 2: deiraisetonuts (button) showed [Qd Qc] and won (47316) with a full house, Queens full of Nines
Seat 3: darkevilxd (small blind) folded on the Turn
Seat 4: 9Carboneraa (big blind) mucked [6h 5d]
Seat 5: dinizosama folded before Flop (didn't bet)
Seat 6: Gravillinho folded before Flop (didn't bet)
Seat 7: Avetoo folded before Flop (didn't bet)
Seat 8: Kaiiju folded before Flop (didn't bet)



PokerStars Hand #249091511860: Tournament #3714753604, €22.50+€22.50+€5.00 EUR Hold'em No Limit - Level VI (1500/3000) - 2024/02/25 17:11:50 BRT [2024/02/25 15:11:50 ET]
Table '3714753604 191' 8-max Seat #3 is the button
Seat 1: emorejp11 (283692 in chips, €22.50 bounty) 
Seat 2: deiraisetonuts (284560 in chips, €22.50 bounty) 
Seat 3: darkevilxd (191832 in chips, €22.50 bounty) 
Seat 4: 9Carboneraa (414085 in chips, €33.75 bounty) 
Seat 5: dinizosama (258435 in chips, €22.50 bounty) 
Seat 6: Gravillinho (336683 in chips, €22.50 bounty) 
Seat 7: Avetoo (228604 in chips, €22.50 bounty) 
Seat 8: Kaiiju (213200 in chips, €22.50 bounty) 
emorejp11: posts the ante 375
deiraisetonuts: posts the ante 375
darkevilxd: posts the ante 375
9Carboneraa: posts the ante 375
dinizosama: posts the ante 375
Gravillinho: posts the ante 375
Avetoo: posts the ante 375
Kaiiju: posts the ante 375
9Carboneraa: posts small blind 1500
dinizosama: posts big blind 3000
*** HOLE CARDS ***
Dealt to deiraisetonuts [6d 2s]
Gravillinho: raises 6000 to 9000
Avetoo: folds 
Kaiiju: folds 
emorejp11: folds 
deiraisetonuts: folds 
darkevilxd: folds 
9Carboneraa: calls 7500
dinizosama: folds 
*** FLOP *** [6s Js 3s]
9Carboneraa: checks 
Gravillinho: checks 
*** TURN *** [6s Js 3s] [5s]
9Carboneraa: bets 7920
Gravillinho: calls 7920
*** RIVER *** [6s Js 3s 5s] [8c]
9Carboneraa: checks 
Gravillinho: bets 24000
9Carboneraa: folds 
Uncalled bet (24000) returned to Gravillinho
Gravillinho collected 39840 from pot
Gravillinho: doesn't show hand 
*** SUMMARY ***
Total pot 39840 | Rake 0 
Board [6s Js 3s 5s 8c]
Seat 1: emorejp11 folded before Flop (didn't bet)
Seat 2: deiraisetonuts folded before Flop (didn't bet)
Seat 3: darkevilxd (button) folded before Flop (didn't bet)
Seat 4: 9Carboneraa (small blind) folded on the River
Seat 5: dinizosama (big blind) folded before Flop
Seat 6: Gravillinho collected (39840)
Seat 7: Avetoo folded before Flop (didn't bet)
Seat 8: Kaiiju folded before Flop (didn't bet)



PokerStars Hand #249091564909: Tournament #3714753604, €22.50+€22.50+€5.00 EUR Hold'em No Limit - Level VI (1500/3000) - 2024/02/25 17:13:51 BRT [2024/02/25 15:13:51 ET]
Table '3714753604 191' 8-max Seat #4 is the button
Seat 1: emorejp11 (283317 in chips, €22.50 bounty) 
Seat 2: deiraisetonuts (284185 in chips, €22.50 bounty) 
Seat 3: darkevilxd (191457 in chips, €22.50 bounty) 
Seat 4: 9Carboneraa (396790 in chips, €33.75 bounty) 
Seat 5: dinizosama (255060 in chips, €22.50 bounty) 
Seat 6: Gravillinho (359228 in chips, €22.50 bounty) 
Seat 7: Avetoo (228229 in chips, €22.50 bounty) 
Seat 8: Kaiiju (212825 in chips, €22.50 bounty) 
emorejp11: posts the ante 375
deiraisetonuts: posts the ante 375
darkevilxd: posts the ante 375
9Carboneraa: posts the ante 375
dinizosama: posts the ante 375
Gravillinho: posts the ante 375
Avetoo: posts the ante 375
Kaiiju: posts the ante 375
dinizosama: posts small blind 1500
Gravillinho: posts big blind 3000
*** HOLE CARDS ***
Dealt to deiraisetonuts [5h Ks]
Avetoo: raises 3000 to 6000
Kaiiju: folds 
emorejp11: folds 
deiraisetonuts: folds 
darkevilxd: calls 6000
9Carboneraa: calls 6000
dinizosama: raises 30000 to 36000
Gravillinho: folds 
Avetoo: folds 
darkevilxd: raises 155082 to 191082 and is all-in
9Carboneraa: folds 
dinizosama: calls 155082
*** FLOP *** [9h As 9c]
*** TURN *** [9h As 9c] [3c]
*** RIVER *** [9h As 9c 3c] [6h]
*** SHOW DOWN ***
dinizosama: shows [Js Jd] (two pair, Jacks and Nines)
darkevilxd: shows [8c 8h] (two pair, Nines and Eights)
dinizosama collected 400164 from pot
dinizosama wins €11.25 for eliminating darkevilxd and their own bounty increases by €11.25 to €33.75
darkevilxd finished the tournament
*** SUMMARY ***
Total pot 400164 | Rake 0 
Board [9h As 9c 3c 6h]
Seat 1: emorejp11 folded before Flop (didn't bet)
Seat 2: deiraisetonuts folded before Flop (didn't bet)
Seat 3: darkevilxd showed [8c 8h] and lost with two pair, Nines and Eights
Seat 4: 9Carboneraa (button) folded before Flop
Seat 5: dinizosama (small blind) showed [Js Jd] and won (400164) with two pair, Jacks and Nines
Seat 6: Gravillinho (big blind) folded before Flop
Seat 7: Avetoo folded before Flop
Seat 8: Kaiiju folded before Flop (didn't bet)



PokerStars Hand #249091602554: Tournament #3714753604, €22.50+€22.50+€5.00 EUR Hold'em No Limit - Level VI (1500/3000) - 2024/02/25 17:15:17 BRT [2024/02/25 15:15:17 ET]
Table '3714753604 191' 8-max Seat #5 is the button
Seat 1: emorejp11 (282942 in chips, €22.50 bounty) 
Seat 2: deiraisetonuts (283810 in chips, €22.50 bounty) 
Seat 4: 9Carboneraa (390415 in chips, €33.75 bounty) 
Seat 5: dinizosama (463767 in chips, €33.75 bounty) 
Seat 6: Gravillinho (355853 in chips, €22.50 bounty) 
Seat 7: Avetoo (221854 in chips, €22.50 bounty) 
Seat 8: Kaiiju (212450 in chips, €22.50 bounty) 
emorejp11: posts the ante 375
deiraisetonuts: posts the ante 375
9Carboneraa: posts the ante 375
dinizosama: posts the ante 375
Gravillinho: posts the ante 375
Avetoo: posts the ante 375
Kaiiju: posts the ante 375
Gravillinho: posts small blind 1500
Avetoo: posts big blind 3000
*** HOLE CARDS ***
Dealt to deiraisetonuts [Ah 5d]
Kaiiju: folds 
emorejp11: raises 4500 to 7500
deiraisetonuts: folds 
9Carboneraa: calls 7500
dinizosama: folds 
Gravillinho: calls 6000
Avetoo: calls 4500
*** FLOP *** [8c Jd 7c]
Pavonne1204 is disconnected 
Gravillinho: checks 
Avetoo: checks 
emorejp11: bets 16313
9Carboneraa: folds 
Gravillinho: folds 
Avetoo: raises 39187 to 55500
emorejp11: raises 219567 to 275067 and is all-in
Avetoo: calls 158479 and is all-in
Uncalled bet (61088) returned to emorejp11
*** TURN *** [8c Jd 7c] [Ts]
*** RIVER *** [8c Jd 7c Ts] [9s]
*** SHOW DOWN ***
Avetoo: shows [8h 8d] (a straight, Seven to Jack)
emorejp11: shows [Ac As] (a straight, Seven to Jack)
Avetoo collected 230292 from pot
emorejp11 collected 230291 from pot
*** SUMMARY ***
Total pot 460583 | Rake 0 
Board [8c Jd 7c Ts 9s]
Seat 1: emorejp11 showed [Ac As] and won (230291) with a straight, Seven to Jack
Seat 2: deiraisetonuts folded before Flop (didn't bet)
Seat 4: 9Carboneraa folded on the Flop
Seat 5: dinizosama (button) folded before Flop (didn't bet)
Seat 6: Gravillinho (small blind) folded on the Flop
Seat 7: Avetoo (big blind) showed [8h 8d] and won (230292) with a straight, Seven to Jack
Seat 8: Kaiiju folded before Flop (didn't bet)



PokerStars Hand #249091641195: Tournament #3714753604, €22.50+€22.50+€5.00 EUR Hold'em No Limit - Level VI (1500/3000) - 2024/02/25 17:16:47 BRT [2024/02/25 15:16:47 ET]
Table '3714753604 191' 8-max Seat #6 is the button
Seat 1: emorejp11 (291379 in chips, €22.50 bounty) 
Seat 2: deiraisetonuts (283435 in chips, €22.50 bounty) 
Seat 3: Pavonne1204 (250000 in chips, €22.50 bounty) 
Seat 4: 9Carboneraa (382540 in chips, €33.75 bounty) 
Seat 5: dinizosama (463392 in chips, €33.75 bounty) 
Seat 6: Gravillinho (347978 in chips, €22.50 bounty) 
Seat 7: Avetoo (230292 in chips, €22.50 bounty) 
Seat 8: Kaiiju (212075 in chips, €22.50 bounty) 
emorejp11: posts the ante 375
deiraisetonuts: posts the ante 375
Pavonne1204: posts the ante 375
9Carboneraa: posts the ante 375
dinizosama: posts the ante 375
Gravillinho: posts the ante 375
Avetoo: posts the ante 375
Kaiiju: posts the ante 375
Avetoo: posts small blind 1500
Kaiiju: posts big blind 3000
*** HOLE CARDS ***
Dealt to deiraisetonuts [9c Ts]
emorejp11: folds 
deiraisetonuts: folds 
Pavonne1204: folds 
9Carboneraa: folds 
dinizosama: folds 
Gravillinho: folds 
Avetoo: calls 1500
Kaiiju: checks 
*** FLOP *** [Ks Qh 6h]
Avetoo: bets 3000
Kaiiju: calls 3000
*** TURN *** [Ks Qh 6h] [3c]
Avetoo: bets 12000
Kaiiju: calls 12000
*** RIVER *** [Ks Qh 6h 3c] [2d]
Avetoo: bets 29250
Kaiiju: folds 
Uncalled bet (29250) returned to Avetoo
Avetoo collected 39000 from pot
*** SUMMARY ***
Total pot 39000 | Rake 0 
Board [Ks Qh 6h 3c 2d]
Seat 1: emorejp11 folded before Flop (didn't bet)
Seat 2: deiraisetonuts folded before Flop (didn't bet)
Seat 3: Pavonne1204 folded before Flop (didn't bet)
Seat 4: 9Carboneraa folded before Flop (didn't bet)
Seat 5: dinizosama folded before Flop (didn't bet)
Seat 6: Gravillinho (button) folded before Flop (didn't bet)
Seat 7: Avetoo (small blind) collected (39000)
Seat 8: Kaiiju (big blind) folded on the River



PokerStars Hand #249091680941: Tournament #3714753604, €22.50+€22.50+€5.00 EUR Hold'em No Limit - Level VI (1500/3000) - 2024/02/25 17:18:18 BRT [2024/02/25 15:18:18 ET]
Table '3714753604 191' 8-max Seat #7 is the button
Seat 1: emorejp11 (291004 in chips, €22.50 bounty) 
Seat 2: deiraisetonuts (283060 in chips, €22.50 bounty) 
Seat 3: Pavonne1204 (249625 in chips, €22.50 bounty) 
Seat 4: 9Carboneraa (382165 in chips, €33.75 bounty) 
Seat 5: dinizosama (463017 in chips, €33.75 bounty) 
Seat 6: Gravillinho (347603 in chips, €22.50 bounty) 
Seat 7: Avetoo (250917 in chips, €22.50 bounty) 
Seat 8: Kaiiju (193700 in chips, €22.50 bounty) 
emorejp11: posts the ante 375
deiraisetonuts: posts the ante 375
Pavonne1204: posts the ante 375
9Carboneraa: posts the ante 375
dinizosama: posts the ante 375
Gravillinho: posts the ante 375
Avetoo: posts the ante 375
Kaiiju: posts the ante 375
Kaiiju: posts small blind 1500
emorejp11: posts big blind 3000
*** HOLE CARDS ***
Dealt to deiraisetonuts [Qd Ah]
deiraisetonuts: raises 3300 to 6300
Pavonne1204: folds 
9Carboneraa: folds 
dinizosama: folds 
Gravillinho: folds 
Avetoo: folds 
Kaiiju: folds 
emorejp11: calls 3300
*** FLOP *** [Js 4h 7d]
emorejp11: checks 
deiraisetonuts: bets 4290
emorejp11: calls 4290
*** TURN *** [Js 4h 7d] [9d]
emorejp11: checks 
deiraisetonuts: bets 25680
emorejp11: calls 25680
*** RIVER *** [Js 4h 7d 9d] [6c]
emorejp11: checks 
deiraisetonuts: checks 
*** SHOW DOWN ***
emorejp11: shows [Jc 9c] (two pair, Jacks and Nines)
deiraisetonuts: mucks hand 
emorejp11 collected 77040 from pot
*** SUMMARY ***
Total pot 77040 | Rake 0 
Board [Js 4h 7d 9d 6c]
Seat 1: emorejp11 (big blind) showed [Jc 9c] and won (77040) with two pair, Jacks and Nines
Seat 2: deiraisetonuts mucked [Qd Ah]
Seat 3: Pavonne1204 folded before Flop (didn't bet)
Seat 4: 9Carboneraa folded before Flop (didn't bet)
Seat 5: dinizosama folded before Flop (didn't bet)
Seat 6: Gravillinho folded before Flop (didn't bet)
Seat 7: Avetoo (button) folded before Flop (didn't bet)
Seat 8: Kaiiju (small blind) folded before Flop



PokerStars Hand #249091734987: Tournament #3714753604, €22.50+€22.50+€5.00 EUR Hold'em No Limit - Level VI (1500/3000) - 2024/02/25 17:20:22 BRT [2024/02/25 15:20:22 ET]
Table '3714753604 191' 8-max Seat #8 is the button
Seat 1: emorejp11 (331399 in chips, €22.50 bounty) 
Seat 2: deiraisetonuts (246415 in chips, €22.50 bounty) 
Seat 3: Pavonne1204 (249250 in chips, €22.50 bounty) 
Seat 4: 9Carboneraa (381790 in chips, €33.75 bounty) 
Seat 5: dinizosama (462642 in chips, €33.75 bounty) 
Seat 6: Gravillinho (347228 in chips, €22.50 bounty) 
Seat 7: Avetoo (250542 in chips, €22.50 bounty) 
Seat 8: Kaiiju (191825 in chips, €22.50 bounty) 
emorejp11: posts the ante 375
deiraisetonuts: posts the ante 375
Pavonne1204: posts the ante 375
9Carboneraa: posts the ante 375
dinizosama: posts the ante 375
Gravillinho: posts the ante 375
Avetoo: posts the ante 375
Kaiiju: posts the ante 375
emorejp11: posts small blind 1500
deiraisetonuts: posts big blind 3000
*** HOLE CARDS ***
Dealt to deiraisetonuts [9s 3h]
Pavonne1204: folds 
9Carboneraa: folds 
dinizosama: folds 
Gravillinho: folds 
Avetoo: raises 3150 to 6150
Kaiiju: folds 
emorejp11: folds 
deiraisetonuts: folds 
Uncalled bet (3150) returned to Avetoo
Avetoo collected 10500 from pot
*** SUMMARY ***
Total pot 10500 | Rake 0 
Seat 1: emorejp11 (small blind) folded before Flop
Seat 2: deiraisetonuts (big blind) folded before Flop
Seat 3: Pavonne1204 folded before Flop (didn't bet)
Seat 4: 9Carboneraa folded before Flop (didn't bet)
Seat 5: dinizosama folded before Flop (didn't bet)
Seat 6: Gravillinho folded before Flop (didn't bet)
Seat 7: Avetoo collected (10500)
Seat 8: Kaiiju (button) folded before Flop (didn't bet)



PokerStars Hand #249091747211: Tournament #3714753604, €22.50+€22.50+€5.00 EUR Hold'em No Limit - Level VI (1500/3000) - 2024/02/25 17:20:50 BRT [2024/02/25 15:20:50 ET]
Table '3714753604 191' 8-max Seat #1 is the button
Seat 1: emorejp11 (329524 in chips, €22.50 bounty) 
Seat 2: deiraisetonuts (243040 in chips, €22.50 bounty) 
Seat 3: Pavonne1204 (248875 in chips, €22.50 bounty) 
Seat 4: 9Carboneraa (381415 in chips, €33.75 bounty) 
Seat 5: dinizosama (462267 in chips, €33.75 bounty) 
Seat 6: Gravillinho (346853 in chips, €22.50 bounty) 
Seat 7: Avetoo (257667 in chips, €22.50 bounty) 
Seat 8: Kaiiju (191450 in chips, €22.50 bounty) 
emorejp11: posts the ante 375
deiraisetonuts: posts the ante 375
Pavonne1204: posts the ante 375
9Carboneraa: posts the ante 375
dinizosama: posts the ante 375
Gravillinho: posts the ante 375
Avetoo: posts the ante 375
Kaiiju: posts the ante 375
deiraisetonuts: posts small blind 1500
Pavonne1204: posts big blind 3000
*** HOLE CARDS ***
Dealt to deiraisetonuts [Ah Ks]
9Carboneraa: raises 4200 to 7200
dinizosama: raises 15300 to 22500
Gravillinho: folds 
Avetoo: folds 
Kaiiju: folds 
emorejp11: folds 
deiraisetonuts: raises 220165 to 242665 and is all-in
Pavonne1204: folds 
9Carboneraa: folds 
dinizosama: calls 220165
*** FLOP *** [Th 7h 4h]
*** TURN *** [Th 7h 4h] [2d]
*** RIVER *** [Th 7h 4h 2d] [5h]
*** SHOW DOWN ***
deiraisetonuts: shows [Ah Ks] (a flush, Ace high)
dinizosama: shows [Ac As] (a pair of Aces)
deiraisetonuts collected 498530 from pot
*** SUMMARY ***
Total pot 498530 | Rake 0 
Board [Th 7h 4h 2d 5h]
Seat 1: emorejp11 (button) folded before Flop (didn't bet)
Seat 2: deiraisetonuts (small blind) showed [Ah Ks] and won (498530) with a flush, Ace high
Seat 3: Pavonne1204 (big blind) folded before Flop
Seat 4: 9Carboneraa folded before Flop
Seat 5: dinizosama showed [Ac As] and lost with a pair of Aces
Seat 6: Gravillinho folded before Flop (didn't bet)
Seat 7: Avetoo folded before Flop (didn't bet)
Seat 8: Kaiiju folded before Flop (didn't bet)



PokerStars Hand #249091769697: Tournament #3714753604, €22.50+€22.50+€5.00 EUR Hold'em No Limit - Level VII (1750/3500) - 2024/02/25 17:21:42 BRT [2024/02/25 15:21:42 ET]
Table '3714753604 191' 8-max Seat #2 is the button
Seat 1: emorejp11 (329149 in chips, €22.50 bounty) 
Seat 2: deiraisetonuts (498530 in chips, €22.50 bounty) 
Seat 3: Pavonne1204 (245500 in chips, €22.50 bounty) 
Seat 4: 9Carboneraa (373840 in chips, €33.75 bounty) 
Seat 5: dinizosama (219227 in chips, €33.75 bounty) 
Seat 6: Gravillinho (346478 in chips, €22.50 bounty) 
Seat 7: Avetoo (257292 in chips, €22.50 bounty) 
Seat 8: Kaiiju (191075 in chips, €22.50 bounty) 
emorejp11: posts the ante 450
deiraisetonuts: posts the ante 450
Pavonne1204: posts the ante 450
9Carboneraa: posts the ante 450
dinizosama: posts the ante 450
Gravillinho: posts the ante 450
Avetoo: posts the ante 450
Kaiiju: posts the ante 450
Pavonne1204: posts small blind 1750
9Carboneraa: posts big blind 3500
*** HOLE CARDS ***
Dealt to deiraisetonuts [Td Qc]
dinizosama: folds 
Gravillinho: folds 
Avetoo: folds 
Kaiiju: folds 
emorejp11: folds 
deiraisetonuts: raises 4550 to 8050
Pavonne1204: calls 6300
9Carboneraa: folds 
*** FLOP *** [Ks Qs Kc]
Pavonne1204: checks 
deiraisetonuts: checks 
*** TURN *** [Ks Qs Kc] [Qd]
Pavonne1204: bets 28000
deiraisetonuts: calls 28000
*** RIVER *** [Ks Qs Kc Qd] [Ac]
Pavonne1204: bets 42000
deiraisetonuts: calls 42000
*** SHOW DOWN ***
Pavonne1204: shows [As 3h] (two pair, Aces and Kings)
deiraisetonuts: shows [Td Qc] (a full house, Queens full of Kings)
deiraisetonuts collected 163200 from pot
*** SUMMARY ***
Total pot 163200 | Rake 0 
Board [Ks Qs Kc Qd Ac]
Seat 1: emorejp11 folded before Flop (didn't bet)
Seat 2: deiraisetonuts (button) showed [Td Qc] and won (163200) with a full house, Queens full of Kings
Seat 3: Pavonne1204 (small blind) showed [As 3h] and lost with two pair, Aces and Kings
Seat 4: 9Carboneraa (big blind) folded before Flop
Seat 5: dinizosama folded before Flop (didn't bet)
Seat 6: Gravillinho folded before Flop (didn't bet)
Seat 7: Avetoo folded before Flop (didn't bet)
Seat 8: Kaiiju folded before Flop (didn't bet)



PokerStars Hand #249091817421: Tournament #3714753604, €22.50+€22.50+€5.00 EUR Hold'em No Limit - Level VII (1750/3500) - 2024/02/25 17:23:31 BRT [2024/02/25 15:23:31 ET]
Table '3714753604 191' 8-max Seat #3 is the button
Seat 1: emorejp11 (328699 in chips, €22.50 bounty) 
Seat 2: deiraisetonuts (583230 in chips, €22.50 bounty) 
Seat 3: Pavonne1204 (167000 in chips, €22.50 bounty) 
Seat 4: 9Carboneraa (369890 in chips, €33.75 bounty) 
Seat 5: dinizosama (218777 in chips, €33.75 bounty) 
Seat 6: Gravillinho (346028 in chips, €22.50 bounty) 
Seat 7: Avetoo (256842 in chips, €22.50 bounty) 
Seat 8: Kaiiju (190625 in chips, €22.50 bounty) 
emorejp11: posts the ante 450
deiraisetonuts: posts the ante 450
Pavonne1204: posts the ante 450
9Carboneraa: posts the ante 450
dinizosama: posts the ante 450
Gravillinho: posts the ante 450
Avetoo: posts the ante 450
Kaiiju: posts the ante 450
9Carboneraa: posts small blind 1750
dinizosama: posts big blind 3500
*** HOLE CARDS ***
Dealt to deiraisetonuts [As Qs]
Gravillinho: folds 
Avetoo: raises 3675 to 7175
Kaiiju: folds 
emorejp11: folds 
deiraisetonuts: calls 7175
Pavonne1204: calls 7175
9Carboneraa: folds 
dinizosama: calls 3675
*** FLOP *** [6s 4h 4s]
dinizosama: checks 
Avetoo: checks 
deiraisetonuts: bets 8505
Pavonne1204: folds 
dinizosama: folds 
Avetoo: folds 
Uncalled bet (8505) returned to deiraisetonuts
deiraisetonuts collected 34050 from pot
deiraisetonuts: doesn't show hand 
*** SUMMARY ***
Total pot 34050 | Rake 0 
Board [6s 4h 4s]
Seat 1: emorejp11 folded before Flop (didn't bet)
Seat 2: deiraisetonuts collected (34050)
Seat 3: Pavonne1204 (button) folded on the Flop
Seat 4: 9Carboneraa (small blind) folded before Flop
Seat 5: dinizosama (big blind) folded on the Flop
Seat 6: Gravillinho folded before Flop (didn't bet)
Seat 7: Avetoo folded on the Flop
Seat 8: Kaiiju folded before Flop (didn't bet)



PokerStars Hand #249091859478: Tournament #3714753604, €22.50+€22.50+€5.00 EUR Hold'em No Limit - Level VII (1750/3500) - 2024/02/25 17:25:07 BRT [2024/02/25 15:25:07 ET]
Table '3714753604 191' 8-max Seat #4 is the button
Seat 1: emorejp11 (328249 in chips, €22.50 bounty) 
Seat 2: deiraisetonuts (609655 in chips, €22.50 bounty) 
Seat 3: Pavonne1204 (159375 in chips, €22.50 bounty) 
Seat 4: 9Carboneraa (367690 in chips, €33.75 bounty) 
Seat 5: dinizosama (211152 in chips, €33.75 bounty) 
Seat 6: Gravillinho (345578 in chips, €22.50 bounty) 
Seat 7: Avetoo (249217 in chips, €22.50 bounty) 
Seat 8: Kaiiju (190175 in chips, €22.50 bounty) 
emorejp11: posts the ante 450
deiraisetonuts: posts the ante 450
Pavonne1204: posts the ante 450
9Carboneraa: posts the ante 450
dinizosama: posts the ante 450
Gravillinho: posts the ante 450
Avetoo: posts the ante 450
Kaiiju: posts the ante 450
dinizosama: posts small blind 1750
Gravillinho: posts big blind 3500
*** HOLE CARDS ***
Dealt to deiraisetonuts [4d 3h]
Avetoo: folds 
Kaiiju: folds 
emorejp11: raises 3500 to 7000
deiraisetonuts: folds 
Pavonne1204: calls 7000
9Carboneraa: folds 
dinizosama: folds 
Gravillinho: calls 3500
*** FLOP *** [2s 6s 5h]
Gravillinho: checks 
emorejp11: checks 
Pavonne1204: bets 10500
Gravillinho: calls 10500
emorejp11: folds 
*** TURN *** [2s 6s 5h] [2h]
Gravillinho: checks 
Pavonne1204: bets 47350
Gravillinho: calls 47350
*** RIVER *** [2s 6s 5h 2h] [7c]
Gravillinho: checks 
Pavonne1204: checks 
*** SHOW DOWN ***
Gravillinho: shows [2c As] (three of a kind, Deuces)
Pavonne1204: mucks hand 
Gravillinho collected 142050 from pot
*** SUMMARY ***
Total pot 142050 | Rake 0 
Board [2s 6s 5h 2h 7c]
Seat 1: emorejp11 folded on the Flop
Seat 2: deiraisetonuts folded before Flop (didn't bet)
Seat 3: Pavonne1204 mucked [6d 8h]
Seat 4: 9Carboneraa (button) folded before Flop (didn't bet)
Seat 5: dinizosama (small blind) folded before Flop
Seat 6: Gravillinho (big blind) showed [2c As] and won (142050) with three of a kind, Deuces
Seat 7: Avetoo folded before Flop (didn't bet)
Seat 8: Kaiiju folded before Flop (didn't bet)



PokerStars Hand #249091905520: Tournament #3714753604, €22.50+€22.50+€5.00 EUR Hold'em No Limit - Level VII (1750/3500) - 2024/02/25 17:26:53 BRT [2024/02/25 15:26:53 ET]
Table '3714753604 191' 8-max Seat #5 is the button
Seat 1: emorejp11 (320799 in chips, €22.50 bounty) 
Seat 2: deiraisetonuts (609205 in chips, €22.50 bounty) 
Seat 3: Pavonne1204 (94075 in chips, €22.50 bounty) 
Seat 4: 9Carboneraa (367240 in chips, €33.75 bounty) 
Seat 5: dinizosama (208952 in chips, €33.75 bounty) 
Seat 6: Gravillinho (422328 in chips, €22.50 bounty) 
Seat 8: Kaiiju (189725 in chips, €22.50 bounty) 
emorejp11: posts the ante 450
deiraisetonuts: posts the ante 450
Pavonne1204: posts the ante 450
9Carboneraa: posts the ante 450
dinizosama: posts the ante 450
Gravillinho: posts the ante 450
Kaiiju: posts the ante 450
Gravillinho: posts small blind 1750
Kaiiju: posts big blind 3500
*** HOLE CARDS ***
Dealt to deiraisetonuts [7h 2d]
emorejp11: folds 
panikko08 is disconnected 
deiraisetonuts: folds 
Pavonne1204: raises 7000 to 10500
9Carboneraa: folds 
dinizosama: folds 
Gravillinho: calls 8750
Kaiiju: calls 7000
*** FLOP *** [Kh 2s 7c]
Gravillinho: checks 
Kaiiju: checks 
Pavonne1204: bets 34650
Gravillinho: folds 
Kaiiju: raises 144125 to 178775 and is all-in
Pavonne1204: calls 48475 and is all-in
Uncalled bet (95650) returned to Kaiiju
*** TURN *** [Kh 2s 7c] [Kd]
*** RIVER *** [Kh 2s 7c Kd] [6h]
*** SHOW DOWN ***
Kaiiju: shows [Kc 9c] (three of a kind, Kings)
Pavonne1204: shows [Qs Qc] (two pair, Kings and Queens)
Kaiiju collected 200900 from pot
Kaiiju wins €11.25 for eliminating Pavonne1204 and their own bounty increases by €11.25 to €33.75
Pavonne1204 finished the tournament
*** SUMMARY ***
Total pot 200900 | Rake 0 
Board [Kh 2s 7c Kd 6h]
Seat 1: emorejp11 folded before Flop (didn't bet)
Seat 2: deiraisetonuts folded before Flop (didn't bet)
Seat 3: Pavonne1204 showed [Qs Qc] and lost with two pair, Kings and Queens
Seat 4: 9Carboneraa folded before Flop (didn't bet)
Seat 5: dinizosama (button) folded before Flop (didn't bet)
Seat 6: Gravillinho (small blind) folded on the Flop
Seat 8: Kaiiju (big blind) showed [Kc 9c] and won (200900) with three of a kind, Kings



PokerStars Hand #249091939675: Tournament #3714753604, €22.50+€22.50+€5.00 EUR Hold'em No Limit - Level VII (1750/3500) - 2024/02/25 17:28:11 BRT [2024/02/25 15:28:11 ET]
Table '3714753604 191' 8-max Seat #6 is the button
Seat 1: emorejp11 (320349 in chips, €22.50 bounty) 
Seat 2: deiraisetonuts (608755 in chips, €22.50 bounty) 
Seat 4: 9Carboneraa (366790 in chips, €33.75 bounty) 
Seat 5: dinizosama (208502 in chips, €33.75 bounty) 
Seat 6: Gravillinho (411378 in chips, €22.50 bounty) 
Seat 7: panikko08 (250000 in chips) out of hand (moved from another table into small blind)
Seat 8: Kaiiju (296550 in chips, €33.75 bounty) 
panikko08 will be allowed to play after the button
emorejp11: posts the ante 450
deiraisetonuts: posts the ante 450
9Carboneraa: posts the ante 450
dinizosama: posts the ante 450
Gravillinho: posts the ante 450
Kaiiju: posts the ante 450
Kaiiju: posts small blind 1750
emorejp11: posts big blind 3500
*** HOLE CARDS ***
Dealt to deiraisetonuts [7c Js]
deiraisetonuts: folds 
9Carboneraa: folds 
dinizosama: folds 
Gravillinho: folds 
PAULITKM is disconnected 
Kaiiju: raises 5250 to 8750
emorejp11: folds 
Uncalled bet (5250) returned to Kaiiju
Kaiiju collected 9700 from pot
Kaiiju: doesn't show hand 
*** SUMMARY ***
Total pot 9700 | Rake 0 
Seat 1: emorejp11 (big blind) folded before Flop
Seat 2: deiraisetonuts folded before Flop (didn't bet)
Seat 4: 9Carboneraa folded before Flop (didn't bet)
Seat 5: dinizosama folded before Flop (didn't bet)
Seat 6: Gravillinho (button) folded before Flop (didn't bet)
Seat 8: Kaiiju (small blind) collected (9700)



PokerStars Hand #249091954139: Tournament #3714753604, €22.50+€22.50+€5.00 EUR Hold'em No Limit - Level VII (1750/3500) - 2024/02/25 17:28:44 BRT [2024/02/25 15:28:44 ET]
Table '3714753604 191' 8-max Seat #8 is the button
Seat 1: emorejp11 (316399 in chips, €22.50 bounty) 
Seat 2: deiraisetonuts (608305 in chips, €22.50 bounty) 
Seat 3: PAULITKM (250000 in chips, €22.50 bounty) 
Seat 4: 9Carboneraa (366340 in chips, €33.75 bounty) 
Seat 5: dinizosama (208052 in chips, €33.75 bounty) 
Seat 6: Gravillinho (410928 in chips, €22.50 bounty) 
Seat 7: panikko08 (250000 in chips, €22.50 bounty) 
Seat 8: Kaiiju (302300 in chips, €33.75 bounty) 
emorejp11: posts the ante 450
deiraisetonuts: posts the ante 450
PAULITKM: posts the ante 450
9Carboneraa: posts the ante 450
dinizosama: posts the ante 450
Gravillinho: posts the ante 450
panikko08: posts the ante 450
Kaiiju: posts the ante 450
emorejp11: posts small blind 1750
deiraisetonuts: posts big blind 3500
*** HOLE CARDS ***
Dealt to deiraisetonuts [Jc 7h]
PAULITKM: raises 7000 to 10500
9Carboneraa: calls 10500
dinizosama: folds 
Gravillinho: folds 
panikko08: folds 
Kaiiju: folds 
emorejp11: folds 
deiraisetonuts: folds 
*** FLOP *** [9s Td Ac]
PAULITKM: checks 
9Carboneraa: bets 9851
PAULITKM: calls 9851
*** TURN *** [9s Td Ac] [9c]
PAULITKM: checks 
9Carboneraa: bets 41128
PAULITKM: folds 
Uncalled bet (41128) returned to 9Carboneraa
9Carboneraa collected 49552 from pot
*** SUMMARY ***
Total pot 49552 | Rake 0 
Board [9s Td Ac 9c]
Seat 1: emorejp11 (small blind) folded before Flop
Seat 2: deiraisetonuts (big blind) folded before Flop
Seat 3: PAULITKM folded on the Turn
Seat 4: 9Carboneraa collected (49552)
Seat 5: dinizosama folded before Flop (didn't bet)
Seat 6: Gravillinho folded before Flop (didn't bet)
Seat 7: panikko08 folded before Flop (didn't bet)
Seat 8: Kaiiju (button) folded before Flop (didn't bet)



PokerStars Hand #249091981423: Tournament #3714753604, €22.50+€22.50+€5.00 EUR Hold'em No Limit - Level VII (1750/3500) - 2024/02/25 17:29:47 BRT [2024/02/25 15:29:47 ET]
Table '3714753604 191' 8-max Seat #1 is the button
Seat 1: emorejp11 (314199 in chips, €22.50 bounty) 
Seat 2: deiraisetonuts (604355 in chips, €22.50 bounty) 
Seat 3: PAULITKM (229199 in chips, €22.50 bounty) 
Seat 4: 9Carboneraa (395091 in chips, €33.75 bounty) 
Seat 5: dinizosama (207602 in chips, €33.75 bounty) 
Seat 6: Gravillinho (410478 in chips, €22.50 bounty) 
Seat 7: panikko08 (249550 in chips, €22.50 bounty) 
Seat 8: Kaiiju (301850 in chips, €33.75 bounty) 
emorejp11: posts the ante 450
deiraisetonuts: posts the ante 450
PAULITKM: posts the ante 450
9Carboneraa: posts the ante 450
dinizosama: posts the ante 450
Gravillinho: posts the ante 450
panikko08: posts the ante 450
Kaiiju: posts the ante 450
deiraisetonuts: posts small blind 1750
PAULITKM: posts big blind 3500
*** HOLE CARDS ***
Dealt to deiraisetonuts [6d Td]
9Carboneraa: folds 
dinizosama: folds 
Gravillinho: folds 
panikko08: folds 
Kaiiju: folds 
emorejp11: folds 
deiraisetonuts: raises 8750 to 12250
PAULITKM: folds 
Uncalled bet (8750) returned to deiraisetonuts
deiraisetonuts collected 10600 from pot
deiraisetonuts: doesn't show hand 
*** SUMMARY ***
Total pot 10600 | Rake 0 
Seat 1: emorejp11 (button) folded before Flop (didn't bet)
Seat 2: deiraisetonuts (small blind) collected (10600)
Seat 3: PAULITKM (big blind) folded before Flop
Seat 4: 9Carboneraa folded before Flop (didn't bet)
Seat 5: dinizosama folded before Flop (didn't bet)
Seat 6: Gravillinho folded before Flop (didn't bet)
Seat 7: panikko08 folded before Flop (didn't bet)
Seat 8: Kaiiju folded before Flop (didn't bet)



PokerStars Hand #249092003213: Tournament #3714753604, €22.50+€22.50+€5.00 EUR Hold'em No Limit - Level VII (1750/3500) - 2024/02/25 17:30:37 BRT [2024/02/25 15:30:37 ET]
Table '3714753604 191' 8-max Seat #2 is the button
Seat 1: emorejp11 (313749 in chips, €22.50 bounty) 
Seat 2: deiraisetonuts (611005 in chips, €22.50 bounty) 
Seat 3: PAULITKM (225249 in chips, €22.50 bounty) 
Seat 4: 9Carboneraa (394641 in chips, €33.75 bounty) 
Seat 5: dinizosama (207152 in chips, €33.75 bounty) 
Seat 6: Gravillinho (410028 in chips, €22.50 bounty) 
Seat 7: panikko08 (249100 in chips, €22.50 bounty) 
Seat 8: Kaiiju (301400 in chips, €33.75 bounty) 
emorejp11: posts the ante 450
deiraisetonuts: posts the ante 450
PAULITKM: posts the ante 450
9Carboneraa: posts the ante 450
dinizosama: posts the ante 450
Gravillinho: posts the ante 450
panikko08: posts the ante 450
Kaiiju: posts the ante 450
PAULITKM: posts small blind 1750
9Carboneraa: posts big blind 3500
*** HOLE CARDS ***
Dealt to deiraisetonuts [Kc 8h]
dinizosama: folds 
Gravillinho: folds 
panikko08: folds 
Kaiiju: folds 
emorejp11: folds 
deiraisetonuts: raises 4550 to 8050
PAULITKM: folds 
9Carboneraa: calls 4550
*** FLOP *** [3s 5s 5c]
9Carboneraa: checks 
deiraisetonuts: bets 5355
9Carboneraa: folds 
Uncalled bet (5355) returned to deiraisetonuts
deiraisetonuts collected 21450 from pot
deiraisetonuts: doesn't show hand 
*** SUMMARY ***
Total pot 21450 | Rake 0 
Board [3s 5s 5c]
Seat 1: emorejp11 folded before Flop (didn't bet)
Seat 2: deiraisetonuts (button) collected (21450)
Seat 3: PAULITKM (small blind) folded before Flop
Seat 4: 9Carboneraa (big blind) folded on the Flop
Seat 5: dinizosama folded before Flop (didn't bet)
Seat 6: Gravillinho folded before Flop (didn't bet)
Seat 7: panikko08 folded before Flop (didn't bet)
Seat 8: Kaiiju folded before Flop (didn't bet)



PokerStars Hand #249092036944: Tournament #3714753604, €22.50+€22.50+€5.00 EUR Hold'em No Limit - Level VII (1750/3500) - 2024/02/25 17:31:55 BRT [2024/02/25 15:31:55 ET]
Table '3714753604 191' 8-max Seat #3 is the button
Seat 1: emorejp11 (313299 in chips, €22.50 bounty) 
Seat 2: deiraisetonuts (623955 in chips, €22.50 bounty) 
Seat 3: PAULITKM (223049 in chips, €22.50 bounty) 
Seat 4: 9Carboneraa (386141 in chips, €33.75 bounty) 
Seat 5: dinizosama (206702 in chips, €33.75 bounty) 
Seat 6: Gravillinho (409578 in chips, €22.50 bounty) 
Seat 7: panikko08 (248650 in chips, €22.50 bounty) 
Seat 8: Kaiiju (300950 in chips, €33.75 bounty) 
emorejp11: posts the ante 450
deiraisetonuts: posts the ante 450
PAULITKM: posts the ante 450
9Carboneraa: posts the ante 450
dinizosama: posts the ante 450
Gravillinho: posts the ante 450
panikko08: posts the ante 450
Kaiiju: posts the ante 450
9Carboneraa: posts small blind 1750
dinizosama: posts big blind 3500
*** HOLE CARDS ***
Dealt to deiraisetonuts [5c 2c]
Gravillinho: folds 
panikko08: folds 
Kaiiju: folds 
emorejp11: folds 
deiraisetonuts: folds 
PAULITKM: raises 3500 to 7000
9Carboneraa: calls 5250
dinizosama: raises 21000 to 28000
PAULITKM: folds 
9Carboneraa: folds 
Uncalled bet (21000) returned to dinizosama
dinizosama collected 24600 from pot
dinizosama: doesn't show hand 
*** SUMMARY ***
Total pot 24600 | Rake 0 
Seat 1: emorejp11 folded before Flop (didn't bet)
Seat 2: deiraisetonuts folded before Flop (didn't bet)
Seat 3: PAULITKM (button) folded before Flop
Seat 4: 9Carboneraa (small blind) folded before Flop
Seat 5: dinizosama (big blind) collected (24600)
Seat 6: Gravillinho folded before Flop (didn't bet)
Seat 7: panikko08 folded before Flop (didn't bet)
Seat 8: Kaiiju folded before Flop (didn't bet)



PokerStars Hand #249092075399: Tournament #3714753604, €22.50+€22.50+€5.00 EUR Hold'em No Limit - Level VII (1750/3500) - 2024/02/25 17:33:24 BRT [2024/02/25 15:33:24 ET]
Table '3714753604 191' 8-max Seat #4 is the button
Seat 1: emorejp11 (312849 in chips, €22.50 bounty) 
Seat 2: deiraisetonuts (623505 in chips, €22.50 bounty) 
Seat 3: PAULITKM (215599 in chips, €22.50 bounty) 
Seat 4: 9Carboneraa (378691 in chips, €33.75 bounty) 
Seat 5: dinizosama (223852 in chips, €33.75 bounty) 
Seat 6: Gravillinho (409128 in chips, €22.50 bounty) 
Seat 7: panikko08 (248200 in chips, €22.50 bounty) 
Seat 8: Kaiiju (300500 in chips, €33.75 bounty) 
emorejp11: posts the ante 450
deiraisetonuts: posts the ante 450
PAULITKM: posts the ante 450
9Carboneraa: posts the ante 450
dinizosama: posts the ante 450
Gravillinho: posts the ante 450
panikko08: posts the ante 450
Kaiiju: posts the ante 450
dinizosama: posts small blind 1750
Gravillinho: posts big blind 3500
*** HOLE CARDS ***
Dealt to deiraisetonuts [6d Jd]
panikko08: folds 
Kaiiju: folds 
emorejp11: raises 3500 to 7000
deiraisetonuts: folds 
PAULITKM: folds 
9Carboneraa: folds 
dinizosama: calls 5250
Gravillinho: calls 3500
*** FLOP *** [4d 4c As]
dinizosama: checks 
Gravillinho: checks 
emorejp11: bets 12300
dinizosama: folds 
Gravillinho: folds 
Uncalled bet (12300) returned to emorejp11
emorejp11 collected 24600 from pot
emorejp11: doesn't show hand 
*** SUMMARY ***
Total pot 24600 | Rake 0 
Board [4d 4c As]
Seat 1: emorejp11 collected (24600)
Seat 2: deiraisetonuts folded before Flop (didn't bet)
Seat 3: PAULITKM folded before Flop (didn't bet)
Seat 4: 9Carboneraa (button) folded before Flop (didn't bet)
Seat 5: dinizosama (small blind) folded on the Flop
Seat 6: Gravillinho (big blind) folded on the Flop
Seat 7: panikko08 folded before Flop (didn't bet)
Seat 8: Kaiiju folded before Flop (didn't bet)



PokerStars Hand #249092114800: Tournament #3714753604, €22.50+€22.50+€5.00 EUR Hold'em No Limit - Level VIII (2000/4000) - 2024/02/25 17:34:56 BRT [2024/02/25 15:34:56 ET]
Table '3714753604 191' 8-max Seat #5 is the button
Seat 1: emorejp11 (329999 in chips, €22.50 bounty) 
Seat 2: deiraisetonuts (623055 in chips, €22.50 bounty) 
Seat 3: PAULITKM (215149 in chips, €22.50 bounty) 
Seat 4: 9Carboneraa (378241 in chips, €33.75 bounty) 
Seat 5: dinizosama (216402 in chips, €33.75 bounty) 
Seat 6: Gravillinho (401678 in chips, €22.50 bounty) 
Seat 7: panikko08 (247750 in chips, €22.50 bounty) 
Seat 8: Kaiiju (300050 in chips, €33.75 bounty) 
emorejp11: posts the ante 500
deiraisetonuts: posts the ante 500
PAULITKM: posts the ante 500
9Carboneraa: posts the ante 500
dinizosama: posts the ante 500
Gravillinho: posts the ante 500
panikko08: posts the ante 500
Kaiiju: posts the ante 500
Gravillinho: posts small blind 2000
panikko08: posts big blind 4000
*** HOLE CARDS ***
Dealt to deiraisetonuts [Kh 9s]
Kaiiju: folds 
emorejp11: folds 
deiraisetonuts: folds 
PAULITKM: folds 
9Carboneraa: raises 4400 to 8400
dinizosama: folds 
Gravillinho: calls 6400
panikko08: folds 
*** FLOP *** [Jh 9d 2d]
Gravillinho: checks 
9Carboneraa: bets 5456
Gravillinho: calls 5456
*** TURN *** [Jh 9d 2d] [9c]
Gravillinho: checks 
9Carboneraa: checks 
*** RIVER *** [Jh 9d 2d 9c] [9h]
Gravillinho: bets 16000
9Carboneraa: folds 
Uncalled bet (16000) returned to Gravillinho
Gravillinho collected 35712 from pot
Gravillinho: doesn't show hand 
*** SUMMARY ***
Total pot 35712 | Rake 0 
Board [Jh 9d 2d 9c 9h]
Seat 1: emorejp11 folded before Flop (didn't bet)
Seat 2: deiraisetonuts folded before Flop (didn't bet)
Seat 3: PAULITKM folded before Flop (didn't bet)
Seat 4: 9Carboneraa folded on the River
Seat 5: dinizosama (button) folded before Flop (didn't bet)
Seat 6: Gravillinho (small blind) collected (35712)
Seat 7: panikko08 (big blind) folded before Flop
Seat 8: Kaiiju folded before Flop (didn't bet)



PokerStars Hand #249092171923: Tournament #3714753604, €22.50+€22.50+€5.00 EUR Hold'em No Limit - Level VIII (2000/4000) - 2024/02/25 17:37:08 BRT [2024/02/25 15:37:08 ET]
Table '3714753604 191' 8-max Seat #6 is the button
Seat 1: emorejp11 (329499 in chips, €22.50 bounty) 
Seat 2: deiraisetonuts (622555 in chips, €22.50 bounty) 
Seat 3: PAULITKM (214649 in chips, €22.50 bounty) 
Seat 4: 9Carboneraa (363885 in chips, €33.75 bounty) 
Seat 5: dinizosama (215902 in chips, €33.75 bounty) 
Seat 6: Gravillinho (423034 in chips, €22.50 bounty) 
Seat 7: panikko08 (243250 in chips, €22.50 bounty) 
Seat 8: Kaiiju (299550 in chips, €33.75 bounty) 
emorejp11: posts the ante 500
deiraisetonuts: posts the ante 500
PAULITKM: posts the ante 500
9Carboneraa: posts the ante 500
dinizosama: posts the ante 500
Gravillinho: posts the ante 500
panikko08: posts the ante 500
Kaiiju: posts the ante 500
panikko08: posts small blind 2000
Kaiiju: posts big blind 4000
*** HOLE CARDS ***
Dealt to deiraisetonuts [5h Tc]
emorejp11: folds 
deiraisetonuts: folds 
PAULITKM: folds 
9Carboneraa: raises 4400 to 8400
dinizosama: folds 
Gravillinho: folds 
panikko08: folds 
Kaiiju: folds 
Uncalled bet (4400) returned to 9Carboneraa
9Carboneraa collected 14000 from pot
9Carboneraa: doesn't show hand 
*** SUMMARY ***
Total pot 14000 | Rake 0 
Seat 1: emorejp11 folded before Flop (didn't bet)
Seat 2: deiraisetonuts folded before Flop (didn't bet)
Seat 3: PAULITKM folded before Flop (didn't bet)
Seat 4: 9Carboneraa collected (14000)
Seat 5: dinizosama folded before Flop (didn't bet)
Seat 6: Gravillinho (button) folded before Flop (didn't bet)
Seat 7: panikko08 (small blind) folded before Flop
Seat 8: Kaiiju (big blind) folded before Flop



PokerStars Hand #249092183816: Tournament #3714753604, €22.50+€22.50+€5.00 EUR Hold'em No Limit - Level VIII (2000/4000) - 2024/02/25 17:37:36 BRT [2024/02/25 15:37:36 ET]
Table '3714753604 191' 8-max Seat #7 is the button
Seat 1: emorejp11 (328999 in chips, €22.50 bounty) 
Seat 2: deiraisetonuts (622055 in chips, €22.50 bounty) 
Seat 3: PAULITKM (214149 in chips, €22.50 bounty) 
Seat 4: 9Carboneraa (373385 in chips, €33.75 bounty) 
Seat 5: dinizosama (215402 in chips, €33.75 bounty) 
Seat 6: Gravillinho (422534 in chips, €22.50 bounty) 
Seat 7: panikko08 (240750 in chips, €22.50 bounty) 
Seat 8: Kaiiju (295050 in chips, €33.75 bounty) 
emorejp11: posts the ante 500
deiraisetonuts: posts the ante 500
PAULITKM: posts the ante 500
9Carboneraa: posts the ante 500
dinizosama: posts the ante 500
Gravillinho: posts the ante 500
panikko08: posts the ante 500
Kaiiju: posts the ante 500
Kaiiju: posts small blind 2000
emorejp11: posts big blind 4000
*** HOLE CARDS ***
Dealt to deiraisetonuts [7h 7d]
deiraisetonuts: raises 4000 to 8000
PAULITKM: calls 8000
9Carboneraa: folds 
dinizosama: folds 
Gravillinho: calls 8000
panikko08: folds 
Kaiiju: folds 
emorejp11: folds 
*** FLOP *** [4d Qc 5h]
deiraisetonuts: checks 
PAULITKM: checks 
Gravillinho: bets 11220
deiraisetonuts: calls 11220
PAULITKM: folds 
*** TURN *** [4d Qc 5h] [9d]
deiraisetonuts: checks 
Gravillinho: bets 24000
deiraisetonuts: folds 
Uncalled bet (24000) returned to Gravillinho
Gravillinho collected 56440 from pot
Gravillinho: doesn't show hand 
*** SUMMARY ***
Total pot 56440 | Rake 0 
Board [4d Qc 5h 9d]
Seat 1: emorejp11 (big blind) folded before Flop
Seat 2: deiraisetonuts folded on the Turn
Seat 3: PAULITKM folded on the Flop
Seat 4: 9Carboneraa folded before Flop (didn't bet)
Seat 5: dinizosama folded before Flop (didn't bet)
Seat 6: Gravillinho collected (56440)
Seat 7: panikko08 (button) folded before Flop (didn't bet)
Seat 8: Kaiiju (small blind) folded before Flop



PokerStars Hand #249092232165: Tournament #3714753604, €22.50+€22.50+€5.00 EUR Hold'em No Limit - Level VIII (2000/4000) - 2024/02/25 17:39:29 BRT [2024/02/25 15:39:29 ET]
Table '3714753604 191' 8-max Seat #8 is the button
Seat 1: emorejp11 (324499 in chips, €22.50 bounty) 
Seat 2: deiraisetonuts (602335 in chips, €22.50 bounty) 
Seat 3: PAULITKM (205649 in chips, €22.50 bounty) 
Seat 4: 9Carboneraa (372885 in chips, €33.75 bounty) 
Seat 5: dinizosama (214902 in chips, €33.75 bounty) 
Seat 6: Gravillinho (459254 in chips, €22.50 bounty) 
Seat 7: panikko08 (240250 in chips, €22.50 bounty) 
Seat 8: Kaiiju (292550 in chips, €33.75 bounty) 
emorejp11: posts the ante 500
deiraisetonuts: posts the ante 500
PAULITKM: posts the ante 500
9Carboneraa: posts the ante 500
dinizosama: posts the ante 500
Gravillinho: posts the ante 500
panikko08: posts the ante 500
Kaiiju: posts the ante 500
emorejp11: posts small blind 2000
deiraisetonuts: posts big blind 4000
*** HOLE CARDS ***
Dealt to deiraisetonuts [Js Kc]
PAULITKM: calls 4000
9Carboneraa: folds 
dinizosama: folds 
Gravillinho: folds 
panikko08: folds 
Kaiiju: calls 4000
emorejp11: calls 2000
deiraisetonuts: checks 
*** FLOP *** [3h 4d Jh]
emorejp11: checks 
deiraisetonuts: checks 
PAULITKM: bets 20000
Kaiiju: folds 
emorejp11: folds 
deiraisetonuts: calls 20000
*** TURN *** [3h 4d Jh] [6d]
deiraisetonuts: checks 
PAULITKM: bets 60000
deiraisetonuts: calls 60000
*** RIVER *** [3h 4d Jh 6d] [Ts]
deiraisetonuts: checks 
PAULITKM: bets 121149 and is all-in
deiraisetonuts: calls 121149
*** SHOW DOWN ***
PAULITKM: shows [Td Jc] (two pair, Jacks and Tens)
deiraisetonuts: shows [Js Kc] (a pair of Jacks)
PAULITKM collected 422298 from pot
*** SUMMARY ***
Total pot 422298 | Rake 0 
Board [3h 4d Jh 6d Ts]
Seat 1: emorejp11 (small blind) folded on the Flop
Seat 2: deiraisetonuts (big blind) showed [Js Kc] and lost with a pair of Jacks
Seat 3: PAULITKM showed [Td Jc] and won (422298) with two pair, Jacks and Tens
Seat 4: 9Carboneraa folded before Flop (didn't bet)
Seat 5: dinizosama folded before Flop (didn't bet)
Seat 6: Gravillinho folded before Flop (didn't bet)
Seat 7: panikko08 folded before Flop (didn't bet)
Seat 8: Kaiiju (button) folded on the Flop



PokerStars Hand #249092313471: Tournament #3714753604, €22.50+€22.50+€5.00 EUR Hold'em No Limit - Level VIII (2000/4000) - 2024/02/25 17:42:40 BRT [2024/02/25 15:42:40 ET]
Table '3714753604 191' 8-max Seat #1 is the button
Seat 1: emorejp11 (319999 in chips, €22.50 bounty) 
Seat 2: deiraisetonuts (396686 in chips, €22.50 bounty) 
Seat 3: PAULITKM (422298 in chips, €22.50 bounty) 
Seat 4: 9Carboneraa (372385 in chips, €33.75 bounty) 
Seat 5: dinizosama (214402 in chips, €33.75 bounty) 
Seat 6: Gravillinho (458754 in chips, €22.50 bounty) 
Seat 7: panikko08 (239750 in chips, €22.50 bounty) 
Seat 8: Kaiiju (288050 in chips, €33.75 bounty) 
emorejp11: posts the ante 500
deiraisetonuts: posts the ante 500
PAULITKM: posts the ante 500
9Carboneraa: posts the ante 500
dinizosama: posts the ante 500
Gravillinho: posts the ante 500
panikko08: posts the ante 500
Kaiiju: posts the ante 500
deiraisetonuts: posts small blind 2000
PAULITKM: posts big blind 4000
*** HOLE CARDS ***
Dealt to deiraisetonuts [7h Kh]
9Carboneraa: folds 
dinizosama: raises 4000 to 8000
Gravillinho: folds 
panikko08: folds 
Kaiiju: folds 
emorejp11: folds 
deiraisetonuts: calls 6000
PAULITKM: calls 4000
*** FLOP *** [Qs 8h 2s]
deiraisetonuts: checks 
PAULITKM: checks 
dinizosama: bets 14000
deiraisetonuts: folds 
PAULITKM: folds 
Uncalled bet (14000) returned to dinizosama
dinizosama collected 28000 from pot
dinizosama: doesn't show hand 
*** SUMMARY ***
Total pot 28000 | Rake 0 
Board [Qs 8h 2s]
Seat 1: emorejp11 (button) folded before Flop (didn't bet)
Seat 2: deiraisetonuts (small blind) folded on the Flop
Seat 3: PAULITKM (big blind) folded on the Flop
Seat 4: 9Carboneraa folded before Flop (didn't bet)
Seat 5: dinizosama collected (28000)
Seat 6: Gravillinho folded before Flop (didn't bet)
Seat 7: panikko08 folded before Flop (didn't bet)
Seat 8: Kaiiju folded before Flop (didn't bet)



PokerStars Hand #249092332072: Tournament #3714753604, €22.50+€22.50+€5.00 EUR Hold'em No Limit - Level VIII (2000/4000) - 2024/02/25 17:43:23 BRT [2024/02/25 15:43:23 ET]
Table '3714753604 191' 8-max Seat #2 is the button
Seat 1: emorejp11 (319499 in chips, €22.50 bounty) 
Seat 2: deiraisetonuts (388186 in chips, €22.50 bounty) 
Seat 3: PAULITKM (413798 in chips, €22.50 bounty) 
Seat 4: 9Carboneraa (371885 in chips, €33.75 bounty) 
Seat 5: dinizosama (233902 in chips, €33.75 bounty) 
Seat 6: Gravillinho (458254 in chips, €22.50 bounty) 
Seat 7: panikko08 (239250 in chips, €22.50 bounty) 
Seat 8: Kaiiju (287550 in chips, €33.75 bounty) 
emorejp11: posts the ante 500
deiraisetonuts: posts the ante 500
PAULITKM: posts the ante 500
9Carboneraa: posts the ante 500
dinizosama: posts the ante 500
Gravillinho: posts the ante 500
panikko08: posts the ante 500
Kaiiju: posts the ante 500
PAULITKM: posts small blind 2000
9Carboneraa: posts big blind 4000
*** HOLE CARDS ***
Dealt to deiraisetonuts [8s 3c]
dinizosama: folds 
Gravillinho: folds 
panikko08: folds 
Kaiiju: folds 
emorejp11: raises 4000 to 8000
deiraisetonuts: folds 
PAULITKM: raises 24000 to 32000
9Carboneraa: folds 
emorejp11: folds 
Uncalled bet (24000) returned to PAULITKM
PAULITKM collected 24000 from pot
PAULITKM: doesn't show hand 
*** SUMMARY ***
Total pot 24000 | Rake 0 
Seat 1: emorejp11 folded before Flop
Seat 2: deiraisetonuts (button) folded before Flop (didn't bet)
Seat 3: PAULITKM (small blind) collected (24000)
Seat 4: 9Carboneraa (big blind) folded before Flop
Seat 5: dinizosama folded before Flop (didn't bet)
Seat 6: Gravillinho folded before Flop (didn't bet)
Seat 7: panikko08 folded before Flop (didn't bet)
Seat 8: Kaiiju folded before Flop (didn't bet)



PokerStars Hand #249092356108: Tournament #3714753604, €22.50+€22.50+€5.00 EUR Hold'em No Limit - Level VIII (2000/4000) - 2024/02/25 17:44:19 BRT [2024/02/25 15:44:19 ET]
Table '3714753604 191' 8-max Seat #3 is the button
Seat 1: emorejp11 (310999 in chips, €22.50 bounty) 
Seat 2: deiraisetonuts (387686 in chips, €22.50 bounty) 
Seat 3: PAULITKM (429298 in chips, €22.50 bounty) 
Seat 4: 9Carboneraa (367385 in chips, €33.75 bounty) 
Seat 5: dinizosama (233402 in chips, €33.75 bounty) 
Seat 6: Gravillinho (457754 in chips, €22.50 bounty) 
Seat 7: panikko08 (238750 in chips, €22.50 bounty) 
Seat 8: Kaiiju (287050 in chips, €33.75 bounty) 
emorejp11: posts the ante 500
deiraisetonuts: posts the ante 500
PAULITKM: posts the ante 500
9Carboneraa: posts the ante 500
dinizosama: posts the ante 500
Gravillinho: posts the ante 500
panikko08: posts the ante 500
Kaiiju: posts the ante 500
9Carboneraa: posts small blind 2000
dinizosama: posts big blind 4000
*** HOLE CARDS ***
Dealt to deiraisetonuts [Ks 8s]
Gravillinho: folds 
panikko08: folds 
Kaiiju: folds 
emorejp11: folds 
deiraisetonuts: raises 4400 to 8400
PAULITKM: calls 8400
9Carboneraa: raises 40400 to 48800
dinizosama: folds 
deiraisetonuts: folds 
PAULITKM: folds 
Uncalled bet (40400) returned to 9Carboneraa
9Carboneraa collected 33200 from pot
9Carboneraa: doesn't show hand 
*** SUMMARY ***
Total pot 33200 | Rake 0 
Seat 1: emorejp11 folded before Flop (didn't bet)
Seat 2: deiraisetonuts folded before Flop
Seat 3: PAULITKM (button) folded before Flop
Seat 4: 9Carboneraa (small blind) collected (33200)
Seat 5: dinizosama (big blind) folded before Flop
Seat 6: Gravillinho folded before Flop (didn't bet)
Seat 7: panikko08 folded before Flop (didn't bet)
Seat 8: Kaiiju folded before Flop (didn't bet)



PokerStars Hand #249092372178: Tournament #3714753604, €22.50+€22.50+€5.00 EUR Hold'em No Limit - Level VIII (2000/4000) - 2024/02/25 17:44:57 BRT [2024/02/25 15:44:57 ET]
Table '3714753604 191' 8-max Seat #4 is the button
Seat 1: emorejp11 (310499 in chips, €22.50 bounty) 
Seat 2: deiraisetonuts (378786 in chips, €22.50 bounty) 
Seat 3: PAULITKM (420398 in chips, €22.50 bounty) 
Seat 4: 9Carboneraa (391685 in chips, €33.75 bounty) 
Seat 5: dinizosama (228902 in chips, €33.75 bounty) 
Seat 6: Gravillinho (457254 in chips, €22.50 bounty) 
Seat 7: panikko08 (238250 in chips, €22.50 bounty) 
Seat 8: Kaiiju (286550 in chips, €33.75 bounty) 
emorejp11: posts the ante 500
deiraisetonuts: posts the ante 500
PAULITKM: posts the ante 500
9Carboneraa: posts the ante 500
dinizosama: posts the ante 500
Gravillinho: posts the ante 500
panikko08: posts the ante 500
Kaiiju: posts the ante 500
dinizosama: posts small blind 2000
Gravillinho: posts big blind 4000
*** HOLE CARDS ***
Dealt to deiraisetonuts [5h Qs]
panikko08: folds 
Kaiiju: folds 
emorejp11: folds 
deiraisetonuts: folds 
PAULITKM: folds 
9Carboneraa: raises 4400 to 8400
dinizosama: folds 
Gravillinho: calls 4400
*** FLOP *** [3h 8s Kd]
Gravillinho: checks 
9Carboneraa: bets 18924
Gravillinho: folds 
Uncalled bet (18924) returned to 9Carboneraa
9Carboneraa collected 22800 from pot
9Carboneraa: doesn't show hand 
*** SUMMARY ***
Total pot 22800 | Rake 0 
Board [3h 8s Kd]
Seat 1: emorejp11 folded before Flop (didn't bet)
Seat 2: deiraisetonuts folded before Flop (didn't bet)
Seat 3: PAULITKM folded before Flop (didn't bet)
Seat 4: 9Carboneraa (button) collected (22800)
Seat 5: dinizosama (small blind) folded before Flop
Seat 6: Gravillinho (big blind) folded on the Flop
Seat 7: panikko08 folded before Flop (didn't bet)
Seat 8: Kaiiju folded before Flop (didn't bet)



