Game Hand #2017724787 - Tournament #31137464 - Holdem (No Limit) - Level 24 (5000.00/10000.00)- 2024/02/04 23:19:31 UTC
Table '286' 8-max Seat #6 is the button
Seat 1: evolen2 (209421.00)
Seat 2: tomdurrr (67600.00)
Seat 3: unlukyduck82 (340900.00)
Seat 4: abc72o (348189.00)
Seat 5: NutsOnUrDrumset (250686.00)
Seat 6: HEILVA (1033733.00)
Seat 7: lipesticky will be allowed to play after the button
Seat 8: IamPickleRick (642106.00)
evolen2 posts ante 1000.00
tomdurrr posts ante 1000.00
unlukyduck82 posts ante 1000.00
abc72o posts ante 1000.00
NutsOnUrDrumset posts ante 1000.00
HEILVA posts ante 1000.00
IamPickleRick posts ante 1000.00
IamPickleRick posts the small blind 5000.00
evolen2 posts the big blind 10000.00
*** HOLE CARDS ***
Main pot 7000.00
tomdurrr folds
unlukyduck82 folds
abc72o folds
NutsOnUrDrumset folds
HEILVA raises 20000.00 to 20000.00
IamPickleRick folds
evolen2 calls 10000.00
*** FLOP *** [5c Kh 2c]
Main pot 52000.00
evolen2 checks
HEILVA bets 13000.00
evolen2 folds
Uncalled bet (13000.00) returned to HEILVA
HEILVA does not show
*** SUMMARY ***
Total pot 52000.00
Board [5c Kh 2c]
Seat 1: evolen2 (big blind) folded on the Flop
Seat 2: tomdurrr folded on the Pre-Flop and did not bet
Seat 3: unlukyduck82 folded on the Pre-Flop and did not bet
Seat 4: abc72o folded on the Pre-Flop and did not bet
Seat 5: NutsOnUrDrumset folded on the Pre-Flop and did not bet
Seat 6: HEILVA did not show and won 52000.00
Seat 8: IamPickleRick (small blind) folded on the Pre-Flop

Game Hand #2017728524 - Tournament #31137464 - Holdem (No Limit) - Level 24 (5000.00/10000.00)- 2024/02/04 23:21:33 UTC
Table '286' 8-max Seat #8 is the button
Seat 1: evolen2 (188421.00)
Seat 2: tomdurrr (66600.00)
Seat 3: unlukyduck82 (339900.00)
Seat 4: abc72o (347189.00)
Seat 5: NutsOnUrDrumset (249686.00)
Seat 6: HEILVA (1064733.00)
Seat 7: lipesticky (263752.00)
Seat 8: IamPickleRick (636106.00)
evolen2 posts ante 1000.00
tomdurrr posts ante 1000.00
unlukyduck82 posts ante 1000.00
abc72o posts ante 1000.00
NutsOnUrDrumset posts ante 1000.00
HEILVA posts ante 1000.00
lipesticky posts ante 1000.00
IamPickleRick posts ante 1000.00
evolen2 posts the small blind 5000.00
tomdurrr posts the big blind 10000.00
*** HOLE CARDS ***
Main pot 8000.00
Dealt to lipesticky [Ks 8c]
unlukyduck82 folds
abc72o folds
NutsOnUrDrumset folds
HEILVA folds
lipesticky folds
IamPickleRick raises 20000.00 to 20000.00
evolen2 folds
tomdurrr calls 10000.00
*** FLOP *** [Ad 5d 6s]
Main pot 53000.00
tomdurrr checks
IamPickleRick bets 10000.00
tomdurrr calls 10000.00
*** TURN *** [Ad 5d 6s] [As]
Main pot 73000.00
tomdurrr checks
IamPickleRick checks
*** RIVER *** [Ad 5d 6s As] [4d]
Main pot 73000.00
tomdurrr checks
IamPickleRick bets 58400.00
tomdurrr calls 35600.00 and is all-in
Uncalled bet (22800.00) returned to IamPickleRick
*** SHOW DOWN ***
Main pot 144200.00
tomdurrr shows [5c 7s] (two pair, Aces and Fives [As Ad 5d 5c 7s])
IamPickleRick shows [Ac Ah] (four of a kind, Four Aces [As Ah Ad Ac 6s])
IamPickleRick collected 144200.00 from main pot
*** SUMMARY ***
Total pot 144200.00
Board [Ad 5d 6s As 4d]
Seat 1: evolen2 (small blind) folded on the Pre-Flop
Seat 2: tomdurrr (big blind) showed [5c 7s] and lost with two pair, Aces and Fives [As Ad 5d 5c 7s]
Seat 3: unlukyduck82 folded on the Pre-Flop and did not bet
Seat 4: abc72o folded on the Pre-Flop and did not bet
Seat 5: NutsOnUrDrumset folded on the Pre-Flop and did not bet
Seat 6: HEILVA folded on the Pre-Flop and did not bet
Seat 7: lipesticky folded on the Pre-Flop and did not bet
Seat 8: IamPickleRick (button) showed [Ac Ah] and won 144200.00 with four of a kind, Four Aces [As Ah Ad Ac 6s]

Game Hand #2017730708 - Tournament #31137464 - Holdem (No Limit) - Level 24 (5000.00/10000.00)- 2024/02/04 23:22:44 UTC
Table '286' 8-max Seat #1 is the button
Seat 1: evolen2 (182421.00)
Seat 3: unlukyduck82 (338900.00)
Seat 4: abc72o (346189.00)
Seat 5: NutsOnUrDrumset (248686.00)
Seat 6: HEILVA (1063733.00)
Seat 7: lipesticky (262752.00)
Seat 8: IamPickleRick (713706.00)
evolen2 posts ante 1000.00
unlukyduck82 posts ante 1000.00
abc72o posts ante 1000.00
NutsOnUrDrumset posts ante 1000.00
HEILVA posts ante 1000.00
lipesticky posts ante 1000.00
IamPickleRick posts ante 1000.00
unlukyduck82 posts the big blind 10000.00
*** HOLE CARDS ***
Main pot 7000.00
Dealt to lipesticky [3c Ks]
abc72o folds
NutsOnUrDrumset folds
HEILVA folds
lipesticky folds
IamPickleRick folds
evolen2 folds
unlukyduck82 does not show
*** SUMMARY ***
Total pot 17000.00
Seat 1: evolen2 (button) folded on the Pre-Flop
Seat 3: unlukyduck82 did not show and won 17000.00
Seat 4: abc72o folded on the Pre-Flop and did not bet
Seat 5: NutsOnUrDrumset folded on the Pre-Flop and did not bet
Seat 6: HEILVA folded on the Pre-Flop and did not bet
Seat 7: lipesticky folded on the Pre-Flop and did not bet
Seat 8: IamPickleRick folded on the Pre-Flop and did not bet

Game Hand #2017731416 - Tournament #31137464 - Holdem (No Limit) - Level 24 (5000.00/10000.00)- 2024/02/04 23:23:07 UTC
Table '286' 8-max Seat #2 is the button
Seat 1: evolen2 (181421.00)
Seat 3: unlukyduck82 (344900.00)
Seat 4: abc72o (345189.00)
Seat 5: NutsOnUrDrumset (247686.00)
Seat 6: HEILVA (1062733.00)
Seat 7: lipesticky (261752.00)
Seat 8: IamPickleRick (712706.00)
evolen2 posts ante 1000.00
unlukyduck82 posts ante 1000.00
abc72o posts ante 1000.00
NutsOnUrDrumset posts ante 1000.00
HEILVA posts ante 1000.00
lipesticky posts ante 1000.00
IamPickleRick posts ante 1000.00
unlukyduck82 posts the small blind 5000.00
abc72o posts the big blind 10000.00
*** HOLE CARDS ***
Main pot 7000.00
Dealt to lipesticky [6h Kd]
NutsOnUrDrumset folds
HEILVA folds
lipesticky folds
IamPickleRick raises 20000.00 to 20000.00
evolen2 folds
unlukyduck82 folds
abc72o calls 10000.00
*** FLOP *** [Jd Js Qd]
Main pot 52000.00
abc72o checks
IamPickleRick bets 13000.00
abc72o folds
Uncalled bet (13000.00) returned to IamPickleRick
IamPickleRick does not show
*** SUMMARY ***
Total pot 52000.00
Board [Jd Js Qd]
Seat 1: evolen2 folded on the Pre-Flop and did not bet
Seat 3: unlukyduck82 (small blind) folded on the Pre-Flop
Seat 4: abc72o (big blind) folded on the Flop
Seat 5: NutsOnUrDrumset folded on the Pre-Flop and did not bet
Seat 6: HEILVA folded on the Pre-Flop and did not bet
Seat 7: lipesticky folded on the Pre-Flop and did not bet
Seat 8: IamPickleRick did not show and won 52000.00

Game Hand #2017732702 - Tournament #31137464 - Holdem (No Limit) - Level 24 (5000.00/10000.00)- 2024/02/04 23:23:49 UTC
Table '286' 8-max Seat #3 is the button
Seat 1: evolen2 (180421.00)
Seat 2: Quest4dAcAsh (341142.00)
Seat 3: unlukyduck82 (338900.00)
Seat 4: abc72o (324189.00)
Seat 5: NutsOnUrDrumset (246686.00)
Seat 6: HEILVA (1061733.00)
Seat 7: lipesticky (260752.00)
Seat 8: IamPickleRick (743706.00)
evolen2 posts ante 1000.00
Quest4dAcAsh posts ante 1000.00
unlukyduck82 posts ante 1000.00
abc72o posts ante 1000.00
NutsOnUrDrumset posts ante 1000.00
HEILVA posts ante 1000.00
lipesticky posts ante 1000.00
IamPickleRick posts ante 1000.00
abc72o posts the small blind 5000.00
NutsOnUrDrumset posts the big blind 10000.00
*** HOLE CARDS ***
Main pot 8000.00
Dealt to lipesticky [Qs Ah]
HEILVA folds
lipesticky raises 21000.00 to 21000.00
IamPickleRick folds
evolen2 folds
Quest4dAcAsh folds
unlukyduck82 folds
abc72o folds
NutsOnUrDrumset folds
Uncalled bet (11000.00) returned to lipesticky
lipesticky does not show
*** SUMMARY ***
Total pot 33000.00
Seat 1: evolen2 folded on the Pre-Flop and did not bet
Seat 2: Quest4dAcAsh folded on the Pre-Flop and did not bet
Seat 3: unlukyduck82 (button) folded on the Pre-Flop
Seat 4: abc72o (small blind) folded on the Pre-Flop
Seat 5: NutsOnUrDrumset (big blind) folded on the Pre-Flop
Seat 6: HEILVA folded on the Pre-Flop and did not bet
Seat 7: lipesticky did not show and won 33000.00
Seat 8: IamPickleRick folded on the Pre-Flop and did not bet

Game Hand #2017734082 - Tournament #31137464 - Holdem (No Limit) - Level 24 (5000.00/10000.00)- 2024/02/04 23:24:35 UTC
Table '286' 8-max Seat #4 is the button
Seat 1: evolen2 (179421.00)
Seat 2: Quest4dAcAsh (340142.00)
Seat 3: unlukyduck82 (337900.00)
Seat 4: abc72o (318189.00)
Seat 5: NutsOnUrDrumset (235686.00)
Seat 6: HEILVA (1060733.00)
Seat 7: lipesticky (282752.00)
Seat 8: IamPickleRick (742706.00)
evolen2 posts ante 1000.00
Quest4dAcAsh posts ante 1000.00
unlukyduck82 posts ante 1000.00
abc72o posts ante 1000.00
NutsOnUrDrumset posts ante 1000.00
HEILVA posts ante 1000.00
lipesticky posts ante 1000.00
IamPickleRick posts ante 1000.00
NutsOnUrDrumset posts the small blind 5000.00
HEILVA posts the big blind 10000.00
*** HOLE CARDS ***
Main pot 8000.00
Dealt to lipesticky [3c 9c]
lipesticky folds
IamPickleRick folds
evolen2 raises 20000.00 to 20000.00
Quest4dAcAsh folds
unlukyduck82 folds
abc72o folds
NutsOnUrDrumset calls 15000.00
HEILVA folds
*** FLOP *** [Td 5h 9s]
Main pot 58000.00
NutsOnUrDrumset checks
evolen2 bets 29000.00
NutsOnUrDrumset folds
Uncalled bet (29000.00) returned to evolen2
evolen2 does not show
*** SUMMARY ***
Total pot 58000.00
Board [Td 5h 9s]
Seat 1: evolen2 did not show and won 58000.00
Seat 2: Quest4dAcAsh folded on the Pre-Flop and did not bet
Seat 3: unlukyduck82 folded on the Pre-Flop and did not bet
Seat 4: abc72o (button) folded on the Pre-Flop
Seat 5: NutsOnUrDrumset (small blind) folded on the Flop
Seat 6: HEILVA (big blind) folded on the Pre-Flop
Seat 7: lipesticky folded on the Pre-Flop and did not bet
Seat 8: IamPickleRick folded on the Pre-Flop and did not bet

Game Hand #2017736131 - Tournament #31137464 - Holdem (No Limit) - Level 24 (5000.00/10000.00)- 2024/02/04 23:25:43 UTC
Table '286' 8-max Seat #5 is the button
Seat 1: evolen2 (216421.00)
Seat 2: Quest4dAcAsh (339142.00)
Seat 3: unlukyduck82 (336900.00)
Seat 4: abc72o (317189.00)
Seat 5: NutsOnUrDrumset (214686.00)
Seat 6: HEILVA (1049733.00)
Seat 7: lipesticky (281752.00)
Seat 8: IamPickleRick (741706.00)
evolen2 posts ante 1000.00
Quest4dAcAsh posts ante 1000.00
unlukyduck82 posts ante 1000.00
abc72o posts ante 1000.00
NutsOnUrDrumset posts ante 1000.00
HEILVA posts ante 1000.00
lipesticky posts ante 1000.00
IamPickleRick posts ante 1000.00
HEILVA posts the small blind 5000.00
lipesticky posts the big blind 10000.00
*** HOLE CARDS ***
Main pot 8000.00
Dealt to lipesticky [Jd 2s]
IamPickleRick folds
evolen2 folds
Quest4dAcAsh folds
unlukyduck82 raises 20000.00 to 20000.00
abc72o folds
NutsOnUrDrumset folds
HEILVA calls 15000.00
lipesticky folds
*** FLOP *** [Td 7s Ks]
Main pot 58000.00
HEILVA checks
unlukyduck82 bets 15000.00
HEILVA raises 59000.00 to 59000.00
unlukyduck82 raises 300900.00 to 315900.00 and is all-in
HEILVA calls 256900.00
*** TURN *** [Td 7s Ks] [9c]
Main pot 689800.00
*** RIVER *** [Td 7s Ks 9c] [4h]
Main pot 689800.00
*** SHOW DOWN ***
Main pot 689800.00
unlukyduck82 shows [Qs Ts] (a pair of Tens [Ts Td Ks Qs 9c])
HEILVA shows [Kd Qd] (a pair of Kings [Ks Kd Qd Td 9c])
HEILVA collected 689800.00 from main pot
*** SUMMARY ***
Total pot 689800.00
Board [Td 7s Ks 9c 4h]
Seat 1: evolen2 folded on the Pre-Flop and did not bet
Seat 2: Quest4dAcAsh folded on the Pre-Flop and did not bet
Seat 3: unlukyduck82 showed [Qs Ts] and lost with a pair of Tens [Ts Td Ks Qs 9c]
Seat 4: abc72o folded on the Pre-Flop and did not bet
Seat 5: NutsOnUrDrumset (button) folded on the Pre-Flop
Seat 6: HEILVA (small blind) showed [Kd Qd] and won 689800.00 with a pair of Kings [Ks Kd Qd Td 9c]
Seat 7: lipesticky (big blind) folded on the Pre-Flop
Seat 8: IamPickleRick folded on the Pre-Flop and did not bet

Game Hand #2017738435 - Tournament #31137464 - Holdem (No Limit) - Level 25 (6000.00/12000.00)- 2024/02/04 23:26:58 UTC
Table '286' 8-max Seat #6 is the button
Seat 1: evolen2 (215421.00)
Seat 2: Quest4dAcAsh (338142.00)
Seat 4: abc72o (316189.00)
Seat 5: NutsOnUrDrumset (213686.00)
Seat 6: HEILVA (1402633.00)
Seat 7: lipesticky (270752.00)
Seat 8: IamPickleRick (740706.00)
evolen2 posts ante 1200.00
Quest4dAcAsh posts ante 1200.00
abc72o posts ante 1200.00
NutsOnUrDrumset posts ante 1200.00
HEILVA posts ante 1200.00
lipesticky posts ante 1200.00
IamPickleRick posts ante 1200.00
lipesticky posts the small blind 6000.00
IamPickleRick posts the big blind 12000.00
*** HOLE CARDS ***
Main pot 8400.00
Dealt to lipesticky [5s 7d]
evolen2 folds
Quest4dAcAsh folds
abc72o folds
NutsOnUrDrumset folds
HEILVA folds
lipesticky calls 6000.00
IamPickleRick raises 27600.00 to 39600.00
lipesticky folds
Uncalled bet (27600.00) returned to IamPickleRick
IamPickleRick does not show
*** SUMMARY ***
Total pot 32400.00
Seat 1: evolen2 folded on the Pre-Flop and did not bet
Seat 2: Quest4dAcAsh folded on the Pre-Flop and did not bet
Seat 4: abc72o folded on the Pre-Flop and did not bet
Seat 5: NutsOnUrDrumset folded on the Pre-Flop and did not bet
Seat 6: HEILVA (button) folded on the Pre-Flop
Seat 7: lipesticky (small blind) folded on the Pre-Flop
Seat 8: IamPickleRick did not show and won 32400.00

Game Hand #2017739871 - Tournament #31137464 - Holdem (No Limit) - Level 25 (6000.00/12000.00)- 2024/02/04 23:27:47 UTC
Table '286' 8-max Seat #7 is the button
Seat 1: evolen2 (214221.00)
Seat 2: Quest4dAcAsh (336942.00)
Seat 3: Mosh_Scotia (292277.00)
Seat 4: abc72o (314989.00)
Seat 5: NutsOnUrDrumset (212486.00)
Seat 6: HEILVA (1401433.00)
Seat 7: lipesticky (257552.00)
Seat 8: IamPickleRick (759906.00)
evolen2 posts ante 1200.00
Quest4dAcAsh posts ante 1200.00
Mosh_Scotia posts ante 1200.00
abc72o posts ante 1200.00
NutsOnUrDrumset posts ante 1200.00
HEILVA posts ante 1200.00
lipesticky posts ante 1200.00
IamPickleRick posts ante 1200.00
IamPickleRick posts the small blind 6000.00
evolen2 posts the big blind 12000.00
*** HOLE CARDS ***
Main pot 9600.00
Dealt to lipesticky [3s 4h]
Quest4dAcAsh folds
Mosh_Scotia folds
abc72o folds
NutsOnUrDrumset folds
HEILVA raises 24000.00 to 24000.00
lipesticky folds
IamPickleRick folds
evolen2 folds
Uncalled bet (12000.00) returned to HEILVA
HEILVA does not show
*** SUMMARY ***
Total pot 39600.00
Seat 1: evolen2 (big blind) folded on the Pre-Flop
Seat 2: Quest4dAcAsh folded on the Pre-Flop and did not bet
Seat 3: Mosh_Scotia folded on the Pre-Flop and did not bet
Seat 4: abc72o folded on the Pre-Flop and did not bet
Seat 5: NutsOnUrDrumset folded on the Pre-Flop and did not bet
Seat 6: HEILVA did not show and won 39600.00
Seat 7: lipesticky (button) folded on the Pre-Flop
Seat 8: IamPickleRick (small blind) folded on the Pre-Flop

Game Hand #2017741274 - Tournament #31137464 - Holdem (No Limit) - Level 25 (6000.00/12000.00)- 2024/02/04 23:28:34 UTC
Table '286' 8-max Seat #8 is the button
Seat 1: evolen2 (201021.00)
Seat 2: Quest4dAcAsh (335742.00)
Seat 3: Mosh_Scotia (291077.00)
Seat 4: abc72o (313789.00)
Seat 5: NutsOnUrDrumset (211286.00)
Seat 6: HEILVA (1427833.00)
Seat 7: lipesticky (256352.00)
Seat 8: IamPickleRick (752706.00)
evolen2 posts ante 1200.00
Quest4dAcAsh posts ante 1200.00
Mosh_Scotia posts ante 1200.00
abc72o posts ante 1200.00
NutsOnUrDrumset posts ante 1200.00
HEILVA posts ante 1200.00
lipesticky posts ante 1200.00
IamPickleRick posts ante 1200.00
evolen2 posts the small blind 6000.00
Quest4dAcAsh posts the big blind 12000.00
*** HOLE CARDS ***
Main pot 9600.00
Dealt to lipesticky [Jd 2s]
Mosh_Scotia folds
abc72o folds
NutsOnUrDrumset folds
HEILVA raises 24000.00 to 24000.00
lipesticky folds
IamPickleRick folds
evolen2 folds
Quest4dAcAsh folds
Uncalled bet (12000.00) returned to HEILVA
HEILVA does not show
*** SUMMARY ***
Total pot 39600.00
Seat 1: evolen2 (small blind) folded on the Pre-Flop
Seat 2: Quest4dAcAsh (big blind) folded on the Pre-Flop
Seat 3: Mosh_Scotia folded on the Pre-Flop and did not bet
Seat 4: abc72o folded on the Pre-Flop and did not bet
Seat 5: NutsOnUrDrumset folded on the Pre-Flop and did not bet
Seat 6: HEILVA did not show and won 39600.00
Seat 7: lipesticky folded on the Pre-Flop and did not bet
Seat 8: IamPickleRick (button) folded on the Pre-Flop

Game Hand #2017742661 - Tournament #31137464 - Holdem (No Limit) - Level 25 (6000.00/12000.00)- 2024/02/04 23:29:20 UTC
Table '286' 8-max Seat #1 is the button
Seat 1: evolen2 (193821.00)
Seat 2: Quest4dAcAsh (322542.00)
Seat 3: Mosh_Scotia (289877.00)
Seat 4: abc72o (312589.00)
Seat 5: NutsOnUrDrumset (210086.00)
Seat 6: HEILVA (1454233.00)
Seat 7: lipesticky (255152.00)
Seat 8: IamPickleRick (751506.00)
evolen2 posts ante 1200.00
Quest4dAcAsh posts ante 1200.00
Mosh_Scotia posts ante 1200.00
abc72o posts ante 1200.00
NutsOnUrDrumset posts ante 1200.00
HEILVA posts ante 1200.00
lipesticky posts ante 1200.00
IamPickleRick posts ante 1200.00
Quest4dAcAsh posts the small blind 6000.00
Mosh_Scotia posts the big blind 12000.00
*** HOLE CARDS ***
Main pot 9600.00
Dealt to lipesticky [Ac Tc]
abc72o raises 24000.00 to 24000.00
NutsOnUrDrumset folds
HEILVA folds
lipesticky calls 24000.00
IamPickleRick calls 24000.00
evolen2 folds
Quest4dAcAsh folds
Mosh_Scotia calls 12000.00
*** FLOP *** [7h As Jh]
Main pot 111600.00
Mosh_Scotia checks
abc72o bets 36828.00
lipesticky calls 36828.00
IamPickleRick folds
Mosh_Scotia folds
*** TURN *** [7h As Jh] [8c]
Main pot 185256.00
abc72o checks
lipesticky checks
*** RIVER *** [7h As Jh 8c] [3d]
Main pot 185256.00
abc72o bets 28314.00
lipesticky calls 28314.00
*** SHOW DOWN ***
Main pot 241884.00
abc72o shows [Qs Qh] (a pair of Queens [Qs Qh As Jh 8c])
lipesticky shows [Ac Tc] (a pair of Aces [As Ac Jh Tc 8c])
lipesticky collected 241884.00 from main pot
*** SUMMARY ***
Total pot 241884.00
Board [7h As Jh 8c 3d]
Seat 1: evolen2 (button) folded on the Pre-Flop
Seat 2: Quest4dAcAsh (small blind) folded on the Pre-Flop
Seat 3: Mosh_Scotia (big blind) folded on the Flop
Seat 4: abc72o showed [Qs Qh] and lost with a pair of Queens [Qs Qh As Jh 8c]
Seat 5: NutsOnUrDrumset folded on the Pre-Flop and did not bet
Seat 6: HEILVA folded on the Pre-Flop and did not bet
Seat 7: lipesticky showed [Ac Tc] and won 241884.00 with a pair of Aces [As Ac Jh Tc 8c]
Seat 8: IamPickleRick folded on the Flop

Game Hand #2017746297 - Tournament #31137464 - Holdem (No Limit) - Level 25 (6000.00/12000.00)- 2024/02/04 23:31:20 UTC
Table '286' 8-max Seat #2 is the button
Seat 1: evolen2 (192621.00)
Seat 2: Quest4dAcAsh (315342.00)
Seat 3: Mosh_Scotia (264677.00)
Seat 4: abc72o (222247.00)
Seat 5: NutsOnUrDrumset (208886.00)
Seat 6: HEILVA (1453033.00)
Seat 7: lipesticky (406694.00)
Seat 8: IamPickleRick (726306.00)
evolen2 posts ante 1200.00
Quest4dAcAsh posts ante 1200.00
Mosh_Scotia posts ante 1200.00
abc72o posts ante 1200.00
NutsOnUrDrumset posts ante 1200.00
HEILVA posts ante 1200.00
lipesticky posts ante 1200.00
IamPickleRick posts ante 1200.00
Mosh_Scotia posts the small blind 6000.00
abc72o posts the big blind 12000.00
*** HOLE CARDS ***
Main pot 9600.00
Dealt to lipesticky [Qh 3h]
NutsOnUrDrumset raises 24000.00 to 24000.00
HEILVA folds
lipesticky folds
IamPickleRick folds
evolen2 folds
Quest4dAcAsh folds
Mosh_Scotia folds
abc72o calls 12000.00
*** FLOP *** [6d 8s Td]
Main pot 63600.00
abc72o checks
NutsOnUrDrumset checks
*** TURN *** [6d 8s Td] [Jc]
Main pot 63600.00
abc72o checks
NutsOnUrDrumset bets 26988.00
abc72o calls 26988.00
*** RIVER *** [6d 8s Td Jc] [Qs]
Main pot 117576.00
abc72o checks
NutsOnUrDrumset bets 38800.00
abc72o calls 38800.00
*** SHOW DOWN ***
Main pot 195176.00
abc72o shows [9s Ah] (a straight, Queen high [Qs Jc Td 9s 8s])
NutsOnUrDrumset shows [Jh Js] (three of a kind, Set of Jacks [Js Jh Jc Qs Td])
abc72o collected 195176.00 from main pot
*** SUMMARY ***
Total pot 195176.00
Board [6d 8s Td Jc Qs]
Seat 1: evolen2 folded on the Pre-Flop and did not bet
Seat 2: Quest4dAcAsh (button) folded on the Pre-Flop
Seat 3: Mosh_Scotia (small blind) folded on the Pre-Flop
Seat 4: abc72o (big blind) showed [9s Ah] and won 195176.00 with a straight, Queen high [Qs Jc Td 9s 8s]
Seat 5: NutsOnUrDrumset showed [Jh Js] and lost with three of a kind, Set of Jacks [Js Jh Jc Qs Td]
Seat 6: HEILVA folded on the Pre-Flop and did not bet
Seat 7: lipesticky folded on the Pre-Flop and did not bet
Seat 8: IamPickleRick folded on the Pre-Flop and did not bet

Game Hand #2017749062 - Tournament #31137464 - Holdem (No Limit) - Level 25 (6000.00/12000.00)- 2024/02/04 23:32:51 UTC
Table '286' 8-max Seat #3 is the button
Seat 1: evolen2 (191421.00)
Seat 2: Quest4dAcAsh (314142.00)
Seat 3: Mosh_Scotia (257477.00)
Seat 4: abc72o (326435.00)
Seat 5: NutsOnUrDrumset (117898.00)
Seat 6: HEILVA (1451833.00)
Seat 7: lipesticky (405494.00)
Seat 8: IamPickleRick (725106.00)
evolen2 posts ante 1200.00
Quest4dAcAsh posts ante 1200.00
Mosh_Scotia posts ante 1200.00
abc72o posts ante 1200.00
NutsOnUrDrumset posts ante 1200.00
HEILVA posts ante 1200.00
lipesticky posts ante 1200.00
IamPickleRick posts ante 1200.00
abc72o posts the small blind 6000.00
NutsOnUrDrumset posts the big blind 12000.00
*** HOLE CARDS ***
Main pot 9600.00
Dealt to lipesticky [As Td]
HEILVA folds
lipesticky raises 25200.00 to 25200.00
IamPickleRick folds
evolen2 calls 25200.00
Quest4dAcAsh folds
Mosh_Scotia raises 256277.00 to 256277.00 and is all-in
abc72o folds
NutsOnUrDrumset folds
lipesticky folds
evolen2 folds
Uncalled bet (231077.00) returned to Mosh_Scotia
Mosh_Scotia does not show
*** SUMMARY ***
Total pot 103200.00
Seat 1: evolen2 folded on the Pre-Flop and did not bet
Seat 2: Quest4dAcAsh folded on the Pre-Flop and did not bet
Seat 3: Mosh_Scotia did not show and won 103200.00
Seat 4: abc72o (small blind) folded on the Pre-Flop
Seat 5: NutsOnUrDrumset (big blind) folded on the Pre-Flop
Seat 6: HEILVA folded on the Pre-Flop and did not bet
Seat 7: lipesticky folded on the Pre-Flop and did not bet
Seat 8: IamPickleRick folded on the Pre-Flop and did not bet

Game Hand #2017751372 - Tournament #31137464 - Holdem (No Limit) - Level 25 (6000.00/12000.00)- 2024/02/04 23:34:06 UTC
Table '286' 8-max Seat #4 is the button
Seat 1: evolen2 (165021.00)
Seat 2: Quest4dAcAsh (312942.00)
Seat 3: Mosh_Scotia (334277.00)
Seat 4: abc72o (319235.00)
Seat 5: NutsOnUrDrumset (104698.00)
Seat 6: HEILVA (1450633.00)
Seat 7: lipesticky (379094.00)
Seat 8: IamPickleRick (723906.00)
evolen2 posts ante 1200.00
Quest4dAcAsh posts ante 1200.00
Mosh_Scotia posts ante 1200.00
abc72o posts ante 1200.00
NutsOnUrDrumset posts ante 1200.00
HEILVA posts ante 1200.00
lipesticky posts ante 1200.00
IamPickleRick posts ante 1200.00
NutsOnUrDrumset posts the small blind 6000.00
HEILVA posts the big blind 12000.00
*** HOLE CARDS ***
Main pot 9600.00
Dealt to lipesticky [Qc Qd]
lipesticky raises 25200.00 to 25200.00
IamPickleRick folds
evolen2 folds
Quest4dAcAsh folds
Mosh_Scotia calls 25200.00
abc72o folds
NutsOnUrDrumset calls 19200.00
HEILVA calls 13200.00
*** FLOP *** [Jc 2h 2s]
Main pot 110400.00
NutsOnUrDrumset bets 78298.00 and is all-in
HEILVA calls 78298.00
lipesticky calls 78298.00
Mosh_Scotia folds
*** TURN *** [Jc 2h 2s] [Qs]
Main pot 345294.00
HEILVA checks
lipesticky checks
*** RIVER *** [Jc 2h 2s Qs] [2d]
Main pot 345294.00
HEILVA bets 1345935.00 and is all-in
lipesticky folds
Uncalled bet (1345935.00) returned to HEILVA
*** SHOW DOWN ***
Main pot 345294.00
NutsOnUrDrumset shows [Ah Jd] (a full house, Deuces full of Jacks [2s 2h 2d Jd Jc])
HEILVA shows [9h Jh] (a full house, Deuces full of Jacks [2s 2h 2d Jh Jc])
HEILVA collected 172647.00 from main pot
NutsOnUrDrumset collected 172647.00 from main pot
*** SUMMARY ***
Total pot 345294.00
Board [Jc 2h 2s Qs 2d]
Seat 1: evolen2 folded on the Pre-Flop and did not bet
Seat 2: Quest4dAcAsh folded on the Pre-Flop and did not bet
Seat 3: Mosh_Scotia folded on the Flop
Seat 4: abc72o (button) folded on the Pre-Flop
Seat 5: NutsOnUrDrumset (small blind) showed [Ah Jd] and won 172647.00 with a full house, Deuces full of Jacks [2s 2h 2d Jd Jc]
Seat 6: HEILVA (big blind) showed [9h Jh] and won 172647.00 with a full house, Deuces full of Jacks [2s 2h 2d Jh Jc]
Seat 7: lipesticky folded on the River
Seat 8: IamPickleRick folded on the Pre-Flop and did not bet

Game Hand #2017754671 - Tournament #31137464 - Holdem (No Limit) - Level 25 (6000.00/12000.00)- 2024/02/04 23:35:58 UTC
Table '286' 8-max Seat #5 is the button
Seat 1: evolen2 (163821.00)
Seat 2: Quest4dAcAsh (311742.00)
Seat 3: Mosh_Scotia (307877.00)
Seat 4: abc72o (318035.00)
Seat 5: NutsOnUrDrumset (172647.00)
Seat 6: HEILVA (1518582.00)
Seat 7: lipesticky (274396.00)
Seat 8: IamPickleRick (722706.00)
evolen2 posts ante 1200.00
Quest4dAcAsh posts ante 1200.00
Mosh_Scotia posts ante 1200.00
abc72o posts ante 1200.00
NutsOnUrDrumset posts ante 1200.00
HEILVA posts ante 1200.00
lipesticky posts ante 1200.00
IamPickleRick posts ante 1200.00
HEILVA posts the small blind 6000.00
lipesticky posts the big blind 12000.00
*** HOLE CARDS ***
Main pot 9600.00
Dealt to lipesticky [6c 9d]
IamPickleRick folds
evolen2 raises 162621.00 to 162621.00 and is all-in
Quest4dAcAsh folds
Mosh_Scotia folds
abc72o folds
NutsOnUrDrumset folds
HEILVA folds
lipesticky folds
Uncalled bet (150621.00) returned to evolen2
evolen2 does not show
*** SUMMARY ***
Total pot 39600.00
Seat 1: evolen2 did not show and won 39600.00
Seat 2: Quest4dAcAsh folded on the Pre-Flop and did not bet
Seat 3: Mosh_Scotia folded on the Pre-Flop and did not bet
Seat 4: abc72o folded on the Pre-Flop and did not bet
Seat 5: NutsOnUrDrumset (button) folded on the Pre-Flop
Seat 6: HEILVA (small blind) folded on the Pre-Flop
Seat 7: lipesticky (big blind) folded on the Pre-Flop
Seat 8: IamPickleRick folded on the Pre-Flop and did not bet

Game Hand #2017755945 - Tournament #31137464 - Holdem (No Limit) - Level 25 (6000.00/12000.00)- 2024/02/04 23:36:41 UTC
Table '286' 8-max Seat #6 is the button
Seat 1: evolen2 (190221.00)
Seat 2: Quest4dAcAsh (310542.00)
Seat 3: Mosh_Scotia (306677.00)
Seat 4: abc72o (316835.00)
Seat 5: NutsOnUrDrumset (171447.00)
Seat 6: HEILVA (1511382.00)
Seat 7: lipesticky (261196.00)
Seat 8: IamPickleRick (721506.00)
evolen2 posts ante 1200.00
Quest4dAcAsh posts ante 1200.00
Mosh_Scotia posts ante 1200.00
abc72o posts ante 1200.00
NutsOnUrDrumset posts ante 1200.00
HEILVA posts ante 1200.00
lipesticky posts ante 1200.00
IamPickleRick posts ante 1200.00
lipesticky posts the small blind 6000.00
IamPickleRick posts the big blind 12000.00
*** HOLE CARDS ***
Main pot 9600.00
Dealt to lipesticky [6c Ts]
evolen2 raises 189021.00 to 189021.00 and is all-in
Quest4dAcAsh folds
Mosh_Scotia folds
abc72o folds
NutsOnUrDrumset folds
HEILVA folds
lipesticky folds
IamPickleRick folds
Uncalled bet (177021.00) returned to evolen2
evolen2 does not show
*** SUMMARY ***
Total pot 39600.00
Seat 1: evolen2 did not show and won 39600.00
Seat 2: Quest4dAcAsh folded on the Pre-Flop and did not bet
Seat 3: Mosh_Scotia folded on the Pre-Flop and did not bet
Seat 4: abc72o folded on the Pre-Flop and did not bet
Seat 5: NutsOnUrDrumset folded on the Pre-Flop and did not bet
Seat 6: HEILVA (button) folded on the Pre-Flop
Seat 7: lipesticky (small blind) folded on the Pre-Flop
Seat 8: IamPickleRick (big blind) folded on the Pre-Flop

Game Hand #2017757246 - Tournament #31137464 - Holdem (No Limit) - Level 26 (7000.00/14000.00)- 2024/02/04 23:37:25 UTC
Table '286' 8-max Seat #7 is the button
Seat 1: evolen2 (216621.00)
Seat 2: Quest4dAcAsh (309342.00)
Seat 3: Mosh_Scotia (305477.00)
Seat 4: abc72o (315635.00)
Seat 5: NutsOnUrDrumset (170247.00)
Seat 6: HEILVA (1510182.00)
Seat 7: lipesticky (253996.00)
Seat 8: IamPickleRick (708306.00)
evolen2 posts ante 1400.00
Quest4dAcAsh posts ante 1400.00
Mosh_Scotia posts ante 1400.00
abc72o posts ante 1400.00
NutsOnUrDrumset posts ante 1400.00
HEILVA posts ante 1400.00
lipesticky posts ante 1400.00
IamPickleRick posts ante 1400.00
IamPickleRick posts the small blind 7000.00
evolen2 posts the big blind 14000.00
*** HOLE CARDS ***
Main pot 11200.00
Dealt to lipesticky [8s 9d]
Quest4dAcAsh folds
Mosh_Scotia folds
abc72o folds
NutsOnUrDrumset folds
HEILVA raises 28000.00 to 28000.00
lipesticky folds
IamPickleRick folds
evolen2 calls 14000.00
*** FLOP *** [Tc 7d 3c]
Main pot 74200.00
evolen2 checks
HEILVA bets 18550.00
evolen2 folds
Uncalled bet (18550.00) returned to HEILVA
HEILVA does not show
*** SUMMARY ***
Total pot 74200.00
Board [Tc 7d 3c]
Seat 1: evolen2 (big blind) folded on the Flop
Seat 2: Quest4dAcAsh folded on the Pre-Flop and did not bet
Seat 3: Mosh_Scotia folded on the Pre-Flop and did not bet
Seat 4: abc72o folded on the Pre-Flop and did not bet
Seat 5: NutsOnUrDrumset folded on the Pre-Flop and did not bet
Seat 6: HEILVA did not show and won 74200.00
Seat 7: lipesticky (button) folded on the Pre-Flop
Seat 8: IamPickleRick (small blind) folded on the Pre-Flop

Game Hand #2017760163 - Tournament #31137464 - Holdem (No Limit) - Level 26 (7000.00/14000.00)- 2024/02/04 23:39:05 UTC
Table '286' 8-max Seat #8 is the button
Seat 1: evolen2 (187221.00)
Seat 2: Quest4dAcAsh (307942.00)
Seat 3: Mosh_Scotia (304077.00)
Seat 4: abc72o (314235.00)
Seat 5: NutsOnUrDrumset (168847.00)
Seat 6: HEILVA (1554982.00)
Seat 7: lipesticky (252596.00)
Seat 8: IamPickleRick (699906.00)
evolen2 posts ante 1400.00
Quest4dAcAsh posts ante 1400.00
Mosh_Scotia posts ante 1400.00
abc72o posts ante 1400.00
NutsOnUrDrumset posts ante 1400.00
HEILVA posts ante 1400.00
lipesticky posts ante 1400.00
IamPickleRick posts ante 1400.00
evolen2 posts the small blind 7000.00
Quest4dAcAsh posts the big blind 14000.00
*** HOLE CARDS ***
Main pot 11200.00
Dealt to lipesticky [4s 4c]
Mosh_Scotia raises 28000.00 to 28000.00
abc72o folds
NutsOnUrDrumset folds
HEILVA folds
lipesticky folds
IamPickleRick calls 28000.00
evolen2 folds
Quest4dAcAsh folds
*** FLOP *** [Ts 9h 3c]
Main pot 88200.00
Mosh_Scotia bets 28000.00
IamPickleRick calls 28000.00
*** TURN *** [Ts 9h 3c] [6s]
Main pot 144200.00
Mosh_Scotia bets 63172.00
IamPickleRick folds
Uncalled bet (63172.00) returned to Mosh_Scotia
Mosh_Scotia does not show
*** SUMMARY ***
Total pot 144200.00
Board [Ts 9h 3c 6s]
Seat 1: evolen2 (small blind) folded on the Pre-Flop
Seat 2: Quest4dAcAsh (big blind) folded on the Pre-Flop
Seat 3: Mosh_Scotia did not show and won 144200.00
Seat 4: abc72o folded on the Pre-Flop and did not bet
Seat 5: NutsOnUrDrumset folded on the Pre-Flop and did not bet
Seat 6: HEILVA folded on the Pre-Flop and did not bet
Seat 7: lipesticky folded on the Pre-Flop and did not bet
Seat 8: IamPickleRick (button) folded on the Turn

Game Hand #2017761945 - Tournament #31137464 - Holdem (No Limit) - Level 26 (7000.00/14000.00)- 2024/02/04 23:40:05 UTC
Table '286' 8-max Seat #1 is the button
Seat 1: evolen2 (178821.00)
Seat 2: Quest4dAcAsh (292542.00)
Seat 3: Mosh_Scotia (390877.00)
Seat 4: abc72o (312835.00)
Seat 5: NutsOnUrDrumset (167447.00)
Seat 6: HEILVA (1553582.00)
Seat 7: lipesticky (251196.00)
Seat 8: IamPickleRick (642506.00)
evolen2 posts ante 1400.00
Quest4dAcAsh posts ante 1400.00
Mosh_Scotia posts ante 1400.00
abc72o posts ante 1400.00
NutsOnUrDrumset posts ante 1400.00
HEILVA posts ante 1400.00
lipesticky posts ante 1400.00
IamPickleRick posts ante 1400.00
Quest4dAcAsh posts the small blind 7000.00
Mosh_Scotia posts the big blind 14000.00
*** HOLE CARDS ***
Main pot 11200.00
Dealt to lipesticky [Qh Ts]
abc72o raises 28000.00 to 28000.00
NutsOnUrDrumset folds
HEILVA folds
lipesticky folds
IamPickleRick folds
evolen2 folds
Quest4dAcAsh folds
Mosh_Scotia calls 14000.00
*** FLOP *** [3s 9s Ad]
Main pot 74200.00
Mosh_Scotia checks
abc72o bets 24486.00
Mosh_Scotia folds
Uncalled bet (24486.00) returned to abc72o
abc72o does not show
*** SUMMARY ***
Total pot 74200.00
Board [3s 9s Ad]
Seat 1: evolen2 (button) folded on the Pre-Flop
Seat 2: Quest4dAcAsh (small blind) folded on the Pre-Flop
Seat 3: Mosh_Scotia (big blind) folded on the Flop
Seat 4: abc72o did not show and won 74200.00
Seat 5: NutsOnUrDrumset folded on the Pre-Flop and did not bet
Seat 6: HEILVA folded on the Pre-Flop and did not bet
Seat 7: lipesticky folded on the Pre-Flop and did not bet
Seat 8: IamPickleRick folded on the Pre-Flop and did not bet

Game Hand #2017764464 - Tournament #31137464 - Holdem (No Limit) - Level 26 (7000.00/14000.00)- 2024/02/04 23:41:32 UTC
Table '286' 8-max Seat #2 is the button
Seat 1: evolen2 (177421.00)
Seat 2: Quest4dAcAsh (284142.00)
Seat 3: Mosh_Scotia (361477.00) is sitting out
Seat 4: abc72o (357635.00)
Seat 5: NutsOnUrDrumset (166047.00)
Seat 6: HEILVA (1552182.00)
Seat 7: lipesticky (249796.00)
Seat 8: IamPickleRick (641106.00)
evolen2 posts ante 1400.00
Quest4dAcAsh posts ante 1400.00
Mosh_Scotia posts ante 1400.00
abc72o posts ante 1400.00
NutsOnUrDrumset posts ante 1400.00
HEILVA posts ante 1400.00
lipesticky posts ante 1400.00
IamPickleRick posts ante 1400.00
Mosh_Scotia posts the small blind 7000.00
abc72o posts the big blind 14000.00
*** HOLE CARDS ***
Main pot 11200.00
Dealt to lipesticky [4d Th]
NutsOnUrDrumset folds
HEILVA folds
lipesticky folds
IamPickleRick folds
evolen2 folds
Quest4dAcAsh folds
Mosh_Scotia calls 7000.00
abc72o checks
*** FLOP *** [Ac Qs 2s]
Main pot 39200.00
Mosh_Scotia checks
abc72o bets 14000.00
Mosh_Scotia calls 14000.00
*** TURN *** [Ac Qs 2s] [Jc]
Main pot 67200.00
Mosh_Scotia checks
abc72o checks
*** RIVER *** [Ac Qs 2s Jc] [Ts]
Main pot 67200.00
Mosh_Scotia checks
abc72o checks
*** SHOW DOWN ***
Main pot 67200.00
Mosh_Scotia shows [Qh 6s] (a pair of Queens [Qs Qh Ac Jc Ts])
abc72o shows [6h 3h] (a high card, Ace high [Ac Qs Jc Ts 6h])
Mosh_Scotia collected 67200.00 from main pot
*** SUMMARY ***
Total pot 67200.00
Board [Ac Qs 2s Jc Ts]
Seat 1: evolen2 folded on the Pre-Flop and did not bet
Seat 2: Quest4dAcAsh (button) folded on the Pre-Flop
Seat 3: Mosh_Scotia (small blind) showed [Qh 6s] and won 67200.00 with a pair of Queens [Qs Qh Ac Jc Ts]
Seat 4: abc72o (big blind) showed [6h 3h] and lost with a high card, Ace high [Ac Qs Jc Ts 6h]
Seat 5: NutsOnUrDrumset folded on the Pre-Flop and did not bet
Seat 6: HEILVA folded on the Pre-Flop and did not bet
Seat 7: lipesticky folded on the Pre-Flop and did not bet
Seat 8: IamPickleRick folded on the Pre-Flop and did not bet

Game Hand #2017767233 - Tournament #31137464 - Holdem (No Limit) - Level 26 (7000.00/14000.00)- 2024/02/04 23:43:12 UTC
Table '286' 8-max Seat #3 is the button
Seat 1: evolen2 (176021.00)
Seat 2: Quest4dAcAsh (282742.00)
Seat 3: Mosh_Scotia (399277.00)
Seat 4: abc72o (328235.00)
Seat 5: NutsOnUrDrumset (164647.00)
Seat 6: HEILVA (1550782.00)
Seat 7: lipesticky (248396.00)
Seat 8: IamPickleRick (639706.00)
evolen2 posts ante 1400.00
Quest4dAcAsh posts ante 1400.00
Mosh_Scotia posts ante 1400.00
abc72o posts ante 1400.00
NutsOnUrDrumset posts ante 1400.00
HEILVA posts ante 1400.00
lipesticky posts ante 1400.00
IamPickleRick posts ante 1400.00
abc72o posts the small blind 7000.00
NutsOnUrDrumset posts the big blind 14000.00
*** HOLE CARDS ***
Main pot 11200.00
Dealt to lipesticky [3d 3h]
HEILVA raises 28000.00 to 28000.00
lipesticky folds
IamPickleRick folds
evolen2 folds
Quest4dAcAsh folds
Mosh_Scotia folds
abc72o folds
NutsOnUrDrumset folds
Uncalled bet (14000.00) returned to HEILVA
HEILVA does not show
*** SUMMARY ***
Total pot 46200.00
Seat 1: evolen2 folded on the Pre-Flop and did not bet
Seat 2: Quest4dAcAsh folded on the Pre-Flop and did not bet
Seat 3: Mosh_Scotia (button) folded on the Pre-Flop
Seat 4: abc72o (small blind) folded on the Pre-Flop
Seat 5: NutsOnUrDrumset (big blind) folded on the Pre-Flop
Seat 6: HEILVA did not show and won 46200.00
Seat 7: lipesticky folded on the Pre-Flop and did not bet
Seat 8: IamPickleRick folded on the Pre-Flop and did not bet

Game Hand #2017768694 - Tournament #31137464 - Holdem (No Limit) - Level 26 (7000.00/14000.00)- 2024/02/04 23:44:03 UTC
Table '286' 8-max Seat #4 is the button
Seat 1: evolen2 (174621.00)
Seat 2: Quest4dAcAsh (281342.00)
Seat 3: Mosh_Scotia (397877.00)
Seat 4: abc72o (319835.00)
Seat 5: NutsOnUrDrumset (149247.00)
Seat 6: HEILVA (1581582.00)
Seat 7: lipesticky (246996.00)
Seat 8: IamPickleRick (638306.00)
evolen2 posts ante 1400.00
Quest4dAcAsh posts ante 1400.00
Mosh_Scotia posts ante 1400.00
abc72o posts ante 1400.00
NutsOnUrDrumset posts ante 1400.00
HEILVA posts ante 1400.00
lipesticky posts ante 1400.00
IamPickleRick posts ante 1400.00
NutsOnUrDrumset posts the small blind 7000.00
HEILVA posts the big blind 14000.00
*** HOLE CARDS ***
Main pot 11200.00
Dealt to lipesticky [6d 9c]
lipesticky folds
IamPickleRick folds
evolen2 folds
Quest4dAcAsh folds
Mosh_Scotia folds
abc72o raises 28000.00 to 28000.00
NutsOnUrDrumset folds
HEILVA folds
Uncalled bet (14000.00) returned to abc72o
abc72o does not show
*** SUMMARY ***
Total pot 46200.00
Seat 1: evolen2 folded on the Pre-Flop and did not bet
Seat 2: Quest4dAcAsh folded on the Pre-Flop and did not bet
Seat 3: Mosh_Scotia folded on the Pre-Flop and did not bet
Seat 4: abc72o did not show and won 46200.00
Seat 5: NutsOnUrDrumset (small blind) folded on the Pre-Flop
Seat 6: HEILVA (big blind) folded on the Pre-Flop
Seat 7: lipesticky folded on the Pre-Flop and did not bet
Seat 8: IamPickleRick folded on the Pre-Flop and did not bet

Game Hand #2017769916 - Tournament #31137464 - Holdem (No Limit) - Level 26 (7000.00/14000.00)- 2024/02/04 23:44:47 UTC
Table '286' 8-max Seat #5 is the button
Seat 1: evolen2 (173221.00)
Seat 2: Quest4dAcAsh (279942.00)
Seat 3: Mosh_Scotia (396477.00)
Seat 4: abc72o (350635.00)
Seat 5: NutsOnUrDrumset (140847.00)
Seat 6: HEILVA (1566182.00)
Seat 7: lipesticky (245596.00)
Seat 8: IamPickleRick (636906.00)
evolen2 posts ante 1400.00
Quest4dAcAsh posts ante 1400.00
Mosh_Scotia posts ante 1400.00
abc72o posts ante 1400.00
NutsOnUrDrumset posts ante 1400.00
HEILVA posts ante 1400.00
lipesticky posts ante 1400.00
IamPickleRick posts ante 1400.00
HEILVA posts the small blind 7000.00
lipesticky posts the big blind 14000.00
*** HOLE CARDS ***
Main pot 11200.00
Dealt to lipesticky [8d 6d]
IamPickleRick folds
evolen2 folds
Quest4dAcAsh folds
Mosh_Scotia folds
abc72o folds
NutsOnUrDrumset folds
HEILVA folds
lipesticky does not show
*** SUMMARY ***
Total pot 32200.00
Seat 1: evolen2 folded on the Pre-Flop and did not bet
Seat 2: Quest4dAcAsh folded on the Pre-Flop and did not bet
Seat 3: Mosh_Scotia folded on the Pre-Flop and did not bet
Seat 4: abc72o folded on the Pre-Flop and did not bet
Seat 5: NutsOnUrDrumset (button) folded on the Pre-Flop
Seat 6: HEILVA (small blind) folded on the Pre-Flop
Seat 7: lipesticky did not show and won 32200.00
Seat 8: IamPickleRick folded on the Pre-Flop and did not bet

Game Hand #2017771192 - Tournament #31137464 - Holdem (No Limit) - Level 26 (7000.00/14000.00)- 2024/02/04 23:45:33 UTC
Table '286' 8-max Seat #6 is the button
Seat 1: evolen2 (171821.00)
Seat 2: Quest4dAcAsh (278542.00)
Seat 3: Mosh_Scotia (395077.00)
Seat 4: abc72o (349235.00)
Seat 5: NutsOnUrDrumset (139447.00) is sitting out
Seat 6: HEILVA (1557782.00)
Seat 7: lipesticky (262396.00)
Seat 8: IamPickleRick (635506.00)
evolen2 posts ante 1400.00
Quest4dAcAsh posts ante 1400.00
Mosh_Scotia posts ante 1400.00
abc72o posts ante 1400.00
NutsOnUrDrumset posts ante 1400.00
HEILVA posts ante 1400.00
lipesticky posts ante 1400.00
IamPickleRick posts ante 1400.00
lipesticky posts the small blind 7000.00
IamPickleRick posts the big blind 14000.00
*** HOLE CARDS ***
Main pot 11200.00
Dealt to lipesticky [Js 4s]
evolen2 folds
Quest4dAcAsh raises 28000.00 to 28000.00
Mosh_Scotia folds
abc72o folds
NutsOnUrDrumset folds
HEILVA folds
lipesticky folds
IamPickleRick calls 14000.00
*** FLOP *** [7s 3h 7d]
Main pot 74200.00
IamPickleRick checks
Quest4dAcAsh checks
*** TURN *** [7s 3h 7d] [8d]
Main pot 74200.00
IamPickleRick bets 48972.00
Quest4dAcAsh calls 48972.00
*** RIVER *** [7s 3h 7d 8d] [4d]
Main pot 172144.00
IamPickleRick bets 557134.00 and is all-in
Quest4dAcAsh calls 200170.00 and is all-in
Uncalled bet (356964.00) returned to IamPickleRick
*** SHOW DOWN ***
Main pot 572484.00
Quest4dAcAsh shows [Ah 8c] (two pair, Eights and Sevens [8d 8c 7s 7d Ah])
IamPickleRick shows [7c Kc] (three of a kind, Set of Sevens [7s 7d 7c Kc 8d])
IamPickleRick collected 572484.00 from main pot
*** SUMMARY ***
Total pot 572484.00
Board [7s 3h 7d 8d 4d]
Seat 1: evolen2 folded on the Pre-Flop and did not bet
Seat 2: Quest4dAcAsh showed [Ah 8c] and lost with two pair, Eights and Sevens [8d 8c 7s 7d Ah]
Seat 3: Mosh_Scotia folded on the Pre-Flop and did not bet
Seat 4: abc72o folded on the Pre-Flop and did not bet
Seat 5: NutsOnUrDrumset folded on the Pre-Flop and did not bet
Seat 6: HEILVA (button) folded on the Pre-Flop
Seat 7: lipesticky (small blind) folded on the Pre-Flop
Seat 8: IamPickleRick (big blind) showed [7c Kc] and won 572484.00 with three of a kind, Set of Sevens [7s 7d 7c Kc 8d]

Game Hand #2017774102 - Tournament #31137464 - Holdem (No Limit) - Level 27 (8000.00/16000.00)- 2024/02/04 23:47:18 UTC
Table '286' 8-max Seat #7 is the button
Seat 1: evolen2 (170421.00)
Seat 3: Mosh_Scotia (393677.00)
Seat 4: abc72o (347835.00)
Seat 5: NutsOnUrDrumset (138047.00)
Seat 6: HEILVA (1556382.00)
Seat 7: lipesticky (253996.00)
Seat 8: IamPickleRick (929448.00)
evolen2 posts ante 1600.00
Mosh_Scotia posts ante 1600.00
abc72o posts ante 1600.00
NutsOnUrDrumset posts ante 1600.00
HEILVA posts ante 1600.00
lipesticky posts ante 1600.00
IamPickleRick posts ante 1600.00
IamPickleRick posts the small blind 8000.00
evolen2 posts the big blind 16000.00
*** HOLE CARDS ***
Main pot 11200.00
Dealt to lipesticky [Kc 3s]
Mosh_Scotia raises 32000.00 to 32000.00
abc72o folds
NutsOnUrDrumset raises 136447.00 to 136447.00 and is all-in
HEILVA folds
lipesticky folds
IamPickleRick folds
evolen2 folds
Mosh_Scotia calls 104447.00
*** FLOP *** [4d Jd Ah]
Main pot 308094.00
*** TURN *** [4d Jd Ah] [7d]
Main pot 308094.00
*** RIVER *** [4d Jd Ah 7d] [Qc]
Main pot 308094.00
*** SHOW DOWN ***
Main pot 308094.00
Mosh_Scotia shows [Th 7h] (a pair of Sevens [7h 7d Ah Qc Jd])
NutsOnUrDrumset shows [Ac Td] (a pair of Aces [Ah Ac Qc Jd Td])
NutsOnUrDrumset collected 308094.00 from main pot
*** SUMMARY ***
Total pot 308094.00
Board [4d Jd Ah 7d Qc]
Seat 1: evolen2 (big blind) folded on the Pre-Flop
Seat 3: Mosh_Scotia showed [Th 7h] and lost with a pair of Sevens [7h 7d Ah Qc Jd]
Seat 4: abc72o folded on the Pre-Flop and did not bet
Seat 5: NutsOnUrDrumset showed [Ac Td] and won 308094.00 with a pair of Aces [Ah Ac Qc Jd Td]
Seat 6: HEILVA folded on the Pre-Flop and did not bet
Seat 7: lipesticky (button) folded on the Pre-Flop
Seat 8: IamPickleRick (small blind) folded on the Pre-Flop

Game Hand #2017775716 - Tournament #31137464 - Holdem (No Limit) - Level 27 (8000.00/16000.00)- 2024/02/04 23:48:17 UTC
Table '286' 8-max Seat #8 is the button
Seat 1: evolen2 (152821.00)
Seat 3: Mosh_Scotia (255630.00)
Seat 4: abc72o (346235.00)
Seat 5: NutsOnUrDrumset (308094.00)
Seat 6: HEILVA (1554782.00)
Seat 7: lipesticky (252396.00)
Seat 8: IamPickleRick (919848.00)
evolen2 posts ante 1600.00
Mosh_Scotia posts ante 1600.00
abc72o posts ante 1600.00
NutsOnUrDrumset posts ante 1600.00
HEILVA posts ante 1600.00
lipesticky posts ante 1600.00
IamPickleRick posts ante 1600.00
evolen2 posts the small blind 8000.00
Mosh_Scotia posts the big blind 16000.00
*** HOLE CARDS ***
Main pot 11200.00
Dealt to lipesticky [7c 3s]
abc72o folds
NutsOnUrDrumset folds
HEILVA folds
lipesticky folds
IamPickleRick raises 918248.00 to 918248.00 and is all-in
evolen2 folds
Mosh_Scotia calls 238030.00 and is all-in
Uncalled bet (664218.00) returned to IamPickleRick
*** FLOP *** [Jc 9s 6d]
Main pot 527260.00
*** TURN *** [Jc 9s 6d] [Ac]
Main pot 527260.00
*** RIVER *** [Jc 9s 6d Ac] [Kc]
Main pot 527260.00
*** SHOW DOWN ***
Main pot 527260.00
Mosh_Scotia shows [Ad Kd] (two pair, Aces and Kings [Ad Ac Kd Kc Jc])
IamPickleRick shows [Jd Ks] (two pair, Kings and Jacks [Ks Kc Jd Jc Ac])
Mosh_Scotia collected 527260.00 from main pot
*** SUMMARY ***
Total pot 527260.00
Board [Jc 9s 6d Ac Kc]
Seat 1: evolen2 (small blind) folded on the Pre-Flop
Seat 3: Mosh_Scotia (big blind) showed [Ad Kd] and won 527260.00 with two pair, Aces and Kings [Ad Ac Kd Kc Jc]
Seat 4: abc72o folded on the Pre-Flop and did not bet
Seat 5: NutsOnUrDrumset folded on the Pre-Flop and did not bet
Seat 6: HEILVA folded on the Pre-Flop and did not bet
Seat 7: lipesticky folded on the Pre-Flop and did not bet
Seat 8: IamPickleRick (button) showed [Jd Ks] and lost with two pair, Kings and Jacks [Ks Kc Jd Jc Ac]

Game Hand #2017776692 - Tournament #31137464 - Holdem (No Limit) - Level 27 (8000.00/16000.00)- 2024/02/04 23:48:52 UTC
Table '286' 8-max Seat #1 is the button
Seat 1: evolen2 (143221.00)
Seat 3: Mosh_Scotia (527260.00)
Seat 4: abc72o (344635.00)
Seat 5: NutsOnUrDrumset (306494.00)
Seat 6: HEILVA (1553182.00)
Seat 7: lipesticky (250796.00)
Seat 8: IamPickleRick (664218.00)
evolen2 posts ante 1600.00
Mosh_Scotia posts ante 1600.00
abc72o posts ante 1600.00
NutsOnUrDrumset posts ante 1600.00
HEILVA posts ante 1600.00
lipesticky posts ante 1600.00
IamPickleRick posts ante 1600.00
Mosh_Scotia posts the small blind 8000.00
abc72o posts the big blind 16000.00
*** HOLE CARDS ***
Main pot 11200.00
Dealt to lipesticky [2s Js]
NutsOnUrDrumset folds
HEILVA raises 32000.00 to 32000.00
lipesticky folds
IamPickleRick folds
evolen2 folds
Mosh_Scotia folds
abc72o calls 16000.00
*** FLOP *** [2d 3s Td]
Main pot 83200.00
abc72o checks
HEILVA bets 20800.00
abc72o raises 52000.00 to 52000.00
HEILVA calls 31200.00
*** TURN *** [2d 3s Td] [Jc]
Main pot 187200.00
abc72o bets 61776.00
HEILVA calls 61776.00
*** RIVER *** [2d 3s Td Jc] [Ad]
Main pot 310752.00
abc72o bets 197259.00 and is all-in
HEILVA calls 197259.00
*** SHOW DOWN ***
Main pot 705270.00
abc72o shows [9h Qd] (a high card, Ace high [Ad Qd Jc Td 9h])
HEILVA shows [As 5s] (a pair of Aces [As Ad Jc Td 5s])
HEILVA collected 705270.00 from main pot
*** SUMMARY ***
Total pot 705270.00
Board [2d 3s Td Jc Ad]
Seat 1: evolen2 (button) folded on the Pre-Flop
Seat 3: Mosh_Scotia (small blind) folded on the Pre-Flop
Seat 4: abc72o (big blind) showed [9h Qd] and lost with a high card, Ace high [Ad Qd Jc Td 9h]
Seat 5: NutsOnUrDrumset folded on the Pre-Flop and did not bet
Seat 6: HEILVA showed [As 5s] and won 705270.00 with a pair of Aces [As Ad Jc Td 5s]
Seat 7: lipesticky folded on the Pre-Flop and did not bet
Seat 8: IamPickleRick folded on the Pre-Flop and did not bet

Game Hand #2017779591 - Tournament #31137464 - Holdem (No Limit) - Level 27 (8000.00/16000.00)- 2024/02/04 23:50:39 UTC
Table '286' 8-max Seat #3 is the button
Seat 1: evolen2 (141621.00)
Seat 2: acegi (340461.00)
Seat 3: Mosh_Scotia (517660.00)
Seat 5: NutsOnUrDrumset (304894.00)
Seat 6: HEILVA (1913817.00)
Seat 7: lipesticky (249196.00)
Seat 8: IamPickleRick (662618.00)
evolen2 posts ante 1600.00
acegi posts ante 1600.00
Mosh_Scotia posts ante 1600.00
NutsOnUrDrumset posts ante 1600.00
HEILVA posts ante 1600.00
lipesticky posts ante 1600.00
IamPickleRick posts ante 1600.00
NutsOnUrDrumset posts the big blind 16000.00
*** HOLE CARDS ***
Main pot 11200.00
Dealt to lipesticky [Th 9s]
HEILVA folds
lipesticky folds
IamPickleRick folds
evolen2 raises 140021.00 to 140021.00 and is all-in
acegi folds
Mosh_Scotia folds
NutsOnUrDrumset folds
Uncalled bet (124021.00) returned to evolen2
evolen2 does not show
*** SUMMARY ***
Total pot 43200.00
Seat 1: evolen2 did not show and won 43200.00
Seat 2: acegi folded on the Pre-Flop and did not bet
Seat 3: Mosh_Scotia (button) folded on the Pre-Flop
Seat 5: NutsOnUrDrumset (big blind) folded on the Pre-Flop
Seat 6: HEILVA folded on the Pre-Flop and did not bet
Seat 7: lipesticky folded on the Pre-Flop and did not bet
Seat 8: IamPickleRick folded on the Pre-Flop and did not bet

Game Hand #2017780245 - Tournament #31137464 - Holdem (No Limit) - Level 27 (8000.00/16000.00)- 2024/02/04 23:51:03 UTC
Table '286' 8-max Seat #4 is the button
Seat 1: evolen2 (167221.00)
Seat 2: acegi (338861.00)
Seat 3: Mosh_Scotia (516060.00)
Seat 5: NutsOnUrDrumset (287294.00)
Seat 6: HEILVA (1912217.00)
Seat 7: lipesticky (247596.00)
Seat 8: IamPickleRick (661018.00)
evolen2 posts ante 1600.00
acegi posts ante 1600.00
Mosh_Scotia posts ante 1600.00
NutsOnUrDrumset posts ante 1600.00
HEILVA posts ante 1600.00
lipesticky posts ante 1600.00
IamPickleRick posts ante 1600.00
NutsOnUrDrumset posts the small blind 8000.00
HEILVA posts the big blind 16000.00
*** HOLE CARDS ***
Main pot 11200.00
Dealt to lipesticky [9c 2c]
lipesticky folds
IamPickleRick raises 32000.00 to 32000.00
evolen2 folds
acegi folds
Mosh_Scotia folds
NutsOnUrDrumset calls 24000.00
HEILVA folds
*** FLOP *** [Qd Ah 5c]
Main pot 91200.00
NutsOnUrDrumset checks
IamPickleRick bets 22800.00
NutsOnUrDrumset raises 61600.00 to 61600.00
IamPickleRick calls 38800.00
*** TURN *** [Qd Ah 5c] [5d]
Main pot 214400.00
NutsOnUrDrumset bets 54752.00
IamPickleRick calls 54752.00
*** RIVER *** [Qd Ah 5c 5d] [Ac]
Main pot 323904.00
NutsOnUrDrumset checks
IamPickleRick checks
*** SHOW DOWN ***
Main pot 323904.00
NutsOnUrDrumset shows [Qc Tc] (two pair, Aces and Queens [Ah Ac Qd Qc Tc])
IamPickleRick shows [Td Qs] (two pair, Aces and Queens [Ah Ac Qs Qd Td])
IamPickleRick collected 161952.00 from main pot
NutsOnUrDrumset collected 161952.00 from main pot
*** SUMMARY ***
Total pot 323904.00
Board [Qd Ah 5c 5d Ac]
Seat 1: evolen2 folded on the Pre-Flop and did not bet
Seat 2: acegi folded on the Pre-Flop and did not bet
Seat 3: Mosh_Scotia folded on the Pre-Flop and did not bet
Seat 5: NutsOnUrDrumset (small blind) showed [Qc Tc] and won 161952.00 with two pair, Aces and Queens [Ah Ac Qd Qc Tc]
Seat 6: HEILVA (big blind) folded on the Pre-Flop
Seat 7: lipesticky folded on the Pre-Flop and did not bet
Seat 8: IamPickleRick showed [Td Qs] and won 161952.00 with two pair, Aces and Queens [Ah Ac Qs Qd Td]

Game Hand #2017782686 - Tournament #31137464 - Holdem (No Limit) - Level 27 (8000.00/16000.00)- 2024/02/04 23:52:35 UTC
Table '286' 8-max Seat #5 is the button
Seat 1: evolen2 (165621.00)
Seat 2: acegi (337261.00)
Seat 3: Mosh_Scotia (514460.00)
Seat 4: shpanac (588088.00)
Seat 5: NutsOnUrDrumset (299294.00)
Seat 6: HEILVA (1894617.00)
Seat 7: lipesticky (245996.00)
Seat 8: IamPickleRick (673018.00)
evolen2 posts ante 1600.00
acegi posts ante 1600.00
Mosh_Scotia posts ante 1600.00
shpanac posts ante 1600.00
NutsOnUrDrumset posts ante 1600.00
HEILVA posts ante 1600.00
lipesticky posts ante 1600.00
IamPickleRick posts ante 1600.00
HEILVA posts the small blind 8000.00
lipesticky posts the big blind 16000.00
*** HOLE CARDS ***
Main pot 12800.00
Dealt to lipesticky [8c 3d]
IamPickleRick raises 32000.00 to 32000.00
evolen2 folds
acegi folds
Mosh_Scotia folds
shpanac folds
NutsOnUrDrumset folds
HEILVA folds
lipesticky folds
Uncalled bet (16000.00) returned to IamPickleRick
IamPickleRick does not show
*** SUMMARY ***
Total pot 52800.00
Seat 1: evolen2 folded on the Pre-Flop and did not bet
Seat 2: acegi folded on the Pre-Flop and did not bet
Seat 3: Mosh_Scotia folded on the Pre-Flop and did not bet
Seat 4: shpanac folded on the Pre-Flop and did not bet
Seat 5: NutsOnUrDrumset (button) folded on the Pre-Flop
Seat 6: HEILVA (small blind) folded on the Pre-Flop
Seat 7: lipesticky (big blind) folded on the Pre-Flop
Seat 8: IamPickleRick did not show and won 52800.00

Game Hand #2017783373 - Tournament #31137464 - Holdem (No Limit) - Level 27 (8000.00/16000.00)- 2024/02/04 23:53:01 UTC
Table '286' 8-max Seat #6 is the button
Seat 1: evolen2 (164021.00)
Seat 2: acegi (335661.00)
Seat 3: Mosh_Scotia (512860.00)
Seat 4: shpanac (586488.00)
Seat 5: NutsOnUrDrumset (297694.00)
Seat 6: HEILVA (1885017.00)
Seat 7: lipesticky (228396.00)
Seat 8: IamPickleRick (708218.00)
evolen2 posts ante 1600.00
acegi posts ante 1600.00
Mosh_Scotia posts ante 1600.00
shpanac posts ante 1600.00
NutsOnUrDrumset posts ante 1600.00
HEILVA posts ante 1600.00
lipesticky posts ante 1600.00
IamPickleRick posts ante 1600.00
lipesticky posts the small blind 8000.00
IamPickleRick posts the big blind 16000.00
*** HOLE CARDS ***
Main pot 12800.00
Dealt to lipesticky [3h 8d]
evolen2 folds
acegi folds
Mosh_Scotia folds
shpanac raises 32000.00 to 32000.00
NutsOnUrDrumset calls 32000.00
HEILVA folds
lipesticky folds
IamPickleRick calls 16000.00
*** FLOP *** [Ts 6c 5h]
Main pot 116800.00
IamPickleRick checks
shpanac checks
NutsOnUrDrumset checks
*** TURN *** [Ts 6c 5h] [7c]
Main pot 116800.00
IamPickleRick bets 77088.00
shpanac folds
NutsOnUrDrumset folds
Uncalled bet (77088.00) returned to IamPickleRick
IamPickleRick does not show
*** SUMMARY ***
Total pot 116800.00
Board [Ts 6c 5h 7c]
Seat 1: evolen2 folded on the Pre-Flop and did not bet
Seat 2: acegi folded on the Pre-Flop and did not bet
Seat 3: Mosh_Scotia folded on the Pre-Flop and did not bet
Seat 4: shpanac folded on the Turn
Seat 5: NutsOnUrDrumset folded on the Turn
Seat 6: HEILVA (button) folded on the Pre-Flop
Seat 7: lipesticky (small blind) folded on the Pre-Flop
Seat 8: IamPickleRick did not show and won 116800.00

Game Hand #2017786102 - Tournament #31137464 - Holdem (No Limit) - Level 27 (8000.00/16000.00)- 2024/02/04 23:54:45 UTC
Table '286' 8-max Seat #7 is the button
Seat 1: evolen2 (162421.00)
Seat 2: acegi (334061.00)
Seat 3: Mosh_Scotia (511260.00)
Seat 4: shpanac (552888.00)
Seat 5: NutsOnUrDrumset (264094.00)
Seat 6: HEILVA (1883417.00)
Seat 7: lipesticky (218796.00)
Seat 8: IamPickleRick (791418.00)
evolen2 posts ante 1600.00
acegi posts ante 1600.00
Mosh_Scotia posts ante 1600.00
shpanac posts ante 1600.00
NutsOnUrDrumset posts ante 1600.00
HEILVA posts ante 1600.00
lipesticky posts ante 1600.00
IamPickleRick posts ante 1600.00
IamPickleRick posts the small blind 8000.00
evolen2 posts the big blind 16000.00
*** HOLE CARDS ***
Main pot 12800.00
Dealt to lipesticky [Kd 4s]
acegi folds
Mosh_Scotia raises 36800.00 to 36800.00
shpanac folds
NutsOnUrDrumset calls 36800.00
HEILVA folds
lipesticky folds
IamPickleRick folds
evolen2 folds
*** FLOP *** [3c Ac Ad]
Main pot 110400.00
Mosh_Scotia bets 25834.00
NutsOnUrDrumset calls 25834.00
*** TURN *** [3c Ac Ad] [4d]
Main pot 162068.00
Mosh_Scotia bets 55265.00
NutsOnUrDrumset folds
Uncalled bet (55265.00) returned to Mosh_Scotia
Mosh_Scotia does not show
*** SUMMARY ***
Total pot 162068.00
Board [3c Ac Ad 4d]
Seat 1: evolen2 (big blind) folded on the Pre-Flop
Seat 2: acegi folded on the Pre-Flop and did not bet
Seat 3: Mosh_Scotia did not show and won 162068.00
Seat 4: shpanac folded on the Pre-Flop and did not bet
Seat 5: NutsOnUrDrumset folded on the Turn
Seat 6: HEILVA folded on the Pre-Flop and did not bet
Seat 7: lipesticky (button) folded on the Pre-Flop
Seat 8: IamPickleRick (small blind) folded on the Pre-Flop

Game Hand #2017790442 - Tournament #31137464 - Holdem (No Limit) - Level 27 (8000.00/16000.00)- 2024/02/05 00:01:47 UTC
Table '286' 8-max Seat #8 is the button
Seat 1: evolen2 (144821.00)
Seat 2: acegi (332461.00)
Seat 3: Mosh_Scotia (609094.00)
Seat 4: shpanac (551288.00)
Seat 5: NutsOnUrDrumset (199860.00)
Seat 6: HEILVA (1881817.00)
Seat 7: lipesticky (217196.00)
Seat 8: IamPickleRick (781818.00)
evolen2 posts ante 1600.00
acegi posts ante 1600.00
Mosh_Scotia posts ante 1600.00
shpanac posts ante 1600.00
NutsOnUrDrumset posts ante 1600.00
HEILVA posts ante 1600.00
lipesticky posts ante 1600.00
IamPickleRick posts ante 1600.00
evolen2 posts the small blind 8000.00
acegi posts the big blind 16000.00
*** HOLE CARDS ***
Main pot 12800.00
Dealt to lipesticky [As Th]
Mosh_Scotia folds
shpanac folds
NutsOnUrDrumset folds
HEILVA folds
lipesticky raises 215596.00 to 215596.00 and is all-in
IamPickleRick folds
evolen2 folds
acegi calls 199596.00
*** FLOP *** [7s 2d Ac]
Main pot 451992.00
*** TURN *** [7s 2d Ac] [6h]
Main pot 451992.00
*** RIVER *** [7s 2d Ac 6h] [6d]
Main pot 451992.00
*** SHOW DOWN ***
Main pot 451992.00
acegi shows [Qh Qc] (two pair, Queens and Sixs [Qh Qc 6h 6d Ac])
lipesticky shows [As Th] (two pair, Aces and Sixs [As Ac 6h 6d Th])
lipesticky collected 451992.00 from main pot
*** SUMMARY ***
Total pot 451992.00
Board [7s 2d Ac 6h 6d]
Seat 1: evolen2 (small blind) folded on the Pre-Flop
Seat 2: acegi (big blind) showed [Qh Qc] and lost with two pair, Queens and Sixs [Qh Qc 6h 6d Ac]
Seat 3: Mosh_Scotia folded on the Pre-Flop and did not bet
Seat 4: shpanac folded on the Pre-Flop and did not bet
Seat 5: NutsOnUrDrumset folded on the Pre-Flop and did not bet
Seat 6: HEILVA folded on the Pre-Flop and did not bet
Seat 7: lipesticky showed [As Th] and won 451992.00 with two pair, Aces and Sixs [As Ac 6h 6d Th]
Seat 8: IamPickleRick (button) folded on the Pre-Flop

Game Hand #2017791669 - Tournament #31137464 - Holdem (No Limit) - Level 27 (8000.00/16000.00)- 2024/02/05 00:02:39 UTC
Table '286' 8-max Seat #1 is the button
Seat 1: evolen2 (135221.00)
Seat 2: acegi (115265.00)
Seat 3: Mosh_Scotia (607494.00)
Seat 4: shpanac (549688.00)
Seat 5: NutsOnUrDrumset (198260.00)
Seat 6: HEILVA (1880217.00)
Seat 7: lipesticky (451992.00)
Seat 8: IamPickleRick (780218.00)
evolen2 posts ante 1600.00
acegi posts ante 1600.00
Mosh_Scotia posts ante 1600.00
shpanac posts ante 1600.00
NutsOnUrDrumset posts ante 1600.00
HEILVA posts ante 1600.00
lipesticky posts ante 1600.00
IamPickleRick posts ante 1600.00
acegi posts the small blind 8000.00
Mosh_Scotia posts the big blind 16000.00
*** HOLE CARDS ***
Main pot 12800.00
Dealt to lipesticky [5h 3d]
shpanac folds
NutsOnUrDrumset folds
HEILVA raises 32000.00 to 32000.00
lipesticky folds
IamPickleRick folds
evolen2 folds
acegi folds
Mosh_Scotia calls 16000.00
*** FLOP *** [6s Th 9h]
Main pot 84800.00
Mosh_Scotia bets 43926.00
HEILVA calls 43926.00
*** TURN *** [6s Th 9h] [8s]
Main pot 172652.00
Mosh_Scotia checks
HEILVA checks
*** RIVER *** [6s Th 9h 8s] [5d]
Main pot 172652.00
Mosh_Scotia checks
HEILVA checks
*** SHOW DOWN ***
Main pot 172652.00
Mosh_Scotia shows [Ad 9d] (a pair of Nines [9h 9d Ad Th 8s])
HEILVA shows [9s Qs] (a pair of Nines [9s 9h Qs Th 8s])
Mosh_Scotia collected 172652.00 from main pot
*** SUMMARY ***
Total pot 172652.00
Board [6s Th 9h 8s 5d]
Seat 1: evolen2 (button) folded on the Pre-Flop
Seat 2: acegi (small blind) folded on the Pre-Flop
Seat 3: Mosh_Scotia (big blind) showed [Ad 9d] and won 172652.00 with a pair of Nines [9h 9d Ad Th 8s] with the kicker Ace
Seat 4: shpanac folded on the Pre-Flop and did not bet
Seat 5: NutsOnUrDrumset folded on the Pre-Flop and did not bet
Seat 6: HEILVA showed [9s Qs] and lost with a pair of Nines [9s 9h Qs Th 8s]
Seat 7: lipesticky folded on the Pre-Flop and did not bet
Seat 8: IamPickleRick folded on the Pre-Flop and did not bet

Game Hand #2017793168 - Tournament #31137464 - Holdem (No Limit) - Level 27 (8000.00/16000.00)- 2024/02/05 00:03:40 UTC
Table '286' 8-max Seat #2 is the button
Seat 1: evolen2 (133621.00)
Seat 2: acegi (105665.00)
Seat 3: Mosh_Scotia (702620.00)
Seat 4: shpanac (548088.00)
Seat 5: NutsOnUrDrumset (196660.00)
Seat 6: HEILVA (1802691.00)
Seat 7: lipesticky (450392.00)
Seat 8: IamPickleRick (778618.00)
evolen2 posts ante 1600.00
acegi posts ante 1600.00
Mosh_Scotia posts ante 1600.00
shpanac posts ante 1600.00
NutsOnUrDrumset posts ante 1600.00
HEILVA posts ante 1600.00
lipesticky posts ante 1600.00
IamPickleRick posts ante 1600.00
Mosh_Scotia posts the small blind 8000.00
shpanac posts the big blind 16000.00
*** HOLE CARDS ***
Main pot 12800.00
Dealt to lipesticky [3c 5h]
NutsOnUrDrumset folds
HEILVA folds
lipesticky folds
IamPickleRick raises 32000.00 to 32000.00
evolen2 raises 132021.00 to 132021.00 and is all-in
acegi folds
Mosh_Scotia raises 693020.00 to 701020.00 and is all-in
shpanac folds
IamPickleRick folds
Uncalled bet (568999.00) returned to Mosh_Scotia
*** FLOP *** [6s 8h 3h]
Main pot 324842.00
*** TURN *** [6s 8h 3h] [5d]
Main pot 324842.00
*** RIVER *** [6s 8h 3h 5d] [3s]
Main pot 324842.00
*** SHOW DOWN ***
Main pot 324842.00
evolen2 shows [Ah Ks] (a pair of Threes [3s 3h Ah Ks 8h])
Mosh_Scotia shows [Th Qs] (a pair of Threes [3s 3h Qs Th 8h])
evolen2 collected 324842.00 from main pot
*** SUMMARY ***
Total pot 324842.00
Board [6s 8h 3h 5d 3s]
Seat 1: evolen2 showed [Ah Ks] and won 324842.00 with a pair of Threes [3s 3h Ah Ks 8h] with the kicker Ace
Seat 2: acegi (button) folded on the Pre-Flop
Seat 3: Mosh_Scotia (small blind) showed [Th Qs] and lost with a pair of Threes [3s 3h Qs Th 8h]
Seat 4: shpanac (big blind) folded on the Pre-Flop
Seat 5: NutsOnUrDrumset folded on the Pre-Flop and did not bet
Seat 6: HEILVA folded on the Pre-Flop and did not bet
Seat 7: lipesticky folded on the Pre-Flop and did not bet
Seat 8: IamPickleRick folded on the Pre-Flop and did not bet

Game Hand #2017794589 - Tournament #31137464 - Holdem (No Limit) - Level 28 (10000.00/20000.00)- 2024/02/05 00:04:35 UTC
Table '286' 8-max Seat #3 is the button
Seat 1: evolen2 (324842.00)
Seat 2: acegi (104065.00)
Seat 3: Mosh_Scotia (568999.00)
Seat 4: shpanac (530488.00)
Seat 5: NutsOnUrDrumset (195060.00)
Seat 6: HEILVA (1801091.00)
Seat 7: lipesticky (448792.00)
Seat 8: IamPickleRick (745018.00)
evolen2 posts ante 2000.00
acegi posts ante 2000.00
Mosh_Scotia posts ante 2000.00
shpanac posts ante 2000.00
NutsOnUrDrumset posts ante 2000.00
HEILVA posts ante 2000.00
lipesticky posts ante 2000.00
IamPickleRick posts ante 2000.00
shpanac posts the small blind 10000.00
NutsOnUrDrumset posts the big blind 20000.00
*** HOLE CARDS ***
Main pot 16000.00
Dealt to lipesticky [7h Qc]
HEILVA raises 40000.00 to 40000.00
lipesticky folds
IamPickleRick folds
evolen2 folds
acegi folds
Mosh_Scotia folds
shpanac folds
NutsOnUrDrumset calls 20000.00
*** FLOP *** [5s 3s Jd]
Main pot 106000.00
NutsOnUrDrumset checks
HEILVA bets 20000.00
NutsOnUrDrumset calls 20000.00
*** TURN *** [5s 3s Jd] [Kh]
Main pot 146000.00
NutsOnUrDrumset checks
HEILVA bets 40000.00
NutsOnUrDrumset folds
Uncalled bet (40000.00) returned to HEILVA
HEILVA does not show
*** SUMMARY ***
Total pot 146000.00
Board [5s 3s Jd Kh]
Seat 1: evolen2 folded on the Pre-Flop and did not bet
Seat 2: acegi folded on the Pre-Flop and did not bet
Seat 3: Mosh_Scotia (button) folded on the Pre-Flop
Seat 4: shpanac (small blind) folded on the Pre-Flop
Seat 5: NutsOnUrDrumset (big blind) folded on the Turn
Seat 6: HEILVA did not show and won 146000.00
Seat 7: lipesticky folded on the Pre-Flop and did not bet
Seat 8: IamPickleRick folded on the Pre-Flop and did not bet

Game Hand #2017796562 - Tournament #31137464 - Holdem (No Limit) - Level 28 (10000.00/20000.00)- 2024/02/05 00:05:51 UTC
Table '286' 8-max Seat #4 is the button
Seat 1: evolen2 (322842.00)
Seat 2: acegi (102065.00)
Seat 3: Mosh_Scotia (566999.00)
Seat 4: shpanac (518488.00)
Seat 5: NutsOnUrDrumset (133060.00)
Seat 6: HEILVA (1885091.00)
Seat 7: lipesticky (446792.00)
Seat 8: IamPickleRick (743018.00)
evolen2 posts ante 2000.00
acegi posts ante 2000.00
Mosh_Scotia posts ante 2000.00
shpanac posts ante 2000.00
NutsOnUrDrumset posts ante 2000.00
HEILVA posts ante 2000.00
lipesticky posts ante 2000.00
IamPickleRick posts ante 2000.00
NutsOnUrDrumset posts the small blind 10000.00
HEILVA posts the big blind 20000.00
*** HOLE CARDS ***
Main pot 16000.00
Dealt to lipesticky [Js Kc]
lipesticky raises 42000.00 to 42000.00
IamPickleRick folds
evolen2 folds
acegi folds
Mosh_Scotia calls 42000.00
shpanac folds
NutsOnUrDrumset folds
HEILVA calls 22000.00
*** FLOP *** [Tc 6c Ah]
Main pot 152000.00
HEILVA checks
lipesticky bets 40160.00
Mosh_Scotia folds
HEILVA folds
Uncalled bet (40160.00) returned to lipesticky
lipesticky does not show
*** SUMMARY ***
Total pot 152000.00
Board [Tc 6c Ah]
Seat 1: evolen2 folded on the Pre-Flop and did not bet
Seat 2: acegi folded on the Pre-Flop and did not bet
Seat 3: Mosh_Scotia folded on the Flop
Seat 4: shpanac (button) folded on the Pre-Flop
Seat 5: NutsOnUrDrumset (small blind) folded on the Pre-Flop
Seat 6: HEILVA (big blind) folded on the Flop
Seat 7: lipesticky did not show and won 152000.00
Seat 8: IamPickleRick folded on the Pre-Flop and did not bet

Game Hand #2017797797 - Tournament #31137464 - Holdem (No Limit) - Level 28 (10000.00/20000.00)- 2024/02/05 00:06:39 UTC
Table '286' 8-max Seat #5 is the button
Seat 1: evolen2 (320842.00)
Seat 2: acegi (100065.00)
Seat 3: Mosh_Scotia (522999.00)
Seat 4: shpanac (516488.00)
Seat 5: NutsOnUrDrumset (121060.00)
Seat 6: HEILVA (1841091.00)
Seat 7: lipesticky (554792.00)
Seat 8: IamPickleRick (741018.00)
evolen2 posts ante 2000.00
acegi posts ante 2000.00
Mosh_Scotia posts ante 2000.00
shpanac posts ante 2000.00
NutsOnUrDrumset posts ante 2000.00
HEILVA posts ante 2000.00
lipesticky posts ante 2000.00
IamPickleRick posts ante 2000.00
HEILVA posts the small blind 10000.00
lipesticky posts the big blind 20000.00
*** HOLE CARDS ***
Main pot 16000.00
Dealt to lipesticky [8h Ks]
IamPickleRick folds
evolen2 raises 318842.00 to 318842.00 and is all-in
acegi folds
Mosh_Scotia folds
shpanac folds
NutsOnUrDrumset folds
HEILVA folds
lipesticky folds
Uncalled bet (298842.00) returned to evolen2
evolen2 does not show
*** SUMMARY ***
Total pot 66000.00
Seat 1: evolen2 did not show and won 66000.00
Seat 2: acegi folded on the Pre-Flop and did not bet
Seat 3: Mosh_Scotia folded on the Pre-Flop and did not bet
Seat 4: shpanac folded on the Pre-Flop and did not bet
Seat 5: NutsOnUrDrumset (button) folded on the Pre-Flop
Seat 6: HEILVA (small blind) folded on the Pre-Flop
Seat 7: lipesticky (big blind) folded on the Pre-Flop
Seat 8: IamPickleRick folded on the Pre-Flop and did not bet

Game Hand #2017798578 - Tournament #31137464 - Holdem (No Limit) - Level 28 (10000.00/20000.00)- 2024/02/05 00:07:09 UTC
Table '286' 8-max Seat #6 is the button
Seat 1: evolen2 (364842.00)
Seat 2: acegi (98065.00)
Seat 3: Mosh_Scotia (520999.00)
Seat 4: shpanac (514488.00)
Seat 5: NutsOnUrDrumset (119060.00)
Seat 6: HEILVA (1829091.00)
Seat 7: lipesticky (532792.00)
Seat 8: IamPickleRick (739018.00)
evolen2 posts ante 2000.00
acegi posts ante 2000.00
Mosh_Scotia posts ante 2000.00
shpanac posts ante 2000.00
NutsOnUrDrumset posts ante 2000.00
HEILVA posts ante 2000.00
lipesticky posts ante 2000.00
IamPickleRick posts ante 2000.00
lipesticky posts the small blind 10000.00
IamPickleRick posts the big blind 20000.00
*** HOLE CARDS ***
Main pot 16000.00
Dealt to lipesticky [7s 3s]
evolen2 folds
acegi folds
Mosh_Scotia folds
shpanac folds
NutsOnUrDrumset raises 117060.00 to 117060.00 and is all-in
HEILVA folds
lipesticky folds
IamPickleRick calls 97060.00
*** FLOP *** [Ad 7d 5s]
Main pot 260120.00
*** TURN *** [Ad 7d 5s] [Qc]
Main pot 260120.00
*** RIVER *** [Ad 7d 5s Qc] [2c]
Main pot 260120.00
*** SHOW DOWN ***
Main pot 260120.00
NutsOnUrDrumset shows [2d 2h] (three of a kind, Set of Deuces [2h 2d 2c Ad Qc])
IamPickleRick shows [Jh Ac] (a pair of Aces [Ad Ac Qc Jh 7d])
NutsOnUrDrumset collected 260120.00 from main pot
*** SUMMARY ***
Total pot 260120.00
Board [Ad 7d 5s Qc 2c]
Seat 1: evolen2 folded on the Pre-Flop and did not bet
Seat 2: acegi folded on the Pre-Flop and did not bet
Seat 3: Mosh_Scotia folded on the Pre-Flop and did not bet
Seat 4: shpanac folded on the Pre-Flop and did not bet
Seat 5: NutsOnUrDrumset showed [2d 2h] and won 260120.00 with three of a kind, Set of Deuces [2h 2d 2c Ad Qc]
Seat 6: HEILVA (button) folded on the Pre-Flop
Seat 7: lipesticky (small blind) folded on the Pre-Flop
Seat 8: IamPickleRick (big blind) showed [Jh Ac] and lost with a pair of Aces [Ad Ac Qc Jh 7d]

Game Hand #2017800005 - Tournament #31137464 - Holdem (No Limit) - Level 28 (10000.00/20000.00)- 2024/02/05 00:08:04 UTC
Table '286' 8-max Seat #7 is the button
Seat 1: evolen2 (362842.00)
Seat 2: acegi (96065.00)
Seat 3: Mosh_Scotia (518999.00)
Seat 4: shpanac (512488.00)
Seat 5: NutsOnUrDrumset (260120.00)
Seat 6: HEILVA (1827091.00)
Seat 7: lipesticky (520792.00)
Seat 8: IamPickleRick (619958.00)
evolen2 posts ante 2000.00
acegi posts ante 2000.00
Mosh_Scotia posts ante 2000.00
shpanac posts ante 2000.00
NutsOnUrDrumset posts ante 2000.00
HEILVA posts ante 2000.00
lipesticky posts ante 2000.00
IamPickleRick posts ante 2000.00
IamPickleRick posts the small blind 10000.00
evolen2 posts the big blind 20000.00
*** HOLE CARDS ***
Main pot 16000.00
Dealt to lipesticky [2s 8h]
acegi folds
Mosh_Scotia folds
shpanac folds
NutsOnUrDrumset folds
HEILVA raises 40000.00 to 40000.00
lipesticky folds
IamPickleRick raises 130000.00 to 140000.00
evolen2 folds
HEILVA calls 100000.00
*** FLOP *** [Qh Th Jd]
Main pot 316000.00
IamPickleRick bets 79000.00
HEILVA calls 79000.00
*** TURN *** [Qh Th Jd] [Kc]
Main pot 474000.00
IamPickleRick bets 118500.00
HEILVA calls 118500.00
*** RIVER *** [Qh Th Jd Kc] [4c]
Main pot 711000.00
IamPickleRick bets 280458.00 and is all-in
HEILVA calls 280458.00
*** SHOW DOWN ***
Main pot 1271916.00
HEILVA shows [Ac As] (a straight, Ace high [As Kc Qh Jd Th])
IamPickleRick shows [4h Ah] (a straight, Ace high [Ah Kc Qh Jd Th])
HEILVA collected 635958.00 from main pot
IamPickleRick collected 635958.00 from main pot
*** SUMMARY ***
Total pot 1271916.00
Board [Qh Th Jd Kc 4c]
Seat 1: evolen2 (big blind) folded on the Pre-Flop
Seat 2: acegi folded on the Pre-Flop and did not bet
Seat 3: Mosh_Scotia folded on the Pre-Flop and did not bet
Seat 4: shpanac folded on the Pre-Flop and did not bet
Seat 5: NutsOnUrDrumset folded on the Pre-Flop and did not bet
Seat 6: HEILVA showed [Ac As] and won 635958.00 with a straight, Ace high [As Kc Qh Jd Th]
Seat 7: lipesticky (button) folded on the Pre-Flop
Seat 8: IamPickleRick (small blind) showed [4h Ah] and won 635958.00 with a straight, Ace high [Ah Kc Qh Jd Th]

Game Hand #2017802357 - Tournament #31137464 - Holdem (No Limit) - Level 28 (10000.00/20000.00)- 2024/02/05 00:09:35 UTC
Table '286' 8-max Seat #8 is the button
Seat 1: evolen2 (340842.00)
Seat 2: acegi (94065.00)
Seat 3: Mosh_Scotia (516999.00)
Seat 4: shpanac (510488.00)
Seat 5: NutsOnUrDrumset (258120.00)
Seat 6: HEILVA (1843091.00)
Seat 7: lipesticky (518792.00)
Seat 8: IamPickleRick (635958.00)
evolen2 posts ante 2000.00
acegi posts ante 2000.00
Mosh_Scotia posts ante 2000.00
shpanac posts ante 2000.00
NutsOnUrDrumset posts ante 2000.00
HEILVA posts ante 2000.00
lipesticky posts ante 2000.00
IamPickleRick posts ante 2000.00
evolen2 posts the small blind 10000.00
acegi posts the big blind 20000.00
*** HOLE CARDS ***
Main pot 16000.00
Dealt to lipesticky [8d 4c]
Mosh_Scotia raises 40000.00 to 40000.00
shpanac folds
NutsOnUrDrumset folds
HEILVA folds
lipesticky folds
IamPickleRick calls 40000.00
evolen2 folds
acegi folds
*** FLOP *** [6s Kh Jc]
Main pot 126000.00
Mosh_Scotia bets 42966.00
IamPickleRick calls 42966.00
*** TURN *** [6s Kh Jc] [5h]
Main pot 211932.00
Mosh_Scotia checks
IamPickleRick checks
*** RIVER *** [6s Kh Jc 5h] [7c]
Main pot 211932.00
Mosh_Scotia bets 72269.00
IamPickleRick folds
Uncalled bet (72269.00) returned to Mosh_Scotia
Mosh_Scotia does not show
*** SUMMARY ***
Total pot 211932.00
Board [6s Kh Jc 5h 7c]
Seat 1: evolen2 (small blind) folded on the Pre-Flop
Seat 2: acegi (big blind) folded on the Pre-Flop
Seat 3: Mosh_Scotia did not show and won 211932.00
Seat 4: shpanac folded on the Pre-Flop and did not bet
Seat 5: NutsOnUrDrumset folded on the Pre-Flop and did not bet
Seat 6: HEILVA folded on the Pre-Flop and did not bet
Seat 7: lipesticky folded on the Pre-Flop and did not bet
Seat 8: IamPickleRick (button) folded on the River

Game Hand #2017805662 - Tournament #31137464 - Holdem (No Limit) - Level 28 (10000.00/20000.00)- 2024/02/05 00:11:41 UTC
Table '286' 8-max Seat #1 is the button
Seat 1: evolen2 (328842.00)
Seat 2: acegi (72065.00)
Seat 3: Mosh_Scotia (643965.00)
Seat 4: shpanac (508488.00)
Seat 5: NutsOnUrDrumset (256120.00)
Seat 6: HEILVA (1841091.00)
Seat 7: lipesticky (516792.00)
Seat 8: IamPickleRick (550992.00)
evolen2 posts ante 2000.00
acegi posts ante 2000.00
Mosh_Scotia posts ante 2000.00
shpanac posts ante 2000.00
NutsOnUrDrumset posts ante 2000.00
HEILVA posts ante 2000.00
lipesticky posts ante 2000.00
IamPickleRick posts ante 2000.00
acegi posts the small blind 10000.00
Mosh_Scotia posts the big blind 20000.00
*** HOLE CARDS ***
Main pot 16000.00
Dealt to lipesticky [2h 6s]
shpanac folds
NutsOnUrDrumset folds
HEILVA folds
lipesticky folds
IamPickleRick raises 40000.00 to 40000.00
evolen2 folds
acegi folds
Mosh_Scotia calls 20000.00
*** FLOP *** [9c Qc 8h]
Main pot 106000.00
Mosh_Scotia bets 24804.00
IamPickleRick folds
Uncalled bet (24804.00) returned to Mosh_Scotia
Mosh_Scotia does not show
*** SUMMARY ***
Total pot 106000.00
Board [9c Qc 8h]
Seat 1: evolen2 (button) folded on the Pre-Flop
Seat 2: acegi (small blind) folded on the Pre-Flop
Seat 3: Mosh_Scotia did not show and won 106000.00
Seat 4: shpanac folded on the Pre-Flop and did not bet
Seat 5: NutsOnUrDrumset folded on the Pre-Flop and did not bet
Seat 6: HEILVA folded on the Pre-Flop and did not bet
Seat 7: lipesticky folded on the Pre-Flop and did not bet
Seat 8: IamPickleRick folded on the Flop

Game Hand #2017807539 - Tournament #31137464 - Holdem (No Limit) - Level 28 (10000.00/20000.00)- 2024/02/05 00:12:52 UTC
Table '286' 8-max Seat #2 is the button
Seat 1: evolen2 (326842.00)
Seat 2: acegi (60065.00)
Seat 3: Mosh_Scotia (707965.00)
Seat 4: shpanac (506488.00)
Seat 5: NutsOnUrDrumset (254120.00) is sitting out
Seat 6: HEILVA (1839091.00)
Seat 7: lipesticky (514792.00)
Seat 8: IamPickleRick (508992.00)
evolen2 posts ante 2000.00
acegi posts ante 2000.00
Mosh_Scotia posts ante 2000.00
shpanac posts ante 2000.00
NutsOnUrDrumset posts ante 2000.00
HEILVA posts ante 2000.00
lipesticky posts ante 2000.00
IamPickleRick posts ante 2000.00
Mosh_Scotia posts the small blind 10000.00
shpanac posts the big blind 20000.00
*** HOLE CARDS ***
Main pot 16000.00
Dealt to lipesticky [9h Ah]
NutsOnUrDrumset folds
HEILVA folds
lipesticky raises 42000.00 to 42000.00
IamPickleRick folds
evolen2 folds
acegi raises 58065.00 to 58065.00 and is all-in
Mosh_Scotia folds
shpanac folds
lipesticky calls 16065.00
*** FLOP *** [Tc Qd Th]
Main pot 162130.00
*** TURN *** [Tc Qd Th] [6c]
Main pot 162130.00
*** RIVER *** [Tc Qd Th 6c] [4s]
Main pot 162130.00
*** SHOW DOWN ***
Main pot 162130.00
acegi shows [Qh Ad] (two pair, Queens and Tens [Qh Qd Th Tc Ad])
lipesticky shows [9h Ah] (a pair of Tens [Th Tc Ah Qd 9h])
acegi collected 162130.00 from main pot
*** SUMMARY ***
Total pot 162130.00
Board [Tc Qd Th 6c 4s]
Seat 1: evolen2 folded on the Pre-Flop and did not bet
Seat 2: acegi (button) showed [Qh Ad] and won 162130.00 with two pair, Queens and Tens [Qh Qd Th Tc Ad]
Seat 3: Mosh_Scotia (small blind) folded on the Pre-Flop
Seat 4: shpanac (big blind) folded on the Pre-Flop
Seat 5: NutsOnUrDrumset folded on the Pre-Flop and did not bet
Seat 6: HEILVA folded on the Pre-Flop and did not bet
Seat 7: lipesticky showed [9h Ah] and lost with a pair of Tens [Th Tc Ah Qd 9h]
Seat 8: IamPickleRick folded on the Pre-Flop and did not bet

Game Hand #2017809811 - Tournament #31137464 - Holdem (No Limit) - Level 29 (12500.00/25000.00)- 2024/02/05 00:14:20 UTC
Table '286' 8-max Seat #3 is the button
Seat 1: evolen2 (324842.00)
Seat 2: acegi (162130.00)
Seat 3: Mosh_Scotia (695965.00)
Seat 4: shpanac (484488.00)
Seat 5: NutsOnUrDrumset (252120.00)
Seat 6: HEILVA (1837091.00)
Seat 7: lipesticky (454727.00)
Seat 8: IamPickleRick (506992.00)
evolen2 posts ante 2500.00
acegi posts ante 2500.00
Mosh_Scotia posts ante 2500.00
shpanac posts ante 2500.00
NutsOnUrDrumset posts ante 2500.00
HEILVA posts ante 2500.00
lipesticky posts ante 2500.00
IamPickleRick posts ante 2500.00
shpanac posts the small blind 12500.00
NutsOnUrDrumset posts the big blind 25000.00
*** HOLE CARDS ***
Main pot 20000.00
Dealt to lipesticky [5h 8d]
HEILVA folds
lipesticky folds
IamPickleRick folds
evolen2 raises 86875.00 to 86875.00
acegi folds
Mosh_Scotia raises 693465.00 to 693465.00 and is all-in
shpanac folds
NutsOnUrDrumset folds
evolen2 folds
Uncalled bet (606590.00) returned to Mosh_Scotia
Mosh_Scotia does not show
*** SUMMARY ***
Total pot 231250.00
Seat 1: evolen2 folded on the Pre-Flop and did not bet
Seat 2: acegi folded on the Pre-Flop and did not bet
Seat 3: Mosh_Scotia did not show and won 231250.00
Seat 4: shpanac (small blind) folded on the Pre-Flop
Seat 5: NutsOnUrDrumset (big blind) folded on the Pre-Flop
Seat 6: HEILVA folded on the Pre-Flop and did not bet
Seat 7: lipesticky folded on the Pre-Flop and did not bet
Seat 8: IamPickleRick folded on the Pre-Flop and did not bet

Game Hand #2017811522 - Tournament #31137464 - Holdem (No Limit) - Level 29 (12500.00/25000.00)- 2024/02/05 00:15:26 UTC
Table '286' 8-max Seat #4 is the button
Seat 1: evolen2 (235467.00)
Seat 2: acegi (159630.00)
Seat 3: Mosh_Scotia (837840.00)
Seat 4: shpanac (469488.00)
Seat 5: NutsOnUrDrumset (224620.00)
Seat 7: lipesticky (452227.00)
Seat 8: IamPickleRick (504492.00)
evolen2 posts ante 2500.00
acegi posts ante 2500.00
Mosh_Scotia posts ante 2500.00
shpanac posts ante 2500.00
NutsOnUrDrumset posts ante 2500.00
lipesticky posts ante 2500.00
IamPickleRick posts ante 2500.00
NutsOnUrDrumset posts the small blind 12500.00
lipesticky posts the big blind 25000.00
*** HOLE CARDS ***
Main pot 17500.00
Dealt to lipesticky [6h Jd]
IamPickleRick folds
evolen2 raises 232967.00 to 232967.00 and is all-in
acegi folds
Mosh_Scotia raises 835340.00 to 835340.00 and is all-in
shpanac folds
NutsOnUrDrumset folds
lipesticky folds
Uncalled bet (602373.00) returned to Mosh_Scotia
*** FLOP *** [6s 4d 2d]
Main pot 520934.00
*** TURN *** [6s 4d 2d] [7h]
Main pot 520934.00
*** RIVER *** [6s 4d 2d 7h] [Tc]
Main pot 520934.00
*** SHOW DOWN ***
Main pot 520934.00
evolen2 shows [As Td] (a pair of Tens [Td Tc As 7h 6s])
Mosh_Scotia shows [Ts Kh] (a pair of Tens [Ts Tc Kh 7h 6s])
evolen2 collected 520934.00 from main pot
*** SUMMARY ***
Total pot 520934.00
Board [6s 4d 2d 7h Tc]
Seat 1: evolen2 showed [As Td] and won 520934.00 with a pair of Tens [Td Tc As 7h 6s] with the kicker Ace
Seat 2: acegi folded on the Pre-Flop and did not bet
Seat 3: Mosh_Scotia showed [Ts Kh] and lost with a pair of Tens [Ts Tc Kh 7h 6s]
Seat 4: shpanac (button) folded on the Pre-Flop
Seat 5: NutsOnUrDrumset (small blind) folded on the Pre-Flop
Seat 7: lipesticky (big blind) folded on the Pre-Flop
Seat 8: IamPickleRick folded on the Pre-Flop and did not bet

Game Hand #2017812504 - Tournament #31137464 - Holdem (No Limit) - Level 29 (12500.00/25000.00)- 2024/02/05 00:16:03 UTC
Table '286' 8-max Seat #5 is the button
Seat 1: evolen2 (520934.00)
Seat 2: acegi (157130.00)
Seat 3: Mosh_Scotia (602373.00)
Seat 4: shpanac (466988.00)
Seat 5: NutsOnUrDrumset (209620.00)
Seat 7: lipesticky (424727.00)
Seat 8: IamPickleRick (501992.00)
evolen2 posts ante 2500.00
acegi posts ante 2500.00
Mosh_Scotia posts ante 2500.00
shpanac posts ante 2500.00
NutsOnUrDrumset posts ante 2500.00
lipesticky posts ante 2500.00
IamPickleRick posts ante 2500.00
lipesticky posts the small blind 12500.00
IamPickleRick posts the big blind 25000.00
*** HOLE CARDS ***
Main pot 17500.00
Dealt to lipesticky [5c Js]
evolen2 raises 518434.00 to 518434.00 and is all-in
acegi folds
Mosh_Scotia folds
shpanac folds
NutsOnUrDrumset folds
lipesticky folds
IamPickleRick folds
Uncalled bet (493434.00) returned to evolen2
evolen2 does not show
*** SUMMARY ***
Total pot 80000.00
Seat 1: evolen2 did not show and won 80000.00
Seat 2: acegi folded on the Pre-Flop and did not bet
Seat 3: Mosh_Scotia folded on the Pre-Flop and did not bet
Seat 4: shpanac folded on the Pre-Flop and did not bet
Seat 5: NutsOnUrDrumset (button) folded on the Pre-Flop
Seat 7: lipesticky (small blind) folded on the Pre-Flop
Seat 8: IamPickleRick (big blind) folded on the Pre-Flop

Game Hand #2017813051 - Tournament #31137464 - Holdem (No Limit) - Level 29 (12500.00/25000.00)- 2024/02/05 00:16:24 UTC
Table '286' 8-max Seat #7 is the button
Seat 1: evolen2 (573434.00)
Seat 2: acegi (154630.00)
Seat 3: Mosh_Scotia (599873.00)
Seat 4: shpanac (464488.00)
Seat 5: NutsOnUrDrumset (207120.00)
Seat 6: DLSI (1568615.00)
Seat 7: lipesticky (409727.00)
Seat 8: IamPickleRick (474492.00)
evolen2 posts ante 2500.00
acegi posts ante 2500.00
Mosh_Scotia posts ante 2500.00
shpanac posts ante 2500.00
NutsOnUrDrumset posts ante 2500.00
DLSI posts ante 2500.00
lipesticky posts ante 2500.00
IamPickleRick posts ante 2500.00
IamPickleRick posts the small blind 12500.00
evolen2 posts the big blind 25000.00
*** HOLE CARDS ***
Main pot 20000.00
Dealt to lipesticky [Th Kd]
acegi folds
Mosh_Scotia folds
shpanac folds
NutsOnUrDrumset raises 204620.00 to 204620.00 and is all-in
DLSI folds
lipesticky folds
IamPickleRick folds
evolen2 folds
Uncalled bet (179620.00) returned to NutsOnUrDrumset
NutsOnUrDrumset does not show
*** SUMMARY ***
Total pot 82500.00
Seat 1: evolen2 (big blind) folded on the Pre-Flop
Seat 2: acegi folded on the Pre-Flop and did not bet
Seat 3: Mosh_Scotia folded on the Pre-Flop and did not bet
Seat 4: shpanac folded on the Pre-Flop and did not bet
Seat 5: NutsOnUrDrumset did not show and won 82500.00
Seat 6: DLSI folded on the Pre-Flop and did not bet
Seat 7: lipesticky (button) folded on the Pre-Flop
Seat 8: IamPickleRick (small blind) folded on the Pre-Flop

Game Hand #2017813869 - Tournament #31137464 - Holdem (No Limit) - Level 29 (12500.00/25000.00)- 2024/02/05 00:16:57 UTC
Table '286' 8-max Seat #8 is the button
Seat 1: evolen2 (545934.00)
Seat 2: acegi (152130.00)
Seat 3: Mosh_Scotia (597373.00)
Seat 4: shpanac (461988.00)
Seat 5: NutsOnUrDrumset (262120.00)
Seat 6: DLSI (1566115.00)
Seat 7: lipesticky (407227.00)
Seat 8: IamPickleRick (459492.00)
evolen2 posts ante 2500.00
acegi posts ante 2500.00
Mosh_Scotia posts ante 2500.00
shpanac posts ante 2500.00
NutsOnUrDrumset posts ante 2500.00
DLSI posts ante 2500.00
lipesticky posts ante 2500.00
IamPickleRick posts ante 2500.00
evolen2 posts the small blind 12500.00
acegi posts the big blind 25000.00
*** HOLE CARDS ***
Main pot 20000.00
Dealt to lipesticky [Tc 6h]
Mosh_Scotia folds
shpanac folds
NutsOnUrDrumset folds
DLSI folds
lipesticky folds
IamPickleRick folds
evolen2 raises 530934.00 to 543434.00 and is all-in
acegi folds
Uncalled bet (518434.00) returned to evolen2
evolen2 does not show
*** SUMMARY ***
Total pot 70000.00
Seat 1: evolen2 did not show and won 70000.00
Seat 2: acegi (big blind) folded on the Pre-Flop
Seat 3: Mosh_Scotia folded on the Pre-Flop and did not bet
Seat 4: shpanac folded on the Pre-Flop and did not bet
Seat 5: NutsOnUrDrumset folded on the Pre-Flop and did not bet
Seat 6: DLSI folded on the Pre-Flop and did not bet
Seat 7: lipesticky folded on the Pre-Flop and did not bet
Seat 8: IamPickleRick (button) folded on the Pre-Flop

Game Hand #2017815041 - Tournament #31137464 - Holdem (No Limit) - Level 29 (12500.00/25000.00)- 2024/02/05 00:17:42 UTC
Table '286' 8-max Seat #1 is the button
Seat 1: evolen2 (588434.00)
Seat 2: acegi (124630.00)
Seat 3: Mosh_Scotia (594873.00)
Seat 4: shpanac (459488.00)
Seat 5: NutsOnUrDrumset (259620.00) is sitting out
Seat 6: DLSI (1563615.00)
Seat 7: lipesticky (404727.00)
Seat 8: IamPickleRick (456992.00)
evolen2 posts ante 2500.00
acegi posts ante 2500.00
Mosh_Scotia posts ante 2500.00
shpanac posts ante 2500.00
NutsOnUrDrumset posts ante 2500.00
DLSI posts ante 2500.00
lipesticky posts ante 2500.00
IamPickleRick posts ante 2500.00
acegi posts the small blind 12500.00
Mosh_Scotia posts the big blind 25000.00
*** HOLE CARDS ***
Main pot 20000.00
Dealt to lipesticky [Js Qh]
shpanac folds
NutsOnUrDrumset folds
DLSI folds
lipesticky raises 50000.00 to 50000.00
IamPickleRick raises 112500.00 to 112500.00
evolen2 folds
acegi folds
Mosh_Scotia folds
lipesticky folds
Uncalled bet (62500.00) returned to IamPickleRick
IamPickleRick does not show
*** SUMMARY ***
Total pot 157500.00
Seat 1: evolen2 (button) folded on the Pre-Flop
Seat 2: acegi (small blind) folded on the Pre-Flop
Seat 3: Mosh_Scotia (big blind) folded on the Pre-Flop
Seat 4: shpanac folded on the Pre-Flop and did not bet
Seat 5: NutsOnUrDrumset folded on the Pre-Flop and did not bet
Seat 6: DLSI folded on the Pre-Flop and did not bet
Seat 7: lipesticky folded on the Pre-Flop and did not bet
Seat 8: IamPickleRick did not show and won 157500.00

Game Hand #2017816528 - Tournament #31137464 - Holdem (No Limit) - Level 29 (12500.00/25000.00)- 2024/02/05 00:18:40 UTC
Table '286' 8-max Seat #2 is the button
Seat 1: evolen2 (585934.00)
Seat 2: acegi (109630.00)
Seat 3: Mosh_Scotia (567373.00)
Seat 4: shpanac (456988.00)
Seat 5: NutsOnUrDrumset (257120.00)
Seat 6: DLSI (1561115.00)
Seat 7: lipesticky (352227.00)
Seat 8: IamPickleRick (561992.00)
evolen2 posts ante 2500.00
acegi posts ante 2500.00
Mosh_Scotia posts ante 2500.00
shpanac posts ante 2500.00
NutsOnUrDrumset posts ante 2500.00
DLSI posts ante 2500.00
lipesticky posts ante 2500.00
IamPickleRick posts ante 2500.00
Mosh_Scotia posts the small blind 12500.00
shpanac posts the big blind 25000.00
*** HOLE CARDS ***
Main pot 20000.00
Dealt to lipesticky [2d 5s]
NutsOnUrDrumset folds
DLSI folds
lipesticky folds
IamPickleRick raises 50000.00 to 50000.00
evolen2 folds
acegi folds
Mosh_Scotia folds
shpanac calls 25000.00
*** FLOP *** [4s Jc 6d]
Main pot 132500.00
shpanac checks
IamPickleRick bets 43725.00
shpanac calls 43725.00
*** TURN *** [4s Jc 6d] [9c]
Main pot 219950.00
shpanac checks
IamPickleRick bets 120167.00
shpanac folds
Uncalled bet (120167.00) returned to IamPickleRick
IamPickleRick does not show
*** SUMMARY ***
Total pot 219950.00
Board [4s Jc 6d 9c]
Seat 1: evolen2 folded on the Pre-Flop and did not bet
Seat 2: acegi (button) folded on the Pre-Flop
Seat 3: Mosh_Scotia (small blind) folded on the Pre-Flop
Seat 4: shpanac (big blind) folded on the Turn
Seat 5: NutsOnUrDrumset folded on the Pre-Flop and did not bet
Seat 6: DLSI folded on the Pre-Flop and did not bet
Seat 7: lipesticky folded on the Pre-Flop and did not bet
Seat 8: IamPickleRick did not show and won 219950.00

Game Hand #2017818816 - Tournament #31137464 - Holdem (No Limit) - Level 29 (12500.00/25000.00)- 2024/02/05 00:20:11 UTC
Table '286' 8-max Seat #3 is the button
Seat 1: evolen2 (583434.00)
Seat 2: acegi (107130.00)
Seat 3: Mosh_Scotia (552373.00)
Seat 4: shpanac (360763.00)
Seat 5: NutsOnUrDrumset (254620.00)
Seat 6: DLSI (1558615.00)
Seat 7: lipesticky (349727.00)
Seat 8: IamPickleRick (685717.00)
evolen2 posts ante 2500.00
acegi posts ante 2500.00
Mosh_Scotia posts ante 2500.00
shpanac posts ante 2500.00
NutsOnUrDrumset posts ante 2500.00
DLSI posts ante 2500.00
lipesticky posts ante 2500.00
IamPickleRick posts ante 2500.00
shpanac posts the small blind 12500.00
NutsOnUrDrumset posts the big blind 25000.00
*** HOLE CARDS ***
Main pot 20000.00
Dealt to lipesticky [Kc 8s]
DLSI folds
lipesticky folds
IamPickleRick raises 50000.00 to 50000.00
evolen2 folds
acegi folds
Mosh_Scotia folds
shpanac folds
NutsOnUrDrumset folds
Uncalled bet (25000.00) returned to IamPickleRick
IamPickleRick does not show
*** SUMMARY ***
Total pot 82500.00
Seat 1: evolen2 folded on the Pre-Flop and did not bet
Seat 2: acegi folded on the Pre-Flop and did not bet
Seat 3: Mosh_Scotia (button) folded on the Pre-Flop
Seat 4: shpanac (small blind) folded on the Pre-Flop
Seat 5: NutsOnUrDrumset (big blind) folded on the Pre-Flop
Seat 6: DLSI folded on the Pre-Flop and did not bet
Seat 7: lipesticky folded on the Pre-Flop and did not bet
Seat 8: IamPickleRick did not show and won 82500.00

Game Hand #2017819818 - Tournament #31137464 - Holdem (No Limit) - Level 29 (12500.00/25000.00)- 2024/02/05 00:20:50 UTC
Table '286' 8-max Seat #4 is the button
Seat 1: evolen2 (580934.00)
Seat 2: acegi (104630.00)
Seat 3: Mosh_Scotia (549873.00)
Seat 4: shpanac (345763.00)
Seat 5: NutsOnUrDrumset (227120.00) is sitting out
Seat 6: DLSI (1556115.00)
Seat 7: lipesticky (347227.00)
Seat 8: IamPickleRick (740717.00)
evolen2 posts ante 2500.00
acegi posts ante 2500.00
Mosh_Scotia posts ante 2500.00
shpanac posts ante 2500.00
NutsOnUrDrumset posts ante 2500.00
DLSI posts ante 2500.00
lipesticky posts ante 2500.00
IamPickleRick posts ante 2500.00
NutsOnUrDrumset posts the small blind 12500.00
DLSI posts the big blind 25000.00
*** HOLE CARDS ***
Main pot 20000.00
Dealt to lipesticky [Kc 3c]
lipesticky folds
IamPickleRick folds
evolen2 folds
acegi folds
Mosh_Scotia folds
shpanac folds
NutsOnUrDrumset folds
DLSI does not show
*** SUMMARY ***
Total pot 57500.00
Seat 1: evolen2 folded on the Pre-Flop and did not bet
Seat 2: acegi folded on the Pre-Flop and did not bet
Seat 3: Mosh_Scotia folded on the Pre-Flop and did not bet
Seat 4: shpanac (button) folded on the Pre-Flop
Seat 5: NutsOnUrDrumset (small blind) folded on the Pre-Flop
Seat 6: DLSI did not show and won 57500.00
Seat 7: lipesticky folded on the Pre-Flop and did not bet
Seat 8: IamPickleRick folded on the Pre-Flop and did not bet

Game Hand #2017820228 - Tournament #31137464 - Holdem (No Limit) - Level 29 (12500.00/25000.00)- 2024/02/05 00:21:06 UTC
Table '286' 8-max Seat #5 is the button
Seat 1: evolen2 (578434.00)
Seat 2: acegi (102130.00)
Seat 3: Mosh_Scotia (547373.00)
Seat 4: shpanac (343263.00)
Seat 5: NutsOnUrDrumset (212120.00) is sitting out
Seat 6: DLSI (1586115.00)
Seat 7: lipesticky (344727.00)
Seat 8: IamPickleRick (738217.00)
evolen2 posts ante 2500.00
acegi posts ante 2500.00
Mosh_Scotia posts ante 2500.00
shpanac posts ante 2500.00
NutsOnUrDrumset posts ante 2500.00
DLSI posts ante 2500.00
lipesticky posts ante 2500.00
IamPickleRick posts ante 2500.00
DLSI posts the small blind 12500.00
lipesticky posts the big blind 25000.00
*** HOLE CARDS ***
Main pot 20000.00
Dealt to lipesticky [Qs Js]
IamPickleRick folds
evolen2 folds
acegi raises 99630.00 to 99630.00 and is all-in
Mosh_Scotia folds
shpanac folds
NutsOnUrDrumset folds
DLSI raises 1571115.00 to 1583615.00 and is all-in
lipesticky folds
Uncalled bet (1483985.00) returned to DLSI
*** FLOP *** [5c Kd 6c]
Main pot 244260.00
*** TURN *** [5c Kd 6c] [2s]
Main pot 244260.00
*** RIVER *** [5c Kd 6c 2s] [Ac]
Main pot 244260.00
*** SHOW DOWN ***
Main pot 244260.00
acegi shows [7c Tc] (a flush, Ace high [Ac Tc 7c 6c 5c])
DLSI shows [Ad 4s] (a pair of Aces [Ad Ac Kd 6c 5c])
acegi collected 244260.00 from main pot
*** SUMMARY ***
Total pot 244260.00
Board [5c Kd 6c 2s Ac]
Seat 1: evolen2 folded on the Pre-Flop and did not bet
Seat 2: acegi showed [7c Tc] and won 244260.00 with a flush, Ace high [Ac Tc 7c 6c 5c]
Seat 3: Mosh_Scotia folded on the Pre-Flop and did not bet
Seat 4: shpanac folded on the Pre-Flop and did not bet
Seat 5: NutsOnUrDrumset (button) folded on the Pre-Flop
Seat 6: DLSI (small blind) showed [Ad 4s] and lost with a pair of Aces [Ad Ac Kd 6c 5c]
Seat 7: lipesticky (big blind) folded on the Pre-Flop
Seat 8: IamPickleRick folded on the Pre-Flop and did not bet

Game Hand #2017821656 - Tournament #31137464 - Holdem (No Limit) - Level 29 (12500.00/25000.00)- 2024/02/05 00:22:01 UTC
Table '286' 8-max Seat #6 is the button
Seat 1: evolen2 (575934.00)
Seat 2: acegi (244260.00)
Seat 3: Mosh_Scotia (544873.00)
Seat 4: shpanac (340763.00)
Seat 5: NutsOnUrDrumset (209620.00)
Seat 6: DLSI (1483985.00)
Seat 7: lipesticky (317227.00)
Seat 8: IamPickleRick (735717.00)
evolen2 posts ante 2500.00
acegi posts ante 2500.00
Mosh_Scotia posts ante 2500.00
shpanac posts ante 2500.00
NutsOnUrDrumset posts ante 2500.00
DLSI posts ante 2500.00
lipesticky posts ante 2500.00
IamPickleRick posts ante 2500.00
lipesticky posts the small blind 12500.00
IamPickleRick posts the big blind 25000.00
*** HOLE CARDS ***
Main pot 20000.00
Dealt to lipesticky [4h 6h]
evolen2 folds
acegi folds
Mosh_Scotia folds
shpanac folds
NutsOnUrDrumset raises 207120.00 to 207120.00 and is all-in
DLSI folds
lipesticky folds
IamPickleRick folds
Uncalled bet (182120.00) returned to NutsOnUrDrumset
NutsOnUrDrumset does not show
*** SUMMARY ***
Total pot 82500.00
Seat 1: evolen2 folded on the Pre-Flop and did not bet
Seat 2: acegi folded on the Pre-Flop and did not bet
Seat 3: Mosh_Scotia folded on the Pre-Flop and did not bet
Seat 4: shpanac folded on the Pre-Flop and did not bet
Seat 5: NutsOnUrDrumset did not show and won 82500.00
Seat 6: DLSI (button) folded on the Pre-Flop
Seat 7: lipesticky (small blind) folded on the Pre-Flop
Seat 8: IamPickleRick (big blind) folded on the Pre-Flop

Game Hand #2017822386 - Tournament #31137464 - Holdem (No Limit) - Level 29 (12500.00/25000.00)- 2024/02/05 00:22:28 UTC
Table '286' 8-max Seat #7 is the button
Seat 1: evolen2 (573434.00)
Seat 2: acegi (241760.00)
Seat 3: Mosh_Scotia (542373.00)
Seat 4: shpanac (338263.00)
Seat 5: NutsOnUrDrumset (264620.00)
Seat 6: DLSI (1481485.00)
Seat 7: lipesticky (302227.00)
Seat 8: IamPickleRick (708217.00)
evolen2 posts ante 2500.00
acegi posts ante 2500.00
Mosh_Scotia posts ante 2500.00
shpanac posts ante 2500.00
NutsOnUrDrumset posts ante 2500.00
DLSI posts ante 2500.00
lipesticky posts ante 2500.00
IamPickleRick posts ante 2500.00
IamPickleRick posts the small blind 12500.00
evolen2 posts the big blind 25000.00
*** HOLE CARDS ***
Main pot 20000.00
Dealt to lipesticky [5d Tc]
acegi folds
Mosh_Scotia folds
shpanac folds
NutsOnUrDrumset folds
DLSI folds
lipesticky folds
IamPickleRick calls 12500.00
evolen2 checks
*** FLOP *** [8d Kd 6h]
Main pot 70000.00
IamPickleRick bets 25000.00
evolen2 folds
Uncalled bet (25000.00) returned to IamPickleRick
IamPickleRick does not show
*** SUMMARY ***
Total pot 70000.00
Board [8d Kd 6h]
Seat 1: evolen2 (big blind) folded on the Flop
Seat 2: acegi folded on the Pre-Flop and did not bet
Seat 3: Mosh_Scotia folded on the Pre-Flop and did not bet
Seat 4: shpanac folded on the Pre-Flop and did not bet
Seat 5: NutsOnUrDrumset folded on the Pre-Flop and did not bet
Seat 6: DLSI folded on the Pre-Flop and did not bet
Seat 7: lipesticky (button) folded on the Pre-Flop
Seat 8: IamPickleRick did not show and won 70000.00

Game Hand #2017824031 - Tournament #31137464 - Holdem (No Limit) - Level 29 (12500.00/25000.00)- 2024/02/05 00:23:35 UTC
Table '286' 8-max Seat #8 is the button
Seat 2: acegi (239260.00)
Seat 3: Mosh_Scotia (539873.00)
Seat 4: shpanac (335763.00)
Seat 5: NutsOnUrDrumset (262120.00)
Seat 6: DLSI (1478985.00)
Seat 7: lipesticky (299727.00)
Seat 8: IamPickleRick (750717.00)
acegi posts ante 2500.00
Mosh_Scotia posts ante 2500.00
shpanac posts ante 2500.00
NutsOnUrDrumset posts ante 2500.00
DLSI posts ante 2500.00
lipesticky posts ante 2500.00
IamPickleRick posts ante 2500.00
acegi posts the big blind 25000.00
*** HOLE CARDS ***
Main pot 17500.00
Dealt to lipesticky [8d Ks]
Mosh_Scotia folds
shpanac folds
NutsOnUrDrumset folds
DLSI raises 52500.00 to 52500.00
lipesticky folds
IamPickleRick folds
acegi folds
Uncalled bet (27500.00) returned to DLSI
DLSI does not show
*** SUMMARY ***
Total pot 67500.00
Seat 2: acegi (big blind) folded on the Pre-Flop
Seat 3: Mosh_Scotia folded on the Pre-Flop and did not bet
Seat 4: shpanac folded on the Pre-Flop and did not bet
Seat 5: NutsOnUrDrumset folded on the Pre-Flop and did not bet
Seat 6: DLSI did not show and won 67500.00
Seat 7: lipesticky folded on the Pre-Flop and did not bet
Seat 8: IamPickleRick (button) folded on the Pre-Flop

Game Hand #2017824865 - Tournament #31137464 - Holdem (No Limit) - Level 30 (15000.00/30000.00)- 2024/02/05 00:24:08 UTC
Table '286' 8-max Seat #1 is the button
Seat 2: acegi (211760.00)
Seat 3: Mosh_Scotia (537373.00)
Seat 4: shpanac (333263.00)
Seat 5: NutsOnUrDrumset (259620.00)
Seat 6: DLSI (1518985.00)
Seat 7: lipesticky (297227.00)
Seat 8: IamPickleRick (748217.00)
acegi posts ante 3000.00
Mosh_Scotia posts ante 3000.00
shpanac posts ante 3000.00
NutsOnUrDrumset posts ante 3000.00
DLSI posts ante 3000.00
lipesticky posts ante 3000.00
IamPickleRick posts ante 3000.00
acegi posts the small blind 15000.00
Mosh_Scotia posts the big blind 30000.00
*** HOLE CARDS ***
Main pot 21000.00
Dealt to lipesticky [5s 8d]
shpanac folds
NutsOnUrDrumset folds
DLSI folds
lipesticky folds
IamPickleRick folds
acegi folds
Mosh_Scotia does not show
*** SUMMARY ***
Total pot 66000.00
Seat 2: acegi (small blind) folded on the Pre-Flop
Seat 3: Mosh_Scotia did not show and won 66000.00
Seat 4: shpanac folded on the Pre-Flop and did not bet
Seat 5: NutsOnUrDrumset folded on the Pre-Flop and did not bet
Seat 6: DLSI folded on the Pre-Flop and did not bet
Seat 7: lipesticky folded on the Pre-Flop and did not bet
Seat 8: IamPickleRick folded on the Pre-Flop and did not bet

Game Hand #2017825462 - Tournament #31137464 - Holdem (No Limit) - Level 30 (15000.00/30000.00)- 2024/02/05 00:24:32 UTC
Table '286' 8-max Seat #2 is the button
Seat 1: IEGI (745266.00)
Seat 2: acegi (193760.00)
Seat 3: Mosh_Scotia (570373.00)
Seat 4: shpanac (330263.00)
Seat 5: NutsOnUrDrumset (256620.00)
Seat 6: DLSI (1515985.00)
Seat 7: lipesticky (294227.00)
Seat 8: IamPickleRick (745217.00)
IEGI posts ante 3000.00
acegi posts ante 3000.00
Mosh_Scotia posts ante 3000.00
shpanac posts ante 3000.00
NutsOnUrDrumset posts ante 3000.00
DLSI posts ante 3000.00
lipesticky posts ante 3000.00
IamPickleRick posts ante 3000.00
Mosh_Scotia posts the small blind 15000.00
shpanac posts the big blind 30000.00
*** HOLE CARDS ***
Main pot 24000.00
Dealt to lipesticky [9h 6c]
NutsOnUrDrumset folds
DLSI folds
lipesticky folds
IamPickleRick folds
IEGI raises 63000.00 to 63000.00
acegi folds
Mosh_Scotia raises 552373.00 to 567373.00 and is all-in
shpanac folds
IEGI calls 504373.00
*** FLOP *** [Ks 3h Kc]
Main pot 1188746.00
*** TURN *** [Ks 3h Kc] [9d]
Main pot 1188746.00
*** RIVER *** [Ks 3h Kc 9d] [5h]
Main pot 1188746.00
*** SHOW DOWN ***
Main pot 1188746.00
IEGI shows [Ac Jd] (a pair of Kings [Ks Kc Ac Jd 9d])
Mosh_Scotia shows [Ad 8s] (a pair of Kings [Ks Kc Ad 9d 8s])
IEGI collected 1188746.00 from main pot
*** SUMMARY ***
Total pot 1188746.00
Board [Ks 3h Kc 9d 5h]
Seat 1: IEGI showed [Ac Jd] and won 1188746.00 with a pair of Kings [Ks Kc Ac Jd 9d] with the kicker Jack
Seat 2: acegi (button) folded on the Pre-Flop
Seat 3: Mosh_Scotia (small blind) showed [Ad 8s] and lost with a pair of Kings [Ks Kc Ad 9d 8s]
Seat 4: shpanac (big blind) folded on the Pre-Flop
Seat 5: NutsOnUrDrumset folded on the Pre-Flop and did not bet
Seat 6: DLSI folded on the Pre-Flop and did not bet
Seat 7: lipesticky folded on the Pre-Flop and did not bet
Seat 8: IamPickleRick folded on the Pre-Flop and did not bet

Game Hand #2017827097 - Tournament #31137464 - Holdem (No Limit) - Level 30 (15000.00/30000.00)- 2024/02/05 00:25:36 UTC
Table '286' 8-max Seat #3 is the button
Seat 1: IEGI (1363639.00)
Seat 2: acegi (190760.00)
Seat 4: shpanac (297263.00)
Seat 5: NutsOnUrDrumset (253620.00)
Seat 6: DLSI (1512985.00)
Seat 7: lipesticky (291227.00)
Seat 8: IamPickleRick (742217.00)
IEGI posts ante 3000.00
acegi posts ante 3000.00
shpanac posts ante 3000.00
NutsOnUrDrumset posts ante 3000.00
DLSI posts ante 3000.00
lipesticky posts ante 3000.00
IamPickleRick posts ante 3000.00
shpanac posts the small blind 15000.00
NutsOnUrDrumset posts the big blind 30000.00
*** HOLE CARDS ***
Main pot 21000.00
Dealt to lipesticky [9d Td]
DLSI folds
lipesticky raises 288227.00 to 288227.00 and is all-in
IamPickleRick folds
IEGI folds
acegi folds
shpanac folds
NutsOnUrDrumset folds
Uncalled bet (258227.00) returned to lipesticky
lipesticky does not show
*** SUMMARY ***
Total pot 96000.00
Seat 1: IEGI folded on the Pre-Flop and did not bet
Seat 2: acegi folded on the Pre-Flop and did not bet
Seat 4: shpanac (small blind) folded on the Pre-Flop
Seat 5: NutsOnUrDrumset (big blind) folded on the Pre-Flop
Seat 6: DLSI folded on the Pre-Flop and did not bet
Seat 7: lipesticky did not show and won 96000.00
Seat 8: IamPickleRick folded on the Pre-Flop and did not bet

Game Hand #2017827831 - Tournament #31137464 - Holdem (No Limit) - Level 30 (15000.00/30000.00)- 2024/02/05 00:26:06 UTC
Table '286' 8-max Seat #4 is the button
Seat 1: IEGI (1360639.00)
Seat 2: acegi (187760.00)
Seat 4: shpanac (279263.00)
Seat 5: NutsOnUrDrumset (220620.00)
Seat 6: DLSI (1509985.00)
Seat 7: lipesticky (354227.00)
Seat 8: IamPickleRick (739217.00)
IEGI posts ante 3000.00
acegi posts ante 3000.00
shpanac posts ante 3000.00
NutsOnUrDrumset posts ante 3000.00
DLSI posts ante 3000.00
lipesticky posts ante 3000.00
IamPickleRick posts ante 3000.00
NutsOnUrDrumset posts the small blind 15000.00
DLSI posts the big blind 30000.00
*** HOLE CARDS ***
Main pot 21000.00
Dealt to lipesticky [6s Ah]
lipesticky folds
IamPickleRick folds
IEGI raises 63000.00 to 63000.00
acegi folds
shpanac folds
NutsOnUrDrumset folds
DLSI calls 33000.00
*** FLOP *** [8c 2c 4c]
Main pot 162000.00
DLSI checks
IEGI bets 53460.00
DLSI calls 53460.00
*** TURN *** [8c 2c 4c] [8s]
Main pot 268920.00
DLSI checks
IEGI bets 126392.00
DLSI folds
Uncalled bet (126392.00) returned to IEGI
IEGI does not show
*** SUMMARY ***
Total pot 268920.00
Board [8c 2c 4c 8s]
Seat 1: IEGI did not show and won 268920.00
Seat 2: acegi folded on the Pre-Flop and did not bet
Seat 4: shpanac (button) folded on the Pre-Flop
Seat 5: NutsOnUrDrumset (small blind) folded on the Pre-Flop
Seat 6: DLSI (big blind) folded on the Turn
Seat 7: lipesticky folded on the Pre-Flop and did not bet
Seat 8: IamPickleRick folded on the Pre-Flop and did not bet

Game Hand #2017829690 - Tournament #31137464 - Holdem (No Limit) - Level 30 (15000.00/30000.00)- 2024/02/05 00:27:20 UTC
Table '286' 8-max Seat #5 is the button
Seat 1: IEGI (1510099.00)
Seat 2: acegi (184760.00)
Seat 3: Guwnie (1149812.00)
Seat 4: shpanac (276263.00)
Seat 5: NutsOnUrDrumset (202620.00)
Seat 6: DLSI (1390525.00)
Seat 7: lipesticky (351227.00)
Seat 8: IamPickleRick (736217.00)
IEGI posts ante 3000.00
acegi posts ante 3000.00
Guwnie posts ante 3000.00
shpanac posts ante 3000.00
NutsOnUrDrumset posts ante 3000.00
DLSI posts ante 3000.00
lipesticky posts ante 3000.00
IamPickleRick posts ante 3000.00
DLSI posts the small blind 15000.00
lipesticky posts the big blind 30000.00
*** HOLE CARDS ***
Main pot 24000.00
Dealt to lipesticky [Tc 4c]
IamPickleRick folds
IEGI raises 63000.00 to 63000.00
acegi folds
Guwnie folds
shpanac raises 273263.00 to 273263.00 and is all-in
NutsOnUrDrumset folds
DLSI folds
lipesticky folds
IEGI calls 210263.00
*** FLOP *** [3h Td 5h]
Main pot 615526.00
*** TURN *** [3h Td 5h] [3s]
Main pot 615526.00
*** RIVER *** [3h Td 5h 3s] [6h]
Main pot 615526.00
*** SHOW DOWN ***
Main pot 615526.00
IEGI shows [Kc Qs] (a pair of Threes [3s 3h Kc Qs Td])
shpanac shows [Kh Ac] (a pair of Threes [3s 3h Ac Kh Td])
shpanac collected 615526.00 from main pot
*** SUMMARY ***
Total pot 615526.00
Board [3h Td 5h 3s 6h]
Seat 1: IEGI showed [Kc Qs] and lost with a pair of Threes [3s 3h Kc Qs Td]
Seat 2: acegi folded on the Pre-Flop and did not bet
Seat 3: Guwnie folded on the Pre-Flop and did not bet
Seat 4: shpanac showed [Kh Ac] and won 615526.00 with a pair of Threes [3s 3h Ac Kh Td] with the kicker Ace
Seat 5: NutsOnUrDrumset (button) folded on the Pre-Flop
Seat 6: DLSI (small blind) folded on the Pre-Flop
Seat 7: lipesticky (big blind) folded on the Pre-Flop
Seat 8: IamPickleRick folded on the Pre-Flop and did not bet

Game Hand #2017831059 - Tournament #31137464 - Holdem (No Limit) - Level 30 (15000.00/30000.00)- 2024/02/05 00:28:16 UTC
Table '286' 8-max Seat #6 is the button
Seat 1: IEGI (1233836.00)
Seat 2: acegi (181760.00)
Seat 3: Guwnie (1146812.00)
Seat 4: shpanac (615526.00)
Seat 5: NutsOnUrDrumset (199620.00)
Seat 6: DLSI (1372525.00)
Seat 7: lipesticky (318227.00)
Seat 8: IamPickleRick (733217.00)
IEGI posts ante 3000.00
acegi posts ante 3000.00
Guwnie posts ante 3000.00
shpanac posts ante 3000.00
NutsOnUrDrumset posts ante 3000.00
DLSI posts ante 3000.00
lipesticky posts ante 3000.00
IamPickleRick posts ante 3000.00
lipesticky posts the small blind 15000.00
IamPickleRick posts the big blind 30000.00
*** HOLE CARDS ***
Main pot 24000.00
Dealt to lipesticky [8d 7s]
IEGI raises 63000.00 to 63000.00
acegi folds
Guwnie folds
shpanac calls 63000.00
NutsOnUrDrumset folds
DLSI folds
lipesticky folds
IamPickleRick folds
*** FLOP *** [Jh Js 8s]
Main pot 195000.00
IEGI checks
shpanac bets 63750.00
IEGI calls 63750.00
*** TURN *** [Jh Js 8s] [4h]
Main pot 322500.00
IEGI checks
shpanac bets 131250.00
IEGI raises 605850.00 to 605850.00
shpanac calls 354526.00 and is all-in
Uncalled bet (120074.00) returned to IEGI
*** RIVER *** [Jh Js 8s 4h] [4d]
Main pot 1294052.00
*** SHOW DOWN ***
Main pot 1294052.00
IEGI shows [Jd Qd] (a full house, Jacks full of Fours [Js Jh Jd 4h 4d])
shpanac shows [9c 9s] (two pair, Jacks and Nines [Js Jh 9s 9c 8s])
IEGI collected 1294052.00 from main pot
*** SUMMARY ***
Total pot 1294052.00
Board [Jh Js 8s 4h 4d]
Seat 1: IEGI showed [Jd Qd] and won 1294052.00 with a full house, Jacks full of Fours [Js Jh Jd 4h 4d]
Seat 2: acegi folded on the Pre-Flop and did not bet
Seat 3: Guwnie folded on the Pre-Flop and did not bet
Seat 4: shpanac showed [9c 9s] and lost with two pair, Jacks and Nines [Js Jh 9s 9c 8s]
Seat 5: NutsOnUrDrumset folded on the Pre-Flop and did not bet
Seat 6: DLSI (button) folded on the Pre-Flop
Seat 7: lipesticky (small blind) folded on the Pre-Flop
Seat 8: IamPickleRick (big blind) folded on the Pre-Flop

Game Hand #2017833770 - Tournament #31137464 - Holdem (No Limit) - Level 30 (15000.00/30000.00)- 2024/02/05 00:30:05 UTC
Table '286' 8-max Seat #7 is the button
Seat 1: IEGI (1912362.00)
Seat 2: acegi (178760.00)
Seat 3: Guwnie (1143812.00)
Seat 5: NutsOnUrDrumset (196620.00)
Seat 6: DLSI (1369525.00)
Seat 7: lipesticky (300227.00)
Seat 8: IamPickleRick (700217.00)
IEGI posts ante 3000.00
acegi posts ante 3000.00
Guwnie posts ante 3000.00
NutsOnUrDrumset posts ante 3000.00
DLSI posts ante 3000.00
lipesticky posts ante 3000.00
IamPickleRick posts ante 3000.00
IamPickleRick posts the small blind 15000.00
IEGI posts the big blind 30000.00
*** HOLE CARDS ***
Main pot 21000.00
Dealt to lipesticky [8s Kd]
acegi folds
Guwnie folds
NutsOnUrDrumset folds
DLSI folds
lipesticky raises 60000.00 to 60000.00
IamPickleRick folds
IEGI calls 30000.00
*** FLOP *** [Ac 6d 4c]
Main pot 156000.00
IEGI checks
lipesticky bets 36480.00
IEGI calls 36480.00
*** TURN *** [Ac 6d 4c] [Ts]
Main pot 228960.00
IEGI checks
lipesticky checks
*** RIVER *** [Ac 6d 4c Ts] [4d]
Main pot 228960.00
IEGI bets 219010.00
lipesticky calls 200747.00 and is all-in
Uncalled bet (18263.00) returned to IEGI
*** SHOW DOWN ***
Main pot 630454.00
IEGI shows [5d 3h] (a pair of Fours [4d 4c Ac Ts 6d])
lipesticky shows [8s Kd] (a pair of Fours [4d 4c Ac Kd Ts])
lipesticky collected 630454.00 from main pot
*** SUMMARY ***
Total pot 630454.00
Board [Ac 6d 4c Ts 4d]
Seat 1: IEGI (big blind) showed [5d 3h] and lost with a pair of Fours [4d 4c Ac Ts 6d]
Seat 2: acegi folded on the Pre-Flop and did not bet
Seat 3: Guwnie folded on the Pre-Flop and did not bet
Seat 5: NutsOnUrDrumset folded on the Pre-Flop and did not bet
Seat 6: DLSI folded on the Pre-Flop and did not bet
Seat 7: lipesticky (button) showed [8s Kd] and won 630454.00 with a pair of Fours [4d 4c Ac Kd Ts] with the kicker King
Seat 8: IamPickleRick (small blind) folded on the Pre-Flop

Game Hand #2017836860 - Tournament #31137464 - Holdem (No Limit) - Level 30 (15000.00/30000.00)- 2024/02/05 00:32:12 UTC
Table '286' 8-max Seat #8 is the button
Seat 1: IEGI (1612135.00)
Seat 2: acegi (175760.00)
Seat 3: Guwnie (1140812.00)
Seat 4: ride0rdie777 (1279152.00)
Seat 5: NutsOnUrDrumset (193620.00)
Seat 6: DLSI (1366525.00)
Seat 7: lipesticky (630454.00)
Seat 8: IamPickleRick (682217.00)
IEGI posts ante 3000.00
acegi posts ante 3000.00
Guwnie posts ante 3000.00
ride0rdie777 posts ante 3000.00
NutsOnUrDrumset posts ante 3000.00
DLSI posts ante 3000.00
lipesticky posts ante 3000.00
IamPickleRick posts ante 3000.00
IEGI posts the small blind 15000.00
acegi posts the big blind 30000.00
*** HOLE CARDS ***
Main pot 24000.00
Dealt to lipesticky [Qs 5c]
Guwnie folds
ride0rdie777 folds
NutsOnUrDrumset raises 190620.00 to 190620.00 and is all-in
DLSI folds
lipesticky folds
IamPickleRick folds
IEGI folds
acegi folds
Uncalled bet (160620.00) returned to NutsOnUrDrumset
NutsOnUrDrumset does not show
*** SUMMARY ***
Total pot 99000.00
Seat 1: IEGI (small blind) folded on the Pre-Flop
Seat 2: acegi (big blind) folded on the Pre-Flop
Seat 3: Guwnie folded on the Pre-Flop and did not bet
Seat 4: ride0rdie777 folded on the Pre-Flop and did not bet
Seat 5: NutsOnUrDrumset did not show and won 99000.00
Seat 6: DLSI folded on the Pre-Flop and did not bet
Seat 7: lipesticky folded on the Pre-Flop and did not bet
Seat 8: IamPickleRick (button) folded on the Pre-Flop

Game Hand #2017837754 - Tournament #31137464 - Holdem (No Limit) - Level 30 (15000.00/30000.00)- 2024/02/05 00:32:47 UTC
Table '286' 8-max Seat #1 is the button
Seat 1: IEGI (1594135.00)
Seat 2: acegi (142760.00)
Seat 3: Guwnie (1137812.00)
Seat 4: ride0rdie777 (1276152.00)
Seat 5: NutsOnUrDrumset (259620.00)
Seat 6: DLSI (1363525.00)
Seat 7: lipesticky (627454.00)
Seat 8: IamPickleRick (679217.00)
IEGI posts ante 3000.00
acegi posts ante 3000.00
Guwnie posts ante 3000.00
ride0rdie777 posts ante 3000.00
NutsOnUrDrumset posts ante 3000.00
DLSI posts ante 3000.00
lipesticky posts ante 3000.00
IamPickleRick posts ante 3000.00
acegi posts the small blind 15000.00
Guwnie posts the big blind 30000.00
*** HOLE CARDS ***
Main pot 24000.00
Dealt to lipesticky [Th 2s]
ride0rdie777 raises 60000.00 to 60000.00
NutsOnUrDrumset folds
DLSI folds
lipesticky folds
IamPickleRick folds
IEGI folds
acegi folds
Guwnie folds
Uncalled bet (30000.00) returned to ride0rdie777
ride0rdie777 does not show
*** SUMMARY ***
Total pot 99000.00
Seat 1: IEGI (button) folded on the Pre-Flop
Seat 2: acegi (small blind) folded on the Pre-Flop
Seat 3: Guwnie (big blind) folded on the Pre-Flop
Seat 4: ride0rdie777 did not show and won 99000.00
Seat 5: NutsOnUrDrumset folded on the Pre-Flop and did not bet
Seat 6: DLSI folded on the Pre-Flop and did not bet
Seat 7: lipesticky folded on the Pre-Flop and did not bet
Seat 8: IamPickleRick folded on the Pre-Flop and did not bet

Game Hand #2017838448 - Tournament #31137464 - Holdem (No Limit) - Level 30 (15000.00/30000.00)- 2024/02/05 00:33:16 UTC
Table '286' 8-max Seat #2 is the button
Seat 1: IEGI (1591135.00)
Seat 2: acegi (124760.00)
Seat 3: Guwnie (1104812.00)
Seat 4: ride0rdie777 (1342152.00)
Seat 5: NutsOnUrDrumset (256620.00)
Seat 6: DLSI (1360525.00)
Seat 7: lipesticky (624454.00)
Seat 8: IamPickleRick (676217.00)
IEGI posts ante 3000.00
acegi posts ante 3000.00
Guwnie posts ante 3000.00
ride0rdie777 posts ante 3000.00
NutsOnUrDrumset posts ante 3000.00
DLSI posts ante 3000.00
lipesticky posts ante 3000.00
IamPickleRick posts ante 3000.00
Guwnie posts the small blind 15000.00
ride0rdie777 posts the big blind 30000.00
*** HOLE CARDS ***
Main pot 24000.00
Dealt to lipesticky [Kd 4s]
NutsOnUrDrumset folds
DLSI folds
lipesticky folds
IamPickleRick folds
IEGI folds
acegi raises 121760.00 to 121760.00 and is all-in
Guwnie folds
ride0rdie777 calls 91760.00
*** FLOP *** [Ad 3h Ah]
Main pot 282520.00
*** TURN *** [Ad 3h Ah] [Ts]
Main pot 282520.00
*** RIVER *** [Ad 3h Ah Ts] [3d]
Main pot 282520.00
*** SHOW DOWN ***
Main pot 282520.00
acegi shows [9d Qh] (two pair, Aces and Threes [Ah Ad 3h 3d Qh])
ride0rdie777 shows [7d 5d] (two pair, Aces and Threes [Ah Ad 3h 3d Ts])
acegi collected 282520.00 from main pot
*** SUMMARY ***
Total pot 282520.00
Board [Ad 3h Ah Ts 3d]
Seat 1: IEGI folded on the Pre-Flop and did not bet
Seat 2: acegi (button) showed [9d Qh] and won 282520.00 with two pair, Aces and Threes [Ah Ad 3h 3d Qh] with the kicker Queen
Seat 3: Guwnie (small blind) folded on the Pre-Flop
Seat 4: ride0rdie777 (big blind) showed [7d 5d] and lost with two pair, Aces and Threes [Ah Ad 3h 3d Ts]
Seat 5: NutsOnUrDrumset folded on the Pre-Flop and did not bet
Seat 6: DLSI folded on the Pre-Flop and did not bet
Seat 7: lipesticky folded on the Pre-Flop and did not bet
Seat 8: IamPickleRick folded on the Pre-Flop and did not bet

Game Hand #2017839601 - Tournament #31137464 - Holdem (No Limit) - Level 31 (20000.00/40000.00)- 2024/02/05 00:34:04 UTC
Table '286' 8-max Seat #3 is the button
Seat 1: IEGI (1588135.00)
Seat 2: acegi (282520.00)
Seat 3: Guwnie (1086812.00)
Seat 4: ride0rdie777 (1217392.00)
Seat 5: NutsOnUrDrumset (253620.00)
Seat 6: DLSI (1357525.00)
Seat 7: lipesticky (621454.00)
Seat 8: IamPickleRick (673217.00)
IEGI posts ante 4000.00
acegi posts ante 4000.00
Guwnie posts ante 4000.00
ride0rdie777 posts ante 4000.00
NutsOnUrDrumset posts ante 4000.00
DLSI posts ante 4000.00
lipesticky posts ante 4000.00
IamPickleRick posts ante 4000.00
ride0rdie777 posts the small blind 20000.00
NutsOnUrDrumset posts the big blind 40000.00
*** HOLE CARDS ***
Main pot 32000.00
Dealt to lipesticky [2s Jc]
DLSI folds
lipesticky folds
IamPickleRick folds
IEGI folds
acegi folds
Guwnie raises 80000.00 to 80000.00
ride0rdie777 folds
NutsOnUrDrumset raises 209620.00 to 249620.00 and is all-in
Guwnie calls 169620.00
*** FLOP *** [8d 8h 6d]
Main pot 551240.00
*** TURN *** [8d 8h 6d] [9d]
Main pot 551240.00
*** RIVER *** [8d 8h 6d 9d] [Qd]
Main pot 551240.00
*** SHOW DOWN ***
Main pot 551240.00
Guwnie shows [6h 6s] (a full house, Sixs full of Eights [6s 6h 6d 8h 8d])
NutsOnUrDrumset shows [9h As] (two pair, Nines and Eights [9h 9d 8h 8d As])
Guwnie collected 551240.00 from main pot
*** SUMMARY ***
Total pot 551240.00
Board [8d 8h 6d 9d Qd]
Seat 1: IEGI folded on the Pre-Flop and did not bet
Seat 2: acegi folded on the Pre-Flop and did not bet
Seat 3: Guwnie (button) showed [6h 6s] and won 551240.00 with a full house, Sixs full of Eights [6s 6h 6d 8h 8d]
Seat 4: ride0rdie777 (small blind) folded on the Pre-Flop
Seat 5: NutsOnUrDrumset (big blind) showed [9h As] and lost with two pair, Nines and Eights [9h 9d 8h 8d As]
Seat 6: DLSI folded on the Pre-Flop and did not bet
Seat 7: lipesticky folded on the Pre-Flop and did not bet
Seat 8: IamPickleRick folded on the Pre-Flop and did not bet

Game Hand #2017840843 - Tournament #31137464 - Holdem (No Limit) - Level 31 (20000.00/40000.00)- 2024/02/05 00:34:56 UTC
Table '286' 8-max Seat #4 is the button
Seat 1: IEGI (1584135.00)
Seat 2: acegi (278520.00)
Seat 3: Guwnie (1384432.00)
Seat 4: ride0rdie777 (1193392.00)
Seat 6: DLSI (1353525.00)
Seat 7: lipesticky (617454.00)
Seat 8: IamPickleRick (669217.00)
IEGI posts ante 4000.00
acegi posts ante 4000.00
Guwnie posts ante 4000.00
ride0rdie777 posts ante 4000.00
DLSI posts ante 4000.00
lipesticky posts ante 4000.00
IamPickleRick posts ante 4000.00
DLSI posts the big blind 40000.00
*** HOLE CARDS ***
Main pot 28000.00
Dealt to lipesticky [4h Jd]
lipesticky folds
IamPickleRick raises 80000.00 to 80000.00
IEGI folds
acegi raises 274520.00 to 274520.00 and is all-in
Guwnie folds
ride0rdie777 folds
DLSI raises 1309525.00 to 1349525.00 and is all-in
IamPickleRick calls 585217.00 and is all-in
Uncalled bet (684308.00) returned to DLSI
*** FLOP *** [Ks Tc Ts]
Main pot 851560.00
Side pot(1) 781394.00
*** TURN *** [Ks Tc Ts] [6d]
Main pot 851560.00
Side pot(1) 781394.00
*** RIVER *** [Ks Tc Ts 6d] [8d]
Main pot 851560.00
Side pot(1) 781394.00
*** SHOW DOWN ***
Main pot 851560.00
Side pot(1) 781394.00
acegi shows [Td Th] (four of a kind, Four Tens [Ts Th Td Tc Ks])
DLSI shows [Ad As] (two pair, Aces and Tens [As Ad Ts Tc Ks])
IamPickleRick shows [Qc Ac] (a pair of Tens [Ts Tc Ac Ks Qc])
acegi collected 851560.00 from main pot
DLSI collected 781394.00 from side pot-1
*** SUMMARY ***
Total pot 1632954.00
Board [Ks Tc Ts 6d 8d]
Seat 1: IEGI folded on the Pre-Flop and did not bet
Seat 2: acegi showed [Td Th] and won 851560.00 with four of a kind, Four Tens [Ts Th Td Tc Ks]
Seat 3: Guwnie folded on the Pre-Flop and did not bet
Seat 4: ride0rdie777 (button) folded on the Pre-Flop
Seat 6: DLSI (big blind) showed [Ad As] and won 781394.00 with two pair, Aces and Tens [As Ad Ts Tc Ks]
Seat 7: lipesticky folded on the Pre-Flop and did not bet
Seat 8: IamPickleRick showed [Qc Ac] and lost with a pair of Tens [Ts Tc Ac Ks Qc]

