Game Hand #2018596177 - Tournament #31146371 - Holdem (No Limit) - Level 16 (1750.00/3500.00)- 2024/02/05 20:02:18 UTC
Table '94' 8-max Seat #1 is the button
Seat 1: 00dallastexas (35000.00)
Seat 2: Hangman911 (61444.00)
Seat 3: TheFlashCall (168742.00)
Seat 4: KajutheBoss (162831.00)
Seat 5: elpsy820 (186951.00)
Seat 6: lipesticky (35000.00)
00dallastexas posts ante 450.00
Hangman911 posts ante 450.00
TheFlashCall posts ante 450.00
KajutheBoss posts ante 450.00
elpsy820 posts ante 450.00
lipesticky posts ante 450.00
Hangman911 posts the small blind 1750.00
TheFlashCall posts the big blind 3500.00
*** HOLE CARDS ***
Main pot 2700.00
Dealt to lipesticky [Kd 5s]
KajutheBoss folds
elpsy820 folds
lipesticky folds
00dallastexas folds
Hangman911 folds
TheFlashCall does not show
*** SUMMARY ***
Total pot 7950.00
Seat 1: 00dallastexas (button) folded on the Pre-Flop
Seat 2: Hangman911 (small blind) folded on the Pre-Flop
Seat 3: TheFlashCall did not show and won 7950.00
Seat 4: KajutheBoss folded on the Pre-Flop and did not bet
Seat 5: elpsy820 folded on the Pre-Flop and did not bet
Seat 6: lipesticky folded on the Pre-Flop and did not bet

Game Hand #2018596701 - Tournament #31146371 - Holdem (No Limit) - Level 16 (1750.00/3500.00)- 2024/02/05 20:02:48 UTC
Table '90' 8-max Seat #6 is the button
Seat 1: Reguito (34550.00)
Seat 2: XBOXKICKBOX (36750.00)
Seat 3: BobFisher (32800.00)
Seat 4: KajutheBoss (162381.00)
Seat 5: lipesticky (34550.00)
Seat 6: 1StepAheadU (28850.00)
Seat 7: Hellinn (38100.00)
Seat 8: Xraise4value (34550.00)
Reguito posts ante 450.00
XBOXKICKBOX posts ante 450.00
BobFisher posts ante 450.00
KajutheBoss posts ante 450.00
lipesticky posts ante 450.00
1StepAheadU posts ante 450.00
Hellinn posts ante 450.00
Xraise4value posts ante 450.00
Hellinn posts the small blind 1750.00
Xraise4value posts the big blind 3500.00
*** HOLE CARDS ***
Main pot 3600.00
Dealt to lipesticky [3d 4s]
Reguito folds
XBOXKICKBOX folds
BobFisher raises 32350.00 to 32350.00 and is all-in
KajutheBoss folds
lipesticky folds
1StepAheadU folds
Hellinn folds
Xraise4value folds
Uncalled bet (28850.00) returned to BobFisher
BobFisher does not show
*** SUMMARY ***
Total pot 12350.00
Seat 1: Reguito folded on the Pre-Flop and did not bet
Seat 2: XBOXKICKBOX folded on the Pre-Flop and did not bet
Seat 3: BobFisher did not show and won 12350.00
Seat 4: KajutheBoss folded on the Pre-Flop and did not bet
Seat 5: lipesticky folded on the Pre-Flop and did not bet
Seat 6: 1StepAheadU (button) folded on the Pre-Flop
Seat 7: Hellinn (small blind) folded on the Pre-Flop
Seat 8: Xraise4value (big blind) folded on the Pre-Flop

Game Hand #2018597532 - Tournament #31146371 - Holdem (No Limit) - Level 17 (2000.00/4000.00)- 2024/02/05 20:03:39 UTC
Table '90' 8-max Seat #7 is the button
Seat 1: Reguito (34100.00)
Seat 2: XBOXKICKBOX (36300.00)
Seat 3: BobFisher (41200.00)
Seat 4: KajutheBoss (161931.00)
Seat 5: lipesticky (34100.00)
Seat 7: Hellinn (35900.00)
Seat 8: Xraise4value (30600.00)
Reguito posts ante 500.00
XBOXKICKBOX posts ante 500.00
BobFisher posts ante 500.00
KajutheBoss posts ante 500.00
lipesticky posts ante 500.00
Hellinn posts ante 500.00
Xraise4value posts ante 500.00
Xraise4value posts the small blind 2000.00
Reguito posts the big blind 4000.00
*** HOLE CARDS ***
Main pot 3500.00
Dealt to lipesticky [4h Kd]
XBOXKICKBOX folds
BobFisher raises 40700.00 to 40700.00 and is all-in
KajutheBoss folds
lipesticky folds
Hellinn folds
Xraise4value folds
Reguito folds
Uncalled bet (36700.00) returned to BobFisher
BobFisher does not show
*** SUMMARY ***
Total pot 13500.00
Seat 1: Reguito (big blind) folded on the Pre-Flop
Seat 2: XBOXKICKBOX folded on the Pre-Flop and did not bet
Seat 3: BobFisher did not show and won 13500.00
Seat 4: KajutheBoss folded on the Pre-Flop and did not bet
Seat 5: lipesticky folded on the Pre-Flop and did not bet
Seat 7: Hellinn (button) folded on the Pre-Flop
Seat 8: Xraise4value (small blind) folded on the Pre-Flop

Game Hand #2018598120 - Tournament #31146371 - Holdem (No Limit) - Level 17 (2000.00/4000.00)- 2024/02/05 20:04:16 UTC
Table '90' 8-max Seat #8 is the button
Seat 1: Reguito (29600.00)
Seat 2: XBOXKICKBOX (35800.00)
Seat 3: BobFisher (50200.00)
Seat 4: KajutheBoss (161431.00)
Seat 5: lipesticky (33600.00)
Seat 7: Hellinn (35400.00)
Seat 8: Xraise4value (28100.00)
Reguito posts ante 500.00
XBOXKICKBOX posts ante 500.00
BobFisher posts ante 500.00
KajutheBoss posts ante 500.00
lipesticky posts ante 500.00
Hellinn posts ante 500.00
Xraise4value posts ante 500.00
Reguito posts the small blind 2000.00
XBOXKICKBOX posts the big blind 4000.00
*** HOLE CARDS ***
Main pot 3500.00
Dealt to lipesticky [2d 3c]
BobFisher folds
KajutheBoss folds
lipesticky folds
Hellinn folds
Xraise4value folds
Reguito raises 27100.00 to 29100.00 and is all-in
XBOXKICKBOX calls 25100.00
*** FLOP *** [Js Ah 4c]
Main pot 61700.00
*** TURN *** [Js Ah 4c] [6h]
Main pot 61700.00
*** RIVER *** [Js Ah 4c 6h] [Ts]
Main pot 61700.00
*** SHOW DOWN ***
Main pot 61700.00
Reguito shows [8c Kh] (a high card, Ace high [Ah Kh Js Ts 8c])
XBOXKICKBOX shows [Kd 3s] (a high card, Ace high [Ah Kd Js Ts 6h])
Reguito collected 61700.00 from main pot
*** SUMMARY ***
Total pot 61700.00
Board [Js Ah 4c 6h Ts]
Seat 1: Reguito (small blind) showed [8c Kh] and won 61700.00 with a high card, Ace high [Ah Kh Js Ts 8c] with the kicker Eight
Seat 2: XBOXKICKBOX (big blind) showed [Kd 3s] and lost with a high card, Ace high [Ah Kd Js Ts 6h]
Seat 3: BobFisher folded on the Pre-Flop and did not bet
Seat 4: KajutheBoss folded on the Pre-Flop and did not bet
Seat 5: lipesticky folded on the Pre-Flop and did not bet
Seat 7: Hellinn folded on the Pre-Flop and did not bet
Seat 8: Xraise4value (button) folded on the Pre-Flop

Game Hand #2018599665 - Tournament #31146371 - Holdem (No Limit) - Level 17 (2000.00/4000.00)- 2024/02/05 20:05:45 UTC
Table '90' 8-max Seat #1 is the button
Seat 1: Reguito (61700.00)
Seat 2: XBOXKICKBOX (6200.00)
Seat 3: BobFisher (49700.00)
Seat 4: KajutheBoss (160931.00)
Seat 5: lipesticky (33100.00)
Seat 6: NOFEAR114 (34500.00)
Seat 7: Hellinn (34900.00)
Seat 8: Xraise4value (27600.00)
Reguito posts ante 500.00
XBOXKICKBOX posts ante 500.00
BobFisher posts ante 500.00
KajutheBoss posts ante 500.00
lipesticky posts ante 500.00
NOFEAR114 posts ante 500.00
Hellinn posts ante 500.00
Xraise4value posts ante 500.00
XBOXKICKBOX posts the small blind 2000.00
BobFisher posts the big blind 4000.00
*** HOLE CARDS ***
Main pot 4000.00
Dealt to lipesticky [Jd 2d]
KajutheBoss raises 8400.00 to 8400.00
lipesticky folds
NOFEAR114 folds
Hellinn folds
Xraise4value folds
Reguito folds
XBOXKICKBOX calls 3700.00 and is all-in
BobFisher calls 4400.00
*** FLOP *** [5c 6h 4h]
Main pot 21100.00
Side pot(1) 5400.00
BobFisher checks
KajutheBoss bets 14575.00
BobFisher raises 40800.00 to 40800.00 and is all-in
KajutheBoss calls 26225.00
*** TURN *** [5c 6h 4h] [As]
Main pot 21100.00
Side pot(1) 87000.00
*** RIVER *** [5c 6h 4h As] [Qs]
Main pot 21100.00
Side pot(1) 87000.00
*** SHOW DOWN ***
Main pot 21100.00
Side pot(1) 87000.00
XBOXKICKBOX shows [Jh 8h] (a high card, Ace high [As Qs Jh 8h 6h])
BobFisher shows [Ah 5h] (two pair, Aces and Fives [As Ah 5h 5c Qs])
KajutheBoss shows [7c 7h] (a pair of Sevens [7h 7c As Qs 6h])
BobFisher collected 21100.00 from main pot
BobFisher collected 87000.00 from side pot-1
*** SUMMARY ***
Total pot 108100.00
Board [5c 6h 4h As Qs]
Seat 1: Reguito (button) folded on the Pre-Flop
Seat 2: XBOXKICKBOX (small blind) showed [Jh 8h] and lost with a high card, Ace high [As Qs Jh 8h 6h]
Seat 3: BobFisher (big blind) showed [Ah 5h] and won 108100.00 with two pair, Aces and Fives [As Ah 5h 5c Qs]
Seat 4: KajutheBoss showed [7c 7h] and lost with a pair of Sevens [7h 7c As Qs 6h]
Seat 5: lipesticky folded on the Pre-Flop and did not bet
Seat 6: NOFEAR114 folded on the Pre-Flop and did not bet
Seat 7: Hellinn folded on the Pre-Flop and did not bet
Seat 8: Xraise4value folded on the Pre-Flop and did not bet

Game Hand #2018600918 - Tournament #31146371 - Holdem (No Limit) - Level 17 (2000.00/4000.00)- 2024/02/05 20:06:59 UTC
Table '90' 8-max Seat #2 is the button
Seat 1: Reguito (61200.00)
Seat 3: BobFisher (108100.00)
Seat 4: KajutheBoss (111231.00)
Seat 5: lipesticky (32600.00)
Seat 6: NOFEAR114 (34000.00)
Seat 7: Hellinn (34400.00)
Seat 8: Xraise4value (27100.00)
Reguito posts ante 500.00
BobFisher posts ante 500.00
KajutheBoss posts ante 500.00
lipesticky posts ante 500.00
NOFEAR114 posts ante 500.00
Hellinn posts ante 500.00
Xraise4value posts ante 500.00
BobFisher posts the small blind 2000.00
KajutheBoss posts the big blind 4000.00
*** HOLE CARDS ***
Main pot 3500.00
Dealt to lipesticky [4d 2c]
lipesticky folds
NOFEAR114 raises 33500.00 to 33500.00 and is all-in
Hellinn folds
Xraise4value folds
Reguito folds
BobFisher folds
KajutheBoss folds
Uncalled bet (29500.00) returned to NOFEAR114
NOFEAR114 does not show
*** SUMMARY ***
Total pot 13500.00
Seat 1: Reguito folded on the Pre-Flop and did not bet
Seat 3: BobFisher (small blind) folded on the Pre-Flop
Seat 4: KajutheBoss (big blind) folded on the Pre-Flop
Seat 5: lipesticky folded on the Pre-Flop and did not bet
Seat 6: NOFEAR114 did not show and won 13500.00
Seat 7: Hellinn folded on the Pre-Flop and did not bet
Seat 8: Xraise4value folded on the Pre-Flop and did not bet

Game Hand #2018601718 - Tournament #31146371 - Holdem (No Limit) - Level 17 (2000.00/4000.00)- 2024/02/05 20:07:43 UTC
Table '90' 8-max Seat #3 is the button
Seat 1: Reguito (60700.00)
Seat 2: Rebuitti (45600.00)
Seat 3: BobFisher (105600.00)
Seat 4: KajutheBoss (106731.00)
Seat 5: lipesticky (32100.00)
Seat 6: NOFEAR114 (43000.00)
Seat 7: Hellinn (33900.00)
Seat 8: Xraise4value (26600.00)
Reguito posts ante 500.00
Rebuitti posts ante 500.00
BobFisher posts ante 500.00
KajutheBoss posts ante 500.00
lipesticky posts ante 500.00
NOFEAR114 posts ante 500.00
Hellinn posts ante 500.00
Xraise4value posts ante 500.00
KajutheBoss posts the small blind 2000.00
lipesticky posts the big blind 4000.00
*** HOLE CARDS ***
Main pot 4000.00
Dealt to lipesticky [7c Ts]
NOFEAR114 folds
Hellinn folds
Xraise4value folds
Reguito folds
Rebuitti folds
BobFisher folds
KajutheBoss raises 18000.00 to 20000.00
lipesticky folds
Uncalled bet (16000.00) returned to KajutheBoss
KajutheBoss does not show
*** SUMMARY ***
Total pot 12000.00
Seat 1: Reguito folded on the Pre-Flop and did not bet
Seat 2: Rebuitti folded on the Pre-Flop and did not bet
Seat 3: BobFisher (button) folded on the Pre-Flop
Seat 4: KajutheBoss did not show and won 12000.00
Seat 5: lipesticky (big blind) folded on the Pre-Flop
Seat 6: NOFEAR114 folded on the Pre-Flop and did not bet
Seat 7: Hellinn folded on the Pre-Flop and did not bet
Seat 8: Xraise4value folded on the Pre-Flop and did not bet

Game Hand #2018602720 - Tournament #31146371 - Holdem (No Limit) - Level 17 (2000.00/4000.00)- 2024/02/05 20:08:37 UTC
Table '90' 8-max Seat #4 is the button
Seat 1: Reguito (60200.00)
Seat 2: Rebuitti (45100.00)
Seat 3: BobFisher (105100.00)
Seat 4: KajutheBoss (114231.00)
Seat 5: lipesticky (27600.00)
Seat 6: NOFEAR114 (42500.00)
Seat 7: Hellinn (33400.00)
Seat 8: Xraise4value (26100.00)
Reguito posts ante 500.00
Rebuitti posts ante 500.00
BobFisher posts ante 500.00
KajutheBoss posts ante 500.00
lipesticky posts ante 500.00
NOFEAR114 posts ante 500.00
Hellinn posts ante 500.00
Xraise4value posts ante 500.00
lipesticky posts the small blind 2000.00
NOFEAR114 posts the big blind 4000.00
*** HOLE CARDS ***
Main pot 4000.00
Dealt to lipesticky [6s 5c]
Hellinn folds
Xraise4value folds
Reguito folds
Rebuitti raises 44600.00 to 44600.00 and is all-in
BobFisher folds
KajutheBoss folds
lipesticky folds
NOFEAR114 folds
Uncalled bet (40600.00) returned to Rebuitti
Rebuitti does not show
*** SUMMARY ***
Total pot 14000.00
Seat 1: Reguito folded on the Pre-Flop and did not bet
Seat 2: Rebuitti did not show and won 14000.00
Seat 3: BobFisher folded on the Pre-Flop and did not bet
Seat 4: KajutheBoss (button) folded on the Pre-Flop
Seat 5: lipesticky (small blind) folded on the Pre-Flop
Seat 6: NOFEAR114 (big blind) folded on the Pre-Flop
Seat 7: Hellinn folded on the Pre-Flop and did not bet
Seat 8: Xraise4value folded on the Pre-Flop and did not bet

Game Hand #2018603517 - Tournament #31146371 - Holdem (No Limit) - Level 17 (2000.00/4000.00)- 2024/02/05 20:09:20 UTC
Table '90' 8-max Seat #5 is the button
Seat 1: Reguito (59700.00)
Seat 2: Rebuitti (54600.00)
Seat 3: BobFisher (104600.00)
Seat 4: KajutheBoss (113731.00)
Seat 5: lipesticky (25100.00)
Seat 6: NOFEAR114 (38000.00)
Seat 7: Hellinn (32900.00)
Seat 8: Xraise4value (25600.00)
Reguito posts ante 500.00
Rebuitti posts ante 500.00
BobFisher posts ante 500.00
KajutheBoss posts ante 500.00
lipesticky posts ante 500.00
NOFEAR114 posts ante 500.00
Hellinn posts ante 500.00
Xraise4value posts ante 500.00
NOFEAR114 posts the small blind 2000.00
Hellinn posts the big blind 4000.00
*** HOLE CARDS ***
Main pot 4000.00
Dealt to lipesticky [9s Ah]
Xraise4value folds
Reguito folds
Rebuitti folds
BobFisher folds
KajutheBoss raises 8400.00 to 8400.00
lipesticky raises 24600.00 to 24600.00 and is all-in
NOFEAR114 folds
Hellinn raises 28400.00 to 32400.00 and is all-in
KajutheBoss folds
Uncalled bet (7800.00) returned to Hellinn
*** FLOP *** [4d 5d 4c]
Main pot 63600.00
*** TURN *** [4d 5d 4c] [Ad]
Main pot 63600.00
*** RIVER *** [4d 5d 4c Ad] [Jc]
Main pot 63600.00
*** SHOW DOWN ***
Main pot 63600.00
lipesticky shows [9s Ah] (two pair, Aces and Fours [Ah Ad 4d 4c Jc])
Hellinn shows [3h 3c] (two pair, Fours and Threes [4d 4c 3h 3c Ad])
lipesticky collected 63600.00 from main pot
*** SUMMARY ***
Total pot 63600.00
Board [4d 5d 4c Ad Jc]
Seat 1: Reguito folded on the Pre-Flop and did not bet
Seat 2: Rebuitti folded on the Pre-Flop and did not bet
Seat 3: BobFisher folded on the Pre-Flop and did not bet
Seat 4: KajutheBoss folded on the Pre-Flop and did not bet
Seat 5: lipesticky (button) showed [9s Ah] and won 63600.00 with two pair, Aces and Fours [Ah Ad 4d 4c Jc]
Seat 6: NOFEAR114 (small blind) folded on the Pre-Flop
Seat 7: Hellinn (big blind) showed [3h 3c] and lost with two pair, Fours and Threes [4d 4c 3h 3c Ad]
Seat 8: Xraise4value folded on the Pre-Flop and did not bet

