Game Hand #2017680675 - Tournament #31137464 - Holdem (No Limit) - Level 22 (3500.00/7000.00)- 2024/02/04 22:51:03 UTC
Table '256' 8-max Seat #3 is the button
Seat 1: rivermankram (169500.00)
Seat 2: lipesticky (203476.00)
Seat 3: duncy2 (231487.00)
Seat 4: Callmarx13 (404992.00)
Seat 5: Legend22 (883181.00)
Seat 6: TIGASEOS300 (80000.00)
Seat 7: sapada (262245.00)
Seat 8: Riverrunner4 (680567.00)
rivermankram posts ante 700.00
lipesticky posts ante 700.00
duncy2 posts ante 700.00
Callmarx13 posts ante 700.00
Legend22 posts ante 700.00
TIGASEOS300 posts ante 700.00
sapada posts ante 700.00
Riverrunner4 posts ante 700.00
Callmarx13 posts the small blind 3500.00
Legend22 posts the big blind 7000.00
*** HOLE CARDS ***
Main pot 5600.00
Dealt to lipesticky [8c Kc]
TIGASEOS300 raises 14000.00 to 14000.00
sapada raises 29400.00 to 29400.00
Riverrunner4 folds
rivermankram folds
lipesticky folds
duncy2 folds
Callmarx13 folds
Legend22 folds
TIGASEOS300 folds
Uncalled bet (15400.00) returned to sapada
sapada does not show
*** SUMMARY ***
Total pot 44100.00
Seat 1: rivermankram folded on the Pre-Flop and did not bet
Seat 2: lipesticky folded on the Pre-Flop and did not bet
Seat 3: duncy2 (button) folded on the Pre-Flop
Seat 4: Callmarx13 (small blind) folded on the Pre-Flop
Seat 5: Legend22 (big blind) folded on the Pre-Flop
Seat 6: TIGASEOS300 folded on the Pre-Flop and did not bet
Seat 7: sapada did not show and won 44100.00
Seat 8: Riverrunner4 folded on the Pre-Flop and did not bet

Game Hand #2017681613 - Tournament #31137464 - Holdem (No Limit) - Level 22 (3500.00/7000.00)- 2024/02/04 22:51:35 UTC
Table '256' 8-max Seat #4 is the button
Seat 1: rivermankram (168800.00)
Seat 2: lipesticky (202776.00)
Seat 3: duncy2 (230787.00)
Seat 4: Callmarx13 (400792.00)
Seat 5: Legend22 (875481.00)
Seat 6: TIGASEOS300 (65300.00)
Seat 7: sapada (291645.00)
Seat 8: Riverrunner4 (679867.00)
rivermankram posts ante 700.00
lipesticky posts ante 700.00
duncy2 posts ante 700.00
Callmarx13 posts ante 700.00
Legend22 posts ante 700.00
TIGASEOS300 posts ante 700.00
sapada posts ante 700.00
Riverrunner4 posts ante 700.00
Legend22 posts the small blind 3500.00
TIGASEOS300 posts the big blind 7000.00
*** HOLE CARDS ***
Main pot 5600.00
Dealt to lipesticky [8c As]
sapada folds
Riverrunner4 raises 14000.00 to 14000.00
rivermankram raises 37331.00 to 37331.00
lipesticky folds
duncy2 folds
Callmarx13 folds
Legend22 folds
TIGASEOS300 folds
Riverrunner4 calls 23331.00
*** FLOP *** [5d 4h Qd]
Main pot 90762.00
Riverrunner4 checks
rivermankram bets 130769.00 and is all-in
Riverrunner4 calls 130769.00
*** TURN *** [5d 4h Qd] [Ac]
Main pot 352300.00
*** RIVER *** [5d 4h Qd Ac] [Jc]
Main pot 352300.00
*** SHOW DOWN ***
Main pot 352300.00
rivermankram shows [Jd Ah] (two pair, Aces and Jacks [Ah Ac Jd Jc Qd])
Riverrunner4 shows [Kc Qh] (a pair of Queens [Qh Qd Ac Kc Jc])
rivermankram collected 352300.00 from main pot
*** SUMMARY ***
Total pot 352300.00
Board [5d 4h Qd Ac Jc]
Seat 1: rivermankram showed [Jd Ah] and won 352300.00 with two pair, Aces and Jacks [Ah Ac Jd Jc Qd]
Seat 2: lipesticky folded on the Pre-Flop and did not bet
Seat 3: duncy2 folded on the Pre-Flop and did not bet
Seat 4: Callmarx13 (button) folded on the Pre-Flop
Seat 5: Legend22 (small blind) folded on the Pre-Flop
Seat 6: TIGASEOS300 (big blind) folded on the Pre-Flop
Seat 7: sapada folded on the Pre-Flop and did not bet
Seat 8: Riverrunner4 showed [Kc Qh] and lost with a pair of Queens [Qh Qd Ac Kc Jc]

Game Hand #2017683577 - Tournament #31137464 - Holdem (No Limit) - Level 22 (3500.00/7000.00)- 2024/02/04 22:52:45 UTC
Table '256' 8-max Seat #5 is the button
Seat 1: rivermankram (352300.00)
Seat 2: lipesticky (202076.00)
Seat 3: duncy2 (230087.00)
Seat 4: Callmarx13 (400092.00)
Seat 5: Legend22 (871281.00)
Seat 6: TIGASEOS300 (57600.00)
Seat 7: sapada (290945.00)
Seat 8: Riverrunner4 (511067.00)
rivermankram posts ante 700.00
lipesticky posts ante 700.00
duncy2 posts ante 700.00
Callmarx13 posts ante 700.00
Legend22 posts ante 700.00
TIGASEOS300 posts ante 700.00
sapada posts ante 700.00
Riverrunner4 posts ante 700.00
TIGASEOS300 posts the small blind 3500.00
sapada posts the big blind 7000.00
*** HOLE CARDS ***
Main pot 5600.00
Dealt to lipesticky [Ac 8c]
Riverrunner4 folds
rivermankram raises 14000.00 to 14000.00
lipesticky raises 35000.00 to 35000.00
duncy2 folds
Callmarx13 folds
Legend22 folds
TIGASEOS300 folds
sapada folds
rivermankram folds
Uncalled bet (21000.00) returned to lipesticky
lipesticky does not show
*** SUMMARY ***
Total pot 44100.00
Seat 1: rivermankram folded on the Pre-Flop and did not bet
Seat 2: lipesticky did not show and won 44100.00
Seat 3: duncy2 folded on the Pre-Flop and did not bet
Seat 4: Callmarx13 folded on the Pre-Flop and did not bet
Seat 5: Legend22 (button) folded on the Pre-Flop
Seat 6: TIGASEOS300 (small blind) folded on the Pre-Flop
Seat 7: sapada (big blind) folded on the Pre-Flop
Seat 8: Riverrunner4 folded on the Pre-Flop and did not bet

Game Hand #2017684638 - Tournament #31137464 - Holdem (No Limit) - Level 22 (3500.00/7000.00)- 2024/02/04 22:53:22 UTC
Table '256' 8-max Seat #6 is the button
Seat 1: rivermankram (337600.00)
Seat 2: lipesticky (231476.00)
Seat 3: duncy2 (229387.00)
Seat 4: Callmarx13 (399392.00)
Seat 5: Legend22 (870581.00)
Seat 6: TIGASEOS300 (53400.00)
Seat 7: sapada (283245.00)
Seat 8: Riverrunner4 (510367.00)
rivermankram posts ante 700.00
lipesticky posts ante 700.00
duncy2 posts ante 700.00
Callmarx13 posts ante 700.00
Legend22 posts ante 700.00
TIGASEOS300 posts ante 700.00
sapada posts ante 700.00
Riverrunner4 posts ante 700.00
sapada posts the small blind 3500.00
Riverrunner4 posts the big blind 7000.00
*** HOLE CARDS ***
Main pot 5600.00
Dealt to lipesticky [6h 5c]
rivermankram folds
lipesticky folds
duncy2 folds
Callmarx13 raises 14000.00 to 14000.00
Legend22 folds
TIGASEOS300 folds
sapada folds
Riverrunner4 folds
Uncalled bet (7000.00) returned to Callmarx13
Callmarx13 does not show
*** SUMMARY ***
Total pot 23100.00
Seat 1: rivermankram folded on the Pre-Flop and did not bet
Seat 2: lipesticky folded on the Pre-Flop and did not bet
Seat 3: duncy2 folded on the Pre-Flop and did not bet
Seat 4: Callmarx13 did not show and won 23100.00
Seat 5: Legend22 folded on the Pre-Flop and did not bet
Seat 6: TIGASEOS300 (button) folded on the Pre-Flop
Seat 7: sapada (small blind) folded on the Pre-Flop
Seat 8: Riverrunner4 (big blind) folded on the Pre-Flop

Game Hand #2017685442 - Tournament #31137464 - Holdem (No Limit) - Level 22 (3500.00/7000.00)- 2024/02/04 22:53:50 UTC
Table '256' 8-max Seat #7 is the button
Seat 1: rivermankram (336900.00)
Seat 2: lipesticky (230776.00)
Seat 3: duncy2 (228687.00)
Seat 4: Callmarx13 (414792.00)
Seat 5: Legend22 (869881.00)
Seat 6: TIGASEOS300 (52700.00)
Seat 7: sapada (279045.00)
Seat 8: Riverrunner4 (502667.00)
rivermankram posts ante 700.00
lipesticky posts ante 700.00
duncy2 posts ante 700.00
Callmarx13 posts ante 700.00
Legend22 posts ante 700.00
TIGASEOS300 posts ante 700.00
sapada posts ante 700.00
Riverrunner4 posts ante 700.00
Riverrunner4 posts the small blind 3500.00
rivermankram posts the big blind 7000.00
*** HOLE CARDS ***
Main pot 5600.00
Dealt to lipesticky [Ks 4h]
lipesticky folds
duncy2 raises 14000.00 to 14000.00
Callmarx13 folds
Legend22 folds
TIGASEOS300 folds
sapada folds
Riverrunner4 folds
rivermankram folds
Uncalled bet (7000.00) returned to duncy2
duncy2 does not show
*** SUMMARY ***
Total pot 23100.00
Seat 1: rivermankram (big blind) folded on the Pre-Flop
Seat 2: lipesticky folded on the Pre-Flop and did not bet
Seat 3: duncy2 did not show and won 23100.00
Seat 4: Callmarx13 folded on the Pre-Flop and did not bet
Seat 5: Legend22 folded on the Pre-Flop and did not bet
Seat 6: TIGASEOS300 folded on the Pre-Flop and did not bet
Seat 7: sapada (button) folded on the Pre-Flop
Seat 8: Riverrunner4 (small blind) folded on the Pre-Flop

Game Hand #2017686722 - Tournament #31137464 - Holdem (No Limit) - Level 22 (3500.00/7000.00)- 2024/02/04 22:54:34 UTC
Table '256' 8-max Seat #8 is the button
Seat 1: rivermankram (329200.00)
Seat 2: lipesticky (230076.00)
Seat 3: duncy2 (244087.00)
Seat 4: Callmarx13 (414092.00)
Seat 5: Legend22 (869181.00)
Seat 6: TIGASEOS300 (52000.00)
Seat 7: sapada (278345.00)
Seat 8: Riverrunner4 (498467.00)
rivermankram posts ante 700.00
lipesticky posts ante 700.00
duncy2 posts ante 700.00
Callmarx13 posts ante 700.00
Legend22 posts ante 700.00
TIGASEOS300 posts ante 700.00
sapada posts ante 700.00
Riverrunner4 posts ante 700.00
rivermankram posts the small blind 3500.00
lipesticky posts the big blind 7000.00
*** HOLE CARDS ***
Main pot 5600.00
Dealt to lipesticky [9s As]
duncy2 folds
Callmarx13 raises 14000.00 to 14000.00
Legend22 calls 14000.00
TIGASEOS300 folds
sapada folds
Riverrunner4 folds
rivermankram folds
lipesticky calls 7000.00
*** FLOP *** [Kc 4c 6h]
Main pot 51100.00
lipesticky checks
Callmarx13 bets 25550.00
Legend22 folds
lipesticky folds
Uncalled bet (25550.00) returned to Callmarx13
Callmarx13 does not show
*** SUMMARY ***
Total pot 51100.00
Board [Kc 4c 6h]
Seat 1: rivermankram (small blind) folded on the Pre-Flop
Seat 2: lipesticky (big blind) folded on the Flop
Seat 3: duncy2 folded on the Pre-Flop and did not bet
Seat 4: Callmarx13 did not show and won 51100.00
Seat 5: Legend22 folded on the Flop
Seat 6: TIGASEOS300 folded on the Pre-Flop and did not bet
Seat 7: sapada folded on the Pre-Flop and did not bet
Seat 8: Riverrunner4 (button) folded on the Pre-Flop

Game Hand #2017691503 - Tournament #31137464 - Holdem (No Limit) - Level 22 (3500.00/7000.00)- 2024/02/04 23:01:33 UTC
Table '256' 8-max Seat #1 is the button
Seat 1: rivermankram (325000.00)
Seat 2: lipesticky (215376.00)
Seat 3: duncy2 (243387.00)
Seat 4: Callmarx13 (450492.00)
Seat 5: Legend22 (854481.00)
Seat 6: TIGASEOS300 (51300.00)
Seat 7: sapada (277645.00)
Seat 8: Riverrunner4 (497767.00)
rivermankram posts ante 700.00
lipesticky posts ante 700.00
duncy2 posts ante 700.00
Callmarx13 posts ante 700.00
Legend22 posts ante 700.00
TIGASEOS300 posts ante 700.00
sapada posts ante 700.00
Riverrunner4 posts ante 700.00
lipesticky posts the small blind 3500.00
duncy2 posts the big blind 7000.00
*** HOLE CARDS ***
Main pot 5600.00
Dealt to lipesticky [Kc 8c]
Callmarx13 raises 14000.00 to 14000.00
Legend22 calls 14000.00
TIGASEOS300 folds
sapada folds
Riverrunner4 folds
rivermankram folds
lipesticky folds
duncy2 folds
*** FLOP *** [2c 5d Tc]
Main pot 44100.00
Callmarx13 checks
Legend22 checks
*** TURN *** [2c 5d Tc] [3d]
Main pot 44100.00
Callmarx13 bets 51100.00
Legend22 folds
Uncalled bet (51100.00) returned to Callmarx13
Callmarx13 does not show
*** SUMMARY ***
Total pot 44100.00
Board [2c 5d Tc 3d]
Seat 1: rivermankram (button) folded on the Pre-Flop
Seat 2: lipesticky (small blind) folded on the Pre-Flop
Seat 3: duncy2 (big blind) folded on the Pre-Flop
Seat 4: Callmarx13 did not show and won 44100.00
Seat 5: Legend22 folded on the Turn
Seat 6: TIGASEOS300 folded on the Pre-Flop and did not bet
Seat 7: sapada folded on the Pre-Flop and did not bet
Seat 8: Riverrunner4 folded on the Pre-Flop and did not bet

Game Hand #2017693067 - Tournament #31137464 - Holdem (No Limit) - Level 22 (3500.00/7000.00)- 2024/02/04 23:02:30 UTC
Table '256' 8-max Seat #2 is the button
Seat 1: rivermankram (324300.00)
Seat 2: lipesticky (211176.00)
Seat 3: duncy2 (235687.00)
Seat 4: Callmarx13 (479892.00)
Seat 5: Legend22 (839781.00)
Seat 6: TIGASEOS300 (50600.00)
Seat 7: sapada (276945.00)
Seat 8: Riverrunner4 (497067.00)
rivermankram posts ante 700.00
lipesticky posts ante 700.00
duncy2 posts ante 700.00
Callmarx13 posts ante 700.00
Legend22 posts ante 700.00
TIGASEOS300 posts ante 700.00
sapada posts ante 700.00
Riverrunner4 posts ante 700.00
duncy2 posts the small blind 3500.00
Callmarx13 posts the big blind 7000.00
*** HOLE CARDS ***
Main pot 5600.00
Dealt to lipesticky [Th 3h]
Legend22 raises 15400.00 to 15400.00
TIGASEOS300 folds
sapada folds
Riverrunner4 folds
rivermankram calls 15400.00
lipesticky folds
duncy2 folds
Callmarx13 calls 8400.00
*** FLOP *** [5s 2s 9c]
Main pot 55300.00
Callmarx13 checks
Legend22 bets 16590.00
rivermankram calls 16590.00
Callmarx13 calls 16590.00
*** TURN *** [5s 2s 9c] [9d]
Main pot 105070.00
Callmarx13 checks
Legend22 bets 47289.00
rivermankram folds
Callmarx13 folds
Uncalled bet (47289.00) returned to Legend22
Legend22 does not show
*** SUMMARY ***
Total pot 105070.00
Board [5s 2s 9c 9d]
Seat 1: rivermankram folded on the Turn
Seat 2: lipesticky (button) folded on the Pre-Flop
Seat 3: duncy2 (small blind) folded on the Pre-Flop
Seat 4: Callmarx13 (big blind) folded on the Turn
Seat 5: Legend22 did not show and won 105070.00
Seat 6: TIGASEOS300 folded on the Pre-Flop and did not bet
Seat 7: sapada folded on the Pre-Flop and did not bet
Seat 8: Riverrunner4 folded on the Pre-Flop and did not bet

Game Hand #2017695620 - Tournament #31137464 - Holdem (No Limit) - Level 22 (3500.00/7000.00)- 2024/02/04 23:04:01 UTC
Table '256' 8-max Seat #3 is the button
Seat 1: rivermankram (291610.00)
Seat 2: lipesticky (210476.00)
Seat 3: duncy2 (231487.00)
Seat 4: Callmarx13 (447202.00)
Seat 5: Legend22 (912161.00)
Seat 6: TIGASEOS300 (49900.00)
Seat 7: sapada (276245.00)
Seat 8: Riverrunner4 (496367.00)
rivermankram posts ante 700.00
lipesticky posts ante 700.00
duncy2 posts ante 700.00
Callmarx13 posts ante 700.00
Legend22 posts ante 700.00
TIGASEOS300 posts ante 700.00
sapada posts ante 700.00
Riverrunner4 posts ante 700.00
Callmarx13 posts the small blind 3500.00
Legend22 posts the big blind 7000.00
*** HOLE CARDS ***
Main pot 5600.00
Dealt to lipesticky [8h Ac]
TIGASEOS300 folds
sapada folds
Riverrunner4 folds
rivermankram folds
lipesticky raises 14700.00 to 14700.00
duncy2 folds
Callmarx13 folds
Legend22 raises 49700.00 to 56700.00
lipesticky folds
Uncalled bet (42000.00) returned to Legend22
Legend22 does not show
*** SUMMARY ***
Total pot 38500.00
Seat 1: rivermankram folded on the Pre-Flop and did not bet
Seat 2: lipesticky folded on the Pre-Flop and did not bet
Seat 3: duncy2 (button) folded on the Pre-Flop
Seat 4: Callmarx13 (small blind) folded on the Pre-Flop
Seat 5: Legend22 did not show and won 38500.00
Seat 6: TIGASEOS300 folded on the Pre-Flop and did not bet
Seat 7: sapada folded on the Pre-Flop and did not bet
Seat 8: Riverrunner4 folded on the Pre-Flop and did not bet

Game Hand #2017697243 - Tournament #31137464 - Holdem (No Limit) - Level 22 (3500.00/7000.00)- 2024/02/04 23:04:56 UTC
Table '256' 8-max Seat #4 is the button
Seat 1: rivermankram (290910.00)
Seat 2: lipesticky (195076.00)
Seat 3: duncy2 (230787.00)
Seat 4: Callmarx13 (443002.00)
Seat 5: Legend22 (935261.00)
Seat 6: TIGASEOS300 (49200.00)
Seat 7: sapada (275545.00)
Seat 8: Riverrunner4 (495667.00)
rivermankram posts ante 700.00
lipesticky posts ante 700.00
duncy2 posts ante 700.00
Callmarx13 posts ante 700.00
Legend22 posts ante 700.00
TIGASEOS300 posts ante 700.00
sapada posts ante 700.00
Riverrunner4 posts ante 700.00
Legend22 posts the small blind 3500.00
TIGASEOS300 posts the big blind 7000.00
*** HOLE CARDS ***
Main pot 5600.00
Dealt to lipesticky [Ad Ac]
sapada folds
Riverrunner4 folds
rivermankram folds
lipesticky raises 14700.00 to 14700.00
duncy2 folds
Callmarx13 calls 14700.00
Legend22 folds
TIGASEOS300 calls 7700.00
*** FLOP *** [Qd 7c 2h]
Main pot 53200.00
TIGASEOS300 checks
lipesticky checks
Callmarx13 checks
*** TURN *** [Qd 7c 2h] [Qs]
Main pot 53200.00
TIGASEOS300 checks
lipesticky checks
Callmarx13 checks
*** RIVER *** [Qd 7c 2h Qs] [Jc]
Main pot 53200.00
TIGASEOS300 bets 33800.00 and is all-in
lipesticky calls 33800.00
Callmarx13 folds
*** SHOW DOWN ***
Main pot 120800.00
lipesticky shows [Ad Ac] (two pair, Aces and Queens [Ad Ac Qs Qd Jc])
TIGASEOS300 shows [Qh 7h] (a full house, Queens full of Sevens [Qs Qh Qd 7h 7c])
TIGASEOS300 collected 120800.00 from main pot
*** SUMMARY ***
Total pot 120800.00
Board [Qd 7c 2h Qs Jc]
Seat 1: rivermankram folded on the Pre-Flop and did not bet
Seat 2: lipesticky showed [Ad Ac] and lost with two pair, Aces and Queens [Ad Ac Qs Qd Jc]
Seat 3: duncy2 folded on the Pre-Flop and did not bet
Seat 4: Callmarx13 (button) folded on the River
Seat 5: Legend22 (small blind) folded on the Pre-Flop
Seat 6: TIGASEOS300 (big blind) showed [Qh 7h] and won 120800.00 with a full house, Queens full of Sevens [Qs Qh Qd 7h 7c]
Seat 7: sapada folded on the Pre-Flop and did not bet
Seat 8: Riverrunner4 folded on the Pre-Flop and did not bet

Game Hand #2017701054 - Tournament #31137464 - Holdem (No Limit) - Level 23 (4000.00/8000.00)- 2024/02/04 23:07:00 UTC
Table '256' 8-max Seat #5 is the button
Seat 1: rivermankram (290210.00)
Seat 2: lipesticky (145876.00)
Seat 3: duncy2 (230087.00)
Seat 4: Callmarx13 (427602.00)
Seat 5: Legend22 (931061.00)
Seat 6: TIGASEOS300 (120800.00)
Seat 7: sapada (274845.00)
Seat 8: Riverrunner4 (494967.00)
rivermankram posts ante 800.00
lipesticky posts ante 800.00
duncy2 posts ante 800.00
Callmarx13 posts ante 800.00
Legend22 posts ante 800.00
TIGASEOS300 posts ante 800.00
sapada posts ante 800.00
Riverrunner4 posts ante 800.00
TIGASEOS300 posts the small blind 4000.00
sapada posts the big blind 8000.00
*** HOLE CARDS ***
Main pot 6400.00
Dealt to lipesticky [5s 9d]
Riverrunner4 folds
rivermankram folds
lipesticky folds
duncy2 raises 16000.00 to 16000.00
Callmarx13 folds
Legend22 folds
TIGASEOS300 raises 116000.00 to 120000.00 and is all-in
sapada folds
duncy2 folds
Uncalled bet (104000.00) returned to TIGASEOS300
TIGASEOS300 does not show
*** SUMMARY ***
Total pot 46400.00
Seat 1: rivermankram folded on the Pre-Flop and did not bet
Seat 2: lipesticky folded on the Pre-Flop and did not bet
Seat 3: duncy2 folded on the Pre-Flop and did not bet
Seat 4: Callmarx13 folded on the Pre-Flop and did not bet
Seat 5: Legend22 (button) folded on the Pre-Flop
Seat 6: TIGASEOS300 did not show and won 46400.00
Seat 7: sapada (big blind) folded on the Pre-Flop
Seat 8: Riverrunner4 folded on the Pre-Flop and did not bet

Game Hand #2017702385 - Tournament #31137464 - Holdem (No Limit) - Level 23 (4000.00/8000.00)- 2024/02/04 23:07:42 UTC
Table '256' 8-max Seat #6 is the button
Seat 1: rivermankram (289410.00)
Seat 2: lipesticky (145076.00)
Seat 3: duncy2 (213287.00)
Seat 4: Callmarx13 (426802.00)
Seat 5: Legend22 (930261.00)
Seat 6: TIGASEOS300 (150400.00)
Seat 7: sapada (266045.00)
Seat 8: Riverrunner4 (494167.00)
rivermankram posts ante 800.00
lipesticky posts ante 800.00
duncy2 posts ante 800.00
Callmarx13 posts ante 800.00
Legend22 posts ante 800.00
TIGASEOS300 posts ante 800.00
sapada posts ante 800.00
Riverrunner4 posts ante 800.00
sapada posts the small blind 4000.00
Riverrunner4 posts the big blind 8000.00
*** HOLE CARDS ***
Main pot 6400.00
Dealt to lipesticky [Js Ks]
rivermankram folds
lipesticky raises 16000.00 to 16000.00
duncy2 folds
Callmarx13 folds
Legend22 folds
TIGASEOS300 folds
sapada folds
Riverrunner4 folds
Uncalled bet (8000.00) returned to lipesticky
lipesticky does not show
*** SUMMARY ***
Total pot 26400.00
Seat 1: rivermankram folded on the Pre-Flop and did not bet
Seat 2: lipesticky did not show and won 26400.00
Seat 3: duncy2 folded on the Pre-Flop and did not bet
Seat 4: Callmarx13 folded on the Pre-Flop and did not bet
Seat 5: Legend22 folded on the Pre-Flop and did not bet
Seat 6: TIGASEOS300 (button) folded on the Pre-Flop
Seat 7: sapada (small blind) folded on the Pre-Flop
Seat 8: Riverrunner4 (big blind) folded on the Pre-Flop

Game Hand #2017703620 - Tournament #31137464 - Holdem (No Limit) - Level 23 (4000.00/8000.00)- 2024/02/04 23:08:20 UTC
Table '256' 8-max Seat #7 is the button
Seat 1: rivermankram (288610.00)
Seat 2: lipesticky (162676.00)
Seat 3: duncy2 (212487.00)
Seat 4: Callmarx13 (426002.00)
Seat 5: Legend22 (929461.00)
Seat 6: TIGASEOS300 (149600.00)
Seat 7: sapada (261245.00)
Seat 8: Riverrunner4 (485367.00)
rivermankram posts ante 800.00
lipesticky posts ante 800.00
duncy2 posts ante 800.00
Callmarx13 posts ante 800.00
Legend22 posts ante 800.00
TIGASEOS300 posts ante 800.00
sapada posts ante 800.00
Riverrunner4 posts ante 800.00
Riverrunner4 posts the small blind 4000.00
rivermankram posts the big blind 8000.00
*** HOLE CARDS ***
Main pot 6400.00
Dealt to lipesticky [As 5c]
lipesticky folds
duncy2 folds
Callmarx13 folds
Legend22 folds
TIGASEOS300 folds
sapada folds
Riverrunner4 calls 4000.00
rivermankram checks
*** FLOP *** [Qh 9c 6c]
Main pot 22400.00
Riverrunner4 checks
rivermankram checks
*** TURN *** [Qh 9c 6c] [Qd]
Main pot 22400.00
Riverrunner4 checks
rivermankram checks
*** RIVER *** [Qh 9c 6c Qd] [2d]
Main pot 22400.00
Riverrunner4 bets 8000.00
rivermankram folds
Uncalled bet (8000.00) returned to Riverrunner4
Riverrunner4 does not show
*** SUMMARY ***
Total pot 22400.00
Board [Qh 9c 6c Qd 2d]
Seat 1: rivermankram (big blind) folded on the River
Seat 2: lipesticky folded on the Pre-Flop and did not bet
Seat 3: duncy2 folded on the Pre-Flop and did not bet
Seat 4: Callmarx13 folded on the Pre-Flop and did not bet
Seat 5: Legend22 folded on the Pre-Flop and did not bet
Seat 6: TIGASEOS300 folded on the Pre-Flop and did not bet
Seat 7: sapada (button) folded on the Pre-Flop
Seat 8: Riverrunner4 did not show and won 22400.00

Game Hand #2017705969 - Tournament #31137464 - Holdem (No Limit) - Level 23 (4000.00/8000.00)- 2024/02/04 23:09:33 UTC
Table '256' 8-max Seat #8 is the button
Seat 1: rivermankram (279810.00)
Seat 2: lipesticky (161876.00)
Seat 3: duncy2 (211687.00)
Seat 4: Callmarx13 (425202.00)
Seat 5: Legend22 (928661.00)
Seat 6: TIGASEOS300 (148800.00)
Seat 7: sapada (260445.00)
Seat 8: Riverrunner4 (498967.00)
rivermankram posts ante 800.00
lipesticky posts ante 800.00
duncy2 posts ante 800.00
Callmarx13 posts ante 800.00
Legend22 posts ante 800.00
TIGASEOS300 posts ante 800.00
sapada posts ante 800.00
Riverrunner4 posts ante 800.00
rivermankram posts the small blind 4000.00
lipesticky posts the big blind 8000.00
*** HOLE CARDS ***
Main pot 6400.00
Dealt to lipesticky [3s 6c]
duncy2 folds
Callmarx13 folds
Legend22 folds
TIGASEOS300 folds
sapada raises 16000.00 to 16000.00
Riverrunner4 folds
rivermankram folds
lipesticky folds
Uncalled bet (8000.00) returned to sapada
sapada does not show
*** SUMMARY ***
Total pot 26400.00
Seat 1: rivermankram (small blind) folded on the Pre-Flop
Seat 2: lipesticky (big blind) folded on the Pre-Flop
Seat 3: duncy2 folded on the Pre-Flop and did not bet
Seat 4: Callmarx13 folded on the Pre-Flop and did not bet
Seat 5: Legend22 folded on the Pre-Flop and did not bet
Seat 6: TIGASEOS300 folded on the Pre-Flop and did not bet
Seat 7: sapada did not show and won 26400.00
Seat 8: Riverrunner4 (button) folded on the Pre-Flop

Game Hand #2017707790 - Tournament #31137464 - Holdem (No Limit) - Level 23 (4000.00/8000.00)- 2024/02/04 23:10:30 UTC
Table '256' 8-max Seat #1 is the button
Seat 1: rivermankram (275010.00)
Seat 2: lipesticky (153076.00)
Seat 3: duncy2 (210887.00)
Seat 4: Callmarx13 (424402.00)
Seat 5: Legend22 (927861.00)
Seat 6: TIGASEOS300 (148000.00)
Seat 7: sapada (278045.00)
Seat 8: Riverrunner4 (498167.00)
rivermankram posts ante 800.00
lipesticky posts ante 800.00
duncy2 posts ante 800.00
Callmarx13 posts ante 800.00
Legend22 posts ante 800.00
TIGASEOS300 posts ante 800.00
sapada posts ante 800.00
Riverrunner4 posts ante 800.00
lipesticky posts the small blind 4000.00
duncy2 posts the big blind 8000.00
*** HOLE CARDS ***
Main pot 6400.00
Dealt to lipesticky [6s 7s]
Callmarx13 folds
Legend22 raises 16000.00 to 16000.00
TIGASEOS300 folds
sapada folds
Riverrunner4 folds
rivermankram folds
lipesticky calls 12000.00
duncy2 folds
*** FLOP *** [8c Ks Jh]
Main pot 46400.00
lipesticky checks
Legend22 bets 13920.00
lipesticky folds
Uncalled bet (13920.00) returned to Legend22
Legend22 does not show
*** SUMMARY ***
Total pot 46400.00
Board [8c Ks Jh]
Seat 1: rivermankram (button) folded on the Pre-Flop
Seat 2: lipesticky (small blind) folded on the Flop
Seat 3: duncy2 (big blind) folded on the Pre-Flop
Seat 4: Callmarx13 folded on the Pre-Flop and did not bet
Seat 5: Legend22 did not show and won 46400.00
Seat 6: TIGASEOS300 folded on the Pre-Flop and did not bet
Seat 7: sapada folded on the Pre-Flop and did not bet
Seat 8: Riverrunner4 folded on the Pre-Flop and did not bet

Game Hand #2017709971 - Tournament #31137464 - Holdem (No Limit) - Level 23 (4000.00/8000.00)- 2024/02/04 23:11:36 UTC
Table '256' 8-max Seat #2 is the button
Seat 1: rivermankram (274210.00)
Seat 2: lipesticky (136276.00)
Seat 3: duncy2 (202087.00)
Seat 4: Callmarx13 (423602.00)
Seat 5: Legend22 (957461.00)
Seat 6: TIGASEOS300 (147200.00)
Seat 7: sapada (277245.00)
Seat 8: Riverrunner4 (497367.00)
rivermankram posts ante 800.00
lipesticky posts ante 800.00
duncy2 posts ante 800.00
Callmarx13 posts ante 800.00
Legend22 posts ante 800.00
TIGASEOS300 posts ante 800.00
sapada posts ante 800.00
Riverrunner4 posts ante 800.00
duncy2 posts the small blind 4000.00
Callmarx13 posts the big blind 8000.00
*** HOLE CARDS ***
Main pot 6400.00
Dealt to lipesticky [3d 7s]
Legend22 folds
TIGASEOS300 folds
sapada folds
Riverrunner4 folds
rivermankram folds
lipesticky folds
duncy2 folds
Callmarx13 does not show
*** SUMMARY ***
Total pot 18400.00
Seat 1: rivermankram folded on the Pre-Flop and did not bet
Seat 2: lipesticky (button) folded on the Pre-Flop
Seat 3: duncy2 (small blind) folded on the Pre-Flop
Seat 4: Callmarx13 did not show and won 18400.00
Seat 5: Legend22 folded on the Pre-Flop and did not bet
Seat 6: TIGASEOS300 folded on the Pre-Flop and did not bet
Seat 7: sapada folded on the Pre-Flop and did not bet
Seat 8: Riverrunner4 folded on the Pre-Flop and did not bet

Game Hand #2017710618 - Tournament #31137464 - Holdem (No Limit) - Level 23 (4000.00/8000.00)- 2024/02/04 23:11:58 UTC
Table '256' 8-max Seat #3 is the button
Seat 1: rivermankram (273410.00)
Seat 2: lipesticky (135476.00)
Seat 3: duncy2 (197287.00)
Seat 4: Callmarx13 (433202.00)
Seat 5: Legend22 (956661.00)
Seat 6: TIGASEOS300 (146400.00)
Seat 7: sapada (276445.00)
Seat 8: Riverrunner4 (496567.00)
rivermankram posts ante 800.00
lipesticky posts ante 800.00
duncy2 posts ante 800.00
Callmarx13 posts ante 800.00
Legend22 posts ante 800.00
TIGASEOS300 posts ante 800.00
sapada posts ante 800.00
Riverrunner4 posts ante 800.00
Callmarx13 posts the small blind 4000.00
Legend22 posts the big blind 8000.00
*** HOLE CARDS ***
Main pot 6400.00
Dealt to lipesticky [Jc Js]
TIGASEOS300 folds
sapada folds
Riverrunner4 folds
rivermankram folds
lipesticky raises 16000.00 to 16000.00
duncy2 folds
Callmarx13 calls 12000.00
Legend22 raises 72800.00 to 80800.00
lipesticky raises 118676.00 to 134676.00 and is all-in
Callmarx13 folds
Legend22 calls 53876.00
*** FLOP *** [8s 7c 8h]
Main pot 291752.00
*** TURN *** [8s 7c 8h] [3d]
Main pot 291752.00
*** RIVER *** [8s 7c 8h 3d] [Ks]
Main pot 291752.00
*** SHOW DOWN ***
Main pot 291752.00
lipesticky shows [Jc Js] (two pair, Jacks and Eights [Js Jc 8s 8h Ks])
Legend22 shows [Ah 9s] (a pair of Eights [8s 8h Ah Ks 9s])
lipesticky collected 291752.00 from main pot
*** SUMMARY ***
Total pot 291752.00
Board [8s 7c 8h 3d Ks]
Seat 1: rivermankram folded on the Pre-Flop and did not bet
Seat 2: lipesticky showed [Jc Js] and won 291752.00 with two pair, Jacks and Eights [Js Jc 8s 8h Ks]
Seat 3: duncy2 (button) folded on the Pre-Flop
Seat 4: Callmarx13 (small blind) folded on the Pre-Flop
Seat 5: Legend22 (big blind) showed [Ah 9s] and lost with a pair of Eights [8s 8h Ah Ks 9s]
Seat 6: TIGASEOS300 folded on the Pre-Flop and did not bet
Seat 7: sapada folded on the Pre-Flop and did not bet
Seat 8: Riverrunner4 folded on the Pre-Flop and did not bet

Game Hand #2017713156 - Tournament #31137464 - Holdem (No Limit) - Level 23 (4000.00/8000.00)- 2024/02/04 23:13:16 UTC
Table '256' 8-max Seat #4 is the button
Seat 1: rivermankram (272610.00)
Seat 2: lipesticky (291752.00)
Seat 3: duncy2 (196487.00)
Seat 4: Callmarx13 (416402.00)
Seat 5: Legend22 (821185.00)
Seat 6: TIGASEOS300 (145600.00)
Seat 7: sapada (275645.00)
Seat 8: Riverrunner4 (495767.00)
rivermankram posts ante 800.00
lipesticky posts ante 800.00
duncy2 posts ante 800.00
Callmarx13 posts ante 800.00
Legend22 posts ante 800.00
TIGASEOS300 posts ante 800.00
sapada posts ante 800.00
Riverrunner4 posts ante 800.00
Legend22 posts the small blind 4000.00
TIGASEOS300 posts the big blind 8000.00
*** HOLE CARDS ***
Main pot 6400.00
Dealt to lipesticky [4h 2c]
sapada folds
Riverrunner4 folds
rivermankram folds
lipesticky folds
duncy2 folds
Callmarx13 raises 16000.00 to 16000.00
Legend22 folds
TIGASEOS300 calls 8000.00
*** FLOP *** [5d 9c 2d]
Main pot 42400.00
TIGASEOS300 checks
Callmarx13 bets 13200.00
TIGASEOS300 raises 34400.00 to 34400.00
Callmarx13 folds
Uncalled bet (21200.00) returned to TIGASEOS300
TIGASEOS300 does not show
*** SUMMARY ***
Total pot 68800.00
Board [5d 9c 2d]
Seat 1: rivermankram folded on the Pre-Flop and did not bet
Seat 2: lipesticky folded on the Pre-Flop and did not bet
Seat 3: duncy2 folded on the Pre-Flop and did not bet
Seat 4: Callmarx13 (button) folded on the Flop
Seat 5: Legend22 (small blind) folded on the Pre-Flop
Seat 6: TIGASEOS300 did not show and won 68800.00
Seat 7: sapada folded on the Pre-Flop and did not bet
Seat 8: Riverrunner4 folded on the Pre-Flop and did not bet

Game Hand #2017715102 - Tournament #31137464 - Holdem (No Limit) - Level 23 (4000.00/8000.00)- 2024/02/04 23:14:18 UTC
Table '256' 8-max Seat #5 is the button
Seat 1: rivermankram (271810.00)
Seat 2: lipesticky (290952.00)
Seat 3: duncy2 (195687.00)
Seat 4: Callmarx13 (386402.00)
Seat 5: Legend22 (816385.00)
Seat 6: TIGASEOS300 (184400.00)
Seat 7: sapada (274845.00)
Seat 8: Riverrunner4 (494967.00)
rivermankram posts ante 800.00
lipesticky posts ante 800.00
duncy2 posts ante 800.00
Callmarx13 posts ante 800.00
Legend22 posts ante 800.00
TIGASEOS300 posts ante 800.00
sapada posts ante 800.00
Riverrunner4 posts ante 800.00
TIGASEOS300 posts the small blind 4000.00
sapada posts the big blind 8000.00
*** HOLE CARDS ***
Main pot 6400.00
Dealt to lipesticky [8c 4s]
Riverrunner4 folds
rivermankram folds
lipesticky folds
duncy2 raises 16000.00 to 16000.00
Callmarx13 folds
Legend22 folds
TIGASEOS300 folds
sapada folds
Uncalled bet (8000.00) returned to duncy2
duncy2 does not show
*** SUMMARY ***
Total pot 26400.00
Seat 1: rivermankram folded on the Pre-Flop and did not bet
Seat 2: lipesticky folded on the Pre-Flop and did not bet
Seat 3: duncy2 did not show and won 26400.00
Seat 4: Callmarx13 folded on the Pre-Flop and did not bet
Seat 5: Legend22 (button) folded on the Pre-Flop
Seat 6: TIGASEOS300 (small blind) folded on the Pre-Flop
Seat 7: sapada (big blind) folded on the Pre-Flop
Seat 8: Riverrunner4 folded on the Pre-Flop and did not bet

Game Hand #2017716110 - Tournament #31137464 - Holdem (No Limit) - Level 23 (4000.00/8000.00)- 2024/02/04 23:14:51 UTC
Table '256' 8-max Seat #6 is the button
Seat 1: rivermankram (271010.00)
Seat 2: lipesticky (290152.00)
Seat 3: duncy2 (213287.00)
Seat 4: Callmarx13 (385602.00)
Seat 5: Legend22 (815585.00)
Seat 6: TIGASEOS300 (179600.00)
Seat 7: sapada (266045.00)
Seat 8: Riverrunner4 (494167.00)
rivermankram posts ante 800.00
lipesticky posts ante 800.00
duncy2 posts ante 800.00
Callmarx13 posts ante 800.00
Legend22 posts ante 800.00
TIGASEOS300 posts ante 800.00
sapada posts ante 800.00
Riverrunner4 posts ante 800.00
sapada posts the small blind 4000.00
Riverrunner4 posts the big blind 8000.00
*** HOLE CARDS ***
Main pot 6400.00
Dealt to lipesticky [Ts Tc]
rivermankram raises 16000.00 to 16000.00
lipesticky calls 16000.00
duncy2 folds
Callmarx13 folds
Legend22 calls 16000.00
TIGASEOS300 folds
sapada folds
Riverrunner4 calls 8000.00
*** FLOP *** [6s Jd 9c]
Main pot 74400.00
Riverrunner4 checks
rivermankram checks
lipesticky checks
Legend22 bets 22320.00
Riverrunner4 folds
rivermankram folds
lipesticky folds
Uncalled bet (22320.00) returned to Legend22
Legend22 does not show
*** SUMMARY ***
Total pot 74400.00
Board [6s Jd 9c]
Seat 1: rivermankram folded on the Flop
Seat 2: lipesticky folded on the Flop
Seat 3: duncy2 folded on the Pre-Flop and did not bet
Seat 4: Callmarx13 folded on the Pre-Flop and did not bet
Seat 5: Legend22 did not show and won 74400.00
Seat 6: TIGASEOS300 (button) folded on the Pre-Flop
Seat 7: sapada (small blind) folded on the Pre-Flop
Seat 8: Riverrunner4 (big blind) folded on the Flop

Game Hand #2017718519 - Tournament #31137464 - Holdem (No Limit) - Level 23 (4000.00/8000.00)- 2024/02/04 23:16:08 UTC
Table '256' 8-max Seat #7 is the button
Seat 1: rivermankram (254210.00)
Seat 2: lipesticky (273352.00)
Seat 3: duncy2 (212487.00)
Seat 4: Callmarx13 (384802.00)
Seat 5: Legend22 (873185.00)
Seat 6: TIGASEOS300 (178800.00)
Seat 7: sapada (261245.00)
Seat 8: Riverrunner4 (477367.00)
rivermankram posts ante 800.00
lipesticky posts ante 800.00
duncy2 posts ante 800.00
Callmarx13 posts ante 800.00
Legend22 posts ante 800.00
TIGASEOS300 posts ante 800.00
sapada posts ante 800.00
Riverrunner4 posts ante 800.00
Riverrunner4 posts the small blind 4000.00
rivermankram posts the big blind 8000.00
*** HOLE CARDS ***
Main pot 6400.00
Dealt to lipesticky [Ts 4d]
lipesticky folds
duncy2 folds
Callmarx13 folds
Legend22 folds
TIGASEOS300 folds
sapada folds
Riverrunner4 calls 4000.00
rivermankram checks
*** FLOP *** [9c 2s 2h]
Main pot 22400.00
Riverrunner4 bets 8000.00
rivermankram folds
Uncalled bet (8000.00) returned to Riverrunner4
Riverrunner4 does not show
*** SUMMARY ***
Total pot 22400.00
Board [9c 2s 2h]
Seat 1: rivermankram (big blind) folded on the Flop
Seat 2: lipesticky folded on the Pre-Flop and did not bet
Seat 3: duncy2 folded on the Pre-Flop and did not bet
Seat 4: Callmarx13 folded on the Pre-Flop and did not bet
Seat 5: Legend22 folded on the Pre-Flop and did not bet
Seat 6: TIGASEOS300 folded on the Pre-Flop and did not bet
Seat 7: sapada (button) folded on the Pre-Flop
Seat 8: Riverrunner4 did not show and won 22400.00

Game Hand #2017719620 - Tournament #31137464 - Holdem (No Limit) - Level 23 (4000.00/8000.00)- 2024/02/04 23:16:44 UTC
Table '256' 8-max Seat #8 is the button
Seat 1: rivermankram (245410.00)
Seat 2: lipesticky (272552.00)
Seat 3: duncy2 (211687.00)
Seat 4: Callmarx13 (384002.00)
Seat 5: Legend22 (872385.00)
Seat 6: TIGASEOS300 (178000.00)
Seat 7: sapada (260445.00)
Seat 8: Riverrunner4 (490967.00)
rivermankram posts ante 800.00
lipesticky posts ante 800.00
duncy2 posts ante 800.00
Callmarx13 posts ante 800.00
Legend22 posts ante 800.00
TIGASEOS300 posts ante 800.00
sapada posts ante 800.00
Riverrunner4 posts ante 800.00
rivermankram posts the small blind 4000.00
lipesticky posts the big blind 8000.00
*** HOLE CARDS ***
Main pot 6400.00
Dealt to lipesticky [Jd Ac]
duncy2 raises 16000.00 to 16000.00
Callmarx13 raises 40000.00 to 40000.00
Legend22 calls 40000.00
TIGASEOS300 folds
sapada folds
Riverrunner4 folds
rivermankram folds
lipesticky folds
duncy2 raises 194887.00 to 210887.00 and is all-in
Callmarx13 raises 343202.00 to 383202.00 and is all-in
Legend22 folds
Uncalled bet (172315.00) returned to Callmarx13
*** FLOP *** [2s 3s 6d]
Main pot 480174.00
*** TURN *** [2s 3s 6d] [2c]
Main pot 480174.00
*** RIVER *** [2s 3s 6d 2c] [Kh]
Main pot 480174.00
*** SHOW DOWN ***
Main pot 480174.00
duncy2 shows [Ad As] (two pair, Aces and Deuces [As Ad 2s 2c Kh])
Callmarx13 shows [Kd Kc] (a full house, Kings full of Deuces [Kh Kd Kc 2s 2c])
Callmarx13 collected 480174.00 from main pot
*** SUMMARY ***
Total pot 480174.00
Board [2s 3s 6d 2c Kh]
Seat 1: rivermankram (small blind) folded on the Pre-Flop
Seat 2: lipesticky (big blind) folded on the Pre-Flop
Seat 3: duncy2 showed [Ad As] and lost with two pair, Aces and Deuces [As Ad 2s 2c Kh]
Seat 4: Callmarx13 showed [Kd Kc] and won 480174.00 with a full house, Kings full of Deuces [Kh Kd Kc 2s 2c]
Seat 5: Legend22 folded on the Pre-Flop and did not bet
Seat 6: TIGASEOS300 folded on the Pre-Flop and did not bet
Seat 7: sapada folded on the Pre-Flop and did not bet
Seat 8: Riverrunner4 (button) folded on the Pre-Flop

