Game Hand #2017969311 - Tournament #31137464 - Holdem (No Limit) - Level 40 (125000.00/250000.00)- 2024/02/05 02:20:02 UTC
Table '266' 8-max Seat #3 is the button
Seat 1: lipesticky (3708520.00)
Seat 2: evolen2 (7027298.00)
Seat 3: rivermankram (2594540.00)
Seat 4: take31pon (12472149.00)
Seat 5: c4444 (8956450.00)
Seat 6: 1salesconsultant (3259722.00)
Seat 7: Legend22 (18697672.00)
Seat 8: Sameoldfears (804542.00)
lipesticky posts ante 25000.00
evolen2 posts ante 25000.00
rivermankram posts ante 25000.00
take31pon posts ante 25000.00
c4444 posts ante 25000.00
1salesconsultant posts ante 25000.00
Legend22 posts ante 25000.00
Sameoldfears posts ante 25000.00
take31pon posts the small blind 125000.00
c4444 posts the big blind 250000.00
*** HOLE CARDS ***
Main pot 200000.00
Dealt to lipesticky [3d Kc]
1salesconsultant folds
Legend22 folds
Sameoldfears raises 500000.00 to 500000.00
lipesticky folds
evolen2 folds
rivermankram raises 2569540.00 to 2569540.00 and is all-in
take31pon folds
c4444 folds
Sameoldfears calls 279542.00 and is all-in
Uncalled bet (1789998.00) returned to rivermankram
*** FLOP *** [Kh Ks Jd]
Main pot 2134084.00
*** TURN *** [Kh Ks Jd] [7d]
Main pot 2134084.00
*** RIVER *** [Kh Ks Jd 7d] [4s]
Main pot 2134084.00
*** SHOW DOWN ***
Main pot 2134084.00
rivermankram shows [Th As] (a pair of Kings [Ks Kh As Jd Th])
Sameoldfears shows [Ad 5d] (a pair of Kings [Ks Kh Ad Jd 7d])
rivermankram collected 2134084.00 from main pot
*** SUMMARY ***
Total pot 2134084.00
Board [Kh Ks Jd 7d 4s]
Seat 1: lipesticky folded on the Pre-Flop and did not bet
Seat 2: evolen2 folded on the Pre-Flop and did not bet
Seat 3: rivermankram (button) showed [Th As] and won 2134084.00 with a pair of Kings [Ks Kh As Jd Th] with the kicker Ten
Seat 4: take31pon (small blind) folded on the Pre-Flop
Seat 5: c4444 (big blind) folded on the Pre-Flop
Seat 6: 1salesconsultant folded on the Pre-Flop and did not bet
Seat 7: Legend22 folded on the Pre-Flop and did not bet
Seat 8: Sameoldfears showed [Ad 5d] and lost with a pair of Kings [Ks Kh Ad Jd 7d]

Game Hand #2017970656 - Tournament #31137464 - Holdem (No Limit) - Level 40 (125000.00/250000.00)- 2024/02/05 02:21:06 UTC
Table '266' 8-max Seat #4 is the button
Seat 1: lipesticky (3683520.00)
Seat 2: evolen2 (7002298.00)
Seat 3: rivermankram (3924082.00)
Seat 4: take31pon (12322149.00)
Seat 5: c4444 (8681450.00)
Seat 6: 1salesconsultant (3234722.00)
Seat 7: Legend22 (18672672.00)
lipesticky posts ante 25000.00
evolen2 posts ante 25000.00
rivermankram posts ante 25000.00
take31pon posts ante 25000.00
c4444 posts ante 25000.00
1salesconsultant posts ante 25000.00
Legend22 posts ante 25000.00
c4444 posts the small blind 125000.00
1salesconsultant posts the big blind 250000.00
*** HOLE CARDS ***
Main pot 175000.00
Dealt to lipesticky [6s 6h]
Legend22 folds
lipesticky raises 500000.00 to 500000.00
evolen2 folds
rivermankram calls 500000.00
take31pon folds
c4444 folds
1salesconsultant calls 250000.00
*** FLOP *** [5s Qh 8s]
Main pot 1800000.00
1salesconsultant checks
lipesticky checks
rivermankram bets 643400.00
1salesconsultant folds
lipesticky folds
Uncalled bet (643400.00) returned to rivermankram
rivermankram does not show
*** SUMMARY ***
Total pot 1800000.00
Board [5s Qh 8s]
Seat 1: lipesticky folded on the Flop
Seat 2: evolen2 folded on the Pre-Flop and did not bet
Seat 3: rivermankram did not show and won 1800000.00
Seat 4: take31pon (button) folded on the Pre-Flop
Seat 5: c4444 (small blind) folded on the Pre-Flop
Seat 6: 1salesconsultant (big blind) folded on the Flop
Seat 7: Legend22 folded on the Pre-Flop and did not bet

Game Hand #2017972307 - Tournament #31137464 - Holdem (No Limit) - Level 40 (125000.00/250000.00)- 2024/02/05 02:22:24 UTC
Table '266' 8-max Seat #5 is the button
Seat 1: lipesticky (3158520.00)
Seat 2: evolen2 (6977298.00)
Seat 3: rivermankram (5199082.00)
Seat 4: take31pon (12297149.00)
Seat 5: c4444 (8531450.00)
Seat 6: 1salesconsultant (2709722.00)
Seat 7: Legend22 (18647672.00)
lipesticky posts ante 25000.00
evolen2 posts ante 25000.00
rivermankram posts ante 25000.00
take31pon posts ante 25000.00
c4444 posts ante 25000.00
1salesconsultant posts ante 25000.00
Legend22 posts ante 25000.00
1salesconsultant posts the small blind 125000.00
Legend22 posts the big blind 250000.00
*** HOLE CARDS ***
Main pot 175000.00
Dealt to lipesticky [7s Jd]
lipesticky folds
evolen2 folds
rivermankram calls 250000.00
take31pon folds
c4444 folds
1salesconsultant calls 125000.00
Legend22 checks
*** FLOP *** [Qs 6h Kd]
Main pot 925000.00
1salesconsultant checks
Legend22 checks
rivermankram bets 347186.00
1salesconsultant folds
Legend22 folds
Uncalled bet (347186.00) returned to rivermankram
rivermankram does not show
*** SUMMARY ***
Total pot 925000.00
Board [Qs 6h Kd]
Seat 1: lipesticky folded on the Pre-Flop and did not bet
Seat 2: evolen2 folded on the Pre-Flop and did not bet
Seat 3: rivermankram did not show and won 925000.00
Seat 4: take31pon folded on the Pre-Flop and did not bet
Seat 5: c4444 (button) folded on the Pre-Flop
Seat 6: 1salesconsultant (small blind) folded on the Flop
Seat 7: Legend22 (big blind) folded on the Flop

Game Hand #2017973681 - Tournament #31137464 - Holdem (No Limit) - Level 40 (125000.00/250000.00)- 2024/02/05 02:23:28 UTC
Table '266' 8-max Seat #6 is the button
Seat 1: lipesticky (3133520.00)
Seat 2: evolen2 (6952298.00)
Seat 3: rivermankram (5849082.00)
Seat 4: take31pon (12272149.00)
Seat 5: c4444 (8506450.00)
Seat 6: 1salesconsultant (2434722.00)
Seat 7: Legend22 (18372672.00)
lipesticky posts ante 25000.00
evolen2 posts ante 25000.00
rivermankram posts ante 25000.00
take31pon posts ante 25000.00
c4444 posts ante 25000.00
1salesconsultant posts ante 25000.00
Legend22 posts ante 25000.00
Legend22 posts the small blind 125000.00
lipesticky posts the big blind 250000.00
*** HOLE CARDS ***
Main pot 175000.00
Dealt to lipesticky [Js Qc]
evolen2 folds
rivermankram folds
take31pon folds
c4444 folds
1salesconsultant folds
Legend22 raises 18222672.00 to 18347672.00 and is all-in
lipesticky calls 2858520.00 and is all-in
Uncalled bet (15239152.00) returned to Legend22
*** FLOP *** [Kd 5d 4c]
Main pot 6392040.00
*** TURN *** [Kd 5d 4c] [Jd]
Main pot 6392040.00
*** RIVER *** [Kd 5d 4c Jd] [Kh]
Main pot 6392040.00
*** SHOW DOWN ***
Main pot 6392040.00
lipesticky shows [Js Qc] (two pair, Kings and Jacks [Kh Kd Js Jd Qc])
Legend22 shows [As 5s] (two pair, Kings and Fives [Kh Kd 5s 5d As])
lipesticky collected 6392040.00 from main pot
*** SUMMARY ***
Total pot 6392040.00
Board [Kd 5d 4c Jd Kh]
Seat 1: lipesticky (big blind) showed [Js Qc] and won 6392040.00 with two pair, Kings and Jacks [Kh Kd Js Jd Qc]
Seat 2: evolen2 folded on the Pre-Flop and did not bet
Seat 3: rivermankram folded on the Pre-Flop and did not bet
Seat 4: take31pon folded on the Pre-Flop and did not bet
Seat 5: c4444 folded on the Pre-Flop and did not bet
Seat 6: 1salesconsultant (button) folded on the Pre-Flop
Seat 7: Legend22 (small blind) showed [As 5s] and lost with two pair, Kings and Fives [Kh Kd 5s 5d As]

Game Hand #2017974567 - Tournament #31137464 - Holdem (No Limit) - Level 40 (125000.00/250000.00)- 2024/02/05 02:24:10 UTC
Table '266' 8-max Seat #7 is the button
Seat 1: lipesticky (6392040.00)
Seat 2: evolen2 (6927298.00)
Seat 3: rivermankram (5824082.00)
Seat 4: take31pon (12247149.00)
Seat 5: c4444 (8481450.00)
Seat 6: 1salesconsultant (2409722.00)
Seat 7: Legend22 (15239152.00)
lipesticky posts ante 25000.00
evolen2 posts ante 25000.00
rivermankram posts ante 25000.00
take31pon posts ante 25000.00
c4444 posts ante 25000.00
1salesconsultant posts ante 25000.00
Legend22 posts ante 25000.00
lipesticky posts the small blind 125000.00
evolen2 posts the big blind 250000.00
*** HOLE CARDS ***
Main pot 175000.00
Dealt to lipesticky [7h Ah]
rivermankram raises 527500.00 to 527500.00
take31pon folds
c4444 folds
1salesconsultant folds
Legend22 folds
lipesticky calls 402500.00
evolen2 folds
*** FLOP *** [6c Kd 8h]
Main pot 1480000.00
lipesticky checks
rivermankram checks
*** TURN *** [6c Kd 8h] [5c]
Main pot 1480000.00
lipesticky bets 1258000.00
rivermankram calls 1258000.00
*** RIVER *** [6c Kd 8h 5c] [Th]
Main pot 3996000.00
lipesticky bets 4581540.00 and is all-in
rivermankram calls 4013582.00 and is all-in
Uncalled bet (567958.00) returned to lipesticky
*** SHOW DOWN ***
Main pot 12023164.00
lipesticky shows [7h Ah] (a high card, Ace high [Ah Kd Th 8h 7h])
rivermankram shows [Jc Kc] (a pair of Kings [Kd Kc Jc Th 8h])
rivermankram collected 12023164.00 from main pot
*** SUMMARY ***
Total pot 12023164.00
Board [6c Kd 8h 5c Th]
Seat 1: lipesticky (small blind) showed [7h Ah] and lost with a high card, Ace high [Ah Kd Th 8h 7h]
Seat 2: evolen2 (big blind) folded on the Pre-Flop
Seat 3: rivermankram showed [Jc Kc] and won 12023164.00 with a pair of Kings [Kd Kc Jc Th 8h]
Seat 4: take31pon folded on the Pre-Flop and did not bet
Seat 5: c4444 folded on the Pre-Flop and did not bet
Seat 6: 1salesconsultant folded on the Pre-Flop and did not bet
Seat 7: Legend22 (button) folded on the Pre-Flop

Game Hand #2017977091 - Tournament #31137464 - Holdem (No Limit) - Level 41 (150000.00/300000.00)- 2024/02/05 02:26:11 UTC
Table '266' 8-max Seat #1 is the button
Seat 1: lipesticky (567958.00)
Seat 2: evolen2 (6652298.00)
Seat 3: rivermankram (12023164.00)
Seat 4: take31pon (12222149.00)
Seat 5: c4444 (8456450.00)
Seat 6: 1salesconsultant (2384722.00)
Seat 7: Legend22 (15214152.00)
lipesticky posts ante 30000.00
evolen2 posts ante 30000.00
rivermankram posts ante 30000.00
take31pon posts ante 30000.00
c4444 posts ante 30000.00
1salesconsultant posts ante 30000.00
Legend22 posts ante 30000.00
evolen2 posts the small blind 150000.00
rivermankram posts the big blind 300000.00
*** HOLE CARDS ***
Main pot 210000.00
Dealt to lipesticky [Ad Th]
take31pon folds
c4444 raises 600000.00 to 600000.00
1salesconsultant folds
Legend22 folds
lipesticky calls 537958.00 and is all-in
evolen2 folds
rivermankram folds
Uncalled bet (62042.00) returned to c4444
*** FLOP *** [5h 8c 5c]
Main pot 1735916.00
*** TURN *** [5h 8c 5c] [Js]
Main pot 1735916.00
*** RIVER *** [5h 8c 5c Js] [5s]
Main pot 1735916.00
*** SHOW DOWN ***
Main pot 1735916.00
lipesticky shows [Ad Th] (three of a kind, Set of Fives [5s 5h 5c Ad Js])
c4444 shows [Ks Tc] (three of a kind, Set of Fives [5s 5h 5c Ks Js])
lipesticky collected 1735916.00 from main pot
*** SUMMARY ***
Total pot 1735916.00
Board [5h 8c 5c Js 5s]
Seat 1: lipesticky (button) showed [Ad Th] and won 1735916.00 with three of a kind, Set of Fives [5s 5h 5c Ad Js] with the kicker Ace
Seat 2: evolen2 (small blind) folded on the Pre-Flop
Seat 3: rivermankram (big blind) folded on the Pre-Flop
Seat 4: take31pon folded on the Pre-Flop and did not bet
Seat 5: c4444 showed [Ks Tc] and lost with three of a kind, Set of Fives [5s 5h 5c Ks Js]
Seat 6: 1salesconsultant folded on the Pre-Flop and did not bet
Seat 7: Legend22 folded on the Pre-Flop and did not bet

Game Hand #2017978282 - Tournament #31137464 - Holdem (No Limit) - Level 41 (150000.00/300000.00)- 2024/02/05 02:27:07 UTC
Table '266' 8-max Seat #2 is the button
Seat 1: lipesticky (1735916.00)
Seat 2: evolen2 (6472298.00)
Seat 3: rivermankram (11693164.00)
Seat 4: take31pon (12192149.00)
Seat 5: c4444 (7888492.00)
Seat 6: 1salesconsultant (2354722.00)
Seat 7: Legend22 (15184152.00)
lipesticky posts ante 30000.00
evolen2 posts ante 30000.00
rivermankram posts ante 30000.00
take31pon posts ante 30000.00
c4444 posts ante 30000.00
1salesconsultant posts ante 30000.00
Legend22 posts ante 30000.00
rivermankram posts the small blind 150000.00
take31pon posts the big blind 300000.00
*** HOLE CARDS ***
Main pot 210000.00
Dealt to lipesticky [Js 9c]
c4444 folds
1salesconsultant folds
Legend22 folds
lipesticky folds
evolen2 folds
rivermankram folds
take31pon does not show
*** SUMMARY ***
Total pot 660000.00
Seat 1: lipesticky folded on the Pre-Flop and did not bet
Seat 2: evolen2 (button) folded on the Pre-Flop
Seat 3: rivermankram (small blind) folded on the Pre-Flop
Seat 4: take31pon did not show and won 660000.00
Seat 5: c4444 folded on the Pre-Flop and did not bet
Seat 6: 1salesconsultant folded on the Pre-Flop and did not bet
Seat 7: Legend22 folded on the Pre-Flop and did not bet

Game Hand #2017979263 - Tournament #31137464 - Holdem (No Limit) - Level 41 (150000.00/300000.00)- 2024/02/05 02:27:54 UTC
Table '266' 8-max Seat #3 is the button
Seat 1: lipesticky (1705916.00)
Seat 2: evolen2 (6442298.00)
Seat 3: rivermankram (11513164.00)
Seat 4: take31pon (12522149.00)
Seat 5: c4444 (7858492.00)
Seat 6: 1salesconsultant (2324722.00)
Seat 7: Legend22 (15154152.00)
lipesticky posts ante 30000.00
evolen2 posts ante 30000.00
rivermankram posts ante 30000.00
take31pon posts ante 30000.00
c4444 posts ante 30000.00
1salesconsultant posts ante 30000.00
Legend22 posts ante 30000.00
take31pon posts the small blind 150000.00
c4444 posts the big blind 300000.00
*** HOLE CARDS ***
Main pot 210000.00
Dealt to lipesticky [5h 4c]
1salesconsultant folds
Legend22 folds
lipesticky folds
evolen2 folds
rivermankram raises 633000.00 to 633000.00
take31pon folds
c4444 calls 333000.00
*** FLOP *** [4h Qh 6c]
Main pot 1626000.00
c4444 checks
rivermankram bets 531068.00
c4444 calls 531068.00
*** TURN *** [4h Qh 6c] [Qc]
Main pot 2688136.00
c4444 checks
rivermankram checks
*** RIVER *** [4h Qh 6c Qc] [2h]
Main pot 2688136.00
c4444 bets 1778475.00
rivermankram folds
Uncalled bet (1778475.00) returned to c4444
c4444 does not show
*** SUMMARY ***
Total pot 2688136.00
Board [4h Qh 6c Qc 2h]
Seat 1: lipesticky folded on the Pre-Flop and did not bet
Seat 2: evolen2 folded on the Pre-Flop and did not bet
Seat 3: rivermankram (button) folded on the River
Seat 4: take31pon (small blind) folded on the Pre-Flop
Seat 5: c4444 did not show and won 2688136.00
Seat 6: 1salesconsultant folded on the Pre-Flop and did not bet
Seat 7: Legend22 folded on the Pre-Flop and did not bet

Game Hand #2017980999 - Tournament #31137464 - Holdem (No Limit) - Level 41 (150000.00/300000.00)- 2024/02/05 02:29:18 UTC
Table '266' 8-max Seat #4 is the button
Seat 1: lipesticky (1675916.00)
Seat 2: evolen2 (6412298.00)
Seat 3: rivermankram (10319096.00)
Seat 4: take31pon (12342149.00)
Seat 5: c4444 (9352560.00)
Seat 6: 1salesconsultant (2294722.00)
Seat 7: Legend22 (15124152.00)
lipesticky posts ante 30000.00
evolen2 posts ante 30000.00
rivermankram posts ante 30000.00
take31pon posts ante 30000.00
c4444 posts ante 30000.00
1salesconsultant posts ante 30000.00
Legend22 posts ante 30000.00
c4444 posts the small blind 150000.00
1salesconsultant posts the big blind 300000.00
*** HOLE CARDS ***
Main pot 210000.00
Dealt to lipesticky [6h 3d]
Legend22 folds
lipesticky folds
evolen2 folds
rivermankram calls 300000.00
take31pon folds
c4444 calls 150000.00
1salesconsultant raises 1964722.00 to 2264722.00 and is all-in
rivermankram calls 1964722.00
c4444 folds
*** FLOP *** [Td 5c 2h]
Main pot 5039444.00
*** TURN *** [Td 5c 2h] [Jd]
Main pot 5039444.00
*** RIVER *** [Td 5c 2h Jd] [Jc]
Main pot 5039444.00
*** SHOW DOWN ***
Main pot 5039444.00
rivermankram shows [Ts Kh] (two pair, Jacks and Tens [Jd Jc Ts Td Kh])
1salesconsultant shows [8h 8c] (two pair, Jacks and Eights [Jd Jc 8h 8c Td])
rivermankram collected 5039444.00 from main pot
*** SUMMARY ***
Total pot 5039444.00
Board [Td 5c 2h Jd Jc]
Seat 1: lipesticky folded on the Pre-Flop and did not bet
Seat 2: evolen2 folded on the Pre-Flop and did not bet
Seat 3: rivermankram showed [Ts Kh] and won 5039444.00 with two pair, Jacks and Tens [Jd Jc Ts Td Kh]
Seat 4: take31pon (button) folded on the Pre-Flop
Seat 5: c4444 (small blind) folded on the Pre-Flop
Seat 6: 1salesconsultant (big blind) showed [8h 8c] and lost with two pair, Jacks and Eights [Jd Jc 8h 8c Td]
Seat 7: Legend22 folded on the Pre-Flop and did not bet

Game Hand #2017982476 - Tournament #31137464 - Holdem (No Limit) - Level 41 (150000.00/300000.00)- 2024/02/05 02:30:31 UTC
Table '266' 8-max Seat #5 is the button
Seat 1: lipesticky (1645916.00)
Seat 2: evolen2 (6382298.00)
Seat 3: rivermankram (13063818.00)
Seat 4: take31pon (12312149.00)
Seat 5: c4444 (9022560.00)
Seat 7: Legend22 (15094152.00)
lipesticky posts ante 30000.00
evolen2 posts ante 30000.00
rivermankram posts ante 30000.00
take31pon posts ante 30000.00
c4444 posts ante 30000.00
Legend22 posts ante 30000.00
Legend22 posts the big blind 300000.00
*** HOLE CARDS ***
Main pot 180000.00
Dealt to lipesticky [9c 6d]
lipesticky folds
evolen2 folds
rivermankram folds
take31pon folds
c4444 folds
Legend22 does not show
*** SUMMARY ***
Total pot 480000.00
Seat 1: lipesticky folded on the Pre-Flop and did not bet
Seat 2: evolen2 folded on the Pre-Flop and did not bet
Seat 3: rivermankram folded on the Pre-Flop and did not bet
Seat 4: take31pon folded on the Pre-Flop and did not bet
Seat 5: c4444 (button) folded on the Pre-Flop
Seat 7: Legend22 did not show and won 480000.00

Game Hand #2017982987 - Tournament #31137464 - Holdem (No Limit) - Level 41 (150000.00/300000.00)- 2024/02/05 02:30:54 UTC
Table '266' 8-max Seat #6 is the button
Seat 1: lipesticky (1615916.00)
Seat 2: evolen2 (6352298.00)
Seat 3: rivermankram (13033818.00)
Seat 4: take31pon (12282149.00)
Seat 5: c4444 (8992560.00)
Seat 7: Legend22 (15244152.00)
lipesticky posts ante 30000.00
evolen2 posts ante 30000.00
rivermankram posts ante 30000.00
take31pon posts ante 30000.00
c4444 posts ante 30000.00
Legend22 posts ante 30000.00
Legend22 posts the small blind 150000.00
lipesticky posts the big blind 300000.00
*** HOLE CARDS ***
Main pot 180000.00
Dealt to lipesticky [4h 4d]
evolen2 folds
rivermankram raises 600000.00 to 600000.00
take31pon folds
c4444 folds
Legend22 folds
lipesticky calls 300000.00
*** FLOP *** [Jc Jd 6c]
Main pot 1530000.00
lipesticky bets 985916.00 and is all-in
rivermankram calls 985916.00
*** TURN *** [Jc Jd 6c] [Qc]
Main pot 3501832.00
*** RIVER *** [Jc Jd 6c Qc] [5s]
Main pot 3501832.00
*** SHOW DOWN ***
Main pot 3501832.00
lipesticky shows [4h 4d] (two pair, Jacks and Fours [Jd Jc 4h 4d Qc])
rivermankram shows [4s 4c] (two pair, Jacks and Fours [Jd Jc 4s 4c Qc])
lipesticky collected 1750916.00 from main pot
rivermankram collected 1750916.00 from main pot
*** SUMMARY ***
Total pot 3501832.00
Board [Jc Jd 6c Qc 5s]
Seat 1: lipesticky (big blind) showed [4h 4d] and won 1750916.00 with two pair, Jacks and Fours [Jd Jc 4h 4d Qc]
Seat 2: evolen2 folded on the Pre-Flop and did not bet
Seat 3: rivermankram showed [4s 4c] and won 1750916.00 with two pair, Jacks and Fours [Jd Jc 4s 4c Qc]
Seat 4: take31pon folded on the Pre-Flop and did not bet
Seat 5: c4444 folded on the Pre-Flop and did not bet
Seat 7: Legend22 (small blind) folded on the Pre-Flop

Game Hand #2017984265 - Tournament #31137464 - Holdem (No Limit) - Level 41 (150000.00/300000.00)- 2024/02/05 02:31:54 UTC
Table '266' 8-max Seat #7 is the button
Seat 1: lipesticky (1750916.00)
Seat 2: evolen2 (6322298.00)
Seat 3: rivermankram (13168818.00)
Seat 4: take31pon (12252149.00)
Seat 5: c4444 (8962560.00)
Seat 6: DLSI (3126469.00)
Seat 7: Legend22 (15064152.00)
lipesticky posts ante 30000.00
evolen2 posts ante 30000.00
rivermankram posts ante 30000.00
take31pon posts ante 30000.00
c4444 posts ante 30000.00
DLSI posts ante 30000.00
Legend22 posts ante 30000.00
lipesticky posts the small blind 150000.00
evolen2 posts the big blind 300000.00
*** HOLE CARDS ***
Main pot 210000.00
Dealt to lipesticky [3h 2s]
rivermankram folds
take31pon folds
c4444 raises 600000.00 to 600000.00
DLSI folds
Legend22 folds
lipesticky folds
evolen2 calls 300000.00
*** FLOP *** [5c Jh Ts]
Main pot 1560000.00
evolen2 checks
c4444 bets 390000.00
evolen2 folds
Uncalled bet (390000.00) returned to c4444
c4444 does not show
*** SUMMARY ***
Total pot 1560000.00
Board [5c Jh Ts]
Seat 1: lipesticky (small blind) folded on the Pre-Flop
Seat 2: evolen2 (big blind) folded on the Flop
Seat 3: rivermankram folded on the Pre-Flop and did not bet
Seat 4: take31pon folded on the Pre-Flop and did not bet
Seat 5: c4444 did not show and won 1560000.00
Seat 6: DLSI folded on the Pre-Flop and did not bet
Seat 7: Legend22 (button) folded on the Pre-Flop

Game Hand #2017985318 - Tournament #31137464 - Holdem (No Limit) - Level 41 (150000.00/300000.00)- 2024/02/05 02:32:44 UTC
Table '266' 8-max Seat #1 is the button
Seat 1: lipesticky (1570916.00)
Seat 2: evolen2 (5692298.00)
Seat 3: rivermankram (13138818.00)
Seat 4: take31pon (12222149.00)
Seat 5: c4444 (9892560.00)
Seat 6: DLSI (3096469.00)
Seat 7: Legend22 (15034152.00)
lipesticky posts ante 30000.00
evolen2 posts ante 30000.00
rivermankram posts ante 30000.00
take31pon posts ante 30000.00
c4444 posts ante 30000.00
DLSI posts ante 30000.00
Legend22 posts ante 30000.00
evolen2 posts the small blind 150000.00
rivermankram posts the big blind 300000.00
*** HOLE CARDS ***
Main pot 210000.00
Dealt to lipesticky [Jd Kc]
take31pon folds
c4444 folds
DLSI folds
Legend22 folds
lipesticky raises 1540916.00 to 1540916.00 and is all-in
evolen2 folds
rivermankram calls 1240916.00
*** FLOP *** [6d 5d 6s]
Main pot 3441832.00
*** TURN *** [6d 5d 6s] [8h]
Main pot 3441832.00
*** RIVER *** [6d 5d 6s 8h] [Kh]
Main pot 3441832.00
*** SHOW DOWN ***
Main pot 3441832.00
lipesticky shows [Jd Kc] (two pair, Kings and Sixs [Kh Kc 6s 6d Jd])
rivermankram shows [Jh Qh] (a pair of Sixs [6s 6d Kh Qh Jh])
lipesticky collected 3441832.00 from main pot
*** SUMMARY ***
Total pot 3441832.00
Board [6d 5d 6s 8h Kh]
Seat 1: lipesticky (button) showed [Jd Kc] and won 3441832.00 with two pair, Kings and Sixs [Kh Kc 6s 6d Jd]
Seat 2: evolen2 (small blind) folded on the Pre-Flop
Seat 3: rivermankram (big blind) showed [Jh Qh] and lost with a pair of Sixs [6s 6d Kh Qh Jh]
Seat 4: take31pon folded on the Pre-Flop and did not bet
Seat 5: c4444 folded on the Pre-Flop and did not bet
Seat 6: DLSI folded on the Pre-Flop and did not bet
Seat 7: Legend22 folded on the Pre-Flop and did not bet

Game Hand #2017986290 - Tournament #31137464 - Holdem (No Limit) - Level 41 (150000.00/300000.00)- 2024/02/05 02:33:32 UTC
Table '266' 8-max Seat #2 is the button
Seat 1: lipesticky (3441832.00)
Seat 2: evolen2 (5512298.00)
Seat 3: rivermankram (11567902.00)
Seat 4: take31pon (12192149.00)
Seat 5: c4444 (9862560.00)
Seat 6: DLSI (3066469.00)
Seat 7: Legend22 (15004152.00)
lipesticky posts ante 30000.00
evolen2 posts ante 30000.00
rivermankram posts ante 30000.00
take31pon posts ante 30000.00
c4444 posts ante 30000.00
DLSI posts ante 30000.00
Legend22 posts ante 30000.00
rivermankram posts the small blind 150000.00
take31pon posts the big blind 300000.00
*** HOLE CARDS ***
Main pot 210000.00
Dealt to lipesticky [Ad 5s]
c4444 folds
DLSI folds
Legend22 folds
lipesticky raises 600000.00 to 600000.00
evolen2 folds
rivermankram folds
take31pon calls 300000.00
*** FLOP *** [2s 7d Kd]
Main pot 1560000.00
take31pon checks
lipesticky bets 360000.00
take31pon folds
Uncalled bet (360000.00) returned to lipesticky
lipesticky does not show
*** SUMMARY ***
Total pot 1560000.00
Board [2s 7d Kd]
Seat 1: lipesticky did not show and won 1560000.00
Seat 2: evolen2 (button) folded on the Pre-Flop
Seat 3: rivermankram (small blind) folded on the Pre-Flop
Seat 4: take31pon (big blind) folded on the Flop
Seat 5: c4444 folded on the Pre-Flop and did not bet
Seat 6: DLSI folded on the Pre-Flop and did not bet
Seat 7: Legend22 folded on the Pre-Flop and did not bet

Game Hand #2017987353 - Tournament #31137464 - Holdem (No Limit) - Level 41 (150000.00/300000.00)- 2024/02/05 02:34:22 UTC
Table '266' 8-max Seat #3 is the button
Seat 1: lipesticky (4371832.00)
Seat 2: evolen2 (5482298.00)
Seat 3: rivermankram (11387902.00)
Seat 4: take31pon (11562149.00)
Seat 5: c4444 (9832560.00)
Seat 6: DLSI (3036469.00)
Seat 7: Legend22 (14974152.00)
lipesticky posts ante 30000.00
evolen2 posts ante 30000.00
rivermankram posts ante 30000.00
take31pon posts ante 30000.00
c4444 posts ante 30000.00
DLSI posts ante 30000.00
Legend22 posts ante 30000.00
take31pon posts the small blind 150000.00
c4444 posts the big blind 300000.00
*** HOLE CARDS ***
Main pot 210000.00
Dealt to lipesticky [3c 3d]
DLSI folds
Legend22 folds
lipesticky folds
evolen2 folds
rivermankram folds
take31pon folds
c4444 does not show
*** SUMMARY ***
Total pot 660000.00
Seat 1: lipesticky folded on the Pre-Flop and did not bet
Seat 2: evolen2 folded on the Pre-Flop and did not bet
Seat 3: rivermankram (button) folded on the Pre-Flop
Seat 4: take31pon (small blind) folded on the Pre-Flop
Seat 5: c4444 did not show and won 660000.00
Seat 6: DLSI folded on the Pre-Flop and did not bet
Seat 7: Legend22 folded on the Pre-Flop and did not bet

Game Hand #2017987849 - Tournament #31137464 - Holdem (No Limit) - Level 41 (150000.00/300000.00)- 2024/02/05 02:34:46 UTC
Table '266' 8-max Seat #4 is the button
Seat 1: lipesticky (4341832.00)
Seat 2: evolen2 (5452298.00)
Seat 3: rivermankram (11357902.00)
Seat 4: take31pon (11382149.00)
Seat 5: c4444 (10162560.00)
Seat 6: DLSI (3006469.00)
Seat 7: Legend22 (14944152.00)
lipesticky posts ante 30000.00
evolen2 posts ante 30000.00
rivermankram posts ante 30000.00
take31pon posts ante 30000.00
c4444 posts ante 30000.00
DLSI posts ante 30000.00
Legend22 posts ante 30000.00
c4444 posts the small blind 150000.00
DLSI posts the big blind 300000.00
*** HOLE CARDS ***
Main pot 210000.00
Dealt to lipesticky [9d 7c]
Legend22 raises 660000.00 to 660000.00
lipesticky folds
evolen2 folds
rivermankram folds
take31pon folds
c4444 folds
DLSI folds
Uncalled bet (360000.00) returned to Legend22
Legend22 does not show
*** SUMMARY ***
Total pot 960000.00
Seat 1: lipesticky folded on the Pre-Flop and did not bet
Seat 2: evolen2 folded on the Pre-Flop and did not bet
Seat 3: rivermankram folded on the Pre-Flop and did not bet
Seat 4: take31pon (button) folded on the Pre-Flop
Seat 5: c4444 (small blind) folded on the Pre-Flop
Seat 6: DLSI (big blind) folded on the Pre-Flop
Seat 7: Legend22 did not show and won 960000.00

Game Hand #2017989255 - Tournament #31137464 - Holdem (No Limit) - Level 42 (175000.00/350000.00)- 2024/02/05 02:35:51 UTC
Table '266' 8-max Seat #5 is the button
Seat 1: lipesticky (4311832.00)
Seat 2: evolen2 (5422298.00)
Seat 3: rivermankram (11327902.00)
Seat 5: c4444 (9982560.00)
Seat 6: DLSI (2676469.00)
Seat 7: Legend22 (15574152.00)
lipesticky posts ante 35000.00
evolen2 posts ante 35000.00
rivermankram posts ante 35000.00
c4444 posts ante 35000.00
DLSI posts ante 35000.00
Legend22 posts ante 35000.00
DLSI posts the small blind 175000.00
Legend22 posts the big blind 350000.00
*** HOLE CARDS ***
Main pot 210000.00
Dealt to lipesticky [2d Ah]
lipesticky folds
evolen2 folds
rivermankram raises 738500.00 to 738500.00
c4444 folds
DLSI folds
Legend22 folds
Uncalled bet (388500.00) returned to rivermankram
rivermankram does not show
*** SUMMARY ***
Total pot 1085000.00
Seat 1: lipesticky folded on the Pre-Flop and did not bet
Seat 2: evolen2 folded on the Pre-Flop and did not bet
Seat 3: rivermankram did not show and won 1085000.00
Seat 5: c4444 (button) folded on the Pre-Flop
Seat 6: DLSI (small blind) folded on the Pre-Flop
Seat 7: Legend22 (big blind) folded on the Pre-Flop

Game Hand #2017989978 - Tournament #31137464 - Holdem (No Limit) - Level 42 (175000.00/350000.00)- 2024/02/05 02:36:27 UTC
Table '266' 8-max Seat #6 is the button
Seat 1: lipesticky (4276832.00)
Seat 2: evolen2 (5387298.00)
Seat 3: rivermankram (12027902.00)
Seat 5: c4444 (9947560.00)
Seat 6: DLSI (2466469.00)
Seat 7: Legend22 (15189152.00)
lipesticky posts ante 35000.00
evolen2 posts ante 35000.00
rivermankram posts ante 35000.00
c4444 posts ante 35000.00
DLSI posts ante 35000.00
Legend22 posts ante 35000.00
Legend22 posts the small blind 175000.00
lipesticky posts the big blind 350000.00
*** HOLE CARDS ***
Main pot 210000.00
Dealt to lipesticky [9h Ah]
evolen2 folds
rivermankram folds
c4444 folds
DLSI raises 2425500.00 to 2425500.00
Legend22 raises 4851000.00 to 5026000.00
lipesticky calls 3891832.00 and is all-in
DLSI calls 5969.00 and is all-in
Uncalled bet (784168.00) returned to Legend22
*** FLOP *** [Td 9s 6d]
Main pot 7504407.00
Side pot(1) 3620726.00
*** TURN *** [Td 9s 6d] [Ts]
Main pot 7504407.00
Side pot(1) 3620726.00
*** RIVER *** [Td 9s 6d Ts] [6c]
Main pot 7504407.00
Side pot(1) 3620726.00
*** SHOW DOWN ***
Main pot 7504407.00
Side pot(1) 3620726.00
lipesticky shows [9h Ah] (two pair, Tens and Nines [Ts Td 9s 9h Ah])
DLSI shows [Kc Kh] (two pair, Kings and Tens [Kh Kc Ts Td 9s])
Legend22 shows [As Qd] (two pair, Tens and Sixs [Ts Td 6d 6c As])
DLSI collected 7504407.00 from main pot
lipesticky collected 3620726.00 from side pot-1
*** SUMMARY ***
Total pot 11125133.00
Board [Td 9s 6d Ts 6c]
Seat 1: lipesticky (big blind) showed [9h Ah] and won 3620726.00 with two pair, Tens and Nines [Ts Td 9s 9h Ah]
Seat 2: evolen2 folded on the Pre-Flop and did not bet
Seat 3: rivermankram folded on the Pre-Flop and did not bet
Seat 5: c4444 folded on the Pre-Flop and did not bet
Seat 6: DLSI (button) showed [Kc Kh] and won 7504407.00 with two pair, Kings and Tens [Kh Kc Ts Td 9s]
Seat 7: Legend22 (small blind) showed [As Qd] and lost with two pair, Tens and Sixs [Ts Td 6d 6c As]

Game Hand #2017991958 - Tournament #31137464 - Holdem (No Limit) - Level 42 (175000.00/350000.00)- 2024/02/05 02:38:02 UTC
Table '266' 8-max Seat #7 is the button
Seat 1: lipesticky (3620726.00)
Seat 2: evolen2 (5352298.00)
Seat 3: rivermankram (11992902.00)
Seat 5: c4444 (9912560.00)
Seat 6: DLSI (7504407.00)
Seat 7: Legend22 (10912320.00)
lipesticky posts ante 35000.00
evolen2 posts ante 35000.00
rivermankram posts ante 35000.00
c4444 posts ante 35000.00
DLSI posts ante 35000.00
Legend22 posts ante 35000.00
lipesticky posts the small blind 175000.00
evolen2 posts the big blind 350000.00
*** HOLE CARDS ***
Main pot 210000.00
Dealt to lipesticky [Ac Qd]
rivermankram folds
c4444 raises 700000.00 to 700000.00
DLSI folds
Legend22 folds
lipesticky raises 3409000.00 to 3584000.00
evolen2 folds
c4444 raises 5768000.00 to 6468000.00
lipesticky calls 1726.00 and is all-in
Uncalled bet (2882274.00) returned to c4444
*** FLOP *** [4h Ah Jd]
Main pot 7731452.00
*** TURN *** [4h Ah Jd] [2h]
Main pot 7731452.00
*** RIVER *** [4h Ah Jd 2h] [3d]
Main pot 7731452.00
*** SHOW DOWN ***
Main pot 7731452.00
lipesticky shows [Ac Qd] (a pair of Aces [Ah Ac Qd Jd 4h])
c4444 shows [7c 7h] (a pair of Sevens [7h 7c Ah Jd 4h])
lipesticky collected 7731452.00 from main pot
*** SUMMARY ***
Total pot 7731452.00
Board [4h Ah Jd 2h 3d]
Seat 1: lipesticky (small blind) showed [Ac Qd] and won 7731452.00 with a pair of Aces [Ah Ac Qd Jd 4h]
Seat 2: evolen2 (big blind) folded on the Pre-Flop
Seat 3: rivermankram folded on the Pre-Flop and did not bet
Seat 5: c4444 showed [7c 7h] and lost with a pair of Sevens [7h 7c Ah Jd 4h]
Seat 6: DLSI folded on the Pre-Flop and did not bet
Seat 7: Legend22 (button) folded on the Pre-Flop

Game Hand #2017993277 - Tournament #31137464 - Holdem (No Limit) - Level 42 (175000.00/350000.00)- 2024/02/05 02:39:06 UTC
Table '266' 8-max Seat #1 is the button
Seat 1: lipesticky (7731452.00)
Seat 2: evolen2 (4967298.00)
Seat 3: rivermankram (11957902.00)
Seat 5: c4444 (6291834.00)
Seat 6: DLSI (7469407.00)
Seat 7: Legend22 (10877320.00)
lipesticky posts ante 35000.00
evolen2 posts ante 35000.00
rivermankram posts ante 35000.00
c4444 posts ante 35000.00
DLSI posts ante 35000.00
Legend22 posts ante 35000.00
evolen2 posts the small blind 175000.00
rivermankram posts the big blind 350000.00
*** HOLE CARDS ***
Main pot 210000.00
Dealt to lipesticky [Kd Qs]
c4444 folds
DLSI folds
Legend22 folds
lipesticky raises 735000.00 to 735000.00
evolen2 folds
rivermankram calls 385000.00
*** FLOP *** [8d Jd 2s]
Main pot 1855000.00
rivermankram checks
lipesticky bets 612150.00
rivermankram calls 612150.00
*** TURN *** [8d Jd 2s] [9c]
Main pot 3079300.00
rivermankram checks
lipesticky bets 1693615.00
rivermankram calls 1693615.00
*** RIVER *** [8d Jd 2s 9c] [6s]
Main pot 6466530.00
rivermankram checks
lipesticky checks
*** SHOW DOWN ***
Main pot 6466530.00
lipesticky shows [Kd Qs] (a high card, King high [Kd Qs Jd 9c 8d])
rivermankram shows [8h Th] (a pair of Eights [8h 8d Jd Th 9c])
rivermankram collected 6466530.00 from main pot
*** SUMMARY ***
Total pot 6466530.00
Board [8d Jd 2s 9c 6s]
Seat 1: lipesticky (button) showed [Kd Qs] and lost with a high card, King high [Kd Qs Jd 9c 8d]
Seat 2: evolen2 (small blind) folded on the Pre-Flop
Seat 3: rivermankram (big blind) showed [8h Th] and won 6466530.00 with a pair of Eights [8h 8d Jd Th 9c]
Seat 5: c4444 folded on the Pre-Flop and did not bet
Seat 6: DLSI folded on the Pre-Flop and did not bet
Seat 7: Legend22 folded on the Pre-Flop and did not bet

Game Hand #2017995626 - Tournament #31137464 - Holdem (No Limit) - Level 42 (175000.00/350000.00)- 2024/02/05 02:41:03 UTC
Table '266' 8-max Seat #2 is the button
Seat 1: lipesticky (4655687.00)
Seat 2: evolen2 (4757298.00)
Seat 3: rivermankram (15348667.00)
Seat 5: c4444 (6256834.00)
Seat 6: DLSI (7434407.00)
Seat 7: Legend22 (10842320.00)
lipesticky posts ante 35000.00
evolen2 posts ante 35000.00
rivermankram posts ante 35000.00
c4444 posts ante 35000.00
DLSI posts ante 35000.00
Legend22 posts ante 35000.00
rivermankram posts the small blind 175000.00
c4444 posts the big blind 350000.00
*** HOLE CARDS ***
Main pot 210000.00
Dealt to lipesticky [7h 4d]
DLSI raises 735000.00 to 735000.00
Legend22 folds
lipesticky folds
evolen2 raises 2211028.00 to 2211028.00
rivermankram folds
c4444 folds
DLSI folds
Uncalled bet (1476028.00) returned to evolen2
evolen2 does not show
*** SUMMARY ***
Total pot 2205000.00
Seat 1: lipesticky folded on the Pre-Flop and did not bet
Seat 2: evolen2 did not show and won 2205000.00
Seat 3: rivermankram (small blind) folded on the Pre-Flop
Seat 5: c4444 (big blind) folded on the Pre-Flop
Seat 6: DLSI folded on the Pre-Flop and did not bet
Seat 7: Legend22 folded on the Pre-Flop and did not bet

Game Hand #2017996764 - Tournament #31137464 - Holdem (No Limit) - Level 42 (175000.00/350000.00)- 2024/02/05 02:42:00 UTC
Table '266' 8-max Seat #3 is the button
Seat 1: lipesticky (4620687.00)
Seat 2: evolen2 (6192298.00)
Seat 3: rivermankram (15138667.00)
Seat 4: TiltyTim will be allowed to play after the button
Seat 5: c4444 (5871834.00)
Seat 6: DLSI (6664407.00)
Seat 7: Legend22 (10807320.00)
Seat 8: Ribancera (3786858.00)
lipesticky posts ante 35000.00
evolen2 posts ante 35000.00
rivermankram posts ante 35000.00
c4444 posts ante 35000.00
DLSI posts ante 35000.00
Legend22 posts ante 35000.00
Ribancera posts ante 35000.00
c4444 posts the small blind 175000.00
DLSI posts the big blind 350000.00
*** HOLE CARDS ***
Main pot 245000.00
Dealt to lipesticky [5c 2d]
Legend22 folds
Ribancera folds
lipesticky folds
evolen2 folds
rivermankram folds
c4444 calls 175000.00
DLSI checks
*** FLOP *** [Qd 2s 3h]
Main pot 945000.00
c4444 checks
DLSI checks
*** TURN *** [Qd 2s 3h] [8s]
Main pot 945000.00
c4444 checks
DLSI bets 1225000.00
c4444 calls 1225000.00
*** RIVER *** [Qd 2s 3h 8s] [3c]
Main pot 3395000.00
c4444 checks
DLSI bets 5054407.00 and is all-in
c4444 folds
Uncalled bet (5054407.00) returned to DLSI
DLSI does not show
*** SUMMARY ***
Total pot 3395000.00
Board [Qd 2s 3h 8s 3c]
Seat 1: lipesticky folded on the Pre-Flop and did not bet
Seat 2: evolen2 folded on the Pre-Flop and did not bet
Seat 3: rivermankram (button) folded on the Pre-Flop
Seat 5: c4444 (small blind) folded on the River
Seat 6: DLSI did not show and won 3395000.00
Seat 7: Legend22 folded on the Pre-Flop and did not bet
Seat 8: Ribancera folded on the Pre-Flop and did not bet

Game Hand #2017999950 - Tournament #31137464 - Holdem (No Limit) - Level 42 (175000.00/350000.00)- 2024/02/05 02:44:40 UTC
Table '266' 8-max Seat #5 is the button
Seat 1: lipesticky (4585687.00)
Seat 2: evolen2 (6157298.00)
Seat 3: rivermankram (15103667.00)
Seat 4: TiltyTim (9817079.00)
Seat 5: c4444 (4261834.00)
Seat 6: DLSI (8449407.00)
Seat 7: Legend22 (10772320.00)
Seat 8: Ribancera (3751858.00)
lipesticky posts ante 35000.00
evolen2 posts ante 35000.00
rivermankram posts ante 35000.00
TiltyTim posts ante 35000.00
c4444 posts ante 35000.00
DLSI posts ante 35000.00
Legend22 posts ante 35000.00
Ribancera posts ante 35000.00
DLSI posts the small blind 175000.00
Legend22 posts the big blind 350000.00
*** HOLE CARDS ***
Main pot 280000.00
Dealt to lipesticky [Tc 9h]
Ribancera folds
lipesticky folds
evolen2 folds
rivermankram raises 738500.00 to 738500.00
TiltyTim folds
c4444 folds
DLSI folds
Legend22 folds
Uncalled bet (388500.00) returned to rivermankram
rivermankram does not show
*** SUMMARY ***
Total pot 1155000.00
Seat 1: lipesticky folded on the Pre-Flop and did not bet
Seat 2: evolen2 folded on the Pre-Flop and did not bet
Seat 3: rivermankram did not show and won 1155000.00
Seat 4: TiltyTim folded on the Pre-Flop and did not bet
Seat 5: c4444 (button) folded on the Pre-Flop
Seat 6: DLSI (small blind) folded on the Pre-Flop
Seat 7: Legend22 (big blind) folded on the Pre-Flop
Seat 8: Ribancera folded on the Pre-Flop and did not bet

Game Hand #2018000833 - Tournament #31137464 - Holdem (No Limit) - Level 42 (175000.00/350000.00)- 2024/02/05 02:45:24 UTC
Table '266' 8-max Seat #6 is the button
Seat 1: lipesticky (4550687.00)
Seat 2: evolen2 (6122298.00)
Seat 3: rivermankram (15873667.00)
Seat 4: TiltyTim (9782079.00)
Seat 5: c4444 (4226834.00)
Seat 6: DLSI (8239407.00)
Seat 7: Legend22 (10387320.00)
Seat 8: Ribancera (3716858.00)
lipesticky posts ante 35000.00
evolen2 posts ante 35000.00
rivermankram posts ante 35000.00
TiltyTim posts ante 35000.00
c4444 posts ante 35000.00
DLSI posts ante 35000.00
Legend22 posts ante 35000.00
Ribancera posts ante 35000.00
Legend22 posts the small blind 175000.00
Ribancera posts the big blind 350000.00
*** HOLE CARDS ***
Main pot 280000.00
Dealt to lipesticky [Jc Ks]
lipesticky raises 700000.00 to 700000.00
evolen2 folds
rivermankram folds
TiltyTim folds
c4444 folds
DLSI folds
Legend22 folds
Ribancera folds
Uncalled bet (350000.00) returned to lipesticky
lipesticky does not show
*** SUMMARY ***
Total pot 1155000.00
Seat 1: lipesticky did not show and won 1155000.00
Seat 2: evolen2 folded on the Pre-Flop and did not bet
Seat 3: rivermankram folded on the Pre-Flop and did not bet
Seat 4: TiltyTim folded on the Pre-Flop and did not bet
Seat 5: c4444 folded on the Pre-Flop and did not bet
Seat 6: DLSI (button) folded on the Pre-Flop
Seat 7: Legend22 (small blind) folded on the Pre-Flop
Seat 8: Ribancera (big blind) folded on the Pre-Flop

Game Hand #2018001716 - Tournament #31137464 - Holdem (No Limit) - Level 43 (200000.00/400000.00)- 2024/02/05 02:46:07 UTC
Table '266' 8-max Seat #7 is the button
Seat 1: lipesticky (5320687.00)
Seat 2: evolen2 (6087298.00)
Seat 3: rivermankram (15838667.00)
Seat 4: TiltyTim (9747079.00)
Seat 5: c4444 (4191834.00)
Seat 6: DLSI (8204407.00)
Seat 7: Legend22 (10177320.00)
Seat 8: Ribancera (3331858.00)
lipesticky posts ante 40000.00
evolen2 posts ante 40000.00
rivermankram posts ante 40000.00
TiltyTim posts ante 40000.00
c4444 posts ante 40000.00
DLSI posts ante 40000.00
Legend22 posts ante 40000.00
Ribancera posts ante 40000.00
Ribancera posts the small blind 200000.00
lipesticky posts the big blind 400000.00
*** HOLE CARDS ***
Main pot 320000.00
Dealt to lipesticky [5h Qs]
evolen2 folds
rivermankram folds
TiltyTim folds
c4444 folds
DLSI folds
Legend22 folds
Ribancera folds
lipesticky does not show
*** SUMMARY ***
Total pot 920000.00
Seat 1: lipesticky did not show and won 920000.00
Seat 2: evolen2 folded on the Pre-Flop and did not bet
Seat 3: rivermankram folded on the Pre-Flop and did not bet
Seat 4: TiltyTim folded on the Pre-Flop and did not bet
Seat 5: c4444 folded on the Pre-Flop and did not bet
Seat 6: DLSI folded on the Pre-Flop and did not bet
Seat 7: Legend22 (button) folded on the Pre-Flop
Seat 8: Ribancera (small blind) folded on the Pre-Flop

Game Hand #2018002527 - Tournament #31137464 - Holdem (No Limit) - Level 43 (200000.00/400000.00)- 2024/02/05 02:46:47 UTC
Table '266' 8-max Seat #8 is the button
Seat 1: lipesticky (5800687.00)
Seat 2: evolen2 (6047298.00)
Seat 3: rivermankram (15798667.00)
Seat 4: TiltyTim (9707079.00)
Seat 5: c4444 (4151834.00)
Seat 6: DLSI (8164407.00)
Seat 7: Legend22 (10137320.00)
Seat 8: Ribancera (3091858.00)
lipesticky posts ante 40000.00
evolen2 posts ante 40000.00
rivermankram posts ante 40000.00
TiltyTim posts ante 40000.00
c4444 posts ante 40000.00
DLSI posts ante 40000.00
Legend22 posts ante 40000.00
Ribancera posts ante 40000.00
lipesticky posts the small blind 200000.00
evolen2 posts the big blind 400000.00
*** HOLE CARDS ***
Main pot 320000.00
Dealt to lipesticky [4d 8s]
rivermankram folds
TiltyTim folds
c4444 folds
DLSI folds
Legend22 folds
Ribancera folds
lipesticky folds
evolen2 does not show
*** SUMMARY ***
Total pot 920000.00
Seat 1: lipesticky (small blind) folded on the Pre-Flop
Seat 2: evolen2 did not show and won 920000.00
Seat 3: rivermankram folded on the Pre-Flop and did not bet
Seat 4: TiltyTim folded on the Pre-Flop and did not bet
Seat 5: c4444 folded on the Pre-Flop and did not bet
Seat 6: DLSI folded on the Pre-Flop and did not bet
Seat 7: Legend22 folded on the Pre-Flop and did not bet
Seat 8: Ribancera (button) folded on the Pre-Flop

Game Hand #2018003621 - Tournament #31137464 - Holdem (No Limit) - Level 43 (200000.00/400000.00)- 2024/02/05 02:47:42 UTC
Table '266' 8-max Seat #1 is the button
Seat 1: lipesticky (5560687.00)
Seat 2: evolen2 (6527298.00)
Seat 3: rivermankram (15758667.00)
Seat 4: TiltyTim (9667079.00)
Seat 5: c4444 (4111834.00)
Seat 6: DLSI (8124407.00)
Seat 7: Legend22 (10097320.00)
Seat 8: Ribancera (3051858.00)
lipesticky posts ante 40000.00
evolen2 posts ante 40000.00
rivermankram posts ante 40000.00
TiltyTim posts ante 40000.00
c4444 posts ante 40000.00
DLSI posts ante 40000.00
Legend22 posts ante 40000.00
Ribancera posts ante 40000.00
evolen2 posts the small blind 200000.00
rivermankram posts the big blind 400000.00
*** HOLE CARDS ***
Main pot 320000.00
Dealt to lipesticky [Td 5s]
TiltyTim folds
c4444 raises 4071834.00 to 4071834.00 and is all-in
DLSI folds
Legend22 folds
Ribancera folds
lipesticky folds
evolen2 folds
rivermankram folds
Uncalled bet (3671834.00) returned to c4444
c4444 does not show
*** SUMMARY ***
Total pot 1320000.00
Seat 1: lipesticky (button) folded on the Pre-Flop
Seat 2: evolen2 (small blind) folded on the Pre-Flop
Seat 3: rivermankram (big blind) folded on the Pre-Flop
Seat 4: TiltyTim folded on the Pre-Flop and did not bet
Seat 5: c4444 did not show and won 1320000.00
Seat 6: DLSI folded on the Pre-Flop and did not bet
Seat 7: Legend22 folded on the Pre-Flop and did not bet
Seat 8: Ribancera folded on the Pre-Flop and did not bet

Game Hand #2018004365 - Tournament #31137464 - Holdem (No Limit) - Level 43 (200000.00/400000.00)- 2024/02/05 02:48:19 UTC
Table '266' 8-max Seat #2 is the button
Seat 1: lipesticky (5520687.00)
Seat 2: evolen2 (6287298.00)
Seat 3: rivermankram (15318667.00)
Seat 4: TiltyTim (9627079.00)
Seat 5: c4444 (4991834.00)
Seat 6: DLSI (8084407.00)
Seat 7: Legend22 (10057320.00)
Seat 8: Ribancera (3011858.00)
lipesticky posts ante 40000.00
evolen2 posts ante 40000.00
rivermankram posts ante 40000.00
TiltyTim posts ante 40000.00
c4444 posts ante 40000.00
DLSI posts ante 40000.00
Legend22 posts ante 40000.00
Ribancera posts ante 40000.00
rivermankram posts the small blind 200000.00
TiltyTim posts the big blind 400000.00
*** HOLE CARDS ***
Main pot 320000.00
Dealt to lipesticky [Js Ac]
c4444 folds
DLSI folds
Legend22 folds
Ribancera folds
lipesticky raises 5480687.00 to 5480687.00 and is all-in
evolen2 folds
rivermankram folds
TiltyTim calls 5080687.00
*** FLOP *** [Kc Tc Kd]
Main pot 11481374.00
*** TURN *** [Kc Tc Kd] [9h]
Main pot 11481374.00
*** RIVER *** [Kc Tc Kd 9h] [3s]
Main pot 11481374.00
*** SHOW DOWN ***
Main pot 11481374.00
lipesticky shows [Js Ac] (a pair of Kings [Kd Kc Ac Js Tc])
TiltyTim shows [6s 6h] (two pair, Kings and Sixs [Kd Kc 6s 6h Tc])
TiltyTim collected 11481374.00 from main pot
*** SUMMARY ***
Total pot 11481374.00
Board [Kc Tc Kd 9h 3s]
Seat 1: lipesticky showed [Js Ac] and lost with a pair of Kings [Kd Kc Ac Js Tc]
Seat 2: evolen2 (button) folded on the Pre-Flop
Seat 3: rivermankram (small blind) folded on the Pre-Flop
Seat 4: TiltyTim (big blind) showed [6s 6h] and won 11481374.00 with two pair, Kings and Sixs [Kd Kc 6s 6h Tc]
Seat 5: c4444 folded on the Pre-Flop and did not bet
Seat 6: DLSI folded on the Pre-Flop and did not bet
Seat 7: Legend22 folded on the Pre-Flop and did not bet
Seat 8: Ribancera folded on the Pre-Flop and did not bet

