Game Hand #2018563981 - Tournament #31146371 - Holdem (No Limit) - Level 14 (1250.00/2500.00)- 2024/02/05 19:24:07 UTC
Table '45' 8-max Seat #1 is the button
Seat 1: DirtEStack (23875.00)
Seat 2: lipesticky will be allowed to play after the button
Seat 3: chelengolengo (107192.00)
Seat 5: jokkersbr (53400.00)
Seat 6: ODARNOC (167104.00)
DirtEStack posts ante 325.00
chelengolengo posts ante 325.00
jokkersbr posts ante 325.00
ODARNOC posts ante 325.00
chelengolengo posts the small blind 1250.00
jokkersbr posts the big blind 2500.00
*** HOLE CARDS ***
Main pot 1300.00
ODARNOC folds
DirtEStack folds
chelengolengo raises 5500.00 to 6750.00
jokkersbr folds
Uncalled bet (4250.00) returned to chelengolengo
chelengolengo does not show
*** SUMMARY ***
Total pot 6300.00
Seat 1: DirtEStack (button) folded on the Pre-Flop
Seat 3: chelengolengo did not show and won 6300.00
Seat 5: jokkersbr (big blind) folded on the Pre-Flop
Seat 6: ODARNOC folded on the Pre-Flop and did not bet

Game Hand #2018564471 - Tournament #31146371 - Holdem (No Limit) - Level 14 (1250.00/2500.00)- 2024/02/05 19:24:40 UTC
Table '45' 8-max Seat #3 is the button
Seat 1: DirtEStack (23550.00)
Seat 2: lipesticky (35000.00)
Seat 3: chelengolengo (110667.00)
Seat 4: WhamBamJahm will be allowed to play after the button
Seat 5: jokkersbr (50575.00)
Seat 6: ODARNOC (166779.00)
Seat 7: Fire4Blazin (91772.00)
Seat 8: Barloss (112225.00)
DirtEStack posts ante 325.00
lipesticky posts ante 325.00
chelengolengo posts ante 325.00
jokkersbr posts ante 325.00
ODARNOC posts ante 325.00
Fire4Blazin posts ante 325.00
Barloss posts ante 325.00
jokkersbr posts the small blind 1250.00
ODARNOC posts the big blind 2500.00
*** HOLE CARDS ***
Main pot 2275.00
Dealt to lipesticky [9c Ks]
Fire4Blazin folds
Barloss folds
DirtEStack folds
lipesticky raises 5250.00 to 5250.00
chelengolengo folds
jokkersbr raises 49000.00 to 50250.00 and is all-in
ODARNOC folds
lipesticky folds
Uncalled bet (45000.00) returned to jokkersbr
jokkersbr does not show
*** SUMMARY ***
Total pot 15275.00
Seat 1: DirtEStack folded on the Pre-Flop and did not bet
Seat 2: lipesticky folded on the Pre-Flop and did not bet
Seat 3: chelengolengo (button) folded on the Pre-Flop
Seat 5: jokkersbr did not show and won 15275.00
Seat 6: ODARNOC (big blind) folded on the Pre-Flop
Seat 7: Fire4Blazin folded on the Pre-Flop and did not bet
Seat 8: Barloss folded on the Pre-Flop and did not bet

Game Hand #2018565060 - Tournament #31146371 - Holdem (No Limit) - Level 14 (1250.00/2500.00)- 2024/02/05 19:25:20 UTC
Table '45' 8-max Seat #5 is the button
Seat 1: DirtEStack (23225.00)
Seat 2: lipesticky (29425.00)
Seat 3: chelengolengo (110342.00)
Seat 4: WhamBamJahm (79249.00)
Seat 5: jokkersbr (60275.00)
Seat 6: ODARNOC (163954.00)
Seat 7: Fire4Blazin (91447.00)
Seat 8: Barloss (111900.00)
DirtEStack posts ante 325.00
lipesticky posts ante 325.00
chelengolengo posts ante 325.00
WhamBamJahm posts ante 325.00
jokkersbr posts ante 325.00
ODARNOC posts ante 325.00
Fire4Blazin posts ante 325.00
Barloss posts ante 325.00
ODARNOC posts the small blind 1250.00
Fire4Blazin posts the big blind 2500.00
*** HOLE CARDS ***
Main pot 2600.00
Dealt to lipesticky [3h 3c]
Barloss folds
DirtEStack folds
lipesticky raises 29100.00 to 29100.00 and is all-in
chelengolengo folds
WhamBamJahm folds
jokkersbr folds
ODARNOC folds
Fire4Blazin folds
Uncalled bet (26600.00) returned to lipesticky
lipesticky does not show
*** SUMMARY ***
Total pot 8850.00
Seat 1: DirtEStack folded on the Pre-Flop and did not bet
Seat 2: lipesticky did not show and won 8850.00
Seat 3: chelengolengo folded on the Pre-Flop and did not bet
Seat 4: WhamBamJahm folded on the Pre-Flop and did not bet
Seat 5: jokkersbr (button) folded on the Pre-Flop
Seat 6: ODARNOC (small blind) folded on the Pre-Flop
Seat 7: Fire4Blazin (big blind) folded on the Pre-Flop
Seat 8: Barloss folded on the Pre-Flop and did not bet

Game Hand #2018565623 - Tournament #31146371 - Holdem (No Limit) - Level 14 (1250.00/2500.00)- 2024/02/05 19:25:56 UTC
Table '45' 8-max Seat #6 is the button
Seat 1: DirtEStack (22900.00)
Seat 2: lipesticky (35450.00)
Seat 3: chelengolengo (110017.00)
Seat 4: WhamBamJahm (78924.00)
Seat 5: jokkersbr (59950.00)
Seat 6: ODARNOC (162379.00)
Seat 7: Fire4Blazin (88622.00)
Seat 8: Barloss (111575.00)
DirtEStack posts ante 325.00
lipesticky posts ante 325.00
chelengolengo posts ante 325.00
WhamBamJahm posts ante 325.00
jokkersbr posts ante 325.00
ODARNOC posts ante 325.00
Fire4Blazin posts ante 325.00
Barloss posts ante 325.00
Fire4Blazin posts the small blind 1250.00
Barloss posts the big blind 2500.00
*** HOLE CARDS ***
Main pot 2600.00
Dealt to lipesticky [Jh Jd]
DirtEStack folds
lipesticky raises 5000.00 to 5000.00
chelengolengo folds
WhamBamJahm folds
jokkersbr folds
ODARNOC folds
Fire4Blazin folds
Barloss calls 2500.00
*** FLOP *** [As Ts 8s]
Main pot 13850.00
Barloss checks
lipesticky bets 3321.00
Barloss folds
Uncalled bet (3321.00) returned to lipesticky
lipesticky does not show
*** SUMMARY ***
Total pot 13850.00
Board [As Ts 8s]
Seat 1: DirtEStack folded on the Pre-Flop and did not bet
Seat 2: lipesticky did not show and won 13850.00
Seat 3: chelengolengo folded on the Pre-Flop and did not bet
Seat 4: WhamBamJahm folded on the Pre-Flop and did not bet
Seat 5: jokkersbr folded on the Pre-Flop and did not bet
Seat 6: ODARNOC (button) folded on the Pre-Flop
Seat 7: Fire4Blazin (small blind) folded on the Pre-Flop
Seat 8: Barloss (big blind) folded on the Flop

Game Hand #2018566546 - Tournament #31146371 - Holdem (No Limit) - Level 15 (1500.00/3000.00)- 2024/02/05 19:26:57 UTC
Table '45' 8-max Seat #7 is the button
Seat 1: DirtEStack (22575.00)
Seat 2: lipesticky (43975.00)
Seat 3: chelengolengo (109692.00)
Seat 4: WhamBamJahm (78599.00)
Seat 5: jokkersbr (59625.00)
Seat 6: ODARNOC (162054.00)
Seat 7: Fire4Blazin (87047.00)
Seat 8: Barloss (106250.00)
DirtEStack posts ante 375.00
lipesticky posts ante 375.00
chelengolengo posts ante 375.00
WhamBamJahm posts ante 375.00
jokkersbr posts ante 375.00
ODARNOC posts ante 375.00
Fire4Blazin posts ante 375.00
Barloss posts ante 375.00
Barloss posts the small blind 1500.00
DirtEStack posts the big blind 3000.00
*** HOLE CARDS ***
Main pot 3000.00
Dealt to lipesticky [3h 9c]
lipesticky folds
chelengolengo folds
WhamBamJahm raises 9000.00 to 9000.00
jokkersbr folds
ODARNOC folds
Fire4Blazin calls 9000.00
Barloss folds
DirtEStack folds
*** FLOP *** [6d 3s As]
Main pot 25500.00
WhamBamJahm bets 6000.00
Fire4Blazin folds
Uncalled bet (6000.00) returned to WhamBamJahm
WhamBamJahm does not show
*** SUMMARY ***
Total pot 25500.00
Board [6d 3s As]
Seat 1: DirtEStack (big blind) folded on the Pre-Flop
Seat 2: lipesticky folded on the Pre-Flop and did not bet
Seat 3: chelengolengo folded on the Pre-Flop and did not bet
Seat 4: WhamBamJahm did not show and won 25500.00
Seat 5: jokkersbr folded on the Pre-Flop and did not bet
Seat 6: ODARNOC folded on the Pre-Flop and did not bet
Seat 7: Fire4Blazin (button) folded on the Flop
Seat 8: Barloss (small blind) folded on the Pre-Flop

Game Hand #2018567093 - Tournament #31146371 - Holdem (No Limit) - Level 15 (1500.00/3000.00)- 2024/02/05 19:27:33 UTC
Table '45' 8-max Seat #8 is the button
Seat 1: DirtEStack (19200.00)
Seat 2: lipesticky (43600.00)
Seat 3: chelengolengo (109317.00)
Seat 4: WhamBamJahm (94724.00)
Seat 5: jokkersbr (59250.00)
Seat 6: ODARNOC (161679.00)
Seat 7: Fire4Blazin (77672.00)
Seat 8: Barloss (104375.00)
DirtEStack posts ante 375.00
lipesticky posts ante 375.00
chelengolengo posts ante 375.00
WhamBamJahm posts ante 375.00
jokkersbr posts ante 375.00
ODARNOC posts ante 375.00
Fire4Blazin posts ante 375.00
Barloss posts ante 375.00
DirtEStack posts the small blind 1500.00
lipesticky posts the big blind 3000.00
*** HOLE CARDS ***
Main pot 3000.00
Dealt to lipesticky [Th Jc]
chelengolengo folds
WhamBamJahm folds
jokkersbr folds
ODARNOC folds
Fire4Blazin raises 6300.00 to 6300.00
Barloss raises 104000.00 to 104000.00 and is all-in
DirtEStack folds
lipesticky folds
Fire4Blazin calls 70997.00 and is all-in
Uncalled bet (26703.00) returned to Barloss
*** FLOP *** [3d Kh Ac]
Main pot 162094.00
*** TURN *** [3d Kh Ac] [4c]
Main pot 162094.00
*** RIVER *** [3d Kh Ac 4c] [7h]
Main pot 162094.00
*** SHOW DOWN ***
Main pot 162094.00
Fire4Blazin shows [8h 8d] (a pair of Eights [8h 8d Ac Kh 7h])
Barloss shows [9c 9d] (a pair of Nines [9d 9c Ac Kh 7h])
Barloss collected 162094.00 from main pot
*** SUMMARY ***
Total pot 162094.00
Board [3d Kh Ac 4c 7h]
Seat 1: DirtEStack (small blind) folded on the Pre-Flop
Seat 2: lipesticky (big blind) folded on the Pre-Flop
Seat 3: chelengolengo folded on the Pre-Flop and did not bet
Seat 4: WhamBamJahm folded on the Pre-Flop and did not bet
Seat 5: jokkersbr folded on the Pre-Flop and did not bet
Seat 6: ODARNOC folded on the Pre-Flop and did not bet
Seat 7: Fire4Blazin showed [8h 8d] and lost with a pair of Eights [8h 8d Ac Kh 7h]
Seat 8: Barloss (button) showed [9c 9d] and won 162094.00 with a pair of Nines [9d 9c Ac Kh 7h]

Game Hand #2018567805 - Tournament #31146371 - Holdem (No Limit) - Level 15 (1500.00/3000.00)- 2024/02/05 19:28:20 UTC
Table '45' 8-max Seat #1 is the button
Seat 1: DirtEStack (17325.00)
Seat 2: lipesticky (40225.00)
Seat 3: chelengolengo (108942.00)
Seat 4: WhamBamJahm (94349.00)
Seat 5: jokkersbr (58875.00)
Seat 6: ODARNOC (161304.00)
Seat 8: Barloss (188797.00)
DirtEStack posts ante 375.00
lipesticky posts ante 375.00
chelengolengo posts ante 375.00
WhamBamJahm posts ante 375.00
jokkersbr posts ante 375.00
ODARNOC posts ante 375.00
Barloss posts ante 375.00
lipesticky posts the small blind 1500.00
chelengolengo posts the big blind 3000.00
*** HOLE CARDS ***
Main pot 2625.00
Dealt to lipesticky [8c 2s]
WhamBamJahm raises 7500.00 to 7500.00
jokkersbr folds
ODARNOC folds
Barloss folds
DirtEStack folds
lipesticky folds
chelengolengo folds
Uncalled bet (4500.00) returned to WhamBamJahm
WhamBamJahm does not show
*** SUMMARY ***
Total pot 10125.00
Seat 1: DirtEStack (button) folded on the Pre-Flop
Seat 2: lipesticky (small blind) folded on the Pre-Flop
Seat 3: chelengolengo (big blind) folded on the Pre-Flop
Seat 4: WhamBamJahm did not show and won 10125.00
Seat 5: jokkersbr folded on the Pre-Flop and did not bet
Seat 6: ODARNOC folded on the Pre-Flop and did not bet
Seat 8: Barloss folded on the Pre-Flop and did not bet

Game Hand #2018568322 - Tournament #31146371 - Holdem (No Limit) - Level 15 (1500.00/3000.00)- 2024/02/05 19:28:55 UTC
Table '45' 8-max Seat #2 is the button
Seat 1: DirtEStack (16950.00)
Seat 2: lipesticky (38350.00)
Seat 3: chelengolengo (105567.00)
Seat 4: WhamBamJahm (101099.00)
Seat 5: jokkersbr (58500.00)
Seat 6: ODARNOC (160929.00)
Seat 7: 55M1nd5set (35000.00)
Seat 8: Barloss (188422.00)
DirtEStack posts ante 375.00
lipesticky posts ante 375.00
chelengolengo posts ante 375.00
WhamBamJahm posts ante 375.00
jokkersbr posts ante 375.00
ODARNOC posts ante 375.00
55M1nd5set posts ante 375.00
Barloss posts ante 375.00
chelengolengo posts the small blind 1500.00
WhamBamJahm posts the big blind 3000.00
*** HOLE CARDS ***
Main pot 3000.00
Dealt to lipesticky [Ts 4s]
jokkersbr folds
ODARNOC folds
55M1nd5set raises 6000.00 to 6000.00
Barloss folds
DirtEStack folds
lipesticky folds
chelengolengo folds
WhamBamJahm calls 3000.00
*** FLOP *** [5d 8c Ac]
Main pot 16500.00
WhamBamJahm bets 28800.00
55M1nd5set calls 28625.00 and is all-in
Uncalled bet (175.00) returned to WhamBamJahm
*** TURN *** [5d 8c Ac] [Ks]
Main pot 73750.00
*** RIVER *** [5d 8c Ac Ks] [9h]
Main pot 73750.00
*** SHOW DOWN ***
Main pot 73750.00
WhamBamJahm shows [Kd 5s] (two pair, Kings and Fives [Ks Kd 5s 5d Ac])
55M1nd5set shows [Tc 9c] (a pair of Nines [9h 9c Ac Ks Tc])
WhamBamJahm collected 73750.00 from main pot
*** SUMMARY ***
Total pot 73750.00
Board [5d 8c Ac Ks 9h]
Seat 1: DirtEStack folded on the Pre-Flop and did not bet
Seat 2: lipesticky (button) folded on the Pre-Flop
Seat 3: chelengolengo (small blind) folded on the Pre-Flop
Seat 4: WhamBamJahm (big blind) showed [Kd 5s] and won 73750.00 with two pair, Kings and Fives [Ks Kd 5s 5d Ac]
Seat 5: jokkersbr folded on the Pre-Flop and did not bet
Seat 6: ODARNOC folded on the Pre-Flop and did not bet
Seat 7: 55M1nd5set showed [Tc 9c] and lost with a pair of Nines [9h 9c Ac Ks Tc]
Seat 8: Barloss folded on the Pre-Flop and did not bet

Game Hand #2018568962 - Tournament #31146371 - Holdem (No Limit) - Level 15 (1500.00/3000.00)- 2024/02/05 19:29:37 UTC
Table '45' 8-max Seat #3 is the button
Seat 1: DirtEStack (16575.00)
Seat 2: lipesticky (37975.00)
Seat 3: chelengolengo (103692.00)
Seat 4: WhamBamJahm (139849.00)
Seat 5: jokkersbr (58125.00)
Seat 6: ODARNOC (160554.00)
Seat 8: Barloss (188047.00)
DirtEStack posts ante 375.00
lipesticky posts ante 375.00
chelengolengo posts ante 375.00
WhamBamJahm posts ante 375.00
jokkersbr posts ante 375.00
ODARNOC posts ante 375.00
Barloss posts ante 375.00
WhamBamJahm posts the small blind 1500.00
jokkersbr posts the big blind 3000.00
*** HOLE CARDS ***
Main pot 2625.00
Dealt to lipesticky [Qh 5s]
ODARNOC folds
Barloss raises 6000.00 to 6000.00
DirtEStack folds
lipesticky folds
chelengolengo folds
WhamBamJahm calls 4500.00
jokkersbr folds
*** FLOP *** [9h Ah Jh]
Main pot 17625.00
WhamBamJahm checks
Barloss bets 4406.00
WhamBamJahm folds
Uncalled bet (4406.00) returned to Barloss
Barloss does not show
*** SUMMARY ***
Total pot 17625.00
Board [9h Ah Jh]
Seat 1: DirtEStack folded on the Pre-Flop and did not bet
Seat 2: lipesticky folded on the Pre-Flop and did not bet
Seat 3: chelengolengo (button) folded on the Pre-Flop
Seat 4: WhamBamJahm (small blind) folded on the Flop
Seat 5: jokkersbr (big blind) folded on the Pre-Flop
Seat 6: ODARNOC folded on the Pre-Flop and did not bet
Seat 8: Barloss did not show and won 17625.00

Game Hand #2018569581 - Tournament #31146371 - Holdem (No Limit) - Level 15 (1500.00/3000.00)- 2024/02/05 19:30:19 UTC
Table '45' 8-max Seat #4 is the button
Seat 1: DirtEStack (16200.00)
Seat 2: lipesticky (37600.00)
Seat 3: chelengolengo (103317.00)
Seat 4: WhamBamJahm (133474.00)
Seat 5: jokkersbr (54750.00)
Seat 6: ODARNOC (160179.00)
Seat 8: Barloss (199297.00)
DirtEStack posts ante 375.00
lipesticky posts ante 375.00
chelengolengo posts ante 375.00
WhamBamJahm posts ante 375.00
jokkersbr posts ante 375.00
ODARNOC posts ante 375.00
Barloss posts ante 375.00
jokkersbr posts the small blind 1500.00
ODARNOC posts the big blind 3000.00
*** HOLE CARDS ***
Main pot 2625.00
Dealt to lipesticky [9h 7c]
Barloss raises 6000.00 to 6000.00
DirtEStack folds
lipesticky folds
chelengolengo folds
WhamBamJahm calls 6000.00
jokkersbr folds
ODARNOC folds
*** FLOP *** [Jc 3c 6h]
Main pot 19125.00
Barloss checks
WhamBamJahm checks
*** TURN *** [Jc 3c 6h] [Ac]
Main pot 19125.00
Barloss checks
WhamBamJahm checks
*** RIVER *** [Jc 3c 6h Ac] [3h]
Main pot 19125.00
Barloss bets 6311.00
WhamBamJahm calls 6311.00
*** SHOW DOWN ***
Main pot 31747.00
WhamBamJahm shows [Kd Qd] (a pair of Threes [3h 3c Ac Kd Qd])
Barloss shows [8d Ad] (two pair, Aces and Threes [Ad Ac 3h 3c Jc])
Barloss collected 31747.00 from main pot
*** SUMMARY ***
Total pot 31747.00
Board [Jc 3c 6h Ac 3h]
Seat 1: DirtEStack folded on the Pre-Flop and did not bet
Seat 2: lipesticky folded on the Pre-Flop and did not bet
Seat 3: chelengolengo folded on the Pre-Flop and did not bet
Seat 4: WhamBamJahm (button) showed [Kd Qd] and lost with a pair of Threes [3h 3c Ac Kd Qd]
Seat 5: jokkersbr (small blind) folded on the Pre-Flop
Seat 6: ODARNOC (big blind) folded on the Pre-Flop
Seat 8: Barloss showed [8d Ad] and won 31747.00 with two pair, Aces and Threes [Ad Ac 3h 3c Jc]

Game Hand #2018570260 - Tournament #31146371 - Holdem (No Limit) - Level 15 (1500.00/3000.00)- 2024/02/05 19:31:02 UTC
Table '45' 8-max Seat #5 is the button
Seat 1: DirtEStack (15825.00)
Seat 2: lipesticky (37225.00)
Seat 3: chelengolengo (102942.00)
Seat 4: WhamBamJahm (120788.00)
Seat 5: jokkersbr (52875.00)
Seat 6: ODARNOC (156804.00)
Seat 8: Barloss (218358.00)
DirtEStack posts ante 375.00
lipesticky posts ante 375.00
chelengolengo posts ante 375.00
WhamBamJahm posts ante 375.00
jokkersbr posts ante 375.00
ODARNOC posts ante 375.00
Barloss posts ante 375.00
ODARNOC posts the small blind 1500.00
Barloss posts the big blind 3000.00
*** HOLE CARDS ***
Main pot 2625.00
Dealt to lipesticky [Tc 7c]
DirtEStack folds
lipesticky folds
chelengolengo folds
WhamBamJahm raises 7500.00 to 7500.00
jokkersbr folds
ODARNOC folds
Barloss calls 4500.00
*** FLOP *** [Ad 7h As]
Main pot 19125.00
Barloss checks
WhamBamJahm checks
*** TURN *** [Ad 7h As] [Ts]
Main pot 19125.00
Barloss bets 6311.00
WhamBamJahm calls 6311.00
*** RIVER *** [Ad 7h As Ts] [Qs]
Main pot 31747.00
Barloss bets 37310.00
WhamBamJahm calls 37310.00
*** SHOW DOWN ***
Main pot 106367.00
WhamBamJahm shows [8s Js] (a flush, Ace high [As Qs Js Ts 8s])
Barloss shows [Jd Ac] (three of a kind, Set of Aces [As Ad Ac Qs Jd])
WhamBamJahm collected 106367.00 from main pot
*** SUMMARY ***
Total pot 106367.00
Board [Ad 7h As Ts Qs]
Seat 1: DirtEStack folded on the Pre-Flop and did not bet
Seat 2: lipesticky folded on the Pre-Flop and did not bet
Seat 3: chelengolengo folded on the Pre-Flop and did not bet
Seat 4: WhamBamJahm showed [8s Js] and won 106367.00 with a flush, Ace high [As Qs Js Ts 8s]
Seat 5: jokkersbr (button) folded on the Pre-Flop
Seat 6: ODARNOC (small blind) folded on the Pre-Flop
Seat 8: Barloss (big blind) showed [Jd Ac] and lost with three of a kind, Set of Aces [As Ad Ac Qs Jd]

Game Hand #2018571263 - Tournament #31146371 - Holdem (No Limit) - Level 15 (1500.00/3000.00)- 2024/02/05 19:32:05 UTC
Table '45' 8-max Seat #6 is the button
Seat 1: DirtEStack (15450.00)
Seat 2: lipesticky (36850.00)
Seat 3: chelengolengo (102567.00)
Seat 4: WhamBamJahm (175659.00)
Seat 5: jokkersbr (52500.00)
Seat 6: ODARNOC (154929.00)
Seat 7: Luckassx99 will be allowed to play after the button
Seat 8: Barloss (166862.00)
DirtEStack posts ante 375.00
lipesticky posts ante 375.00
chelengolengo posts ante 375.00
WhamBamJahm posts ante 375.00
jokkersbr posts ante 375.00
ODARNOC posts ante 375.00
Barloss posts ante 375.00
Barloss posts the small blind 1500.00
DirtEStack posts the big blind 3000.00
*** HOLE CARDS ***
Main pot 2625.00
Dealt to lipesticky [Td Jd]
lipesticky raises 36475.00 to 36475.00 and is all-in
chelengolengo folds
WhamBamJahm folds
jokkersbr raises 52125.00 to 52125.00 and is all-in
ODARNOC folds
Barloss folds
DirtEStack folds
Uncalled bet (15650.00) returned to jokkersbr
*** FLOP *** [Ac 2d 7d]
Main pot 80075.00
*** TURN *** [Ac 2d 7d] [9c]
Main pot 80075.00
*** RIVER *** [Ac 2d 7d 9c] [As]
Main pot 80075.00
*** SHOW DOWN ***
Main pot 80075.00
lipesticky shows [Td Jd] (a pair of Aces [As Ac Jd Td 9c])
jokkersbr shows [Kh Kd] (two pair, Aces and Kings [As Ac Kh Kd 9c])
jokkersbr collected 80075.00 from main pot
*** SUMMARY ***
Total pot 80075.00
Board [Ac 2d 7d 9c As]
Seat 1: DirtEStack (big blind) folded on the Pre-Flop
Seat 2: lipesticky showed [Td Jd] and lost with a pair of Aces [As Ac Jd Td 9c]
Seat 3: chelengolengo folded on the Pre-Flop and did not bet
Seat 4: WhamBamJahm folded on the Pre-Flop and did not bet
Seat 5: jokkersbr showed [Kh Kd] and won 80075.00 with two pair, Aces and Kings [As Ac Kh Kd 9c]
Seat 6: ODARNOC (button) folded on the Pre-Flop
Seat 8: Barloss (small blind) folded on the Pre-Flop

