Game Hand #2018578019 - Tournament #31146529 - Holdem (No Limit) - Level 11 (1000.00/2000.00)- 2024/02/05 19:39:32 UTC
Table '9' 6-max Seat #2 is the button
Seat 2: dazzlee (36625.00)
Seat 3: mattylew9 (30375.00)
Seat 6: lipesticky (25000.00)
dazzlee posts ante 250.00
mattylew9 posts ante 250.00
lipesticky posts ante 250.00
mattylew9 posts the small blind 1000.00
lipesticky posts the big blind 2000.00
*** HOLE CARDS ***
Main pot 750.00
Dealt to lipesticky [Qc As]
dazzlee folds
mattylew9 folds
lipesticky does not show
*** SUMMARY ***
Total pot 3750.00
Seat 2: dazzlee (button) folded on the Pre-Flop
Seat 3: mattylew9 (small blind) folded on the Pre-Flop
Seat 6: lipesticky did not show and won 3750.00

Game Hand #2018578316 - Tournament #31146529 - Holdem (No Limit) - Level 11 (1000.00/2000.00)- 2024/02/05 19:39:50 UTC
Table '9' 6-max Seat #3 is the button
Seat 2: dazzlee (36375.00)
Seat 3: mattylew9 (29125.00)
Seat 6: lipesticky (26500.00)
dazzlee posts ante 250.00
mattylew9 posts ante 250.00
lipesticky posts ante 250.00
lipesticky posts the small blind 1000.00
dazzlee posts the big blind 2000.00
*** HOLE CARDS ***
Main pot 750.00
Dealt to lipesticky [Ts Qs]
mattylew9 folds
lipesticky raises 3600.00 to 4600.00
dazzlee folds
Uncalled bet (2600.00) returned to lipesticky
lipesticky does not show
*** SUMMARY ***
Total pot 4750.00
Seat 2: dazzlee (big blind) folded on the Pre-Flop
Seat 3: mattylew9 (button) folded on the Pre-Flop
Seat 6: lipesticky did not show and won 4750.00

Game Hand #2018578886 - Tournament #31146529 - Holdem (No Limit) - Level 11 (1000.00/2000.00)- 2024/02/05 19:40:27 UTC
Table '9' 6-max Seat #6 is the button
Seat 1: raygao17 will be allowed to play after the button
Seat 2: dazzlee (34125.00) is sitting out
Seat 3: mattylew9 (28875.00)
Seat 4: sorrylolz (47146.00)
Seat 6: lipesticky (29000.00)
dazzlee posts ante 250.00
mattylew9 posts ante 250.00
sorrylolz posts ante 250.00
lipesticky posts ante 250.00
dazzlee posts the small blind 1000.00
mattylew9 posts the big blind 2000.00
*** HOLE CARDS ***
Main pot 1000.00
Dealt to lipesticky [9s 4h]
sorrylolz folds
lipesticky folds
dazzlee folds
mattylew9 does not show
*** SUMMARY ***
Total pot 4000.00
Seat 2: dazzlee (small blind) folded on the Pre-Flop
Seat 3: mattylew9 did not show and won 4000.00
Seat 4: sorrylolz folded on the Pre-Flop and did not bet
Seat 6: lipesticky (button) folded on the Pre-Flop

Game Hand #2018579111 - Tournament #31146529 - Holdem (No Limit) - Level 11 (1000.00/2000.00)- 2024/02/05 19:40:41 UTC
Table '9' 6-max Seat #2 is the button
Seat 1: raygao17 (122928.00)
Seat 2: dazzlee (32875.00) is sitting out
Seat 3: mattylew9 (30625.00)
Seat 4: sorrylolz (46896.00)
Seat 6: lipesticky (28750.00)
raygao17 posts ante 250.00
dazzlee posts ante 250.00
mattylew9 posts ante 250.00
sorrylolz posts ante 250.00
lipesticky posts ante 250.00
mattylew9 posts the small blind 1000.00
sorrylolz posts the big blind 2000.00
*** HOLE CARDS ***
Main pot 1250.00
Dealt to lipesticky [2h As]
lipesticky folds
raygao17 folds
dazzlee raises 32625.00 to 32625.00 and is all-in
mattylew9 folds
sorrylolz calls 30625.00
*** FLOP *** [Ac 3h 7h]
Main pot 67500.00
*** TURN *** [Ac 3h 7h] [9c]
Main pot 67500.00
*** RIVER *** [Ac 3h 7h 9c] [7d]
Main pot 67500.00
*** SHOW DOWN ***
Main pot 67500.00
dazzlee shows [6h 6s] (two pair, Sevens and Sixs [7h 7d 6s 6h Ac])
sorrylolz shows [Ah Js] (two pair, Aces and Sevens [Ah Ac 7h 7d Js])
sorrylolz collected 67500.00 from main pot
*** SUMMARY ***
Total pot 67500.00
Board [Ac 3h 7h 9c 7d]
Seat 1: raygao17 folded on the Pre-Flop and did not bet
Seat 2: dazzlee (button) showed [6h 6s] and lost with two pair, Sevens and Sixs [7h 7d 6s 6h Ac]
Seat 3: mattylew9 (small blind) folded on the Pre-Flop
Seat 4: sorrylolz (big blind) showed [Ah Js] and won 67500.00 with two pair, Aces and Sevens [Ah Ac 7h 7d Js]
Seat 6: lipesticky folded on the Pre-Flop and did not bet

