Game Hand #2018625965 - Tournament #31146529 - Holdem (No Limit) - Level 15 (2000.00/4000.00)- 2024/02/05 20:30:34 UTC
Table '15' 6-max Seat #6 is the button
Seat 1: raygao17 (251273.00)
Seat 2: plamia79 (237513.00)
Seat 3: lipesticky (105470.00)
Seat 4: ChadTree (165520.00)
Seat 6: Macirisher (93715.00)
raygao17 posts ante 500.00
plamia79 posts ante 500.00
lipesticky posts ante 500.00
ChadTree posts ante 500.00
Macirisher posts ante 500.00
raygao17 posts the small blind 2000.00
plamia79 posts the big blind 4000.00
*** HOLE CARDS ***
Main pot 2500.00
Dealt to lipesticky [3c Kd]
lipesticky folds
ChadTree folds
Macirisher folds
raygao17 calls 2000.00
plamia79 checks
*** FLOP *** [9h 5h 8c]
Main pot 10500.00
raygao17 checks
plamia79 checks
*** TURN *** [9h 5h 8c] [9s]
Main pot 10500.00
raygao17 checks
plamia79 checks
*** RIVER *** [9h 5h 8c 9s] [Ks]
Main pot 10500.00
raygao17 checks
plamia79 checks
*** SHOW DOWN ***
Main pot 10500.00
raygao17 shows [Jc 5d] (two pair, Nines and Fives [9s 9h 5h 5d Ks])
plamia79 shows [Qc 7d] (a pair of Nines [9s 9h Ks Qc 8c])
raygao17 collected 10500.00 from main pot
*** SUMMARY ***
Total pot 10500.00
Board [9h 5h 8c 9s Ks]
Seat 1: raygao17 (small blind) showed [Jc 5d] and won 10500.00 with two pair, Nines and Fives [9s 9h 5h 5d Ks]
Seat 2: plamia79 (big blind) showed [Qc 7d] and lost with a pair of Nines [9s 9h Ks Qc 8c]
Seat 3: lipesticky folded on the Pre-Flop and did not bet
Seat 4: ChadTree folded on the Pre-Flop and did not bet
Seat 6: Macirisher (button) folded on the Pre-Flop

Game Hand #2018626685 - Tournament #31146529 - Holdem (No Limit) - Level 15 (2000.00/4000.00)- 2024/02/05 20:31:13 UTC
Table '15' 6-max Seat #1 is the button
Seat 1: raygao17 (257273.00)
Seat 2: plamia79 (233013.00)
Seat 3: lipesticky (104970.00)
Seat 4: ChadTree (165020.00)
Seat 6: Macirisher (93215.00)
raygao17 posts ante 500.00
plamia79 posts ante 500.00
lipesticky posts ante 500.00
ChadTree posts ante 500.00
Macirisher posts ante 500.00
plamia79 posts the small blind 2000.00
lipesticky posts the big blind 4000.00
*** HOLE CARDS ***
Main pot 2500.00
Dealt to lipesticky [4d Jd]
ChadTree folds
Macirisher folds
raygao17 folds
plamia79 raises 7250.00 to 9250.00
lipesticky calls 5250.00
*** FLOP *** [3h Qh 9d]
Main pot 21000.00
plamia79 bets 7250.00
lipesticky calls 7250.00
*** TURN *** [3h Qh 9d] [6c]
Main pot 35500.00
plamia79 checks
lipesticky bets 25430.00
plamia79 folds
Uncalled bet (25430.00) returned to lipesticky
lipesticky does not show
*** SUMMARY ***
Total pot 35500.00
Board [3h Qh 9d 6c]
Seat 1: raygao17 (button) folded on the Pre-Flop
Seat 2: plamia79 (small blind) folded on the Turn
Seat 3: lipesticky did not show and won 35500.00
Seat 4: ChadTree folded on the Pre-Flop and did not bet
Seat 6: Macirisher folded on the Pre-Flop and did not bet

Game Hand #2018627928 - Tournament #31146529 - Holdem (No Limit) - Level 15 (2000.00/4000.00)- 2024/02/05 20:32:17 UTC
Table '15' 6-max Seat #2 is the button
Seat 1: raygao17 (256773.00)
Seat 2: plamia79 (216013.00)
Seat 3: lipesticky (123470.00)
Seat 4: ChadTree (164520.00)
Seat 6: Macirisher (92715.00)
raygao17 posts ante 500.00
plamia79 posts ante 500.00
lipesticky posts ante 500.00
ChadTree posts ante 500.00
Macirisher posts ante 500.00
lipesticky posts the small blind 2000.00
ChadTree posts the big blind 4000.00
*** HOLE CARDS ***
Main pot 2500.00
Dealt to lipesticky [9h 9c]
Macirisher folds
raygao17 folds
plamia79 raises 8000.00 to 8000.00
lipesticky raises 120970.00 to 122970.00 and is all-in
ChadTree folds
plamia79 folds
Uncalled bet (114970.00) returned to lipesticky
lipesticky does not show
*** SUMMARY ***
Total pot 22500.00
Seat 1: raygao17 folded on the Pre-Flop and did not bet
Seat 2: plamia79 (button) folded on the Pre-Flop
Seat 3: lipesticky did not show and won 22500.00
Seat 4: ChadTree (big blind) folded on the Pre-Flop
Seat 6: Macirisher folded on the Pre-Flop and did not bet

Game Hand #2018628622 - Tournament #31146529 - Holdem (No Limit) - Level 15 (2000.00/4000.00)- 2024/02/05 20:32:51 UTC
Table '15' 6-max Seat #3 is the button
Seat 1: raygao17 (256273.00)
Seat 2: plamia79 (207513.00)
Seat 3: lipesticky (137470.00)
Seat 4: ChadTree (160020.00)
Seat 6: Macirisher (92215.00)
raygao17 posts ante 500.00
plamia79 posts ante 500.00
lipesticky posts ante 500.00
ChadTree posts ante 500.00
Macirisher posts ante 500.00
ChadTree posts the small blind 2000.00
Macirisher posts the big blind 4000.00
*** HOLE CARDS ***
Main pot 2500.00
Dealt to lipesticky [2d 9c]
raygao17 folds
plamia79 raises 8000.00 to 8000.00
lipesticky folds
ChadTree folds
Macirisher folds
Uncalled bet (4000.00) returned to plamia79
plamia79 does not show
*** SUMMARY ***
Total pot 12500.00
Seat 1: raygao17 folded on the Pre-Flop and did not bet
Seat 2: plamia79 did not show and won 12500.00
Seat 3: lipesticky (button) folded on the Pre-Flop
Seat 4: ChadTree (small blind) folded on the Pre-Flop
Seat 6: Macirisher (big blind) folded on the Pre-Flop

Game Hand #2018629006 - Tournament #31146529 - Holdem (No Limit) - Level 15 (2000.00/4000.00)- 2024/02/05 20:33:10 UTC
Table '15' 6-max Seat #4 is the button
Seat 1: raygao17 (255773.00)
Seat 2: plamia79 (215513.00)
Seat 3: lipesticky (136970.00)
Seat 4: ChadTree (157520.00)
Seat 6: Macirisher (87715.00)
raygao17 posts ante 500.00
plamia79 posts ante 500.00
lipesticky posts ante 500.00
ChadTree posts ante 500.00
Macirisher posts ante 500.00
Macirisher posts the small blind 2000.00
raygao17 posts the big blind 4000.00
*** HOLE CARDS ***
Main pot 2500.00
Dealt to lipesticky [8h 2d]
plamia79 folds
lipesticky folds
ChadTree folds
Macirisher calls 2000.00
raygao17 checks
*** FLOP *** [4s 9d Qc]
Main pot 10500.00
Macirisher bets 8000.00
raygao17 calls 8000.00
*** TURN *** [4s 9d Qc] [3d]
Main pot 26500.00
Macirisher bets 19875.00
raygao17 folds
Uncalled bet (19875.00) returned to Macirisher
Macirisher does not show
*** SUMMARY ***
Total pot 26500.00
Board [4s 9d Qc 3d]
Seat 1: raygao17 (big blind) folded on the Turn
Seat 2: plamia79 folded on the Pre-Flop and did not bet
Seat 3: lipesticky folded on the Pre-Flop and did not bet
Seat 4: ChadTree (button) folded on the Pre-Flop
Seat 6: Macirisher did not show and won 26500.00

Game Hand #2018629991 - Tournament #31146529 - Holdem (No Limit) - Level 15 (2000.00/4000.00)- 2024/02/05 20:34:02 UTC
Table '15' 6-max Seat #6 is the button
Seat 1: raygao17 (243273.00)
Seat 2: plamia79 (215013.00)
Seat 3: lipesticky (136470.00)
Seat 4: ChadTree (157020.00)
Seat 6: Macirisher (101715.00)
raygao17 posts ante 500.00
plamia79 posts ante 500.00
lipesticky posts ante 500.00
ChadTree posts ante 500.00
Macirisher posts ante 500.00
raygao17 posts the small blind 2000.00
plamia79 posts the big blind 4000.00
*** HOLE CARDS ***
Main pot 2500.00
Dealt to lipesticky [4s 8h]
lipesticky folds
ChadTree folds
Macirisher raises 10250.00 to 10250.00
raygao17 raises 26500.00 to 28500.00
plamia79 folds
Macirisher raises 90965.00 to 101215.00 and is all-in
raygao17 folds
Uncalled bet (72715.00) returned to Macirisher
Macirisher does not show
*** SUMMARY ***
Total pot 63500.00
Seat 1: raygao17 (small blind) folded on the Pre-Flop
Seat 2: plamia79 (big blind) folded on the Pre-Flop
Seat 3: lipesticky folded on the Pre-Flop and did not bet
Seat 4: ChadTree folded on the Pre-Flop and did not bet
Seat 6: Macirisher did not show and won 63500.00

Game Hand #2018631033 - Tournament #31146529 - Holdem (No Limit) - Level 15 (2000.00/4000.00)- 2024/02/05 20:34:56 UTC
Table '15' 6-max Seat #1 is the button
Seat 1: raygao17 (214273.00)
Seat 2: plamia79 (210513.00)
Seat 3: lipesticky (135970.00)
Seat 4: ChadTree (156520.00)
Seat 6: Macirisher (136215.00)
raygao17 posts ante 500.00
plamia79 posts ante 500.00
lipesticky posts ante 500.00
ChadTree posts ante 500.00
Macirisher posts ante 500.00
plamia79 posts the small blind 2000.00
lipesticky posts the big blind 4000.00
*** HOLE CARDS ***
Main pot 2500.00
Dealt to lipesticky [8h 9d]
ChadTree folds
Macirisher calls 4000.00
raygao17 folds
plamia79 calls 2000.00
lipesticky checks
*** FLOP *** [2s 3d 4h]
Main pot 14500.00
plamia79 checks
lipesticky checks
Macirisher checks
*** TURN *** [2s 3d 4h] [Qh]
Main pot 14500.00
plamia79 checks
lipesticky checks
Macirisher checks
*** RIVER *** [2s 3d 4h Qh] [Qd]
Main pot 14500.00
plamia79 checks
lipesticky checks
Macirisher checks
*** SHOW DOWN ***
Main pot 14500.00
plamia79 shows [Tc Ac] (a pair of Queens [Qh Qd Ac Tc 4h])
lipesticky shows [8h 9d] (a pair of Queens [Qh Qd 9d 8h 4h])
Macirisher shows [7d 6d] (a pair of Queens [Qh Qd 7d 6d 4h])
plamia79 collected 14500.00 from main pot
*** SUMMARY ***
Total pot 14500.00
Board [2s 3d 4h Qh Qd]
Seat 1: raygao17 (button) folded on the Pre-Flop
Seat 2: plamia79 (small blind) showed [Tc Ac] and won 14500.00 with a pair of Queens [Qh Qd Ac Tc 4h] with the kicker Ace
Seat 3: lipesticky (big blind) showed [8h 9d] and lost with a pair of Queens [Qh Qd 9d 8h 4h]
Seat 4: ChadTree folded on the Pre-Flop and did not bet
Seat 6: Macirisher showed [7d 6d] and lost with a pair of Queens [Qh Qd 7d 6d 4h]

Game Hand #2018632722 - Tournament #31146529 - Holdem (No Limit) - Level 16 (2500.00/5000.00)- 2024/02/05 20:36:25 UTC
Table '15' 6-max Seat #2 is the button
Seat 1: raygao17 (213773.00)
Seat 2: plamia79 (220513.00)
Seat 3: lipesticky (131470.00)
Seat 4: ChadTree (156020.00)
Seat 6: Macirisher (131715.00)
raygao17 posts ante 600.00
plamia79 posts ante 600.00
lipesticky posts ante 600.00
ChadTree posts ante 600.00
Macirisher posts ante 600.00
lipesticky posts the small blind 2500.00
ChadTree posts the big blind 5000.00
*** HOLE CARDS ***
Main pot 3000.00
Dealt to lipesticky [5s 8c]
Macirisher folds
raygao17 raises 10000.00 to 10000.00
plamia79 folds
lipesticky folds
ChadTree calls 5000.00
*** FLOP *** [3c Ah Jh]
Main pot 25500.00
ChadTree checks
raygao17 checks
*** TURN *** [3c Ah Jh] [Qh]
Main pot 25500.00
ChadTree checks
raygao17 bets 8415.00
ChadTree calls 8415.00
*** RIVER *** [3c Ah Jh Qh] [6s]
Main pot 42330.00
ChadTree checks
raygao17 checks
*** SHOW DOWN ***
Main pot 42330.00
raygao17 shows [Jc Td] (a pair of Jacks [Jh Jc Ah Qh Td])
ChadTree shows [Ad 7d] (a pair of Aces [Ah Ad Qh Jh 7d])
ChadTree collected 42330.00 from main pot
*** SUMMARY ***
Total pot 42330.00
Board [3c Ah Jh Qh 6s]
Seat 1: raygao17 showed [Jc Td] and lost with a pair of Jacks [Jh Jc Ah Qh Td]
Seat 2: plamia79 (button) folded on the Pre-Flop
Seat 3: lipesticky (small blind) folded on the Pre-Flop
Seat 4: ChadTree (big blind) showed [Ad 7d] and won 42330.00 with a pair of Aces [Ah Ad Qh Jh 7d]
Seat 6: Macirisher folded on the Pre-Flop and did not bet

Game Hand #2018633844 - Tournament #31146529 - Holdem (No Limit) - Level 16 (2500.00/5000.00)- 2024/02/05 20:37:26 UTC
Table '15' 6-max Seat #3 is the button
Seat 1: raygao17 (194758.00)
Seat 2: plamia79 (219913.00)
Seat 3: lipesticky (128370.00)
Seat 4: ChadTree (179335.00)
Seat 6: Macirisher (131115.00)
raygao17 posts ante 600.00
plamia79 posts ante 600.00
lipesticky posts ante 600.00
ChadTree posts ante 600.00
Macirisher posts ante 600.00
ChadTree posts the small blind 2500.00
Macirisher posts the big blind 5000.00
*** HOLE CARDS ***
Main pot 3000.00
Dealt to lipesticky [Kh 3s]
raygao17 folds
plamia79 folds
lipesticky raises 10500.00 to 10500.00
ChadTree folds
Macirisher folds
Uncalled bet (5500.00) returned to lipesticky
lipesticky does not show
*** SUMMARY ***
Total pot 15500.00
Seat 1: raygao17 folded on the Pre-Flop and did not bet
Seat 2: plamia79 folded on the Pre-Flop and did not bet
Seat 3: lipesticky did not show and won 15500.00
Seat 4: ChadTree (small blind) folded on the Pre-Flop
Seat 6: Macirisher (big blind) folded on the Pre-Flop

Game Hand #2018634466 - Tournament #31146529 - Holdem (No Limit) - Level 16 (2500.00/5000.00)- 2024/02/05 20:38:00 UTC
Table '15' 6-max Seat #4 is the button
Seat 1: raygao17 (194158.00)
Seat 2: plamia79 (219313.00)
Seat 3: lipesticky (138270.00)
Seat 4: ChadTree (176235.00)
Seat 6: Macirisher (125515.00)
raygao17 posts ante 600.00
plamia79 posts ante 600.00
lipesticky posts ante 600.00
ChadTree posts ante 600.00
Macirisher posts ante 600.00
Macirisher posts the small blind 2500.00
raygao17 posts the big blind 5000.00
*** HOLE CARDS ***
Main pot 3000.00
Dealt to lipesticky [2c 4d]
plamia79 folds
lipesticky folds
ChadTree raises 10000.00 to 10000.00
Macirisher raises 21500.00 to 24000.00
raygao17 folds
ChadTree folds
Uncalled bet (14000.00) returned to Macirisher
Macirisher does not show
*** SUMMARY ***
Total pot 28000.00
Seat 1: raygao17 (big blind) folded on the Pre-Flop
Seat 2: plamia79 folded on the Pre-Flop and did not bet
Seat 3: lipesticky folded on the Pre-Flop and did not bet
Seat 4: ChadTree (button) folded on the Pre-Flop
Seat 6: Macirisher did not show and won 28000.00

Game Hand #2018635131 - Tournament #31146529 - Holdem (No Limit) - Level 16 (2500.00/5000.00)- 2024/02/05 20:38:37 UTC
Table '15' 6-max Seat #6 is the button
Seat 1: raygao17 (188558.00)
Seat 2: plamia79 (218713.00)
Seat 3: lipesticky (137670.00)
Seat 4: ChadTree (165635.00)
Seat 6: Macirisher (142915.00)
raygao17 posts ante 600.00
plamia79 posts ante 600.00
lipesticky posts ante 600.00
ChadTree posts ante 600.00
Macirisher posts ante 600.00
raygao17 posts the small blind 2500.00
plamia79 posts the big blind 5000.00
*** HOLE CARDS ***
Main pot 3000.00
Dealt to lipesticky [5c Js]
lipesticky folds
ChadTree folds
Macirisher folds
raygao17 folds
plamia79 does not show
*** SUMMARY ***
Total pot 10500.00
Seat 1: raygao17 (small blind) folded on the Pre-Flop
Seat 2: plamia79 did not show and won 10500.00
Seat 3: lipesticky folded on the Pre-Flop and did not bet
Seat 4: ChadTree folded on the Pre-Flop and did not bet
Seat 6: Macirisher (button) folded on the Pre-Flop

Game Hand #2018635372 - Tournament #31146529 - Holdem (No Limit) - Level 16 (2500.00/5000.00)- 2024/02/05 20:38:49 UTC
Table '15' 6-max Seat #1 is the button
Seat 1: raygao17 (185458.00)
Seat 2: plamia79 (223613.00)
Seat 3: lipesticky (137070.00)
Seat 4: ChadTree (165035.00)
Seat 6: Macirisher (142315.00)
raygao17 posts ante 600.00
plamia79 posts ante 600.00
lipesticky posts ante 600.00
ChadTree posts ante 600.00
Macirisher posts ante 600.00
plamia79 posts the small blind 2500.00
lipesticky posts the big blind 5000.00
*** HOLE CARDS ***
Main pot 3000.00
Dealt to lipesticky [Ts Kd]
ChadTree folds
Macirisher folds
raygao17 folds
plamia79 raises 9000.00 to 11500.00
lipesticky calls 6500.00
*** FLOP *** [3h Ac Ks]
Main pot 26000.00
plamia79 bets 13000.00
lipesticky calls 13000.00
*** TURN *** [3h Ac Ks] [2h]
Main pot 52000.00
plamia79 bets 26000.00
lipesticky calls 26000.00
*** RIVER *** [3h Ac Ks 2h] [6h]
Main pot 104000.00
plamia79 bets 172513.00 and is all-in
lipesticky folds
Uncalled bet (172513.00) returned to plamia79
plamia79 does not show
*** SUMMARY ***
Total pot 104000.00
Board [3h Ac Ks 2h 6h]
Seat 1: raygao17 (button) folded on the Pre-Flop
Seat 2: plamia79 did not show and won 104000.00
Seat 3: lipesticky (big blind) folded on the River
Seat 4: ChadTree folded on the Pre-Flop and did not bet
Seat 6: Macirisher folded on the Pre-Flop and did not bet

Game Hand #2018637126 - Tournament #31146529 - Holdem (No Limit) - Level 16 (2500.00/5000.00)- 2024/02/05 20:40:23 UTC
Table '15' 6-max Seat #2 is the button
Seat 1: raygao17 (184858.00)
Seat 2: plamia79 (276513.00)
Seat 3: lipesticky (85970.00)
Seat 4: ChadTree (164435.00)
Seat 6: Macirisher (141715.00)
raygao17 posts ante 600.00
plamia79 posts ante 600.00
lipesticky posts ante 600.00
ChadTree posts ante 600.00
Macirisher posts ante 600.00
lipesticky posts the small blind 2500.00
ChadTree posts the big blind 5000.00
*** HOLE CARDS ***
Main pot 3000.00
Dealt to lipesticky [3s Qc]
Macirisher folds
raygao17 folds
plamia79 raises 10000.00 to 10000.00
lipesticky folds
ChadTree folds
Uncalled bet (5000.00) returned to plamia79
plamia79 does not show
*** SUMMARY ***
Total pot 15500.00
Seat 1: raygao17 folded on the Pre-Flop and did not bet
Seat 2: plamia79 did not show and won 15500.00
Seat 3: lipesticky (small blind) folded on the Pre-Flop
Seat 4: ChadTree (big blind) folded on the Pre-Flop
Seat 6: Macirisher folded on the Pre-Flop and did not bet

Game Hand #2018637392 - Tournament #31146529 - Holdem (No Limit) - Level 16 (2500.00/5000.00)- 2024/02/05 20:40:39 UTC
Table '15' 6-max Seat #3 is the button
Seat 1: raygao17 (184258.00)
Seat 2: plamia79 (286413.00)
Seat 3: lipesticky (82870.00)
Seat 4: ChadTree (158835.00)
Seat 6: Macirisher (141115.00)
raygao17 posts ante 600.00
plamia79 posts ante 600.00
lipesticky posts ante 600.00
ChadTree posts ante 600.00
Macirisher posts ante 600.00
ChadTree posts the small blind 2500.00
Macirisher posts the big blind 5000.00
*** HOLE CARDS ***
Main pot 3000.00
Dealt to lipesticky [2s Jh]
raygao17 raises 10000.00 to 10000.00
plamia79 folds
lipesticky folds
ChadTree folds
Macirisher raises 24125.00 to 29125.00
raygao17 folds
Uncalled bet (19125.00) returned to Macirisher
Macirisher does not show
*** SUMMARY ***
Total pot 25500.00
Seat 1: raygao17 folded on the Pre-Flop and did not bet
Seat 2: plamia79 folded on the Pre-Flop and did not bet
Seat 3: lipesticky (button) folded on the Pre-Flop
Seat 4: ChadTree (small blind) folded on the Pre-Flop
Seat 6: Macirisher did not show and won 25500.00

Game Hand #2018638262 - Tournament #31146529 - Holdem (No Limit) - Level 16 (2500.00/5000.00)- 2024/02/05 20:41:26 UTC
Table '15' 6-max Seat #4 is the button
Seat 1: raygao17 (173658.00)
Seat 2: plamia79 (285813.00)
Seat 3: lipesticky (82270.00)
Seat 4: ChadTree (155735.00)
Seat 6: Macirisher (156015.00)
raygao17 posts ante 600.00
plamia79 posts ante 600.00
lipesticky posts ante 600.00
ChadTree posts ante 600.00
Macirisher posts ante 600.00
Macirisher posts the small blind 2500.00
raygao17 posts the big blind 5000.00
*** HOLE CARDS ***
Main pot 3000.00
Dealt to lipesticky [9d Kc]
plamia79 raises 10000.00 to 10000.00
lipesticky folds
ChadTree folds
Macirisher calls 7500.00
raygao17 raises 168058.00 to 173058.00 and is all-in
plamia79 folds
Macirisher folds
Uncalled bet (163058.00) returned to raygao17
raygao17 does not show
*** SUMMARY ***
Total pot 33000.00
Seat 1: raygao17 did not show and won 33000.00
Seat 2: plamia79 folded on the Pre-Flop and did not bet
Seat 3: lipesticky folded on the Pre-Flop and did not bet
Seat 4: ChadTree (button) folded on the Pre-Flop
Seat 6: Macirisher (small blind) folded on the Pre-Flop

Game Hand #2018638888 - Tournament #31146529 - Holdem (No Limit) - Level 16 (2500.00/5000.00)- 2024/02/05 20:42:00 UTC
Table '15' 6-max Seat #6 is the button
Seat 1: raygao17 (196058.00)
Seat 2: plamia79 (275213.00)
Seat 3: lipesticky (81670.00)
Seat 4: ChadTree (155135.00)
Seat 6: Macirisher (145415.00)
raygao17 posts ante 600.00
plamia79 posts ante 600.00
lipesticky posts ante 600.00
ChadTree posts ante 600.00
Macirisher posts ante 600.00
raygao17 posts the small blind 2500.00
plamia79 posts the big blind 5000.00
*** HOLE CARDS ***
Main pot 3000.00
Dealt to lipesticky [6s 7s]
lipesticky folds
ChadTree raises 10000.00 to 10000.00
Macirisher folds
raygao17 folds
plamia79 folds
Uncalled bet (5000.00) returned to ChadTree
ChadTree does not show
*** SUMMARY ***
Total pot 15500.00
Seat 1: raygao17 (small blind) folded on the Pre-Flop
Seat 2: plamia79 (big blind) folded on the Pre-Flop
Seat 3: lipesticky folded on the Pre-Flop and did not bet
Seat 4: ChadTree did not show and won 15500.00
Seat 6: Macirisher (button) folded on the Pre-Flop

Game Hand #2018639400 - Tournament #31146529 - Holdem (No Limit) - Level 16 (2500.00/5000.00)- 2024/02/05 20:42:28 UTC
Table '15' 6-max Seat #1 is the button
Seat 1: raygao17 (192958.00)
Seat 2: plamia79 (269613.00)
Seat 3: lipesticky (81070.00)
Seat 4: ChadTree (165035.00)
Seat 6: Macirisher (144815.00)
raygao17 posts ante 600.00
plamia79 posts ante 600.00
lipesticky posts ante 600.00
ChadTree posts ante 600.00
Macirisher posts ante 600.00
plamia79 posts the small blind 2500.00
lipesticky posts the big blind 5000.00
*** HOLE CARDS ***
Main pot 3000.00
Dealt to lipesticky [Js Qh]
ChadTree folds
Macirisher raises 10000.00 to 10000.00
raygao17 folds
plamia79 folds
lipesticky calls 5000.00
*** FLOP *** [6d As Tc]
Main pot 25500.00
lipesticky checks
Macirisher bets 15388.00
lipesticky folds
Uncalled bet (15388.00) returned to Macirisher
Macirisher shows [Ac -]
*** SUMMARY ***
Total pot 25500.00
Board [6d As Tc]
Seat 1: raygao17 (button) folded on the Pre-Flop
Seat 2: plamia79 (small blind) folded on the Pre-Flop
Seat 3: lipesticky (big blind) folded on the Flop
Seat 4: ChadTree folded on the Pre-Flop and did not bet
Seat 6: Macirisher showed [Ac -] and won 25500.00

Game Hand #2018640801 - Tournament #31146529 - Holdem (No Limit) - Level 16 (2500.00/5000.00)- 2024/02/05 20:43:48 UTC
Table '15' 6-max Seat #2 is the button
Seat 1: raygao17 (192358.00)
Seat 2: plamia79 (266513.00)
Seat 3: lipesticky (70470.00)
Seat 4: ChadTree (164435.00)
Seat 6: Macirisher (159715.00)
raygao17 posts ante 600.00
plamia79 posts ante 600.00
lipesticky posts ante 600.00
ChadTree posts ante 600.00
Macirisher posts ante 600.00
lipesticky posts the small blind 2500.00
ChadTree posts the big blind 5000.00
*** HOLE CARDS ***
Main pot 3000.00
Dealt to lipesticky [4h Qh]
Macirisher folds
raygao17 folds
plamia79 folds
lipesticky raises 62370.00 to 64870.00
ChadTree folds
Uncalled bet (59870.00) returned to lipesticky
lipesticky does not show
*** SUMMARY ***
Total pot 13000.00
Seat 1: raygao17 folded on the Pre-Flop and did not bet
Seat 2: plamia79 (button) folded on the Pre-Flop
Seat 3: lipesticky did not show and won 13000.00
Seat 4: ChadTree (big blind) folded on the Pre-Flop
Seat 6: Macirisher folded on the Pre-Flop and did not bet

Game Hand #2018641402 - Tournament #31146529 - Holdem (No Limit) - Level 17 (3000.00/6000.00)- 2024/02/05 20:44:21 UTC
Table '15' 6-max Seat #3 is the button
Seat 1: raygao17 (191758.00)
Seat 2: plamia79 (265913.00)
Seat 3: lipesticky (77870.00)
Seat 4: ChadTree (158835.00)
Seat 6: Macirisher (159115.00)
raygao17 posts ante 750.00
plamia79 posts ante 750.00
lipesticky posts ante 750.00
ChadTree posts ante 750.00
Macirisher posts ante 750.00
ChadTree posts the small blind 3000.00
Macirisher posts the big blind 6000.00
*** HOLE CARDS ***
Main pot 3750.00
Dealt to lipesticky [Jc 8c]
raygao17 folds
plamia79 folds
lipesticky folds
ChadTree folds
Macirisher does not show
*** SUMMARY ***
Total pot 12750.00
Seat 1: raygao17 folded on the Pre-Flop and did not bet
Seat 2: plamia79 folded on the Pre-Flop and did not bet
Seat 3: lipesticky (button) folded on the Pre-Flop
Seat 4: ChadTree (small blind) folded on the Pre-Flop
Seat 6: Macirisher did not show and won 12750.00

Game Hand #2018641886 - Tournament #31146529 - Holdem (No Limit) - Level 17 (3000.00/6000.00)- 2024/02/05 20:44:50 UTC
Table '15' 6-max Seat #4 is the button
Seat 1: raygao17 (191008.00)
Seat 2: plamia79 (265163.00)
Seat 3: lipesticky (77120.00)
Seat 4: ChadTree (155085.00)
Seat 6: Macirisher (165115.00)
raygao17 posts ante 750.00
plamia79 posts ante 750.00
lipesticky posts ante 750.00
ChadTree posts ante 750.00
Macirisher posts ante 750.00
Macirisher posts the small blind 3000.00
raygao17 posts the big blind 6000.00
*** HOLE CARDS ***
Main pot 3750.00
Dealt to lipesticky [Tc 8h]
plamia79 folds
lipesticky folds
ChadTree raises 12000.00 to 12000.00
Macirisher folds
raygao17 calls 6000.00
*** FLOP *** [Ac Jd Ad]
Main pot 30750.00
raygao17 checks
ChadTree bets 13200.00
raygao17 calls 13200.00
*** TURN *** [Ac Jd Ad] [5d]
Main pot 57150.00
raygao17 checks
ChadTree checks
*** RIVER *** [Ac Jd Ad 5d] [9d]
Main pot 57150.00
raygao17 checks
ChadTree checks
*** SHOW DOWN ***
Main pot 57150.00
raygao17 shows [8d Kc] (a flush, Ace high [Ad Jd 9d 8d 5d])
ChadTree shows [8c As] (three of a kind, Set of Aces [As Ad Ac Jd 9d])
raygao17 collected 57150.00 from main pot
*** SUMMARY ***
Total pot 57150.00
Board [Ac Jd Ad 5d 9d]
Seat 1: raygao17 (big blind) showed [8d Kc] and won 57150.00 with a flush, Ace high [Ad Jd 9d 8d 5d]
Seat 2: plamia79 folded on the Pre-Flop and did not bet
Seat 3: lipesticky folded on the Pre-Flop and did not bet
Seat 4: ChadTree (button) showed [8c As] and lost with three of a kind, Set of Aces [As Ad Ac Jd 9d]
Seat 6: Macirisher (small blind) folded on the Pre-Flop

Game Hand #2018643665 - Tournament #31146529 - Holdem (No Limit) - Level 17 (3000.00/6000.00)- 2024/02/05 20:46:30 UTC
Table '15' 6-max Seat #6 is the button
Seat 1: raygao17 (222208.00)
Seat 2: plamia79 (264413.00)
Seat 3: lipesticky (76370.00)
Seat 4: ChadTree (129135.00)
Seat 6: Macirisher (161365.00)
raygao17 posts ante 750.00
plamia79 posts ante 750.00
lipesticky posts ante 750.00
ChadTree posts ante 750.00
Macirisher posts ante 750.00
raygao17 posts the small blind 3000.00
plamia79 posts the big blind 6000.00
*** HOLE CARDS ***
Main pot 3750.00
Dealt to lipesticky [6s 3s]
lipesticky folds
ChadTree folds
Macirisher folds
raygao17 calls 3000.00
plamia79 raises 11813.00 to 17813.00
raygao17 calls 11813.00
*** FLOP *** [9c Kc 7c]
Main pot 39376.00
raygao17 checks
plamia79 checks
*** TURN *** [9c Kc 7c] [8d]
Main pot 39376.00
raygao17 checks
plamia79 checks
*** RIVER *** [9c Kc 7c 8d] [6h]
Main pot 39376.00
raygao17 checks
plamia79 bets 16688.00
raygao17 folds
Uncalled bet (16688.00) returned to plamia79
plamia79 does not show
*** SUMMARY ***
Total pot 39376.00
Board [9c Kc 7c 8d 6h]
Seat 1: raygao17 (small blind) folded on the River
Seat 2: plamia79 did not show and won 39376.00
Seat 3: lipesticky folded on the Pre-Flop and did not bet
Seat 4: ChadTree folded on the Pre-Flop and did not bet
Seat 6: Macirisher (button) folded on the Pre-Flop

Game Hand #2018644976 - Tournament #31146529 - Holdem (No Limit) - Level 17 (3000.00/6000.00)- 2024/02/05 20:47:47 UTC
Table '15' 6-max Seat #1 is the button
Seat 1: raygao17 (203645.00)
Seat 2: plamia79 (285226.00)
Seat 3: lipesticky (75620.00)
Seat 4: ChadTree (128385.00)
Seat 6: Macirisher (160615.00)
raygao17 posts ante 750.00
plamia79 posts ante 750.00
lipesticky posts ante 750.00
ChadTree posts ante 750.00
Macirisher posts ante 750.00
plamia79 posts the small blind 3000.00
lipesticky posts the big blind 6000.00
*** HOLE CARDS ***
Main pot 3750.00
Dealt to lipesticky [Jc 3h]
ChadTree folds
Macirisher folds
raygao17 folds
plamia79 calls 3000.00
lipesticky raises 9000.00 to 15000.00
plamia79 folds
Uncalled bet (9000.00) returned to lipesticky
lipesticky does not show
*** SUMMARY ***
Total pot 15750.00
Seat 1: raygao17 (button) folded on the Pre-Flop
Seat 2: plamia79 (small blind) folded on the Pre-Flop
Seat 3: lipesticky did not show and won 15750.00
Seat 4: ChadTree folded on the Pre-Flop and did not bet
Seat 6: Macirisher folded on the Pre-Flop and did not bet

Game Hand #2018645499 - Tournament #31146529 - Holdem (No Limit) - Level 17 (3000.00/6000.00)- 2024/02/05 20:48:17 UTC
Table '15' 6-max Seat #2 is the button
Seat 1: raygao17 (202895.00)
Seat 2: plamia79 (278476.00)
Seat 3: lipesticky (84620.00)
Seat 4: ChadTree (127635.00)
Seat 6: Macirisher (159865.00)
raygao17 posts ante 750.00
plamia79 posts ante 750.00
lipesticky posts ante 750.00
ChadTree posts ante 750.00
Macirisher posts ante 750.00
lipesticky posts the small blind 3000.00
ChadTree posts the big blind 6000.00
*** HOLE CARDS ***
Main pot 3750.00
Dealt to lipesticky [Jc 4c]
Macirisher folds
raygao17 folds
plamia79 folds
lipesticky calls 3000.00
ChadTree checks
*** FLOP *** [Ah 2c 2d]
Main pot 15750.00
lipesticky checks
ChadTree bets 10800.00
lipesticky calls 10800.00
*** TURN *** [Ah 2c 2d] [Jd]
Main pot 37350.00
lipesticky checks
ChadTree bets 15600.00
lipesticky calls 15600.00
*** RIVER *** [Ah 2c 2d Jd] [7s]
Main pot 68550.00
lipesticky checks
ChadTree bets 94485.00 and is all-in
lipesticky calls 51470.00 and is all-in
Uncalled bet (43015.00) returned to ChadTree
*** SHOW DOWN ***
Main pot 171490.00
lipesticky shows [Jc 4c] (two pair, Jacks and Deuces [Jd Jc 2d 2c Ah])
ChadTree shows [Th 4s] (a pair of Deuces [2d 2c Ah Jd Th])
lipesticky collected 171490.00 from main pot
*** SUMMARY ***
Total pot 171490.00
Board [Ah 2c 2d Jd 7s]
Seat 1: raygao17 folded on the Pre-Flop and did not bet
Seat 2: plamia79 (button) folded on the Pre-Flop
Seat 3: lipesticky (small blind) showed [Jc 4c] and won 171490.00 with two pair, Jacks and Deuces [Jd Jc 2d 2c Ah]
Seat 4: ChadTree (big blind) showed [Th 4s] and lost with a pair of Deuces [2d 2c Ah Jd Th]
Seat 6: Macirisher folded on the Pre-Flop and did not bet

Game Hand #2018647954 - Tournament #31146529 - Holdem (No Limit) - Level 17 (3000.00/6000.00)- 2024/02/05 20:50:42 UTC
Table '15' 6-max Seat #3 is the button
Seat 1: raygao17 (202145.00)
Seat 2: plamia79 (277726.00)
Seat 3: lipesticky (171490.00)
Seat 4: ChadTree (43015.00)
Seat 6: Macirisher (159115.00)
raygao17 posts ante 750.00
plamia79 posts ante 750.00
lipesticky posts ante 750.00
ChadTree posts ante 750.00
Macirisher posts ante 750.00
ChadTree posts the small blind 3000.00
Macirisher posts the big blind 6000.00
*** HOLE CARDS ***
Main pot 3750.00
Dealt to lipesticky [4s 4c]
raygao17 folds
plamia79 raises 12000.00 to 12000.00
lipesticky folds
ChadTree folds
Macirisher calls 6000.00
*** FLOP *** [2d 4h 8s]
Main pot 30750.00
Macirisher checks
plamia79 bets 12375.00
Macirisher folds
Uncalled bet (12375.00) returned to plamia79
plamia79 does not show
*** SUMMARY ***
Total pot 30750.00
Board [2d 4h 8s]
Seat 1: raygao17 folded on the Pre-Flop and did not bet
Seat 2: plamia79 did not show and won 30750.00
Seat 3: lipesticky (button) folded on the Pre-Flop
Seat 4: ChadTree (small blind) folded on the Pre-Flop
Seat 6: Macirisher (big blind) folded on the Flop

Game Hand #2018649704 - Tournament #31146529 - Holdem (No Limit) - Level 18 (3500.00/7000.00)- 2024/02/05 20:52:24 UTC
Table '15' 6-max Seat #4 is the button
Seat 1: raygao17 (201395.00)
Seat 2: plamia79 (295726.00)
Seat 3: lipesticky (170740.00)
Seat 4: ChadTree (39265.00)
Seat 6: Macirisher (146365.00)
raygao17 posts ante 875.00
plamia79 posts ante 875.00
lipesticky posts ante 875.00
ChadTree posts ante 875.00
Macirisher posts ante 875.00
Macirisher posts the small blind 3500.00
raygao17 posts the big blind 7000.00
*** HOLE CARDS ***
Main pot 4375.00
Dealt to lipesticky [3d 7c]
plamia79 folds
lipesticky folds
ChadTree folds
Macirisher calls 3500.00
raygao17 raises 193520.00 to 200520.00 and is all-in
Macirisher folds
Uncalled bet (193520.00) returned to raygao17
raygao17 does not show
*** SUMMARY ***
Total pot 18375.00
Seat 1: raygao17 did not show and won 18375.00
Seat 2: plamia79 folded on the Pre-Flop and did not bet
Seat 3: lipesticky folded on the Pre-Flop and did not bet
Seat 4: ChadTree (button) folded on the Pre-Flop
Seat 6: Macirisher (small blind) folded on the Pre-Flop

Game Hand #2018650797 - Tournament #31146529 - Holdem (No Limit) - Level 18 (3500.00/7000.00)- 2024/02/05 20:53:28 UTC
Table '15' 6-max Seat #6 is the button
Seat 1: raygao17 (211895.00)
Seat 2: plamia79 (294851.00)
Seat 3: lipesticky (169865.00)
Seat 4: ChadTree (38390.00)
Seat 6: Macirisher (138490.00)
raygao17 posts ante 875.00
plamia79 posts ante 875.00
lipesticky posts ante 875.00
ChadTree posts ante 875.00
Macirisher posts ante 875.00
raygao17 posts the small blind 3500.00
plamia79 posts the big blind 7000.00
*** HOLE CARDS ***
Main pot 4375.00
Dealt to lipesticky [Ts 6d]
lipesticky folds
ChadTree folds
Macirisher folds
raygao17 folds
plamia79 does not show
*** SUMMARY ***
Total pot 14875.00
Seat 1: raygao17 (small blind) folded on the Pre-Flop
Seat 2: plamia79 did not show and won 14875.00
Seat 3: lipesticky folded on the Pre-Flop and did not bet
Seat 4: ChadTree folded on the Pre-Flop and did not bet
Seat 6: Macirisher (button) folded on the Pre-Flop

Game Hand #2018651777 - Tournament #31146529 - Holdem (No Limit) - Level 18 (3500.00/7000.00)- 2024/02/05 20:54:26 UTC
Table '15' 6-max Seat #1 is the button
Seat 1: raygao17 (207520.00)
Seat 2: plamia79 (301851.00)
Seat 3: lipesticky (168990.00)
Seat 4: ChadTree (37515.00)
Seat 5: faahzin (100514.00)
Seat 6: Macirisher (137615.00)
raygao17 posts ante 875.00
plamia79 posts ante 875.00
lipesticky posts ante 875.00
ChadTree posts ante 875.00
faahzin posts ante 875.00
Macirisher posts ante 875.00
plamia79 posts the small blind 3500.00
lipesticky posts the big blind 7000.00
*** HOLE CARDS ***
Main pot 5250.00
Dealt to lipesticky [2d 5d]
ChadTree folds
faahzin folds
Macirisher folds
raygao17 folds
plamia79 raises 297476.00 to 300976.00 and is all-in
lipesticky folds
Uncalled bet (293976.00) returned to plamia79
plamia79 does not show
*** SUMMARY ***
Total pot 19250.00
Seat 1: raygao17 (button) folded on the Pre-Flop
Seat 2: plamia79 did not show and won 19250.00
Seat 3: lipesticky (big blind) folded on the Pre-Flop
Seat 4: ChadTree folded on the Pre-Flop and did not bet
Seat 5: faahzin folded on the Pre-Flop and did not bet
Seat 6: Macirisher folded on the Pre-Flop and did not bet

Game Hand #2018655085 - Tournament #31146529 - Holdem (No Limit) - Level 18 (3500.00/7000.00)- 2024/02/05 21:00:52 UTC
Table '15' 6-max Seat #2 is the button
Seat 1: raygao17 (206645.00)
Seat 2: plamia79 (313226.00)
Seat 3: lipesticky (161115.00)
Seat 4: ChadTree (36640.00)
Seat 5: faahzin (99639.00)
Seat 6: Macirisher (136740.00)
raygao17 posts ante 875.00
plamia79 posts ante 875.00
lipesticky posts ante 875.00
ChadTree posts ante 875.00
faahzin posts ante 875.00
Macirisher posts ante 875.00
lipesticky posts the small blind 3500.00
ChadTree posts the big blind 7000.00
*** HOLE CARDS ***
Main pot 5250.00
Dealt to lipesticky [Jh 5h]
faahzin folds
Macirisher folds
raygao17 folds
plamia79 folds
lipesticky raises 156740.00 to 160240.00 and is all-in
ChadTree calls 28765.00 and is all-in
Uncalled bet (124475.00) returned to lipesticky
*** FLOP *** [8h Td 8s]
Main pot 76780.00
*** TURN *** [8h Td 8s] [Ad]
Main pot 76780.00
*** RIVER *** [8h Td 8s Ad] [Js]
Main pot 76780.00
*** SHOW DOWN ***
Main pot 76780.00
lipesticky shows [Jh 5h] (two pair, Jacks and Eights [Js Jh 8s 8h Ad])
ChadTree shows [Jd 3d] (two pair, Jacks and Eights [Js Jd 8s 8h Ad])
lipesticky collected 38390.00 from main pot
ChadTree collected 38390.00 from main pot
*** SUMMARY ***
Total pot 76780.00
Board [8h Td 8s Ad Js]
Seat 1: raygao17 folded on the Pre-Flop and did not bet
Seat 2: plamia79 (button) folded on the Pre-Flop
Seat 3: lipesticky (small blind) showed [Jh 5h] and won 38390.00 with two pair, Jacks and Eights [Js Jh 8s 8h Ad]
Seat 4: ChadTree (big blind) showed [Jd 3d] and won 38390.00 with two pair, Jacks and Eights [Js Jd 8s 8h Ad]
Seat 5: faahzin folded on the Pre-Flop and did not bet
Seat 6: Macirisher folded on the Pre-Flop and did not bet

Game Hand #2018655909 - Tournament #31146529 - Holdem (No Limit) - Level 18 (3500.00/7000.00)- 2024/02/05 21:01:49 UTC
Table '15' 6-max Seat #3 is the button
Seat 1: raygao17 (205770.00)
Seat 2: plamia79 (312351.00)
Seat 3: lipesticky (162865.00)
Seat 4: ChadTree (38390.00)
Seat 5: faahzin (98764.00)
Seat 6: Macirisher (135865.00)
raygao17 posts ante 875.00
plamia79 posts ante 875.00
lipesticky posts ante 875.00
ChadTree posts ante 875.00
faahzin posts ante 875.00
Macirisher posts ante 875.00
ChadTree posts the small blind 3500.00
faahzin posts the big blind 7000.00
*** HOLE CARDS ***
Main pot 5250.00
Dealt to lipesticky [5s 2d]
Macirisher folds
raygao17 folds
plamia79 folds
lipesticky folds
ChadTree raises 34015.00 to 37515.00 and is all-in
faahzin calls 30515.00
*** FLOP *** [As 9s Kd]
Main pot 80280.00
*** TURN *** [As 9s Kd] [3s]
Main pot 80280.00
*** RIVER *** [As 9s Kd 3s] [3c]
Main pot 80280.00
*** SHOW DOWN ***
Main pot 80280.00
ChadTree shows [Jh 9h] (two pair, Nines and Threes [9s 9h 3s 3c As])
faahzin shows [Tc Ac] (two pair, Aces and Threes [As Ac 3s 3c Kd])
faahzin collected 80280.00 from main pot
*** SUMMARY ***
Total pot 80280.00
Board [As 9s Kd 3s 3c]
Seat 1: raygao17 folded on the Pre-Flop and did not bet
Seat 2: plamia79 folded on the Pre-Flop and did not bet
Seat 3: lipesticky (button) folded on the Pre-Flop
Seat 4: ChadTree (small blind) showed [Jh 9h] and lost with two pair, Nines and Threes [9s 9h 3s 3c As]
Seat 5: faahzin (big blind) showed [Tc Ac] and won 80280.00 with two pair, Aces and Threes [As Ac 3s 3c Kd]
Seat 6: Macirisher folded on the Pre-Flop and did not bet

Game Hand #2018656783 - Tournament #31146529 - Holdem (No Limit) - Level 18 (3500.00/7000.00)- 2024/02/05 21:02:39 UTC
Table '15' 6-max Seat #4 is the button
Seat 1: raygao17 (204895.00)
Seat 2: plamia79 (311476.00)
Seat 3: lipesticky (161990.00)
Seat 5: faahzin (140654.00)
Seat 6: Macirisher (134990.00)
raygao17 posts ante 875.00
plamia79 posts ante 875.00
lipesticky posts ante 875.00
faahzin posts ante 875.00
Macirisher posts ante 875.00
faahzin posts the small blind 3500.00
Macirisher posts the big blind 7000.00
*** HOLE CARDS ***
Main pot 4375.00
Dealt to lipesticky [8d Tc]
raygao17 folds
plamia79 folds
lipesticky folds
faahzin raises 15400.00 to 18900.00
Macirisher folds
Uncalled bet (11900.00) returned to faahzin
faahzin does not show
*** SUMMARY ***
Total pot 18375.00
Seat 1: raygao17 folded on the Pre-Flop and did not bet
Seat 2: plamia79 folded on the Pre-Flop and did not bet
Seat 3: lipesticky folded on the Pre-Flop and did not bet
Seat 5: faahzin did not show and won 18375.00
Seat 6: Macirisher (big blind) folded on the Pre-Flop

Game Hand #2018657400 - Tournament #31146529 - Holdem (No Limit) - Level 18 (3500.00/7000.00)- 2024/02/05 21:03:14 UTC
Table '15' 6-max Seat #5 is the button
Seat 1: raygao17 (204020.00)
Seat 2: plamia79 (310601.00)
Seat 3: lipesticky (161115.00)
Seat 5: faahzin (151154.00)
Seat 6: Macirisher (127115.00)
raygao17 posts ante 875.00
plamia79 posts ante 875.00
lipesticky posts ante 875.00
faahzin posts ante 875.00
Macirisher posts ante 875.00
Macirisher posts the small blind 3500.00
raygao17 posts the big blind 7000.00
*** HOLE CARDS ***
Main pot 4375.00
Dealt to lipesticky [9s 2d]
plamia79 raises 14000.00 to 14000.00
lipesticky folds
faahzin calls 14000.00
Macirisher folds
raygao17 calls 7000.00
*** FLOP *** [Tc Jh Th]
Main pot 49875.00
raygao17 checks
plamia79 bets 21438.00
faahzin calls 21438.00
raygao17 folds
*** TURN *** [Tc Jh Th] [3h]
Main pot 92751.00
plamia79 checks
faahzin bets 23188.00
plamia79 calls 23188.00
*** RIVER *** [Tc Jh Th 3h] [Jd]
Main pot 139127.00
plamia79 bets 251100.00 and is all-in
faahzin folds
Uncalled bet (251100.00) returned to plamia79
plamia79 does not show
*** SUMMARY ***
Total pot 139127.00
Board [Tc Jh Th 3h Jd]
Seat 1: raygao17 (big blind) folded on the Flop
Seat 2: plamia79 did not show and won 139127.00
Seat 3: lipesticky folded on the Pre-Flop and did not bet
Seat 5: faahzin (button) folded on the River
Seat 6: Macirisher (small blind) folded on the Pre-Flop

Game Hand #2018658803 - Tournament #31146529 - Holdem (No Limit) - Level 18 (3500.00/7000.00)- 2024/02/05 21:04:34 UTC
Table '15' 6-max Seat #6 is the button
Seat 1: raygao17 (189145.00)
Seat 2: plamia79 (390227.00)
Seat 3: lipesticky (160240.00)
Seat 5: faahzin (91653.00)
Seat 6: Macirisher (122740.00)
raygao17 posts ante 875.00
plamia79 posts ante 875.00
lipesticky posts ante 875.00
faahzin posts ante 875.00
Macirisher posts ante 875.00
raygao17 posts the small blind 3500.00
plamia79 posts the big blind 7000.00
*** HOLE CARDS ***
Main pot 4375.00
Dealt to lipesticky [9s 6d]
lipesticky folds
faahzin folds
Macirisher raises 17938.00 to 17938.00
raygao17 folds
plamia79 folds
Uncalled bet (10938.00) returned to Macirisher
Macirisher does not show
*** SUMMARY ***
Total pot 21875.00
Seat 1: raygao17 (small blind) folded on the Pre-Flop
Seat 2: plamia79 (big blind) folded on the Pre-Flop
Seat 3: lipesticky folded on the Pre-Flop and did not bet
Seat 5: faahzin folded on the Pre-Flop and did not bet
Seat 6: Macirisher did not show and won 21875.00

Game Hand #2018659290 - Tournament #31146529 - Holdem (No Limit) - Level 18 (3500.00/7000.00)- 2024/02/05 21:05:01 UTC
Table '15' 6-max Seat #1 is the button
Seat 1: raygao17 (184770.00)
Seat 2: plamia79 (382352.00)
Seat 3: lipesticky (159365.00)
Seat 5: faahzin (90778.00)
Seat 6: Macirisher (136740.00)
raygao17 posts ante 875.00
plamia79 posts ante 875.00
lipesticky posts ante 875.00
faahzin posts ante 875.00
Macirisher posts ante 875.00
plamia79 posts the small blind 3500.00
lipesticky posts the big blind 7000.00
*** HOLE CARDS ***
Main pot 4375.00
Dealt to lipesticky [6c 3s]
faahzin folds
Macirisher folds
raygao17 folds
plamia79 raises 12688.00 to 16188.00
lipesticky folds
Uncalled bet (9188.00) returned to plamia79
plamia79 does not show
*** SUMMARY ***
Total pot 18375.00
Seat 1: raygao17 (button) folded on the Pre-Flop
Seat 2: plamia79 did not show and won 18375.00
Seat 3: lipesticky (big blind) folded on the Pre-Flop
Seat 5: faahzin folded on the Pre-Flop and did not bet
Seat 6: Macirisher folded on the Pre-Flop and did not bet

Game Hand #2018659831 - Tournament #31146529 - Holdem (No Limit) - Level 18 (3500.00/7000.00)- 2024/02/05 21:05:31 UTC
Table '15' 6-max Seat #2 is the button
Seat 1: raygao17 (183895.00)
Seat 2: plamia79 (392852.00)
Seat 3: lipesticky (151490.00)
Seat 5: faahzin (89903.00)
Seat 6: Macirisher (135865.00)
raygao17 posts ante 875.00
plamia79 posts ante 875.00
lipesticky posts ante 875.00
faahzin posts ante 875.00
Macirisher posts ante 875.00
lipesticky posts the small blind 3500.00
faahzin posts the big blind 7000.00
*** HOLE CARDS ***
Main pot 4375.00
Dealt to lipesticky [Kd Js]
Macirisher folds
raygao17 folds
plamia79 raises 14000.00 to 14000.00
lipesticky raises 147115.00 to 150615.00 and is all-in
faahzin folds
plamia79 folds
Uncalled bet (136615.00) returned to lipesticky
lipesticky does not show
*** SUMMARY ***
Total pot 39375.00
Seat 1: raygao17 folded on the Pre-Flop and did not bet
Seat 2: plamia79 (button) folded on the Pre-Flop
Seat 3: lipesticky did not show and won 39375.00
Seat 5: faahzin (big blind) folded on the Pre-Flop
Seat 6: Macirisher folded on the Pre-Flop and did not bet

Game Hand #2018660635 - Tournament #31146529 - Holdem (No Limit) - Level 19 (4000.00/8000.00)- 2024/02/05 21:06:14 UTC
Table '15' 6-max Seat #3 is the button
Seat 1: raygao17 (183020.00)
Seat 2: plamia79 (377977.00)
Seat 3: lipesticky (175990.00)
Seat 5: faahzin (82028.00)
Seat 6: Macirisher (134990.00)
raygao17 posts ante 1000.00
plamia79 posts ante 1000.00
lipesticky posts ante 1000.00
faahzin posts ante 1000.00
Macirisher posts ante 1000.00
faahzin posts the small blind 4000.00
Macirisher posts the big blind 8000.00
*** HOLE CARDS ***
Main pot 5000.00
Dealt to lipesticky [Kc Ah]
raygao17 folds
plamia79 folds
lipesticky raises 16800.00 to 16800.00
faahzin folds
Macirisher calls 8800.00
*** FLOP *** [7s Ac 8c]
Main pot 42600.00
Macirisher checks
lipesticky bets 14058.00
Macirisher calls 14058.00
*** TURN *** [7s Ac 8c] [4h]
Main pot 70716.00
Macirisher checks
lipesticky bets 38894.00
Macirisher folds
Uncalled bet (38894.00) returned to lipesticky
lipesticky does not show
*** SUMMARY ***
Total pot 70716.00
Board [7s Ac 8c 4h]
Seat 1: raygao17 folded on the Pre-Flop and did not bet
Seat 2: plamia79 folded on the Pre-Flop and did not bet
Seat 3: lipesticky did not show and won 70716.00
Seat 5: faahzin (small blind) folded on the Pre-Flop
Seat 6: Macirisher (big blind) folded on the Turn

Game Hand #2018662146 - Tournament #31146529 - Holdem (No Limit) - Level 19 (4000.00/8000.00)- 2024/02/05 21:07:38 UTC
Table '15' 6-max Seat #5 is the button
Seat 1: raygao17 (182020.00)
Seat 2: plamia79 (376977.00)
Seat 3: lipesticky (214848.00)
Seat 5: faahzin (77028.00)
Seat 6: Macirisher (103132.00)
raygao17 posts ante 1000.00
plamia79 posts ante 1000.00
lipesticky posts ante 1000.00
faahzin posts ante 1000.00
Macirisher posts ante 1000.00
Macirisher posts the small blind 4000.00
raygao17 posts the big blind 8000.00
*** HOLE CARDS ***
Main pot 5000.00
Dealt to lipesticky [As Qd]
plamia79 folds
lipesticky raises 16800.00 to 16800.00
faahzin folds
Macirisher folds
raygao17 calls 8800.00
*** FLOP *** [Qc Th 7d]
Main pot 42600.00
raygao17 checks
lipesticky bets 14058.00
raygao17 folds
Uncalled bet (14058.00) returned to lipesticky
lipesticky does not show
*** SUMMARY ***
Total pot 42600.00
Board [Qc Th 7d]
Seat 1: raygao17 (big blind) folded on the Flop
Seat 2: plamia79 folded on the Pre-Flop and did not bet
Seat 3: lipesticky did not show and won 42600.00
Seat 5: faahzin (button) folded on the Pre-Flop
Seat 6: Macirisher (small blind) folded on the Pre-Flop

Game Hand #2018662871 - Tournament #31146529 - Holdem (No Limit) - Level 19 (4000.00/8000.00)- 2024/02/05 21:08:18 UTC
Table '15' 6-max Seat #6 is the button
Seat 1: raygao17 (164220.00)
Seat 2: plamia79 (375977.00)
Seat 3: lipesticky (239648.00)
Seat 5: faahzin (76028.00)
Seat 6: Macirisher (98132.00)
raygao17 posts ante 1000.00
plamia79 posts ante 1000.00
lipesticky posts ante 1000.00
faahzin posts ante 1000.00
Macirisher posts ante 1000.00
raygao17 posts the small blind 4000.00
plamia79 posts the big blind 8000.00
*** HOLE CARDS ***
Main pot 5000.00
Dealt to lipesticky [4d 7s]
lipesticky folds
faahzin raises 75028.00 to 75028.00 and is all-in
Macirisher folds
raygao17 folds
plamia79 folds
Uncalled bet (67028.00) returned to faahzin
faahzin does not show
*** SUMMARY ***
Total pot 25000.00
Seat 1: raygao17 (small blind) folded on the Pre-Flop
Seat 2: plamia79 (big blind) folded on the Pre-Flop
Seat 3: lipesticky folded on the Pre-Flop and did not bet
Seat 5: faahzin did not show and won 25000.00
Seat 6: Macirisher (button) folded on the Pre-Flop

Game Hand #2018663290 - Tournament #31146529 - Holdem (No Limit) - Level 19 (4000.00/8000.00)- 2024/02/05 21:08:41 UTC
Table '15' 6-max Seat #1 is the button
Seat 1: raygao17 (159220.00)
Seat 2: plamia79 (366977.00)
Seat 3: lipesticky (238648.00)
Seat 5: faahzin (92028.00)
Seat 6: Macirisher (97132.00)
raygao17 posts ante 1000.00
plamia79 posts ante 1000.00
lipesticky posts ante 1000.00
faahzin posts ante 1000.00
Macirisher posts ante 1000.00
plamia79 posts the small blind 4000.00
lipesticky posts the big blind 8000.00
*** HOLE CARDS ***
Main pot 5000.00
Dealt to lipesticky [5h 4h]
faahzin folds
Macirisher folds
raygao17 folds
plamia79 raises 14500.00 to 18500.00
lipesticky calls 10500.00
*** FLOP *** [Ad 5s 2d]
Main pot 42000.00
plamia79 bets 17000.00
lipesticky calls 17000.00
*** TURN *** [Ad 5s 2d] [6d]
Main pot 76000.00
plamia79 bets 19000.00
lipesticky calls 19000.00
*** RIVER *** [Ad 5s 2d 6d] [2s]
Main pot 114000.00
plamia79 checks
lipesticky checks
*** SHOW DOWN ***
Main pot 114000.00
plamia79 shows [3s Ac] (two pair, Aces and Deuces [Ad Ac 2s 2d 6d])
lipesticky shows [5h 4h] (two pair, Fives and Deuces [5s 5h 2s 2d Ad])
plamia79 collected 114000.00 from main pot
*** SUMMARY ***
Total pot 114000.00
Board [Ad 5s 2d 6d 2s]
Seat 1: raygao17 (button) folded on the Pre-Flop
Seat 2: plamia79 (small blind) showed [3s Ac] and won 114000.00 with two pair, Aces and Deuces [Ad Ac 2s 2d 6d]
Seat 3: lipesticky (big blind) showed [5h 4h] and lost with two pair, Fives and Deuces [5s 5h 2s 2d Ad]
Seat 5: faahzin folded on the Pre-Flop and did not bet
Seat 6: Macirisher folded on the Pre-Flop and did not bet

Game Hand #2018664268 - Tournament #31146529 - Holdem (No Limit) - Level 19 (4000.00/8000.00)- 2024/02/05 21:09:36 UTC
Table '15' 6-max Seat #2 is the button
Seat 1: raygao17 (158220.00)
Seat 2: plamia79 (425477.00)
Seat 3: lipesticky (183148.00)
Seat 5: faahzin (91028.00)
Seat 6: Macirisher (96132.00)
raygao17 posts ante 1000.00
plamia79 posts ante 1000.00
lipesticky posts ante 1000.00
faahzin posts ante 1000.00
Macirisher posts ante 1000.00
lipesticky posts the small blind 4000.00
faahzin posts the big blind 8000.00
*** HOLE CARDS ***
Main pot 5000.00
Dealt to lipesticky [9h 7d]
Macirisher folds
raygao17 folds
plamia79 folds
lipesticky raises 178148.00 to 182148.00 and is all-in
faahzin folds
Uncalled bet (174148.00) returned to lipesticky
lipesticky does not show
*** SUMMARY ***
Total pot 21000.00
Seat 1: raygao17 folded on the Pre-Flop and did not bet
Seat 2: plamia79 (button) folded on the Pre-Flop
Seat 3: lipesticky did not show and won 21000.00
Seat 5: faahzin (big blind) folded on the Pre-Flop
Seat 6: Macirisher folded on the Pre-Flop and did not bet

Game Hand #2018664751 - Tournament #31146529 - Holdem (No Limit) - Level 19 (4000.00/8000.00)- 2024/02/05 21:10:01 UTC
Table '15' 6-max Seat #3 is the button
Seat 1: raygao17 (157220.00)
Seat 2: plamia79 (424477.00)
Seat 3: lipesticky (195148.00)
Seat 5: faahzin (82028.00)
Seat 6: Macirisher (95132.00)
raygao17 posts ante 1000.00
plamia79 posts ante 1000.00
lipesticky posts ante 1000.00
faahzin posts ante 1000.00
Macirisher posts ante 1000.00
faahzin posts the small blind 4000.00
Macirisher posts the big blind 8000.00
*** HOLE CARDS ***
Main pot 5000.00
Dealt to lipesticky [7s 4d]
raygao17 folds
plamia79 folds
lipesticky folds
faahzin raises 77028.00 to 81028.00 and is all-in
Macirisher calls 73028.00
*** FLOP *** [6d Jh Kh]
Main pot 167056.00
*** TURN *** [6d Jh Kh] [Tc]
Main pot 167056.00
*** RIVER *** [6d Jh Kh Tc] [7d]
Main pot 167056.00
*** SHOW DOWN ***
Main pot 167056.00
faahzin shows [Ac 4c] (a high card, Ace high [Ac Kh Jh Tc 7d])
Macirisher shows [As Ah] (a pair of Aces [As Ah Kh Jh Tc])
Macirisher collected 167056.00 from main pot
*** SUMMARY ***
Total pot 167056.00
Board [6d Jh Kh Tc 7d]
Seat 1: raygao17 folded on the Pre-Flop and did not bet
Seat 2: plamia79 folded on the Pre-Flop and did not bet
Seat 3: lipesticky (button) folded on the Pre-Flop
Seat 5: faahzin (small blind) showed [Ac 4c] and lost with a high card, Ace high [Ac Kh Jh Tc 7d]
Seat 6: Macirisher (big blind) showed [As Ah] and won 167056.00 with a pair of Aces [As Ah Kh Jh Tc]

Game Hand #2018665307 - Tournament #31146529 - Holdem (No Limit) - Level 19 (4000.00/8000.00)- 2024/02/05 21:10:31 UTC
Table '15' 6-max Seat #5 is the button
Seat 1: raygao17 (156220.00)
Seat 2: plamia79 (423477.00)
Seat 3: lipesticky (194148.00)
Seat 6: Macirisher (180160.00)
raygao17 posts ante 1000.00
plamia79 posts ante 1000.00
lipesticky posts ante 1000.00
Macirisher posts ante 1000.00
Macirisher posts the small blind 4000.00
raygao17 posts the big blind 8000.00
*** HOLE CARDS ***
Main pot 4000.00
Dealt to lipesticky [Td Ks]
plamia79 raises 16000.00 to 16000.00
lipesticky raises 40000.00 to 40000.00
Macirisher folds
raygao17 folds
plamia79 folds
Uncalled bet (24000.00) returned to lipesticky
lipesticky does not show
*** SUMMARY ***
Total pot 48000.00
Seat 1: raygao17 (big blind) folded on the Pre-Flop
Seat 2: plamia79 folded on the Pre-Flop and did not bet
Seat 3: lipesticky did not show and won 48000.00
Seat 6: Macirisher (small blind) folded on the Pre-Flop

Game Hand #2018665800 - Tournament #31146529 - Holdem (No Limit) - Level 19 (4000.00/8000.00)- 2024/02/05 21:10:59 UTC
Table '15' 6-max Seat #6 is the button
Seat 1: raygao17 (147220.00)
Seat 2: plamia79 (406477.00)
Seat 3: lipesticky (225148.00)
Seat 6: Macirisher (175160.00)
raygao17 posts ante 1000.00
plamia79 posts ante 1000.00
lipesticky posts ante 1000.00
Macirisher posts ante 1000.00
raygao17 posts the small blind 4000.00
plamia79 posts the big blind 8000.00
*** HOLE CARDS ***
Main pot 4000.00
Dealt to lipesticky [As 8c]
lipesticky raises 16800.00 to 16800.00
Macirisher folds
raygao17 folds
plamia79 folds
Uncalled bet (8800.00) returned to lipesticky
lipesticky does not show
*** SUMMARY ***
Total pot 24000.00
Seat 1: raygao17 (small blind) folded on the Pre-Flop
Seat 2: plamia79 (big blind) folded on the Pre-Flop
Seat 3: lipesticky did not show and won 24000.00
Seat 6: Macirisher (button) folded on the Pre-Flop

Game Hand #2018666278 - Tournament #31146529 - Holdem (No Limit) - Level 19 (4000.00/8000.00)- 2024/02/05 21:11:25 UTC
Table '15' 6-max Seat #1 is the button
Seat 1: raygao17 (142220.00)
Seat 2: plamia79 (397477.00)
Seat 3: lipesticky (240148.00)
Seat 6: Macirisher (174160.00)
raygao17 posts ante 1000.00
plamia79 posts ante 1000.00
lipesticky posts ante 1000.00
Macirisher posts ante 1000.00
plamia79 posts the small blind 4000.00
lipesticky posts the big blind 8000.00
*** HOLE CARDS ***
Main pot 4000.00
Dealt to lipesticky [4d 5s]
Macirisher folds
raygao17 folds
plamia79 calls 4000.00
lipesticky checks
*** FLOP *** [Ks 5h 3c]
Main pot 20000.00
plamia79 bets 8000.00
lipesticky calls 8000.00
*** TURN *** [Ks 5h 3c] [6d]
Main pot 36000.00
plamia79 bets 18000.00
lipesticky calls 18000.00
*** RIVER *** [Ks 5h 3c 6d] [Tc]
Main pot 72000.00
plamia79 checks
lipesticky checks
*** SHOW DOWN ***
Main pot 72000.00
plamia79 shows [6h 7h] (a pair of Sixs [6h 6d Ks Tc 7h])
lipesticky shows [4d 5s] (a pair of Fives [5s 5h Ks Tc 6d])
plamia79 collected 72000.00 from main pot
*** SUMMARY ***
Total pot 72000.00
Board [Ks 5h 3c 6d Tc]
Seat 1: raygao17 (button) folded on the Pre-Flop
Seat 2: plamia79 (small blind) showed [6h 7h] and won 72000.00 with a pair of Sixs [6h 6d Ks Tc 7h]
Seat 3: lipesticky (big blind) showed [4d 5s] and lost with a pair of Fives [5s 5h Ks Tc 6d]
Seat 6: Macirisher folded on the Pre-Flop and did not bet

Game Hand #2018667433 - Tournament #31146529 - Holdem (No Limit) - Level 19 (4000.00/8000.00)- 2024/02/05 21:12:29 UTC
Table '15' 6-max Seat #2 is the button
Seat 1: raygao17 (141220.00)
Seat 2: plamia79 (434477.00)
Seat 3: lipesticky (205148.00)
Seat 6: Macirisher (173160.00)
raygao17 posts ante 1000.00
plamia79 posts ante 1000.00
lipesticky posts ante 1000.00
Macirisher posts ante 1000.00
lipesticky posts the small blind 4000.00
Macirisher posts the big blind 8000.00
*** HOLE CARDS ***
Main pot 4000.00
Dealt to lipesticky [Qd 8s]
raygao17 raises 16000.00 to 16000.00
plamia79 folds
lipesticky folds
Macirisher calls 8000.00
*** FLOP *** [2c 4d Qc]
Main pot 40000.00
Macirisher checks
raygao17 bets 9200.00
Macirisher folds
Uncalled bet (9200.00) returned to raygao17
raygao17 does not show
*** SUMMARY ***
Total pot 40000.00
Board [2c 4d Qc]
Seat 1: raygao17 did not show and won 40000.00
Seat 2: plamia79 (button) folded on the Pre-Flop
Seat 3: lipesticky (small blind) folded on the Pre-Flop
Seat 6: Macirisher (big blind) folded on the Flop

Game Hand #2018668161 - Tournament #31146529 - Holdem (No Limit) - Level 19 (4000.00/8000.00)- 2024/02/05 21:13:10 UTC
Table '15' 6-max Seat #3 is the button
Seat 1: raygao17 (164220.00)
Seat 2: plamia79 (433477.00)
Seat 3: lipesticky (200148.00)
Seat 6: Macirisher (156160.00)
raygao17 posts ante 1000.00
plamia79 posts ante 1000.00
lipesticky posts ante 1000.00
Macirisher posts ante 1000.00
Macirisher posts the small blind 4000.00
raygao17 posts the big blind 8000.00
*** HOLE CARDS ***
Main pot 4000.00
Dealt to lipesticky [3s 4s]
plamia79 folds
lipesticky folds
Macirisher raises 19000.00 to 23000.00
raygao17 calls 15000.00
*** FLOP *** [Ah Qh 8c]
Main pot 50000.00
Macirisher bets 25000.00
raygao17 folds
Uncalled bet (25000.00) returned to Macirisher
Macirisher does not show
*** SUMMARY ***
Total pot 50000.00
Board [Ah Qh 8c]
Seat 1: raygao17 (big blind) folded on the Flop
Seat 2: plamia79 folded on the Pre-Flop and did not bet
Seat 3: lipesticky (button) folded on the Pre-Flop
Seat 6: Macirisher did not show and won 50000.00

Game Hand #2018668824 - Tournament #31146529 - Holdem (No Limit) - Level 19 (4000.00/8000.00)- 2024/02/05 21:13:48 UTC
Table '15' 6-max Seat #6 is the button
Seat 1: raygao17 (140220.00)
Seat 2: plamia79 (432477.00)
Seat 3: lipesticky (199148.00)
Seat 6: Macirisher (182160.00)
raygao17 posts ante 1000.00
plamia79 posts ante 1000.00
lipesticky posts ante 1000.00
Macirisher posts ante 1000.00
raygao17 posts the small blind 4000.00
plamia79 posts the big blind 8000.00
*** HOLE CARDS ***
Main pot 4000.00
Dealt to lipesticky [Qc 5h]
lipesticky folds
Macirisher folds
raygao17 calls 4000.00
plamia79 raises 15000.00 to 23000.00
raygao17 calls 15000.00
*** FLOP *** [9s 3d 9c]
Main pot 50000.00
raygao17 checks
plamia79 bets 16500.00
raygao17 calls 16500.00
*** TURN *** [9s 3d 9c] [Ac]
Main pot 83000.00
raygao17 checks
plamia79 bets 20750.00
raygao17 folds
Uncalled bet (20750.00) returned to plamia79
plamia79 does not show
*** SUMMARY ***
Total pot 83000.00
Board [9s 3d 9c Ac]
Seat 1: raygao17 (small blind) folded on the Turn
Seat 2: plamia79 did not show and won 83000.00
Seat 3: lipesticky folded on the Pre-Flop and did not bet
Seat 6: Macirisher (button) folded on the Pre-Flop

Game Hand #2018669838 - Tournament #31146529 - Holdem (No Limit) - Level 20 (5000.00/10000.00)- 2024/02/05 21:14:46 UTC
Table '15' 6-max Seat #1 is the button
Seat 1: raygao17 (99720.00)
Seat 2: plamia79 (474977.00)
Seat 3: lipesticky (198148.00)
Seat 6: Macirisher (181160.00)
raygao17 posts ante 1250.00
plamia79 posts ante 1250.00
lipesticky posts ante 1250.00
Macirisher posts ante 1250.00
plamia79 posts the small blind 5000.00
lipesticky posts the big blind 10000.00
*** HOLE CARDS ***
Main pot 5000.00
Dealt to lipesticky [6d 9c]
Macirisher folds
raygao17 folds
plamia79 calls 5000.00
lipesticky raises 20000.00 to 30000.00
plamia79 folds
Uncalled bet (20000.00) returned to lipesticky
lipesticky does not show
*** SUMMARY ***
Total pot 25000.00
Seat 1: raygao17 (button) folded on the Pre-Flop
Seat 2: plamia79 (small blind) folded on the Pre-Flop
Seat 3: lipesticky did not show and won 25000.00
Seat 6: Macirisher folded on the Pre-Flop and did not bet

Game Hand #2018670459 - Tournament #31146529 - Holdem (No Limit) - Level 20 (5000.00/10000.00)- 2024/02/05 21:15:21 UTC
Table '15' 6-max Seat #2 is the button
Seat 1: raygao17 (98470.00)
Seat 2: plamia79 (463727.00)
Seat 3: lipesticky (211898.00)
Seat 6: Macirisher (179910.00)
raygao17 posts ante 1250.00
plamia79 posts ante 1250.00
lipesticky posts ante 1250.00
Macirisher posts ante 1250.00
lipesticky posts the small blind 5000.00
Macirisher posts the big blind 10000.00
*** HOLE CARDS ***
Main pot 5000.00
Dealt to lipesticky [Th 6s]
raygao17 raises 97220.00 to 97220.00 and is all-in
plamia79 folds
lipesticky folds
Macirisher folds
Uncalled bet (87220.00) returned to raygao17
raygao17 does not show
*** SUMMARY ***
Total pot 30000.00
Seat 1: raygao17 did not show and won 30000.00
Seat 2: plamia79 (button) folded on the Pre-Flop
Seat 3: lipesticky (small blind) folded on the Pre-Flop
Seat 6: Macirisher (big blind) folded on the Pre-Flop

Game Hand #2018670914 - Tournament #31146529 - Holdem (No Limit) - Level 20 (5000.00/10000.00)- 2024/02/05 21:15:45 UTC
Table '15' 6-max Seat #3 is the button
Seat 1: raygao17 (117220.00)
Seat 2: plamia79 (462477.00)
Seat 3: lipesticky (205648.00)
Seat 6: Macirisher (168660.00)
raygao17 posts ante 1250.00
plamia79 posts ante 1250.00
lipesticky posts ante 1250.00
Macirisher posts ante 1250.00
Macirisher posts the small blind 5000.00
raygao17 posts the big blind 10000.00
*** HOLE CARDS ***
Main pot 5000.00
Dealt to lipesticky [Jh 8d]
plamia79 folds
lipesticky folds
Macirisher folds
raygao17 does not show
*** SUMMARY ***
Total pot 20000.00
Seat 1: raygao17 did not show and won 20000.00
Seat 2: plamia79 folded on the Pre-Flop and did not bet
Seat 3: lipesticky (button) folded on the Pre-Flop
Seat 6: Macirisher (small blind) folded on the Pre-Flop

Game Hand #2018671206 - Tournament #31146529 - Holdem (No Limit) - Level 20 (5000.00/10000.00)- 2024/02/05 21:16:02 UTC
Table '15' 6-max Seat #6 is the button
Seat 1: raygao17 (125970.00)
Seat 2: plamia79 (461227.00)
Seat 3: lipesticky (204398.00)
Seat 6: Macirisher (162410.00)
raygao17 posts ante 1250.00
plamia79 posts ante 1250.00
lipesticky posts ante 1250.00
Macirisher posts ante 1250.00
raygao17 posts the small blind 5000.00
plamia79 posts the big blind 10000.00
*** HOLE CARDS ***
Main pot 5000.00
Dealt to lipesticky [5d 8h]
lipesticky folds
Macirisher folds
raygao17 calls 5000.00
plamia79 checks
*** FLOP *** [7h Td Jh]
Main pot 25000.00
raygao17 checks
plamia79 checks
*** TURN *** [7h Td Jh] [7c]
Main pot 25000.00
raygao17 bets 10000.00
plamia79 folds
Uncalled bet (10000.00) returned to raygao17
raygao17 does not show
*** SUMMARY ***
Total pot 25000.00
Board [7h Td Jh 7c]
Seat 1: raygao17 did not show and won 25000.00
Seat 2: plamia79 (big blind) folded on the Turn
Seat 3: lipesticky folded on the Pre-Flop and did not bet
Seat 6: Macirisher (button) folded on the Pre-Flop

Game Hand #2018671801 - Tournament #31146529 - Holdem (No Limit) - Level 20 (5000.00/10000.00)- 2024/02/05 21:16:34 UTC
Table '15' 6-max Seat #1 is the button
Seat 1: raygao17 (139720.00)
Seat 2: plamia79 (449977.00)
Seat 3: lipesticky (203148.00)
Seat 4: LasVague (320523.00)
Seat 5: Barloss (530535.00)
Seat 6: Macirisher (161160.00)
raygao17 posts ante 1250.00
plamia79 posts ante 1250.00
lipesticky posts ante 1250.00
LasVague posts ante 1250.00
Barloss posts ante 1250.00
Macirisher posts ante 1250.00
plamia79 posts the small blind 5000.00
lipesticky posts the big blind 10000.00
*** HOLE CARDS ***
Main pot 7500.00
Dealt to lipesticky [3s 8h]
LasVague folds
Barloss folds
Macirisher folds
raygao17 folds
plamia79 raises 18750.00 to 23750.00
lipesticky folds
Uncalled bet (13750.00) returned to plamia79
plamia79 does not show
*** SUMMARY ***
Total pot 27500.00
Seat 1: raygao17 (button) folded on the Pre-Flop
Seat 2: plamia79 did not show and won 27500.00
Seat 3: lipesticky (big blind) folded on the Pre-Flop
Seat 4: LasVague folded on the Pre-Flop and did not bet
Seat 5: Barloss folded on the Pre-Flop and did not bet
Seat 6: Macirisher folded on the Pre-Flop and did not bet

Game Hand #2018672165 - Tournament #31146529 - Holdem (No Limit) - Level 20 (5000.00/10000.00)- 2024/02/05 21:16:54 UTC
Table '15' 6-max Seat #2 is the button
Seat 1: raygao17 (138470.00)
Seat 2: plamia79 (466227.00)
Seat 3: lipesticky (191898.00)
Seat 4: LasVague (319273.00)
Seat 5: Barloss (529285.00)
Seat 6: Macirisher (159910.00)
raygao17 posts ante 1250.00
plamia79 posts ante 1250.00
lipesticky posts ante 1250.00
LasVague posts ante 1250.00
Barloss posts ante 1250.00
Macirisher posts ante 1250.00
lipesticky posts the small blind 5000.00
LasVague posts the big blind 10000.00
*** HOLE CARDS ***
Main pot 7500.00
Dealt to lipesticky [7h 2d]
Barloss folds
Macirisher folds
raygao17 folds
plamia79 folds
lipesticky folds
LasVague does not show
*** SUMMARY ***
Total pot 22500.00
Seat 1: raygao17 folded on the Pre-Flop and did not bet
Seat 2: plamia79 (button) folded on the Pre-Flop
Seat 3: lipesticky (small blind) folded on the Pre-Flop
Seat 4: LasVague did not show and won 22500.00
Seat 5: Barloss folded on the Pre-Flop and did not bet
Seat 6: Macirisher folded on the Pre-Flop and did not bet

Game Hand #2018672579 - Tournament #31146529 - Holdem (No Limit) - Level 20 (5000.00/10000.00)- 2024/02/05 21:17:16 UTC
Table '15' 6-max Seat #3 is the button
Seat 1: raygao17 (137220.00)
Seat 2: plamia79 (464977.00)
Seat 3: lipesticky (185648.00)
Seat 4: LasVague (330523.00)
Seat 5: Barloss (528035.00)
Seat 6: Macirisher (158660.00)
raygao17 posts ante 1250.00
plamia79 posts ante 1250.00
lipesticky posts ante 1250.00
LasVague posts ante 1250.00
Barloss posts ante 1250.00
Macirisher posts ante 1250.00
LasVague posts the small blind 5000.00
Barloss posts the big blind 10000.00
*** HOLE CARDS ***
Main pot 7500.00
Dealt to lipesticky [5c 9h]
Macirisher folds
raygao17 folds
plamia79 folds
lipesticky folds
LasVague calls 5000.00
Barloss checks
*** FLOP *** [Jc 6s Qd]
Main pot 27500.00
LasVague checks
Barloss bets 10000.00
LasVague folds
Uncalled bet (10000.00) returned to Barloss
Barloss does not show
*** SUMMARY ***
Total pot 27500.00
Board [Jc 6s Qd]
Seat 1: raygao17 folded on the Pre-Flop and did not bet
Seat 2: plamia79 folded on the Pre-Flop and did not bet
Seat 3: lipesticky (button) folded on the Pre-Flop
Seat 4: LasVague (small blind) folded on the Flop
Seat 5: Barloss did not show and won 27500.00
Seat 6: Macirisher folded on the Pre-Flop and did not bet

Game Hand #2018673340 - Tournament #31146529 - Holdem (No Limit) - Level 20 (5000.00/10000.00)- 2024/02/05 21:17:58 UTC
Table '15' 6-max Seat #4 is the button
Seat 1: raygao17 (135970.00)
Seat 2: plamia79 (463727.00)
Seat 3: lipesticky (184398.00)
Seat 4: LasVague (319273.00)
Seat 5: Barloss (544285.00)
Seat 6: Macirisher (157410.00)
raygao17 posts ante 1250.00
plamia79 posts ante 1250.00
lipesticky posts ante 1250.00
LasVague posts ante 1250.00
Barloss posts ante 1250.00
Macirisher posts ante 1250.00
Barloss posts the small blind 5000.00
Macirisher posts the big blind 10000.00
*** HOLE CARDS ***
Main pot 7500.00
Dealt to lipesticky [5d Ts]
raygao17 folds
plamia79 folds
lipesticky folds
LasVague raises 26000.00 to 26000.00
Barloss folds
Macirisher folds
Uncalled bet (16000.00) returned to LasVague
LasVague does not show
*** SUMMARY ***
Total pot 32500.00
Seat 1: raygao17 folded on the Pre-Flop and did not bet
Seat 2: plamia79 folded on the Pre-Flop and did not bet
Seat 3: lipesticky folded on the Pre-Flop and did not bet
Seat 4: LasVague did not show and won 32500.00
Seat 5: Barloss (small blind) folded on the Pre-Flop
Seat 6: Macirisher (big blind) folded on the Pre-Flop

Game Hand #2018673688 - Tournament #31146529 - Holdem (No Limit) - Level 20 (5000.00/10000.00)- 2024/02/05 21:18:20 UTC
Table '15' 6-max Seat #5 is the button
Seat 1: raygao17 (134720.00)
Seat 2: plamia79 (462477.00)
Seat 3: lipesticky (183148.00)
Seat 4: LasVague (340523.00)
Seat 5: Barloss (538035.00)
Seat 6: Macirisher (146160.00)
raygao17 posts ante 1250.00
plamia79 posts ante 1250.00
lipesticky posts ante 1250.00
LasVague posts ante 1250.00
Barloss posts ante 1250.00
Macirisher posts ante 1250.00
Macirisher posts the small blind 5000.00
raygao17 posts the big blind 10000.00
*** HOLE CARDS ***
Main pot 7500.00
Dealt to lipesticky [9d As]
plamia79 raises 20000.00 to 20000.00
lipesticky folds
LasVague folds
Barloss calls 20000.00
Macirisher folds
raygao17 folds
*** FLOP *** [3h 2h Jd]
Main pot 62500.00
plamia79 checks
Barloss bets 20625.00
plamia79 calls 20625.00
*** TURN *** [3h 2h Jd] [2d]
Main pot 103750.00
plamia79 checks
Barloss bets 102813.00
plamia79 folds
Uncalled bet (102813.00) returned to Barloss
Barloss does not show
*** SUMMARY ***
Total pot 103750.00
Board [3h 2h Jd 2d]
Seat 1: raygao17 (big blind) folded on the Pre-Flop
Seat 2: plamia79 folded on the Turn
Seat 3: lipesticky folded on the Pre-Flop and did not bet
Seat 4: LasVague folded on the Pre-Flop and did not bet
Seat 5: Barloss did not show and won 103750.00
Seat 6: Macirisher (small blind) folded on the Pre-Flop

Game Hand #2018674737 - Tournament #31146529 - Holdem (No Limit) - Level 20 (5000.00/10000.00)- 2024/02/05 21:19:18 UTC
Table '15' 6-max Seat #6 is the button
Seat 1: raygao17 (123470.00)
Seat 2: plamia79 (420602.00)
Seat 3: lipesticky (181898.00)
Seat 4: LasVague (339273.00)
Seat 5: Barloss (599910.00)
Seat 6: Macirisher (139910.00)
raygao17 posts ante 1250.00
plamia79 posts ante 1250.00
lipesticky posts ante 1250.00
LasVague posts ante 1250.00
Barloss posts ante 1250.00
Macirisher posts ante 1250.00
raygao17 posts the small blind 5000.00
plamia79 posts the big blind 10000.00
*** HOLE CARDS ***
Main pot 7500.00
Dealt to lipesticky [8h As]
lipesticky folds
LasVague folds
Barloss folds
Macirisher folds
raygao17 raises 117220.00 to 122220.00 and is all-in
plamia79 calls 112220.00
*** FLOP *** [Qd 7c Ks]
Main pot 251940.00
*** TURN *** [Qd 7c Ks] [7s]
Main pot 251940.00
*** RIVER *** [Qd 7c Ks 7s] [Jd]
Main pot 251940.00
*** SHOW DOWN ***
Main pot 251940.00
raygao17 shows [Kh Ad] (two pair, Kings and Sevens [Ks Kh 7s 7c Ad])
plamia79 shows [9c Qc] (two pair, Queens and Sevens [Qd Qc 7s 7c Ks])
raygao17 collected 251940.00 from main pot
*** SUMMARY ***
Total pot 251940.00
Board [Qd 7c Ks 7s Jd]
Seat 1: raygao17 (small blind) showed [Kh Ad] and won 251940.00 with two pair, Kings and Sevens [Ks Kh 7s 7c Ad]
Seat 2: plamia79 (big blind) showed [9c Qc] and lost with two pair, Queens and Sevens [Qd Qc 7s 7c Ks]
Seat 3: lipesticky folded on the Pre-Flop and did not bet
Seat 4: LasVague folded on the Pre-Flop and did not bet
Seat 5: Barloss folded on the Pre-Flop and did not bet
Seat 6: Macirisher (button) folded on the Pre-Flop

Game Hand #2018675503 - Tournament #31146529 - Holdem (No Limit) - Level 20 (5000.00/10000.00)- 2024/02/05 21:20:01 UTC
Table '15' 6-max Seat #1 is the button
Seat 1: raygao17 (251940.00)
Seat 2: plamia79 (297132.00)
Seat 3: lipesticky (180648.00)
Seat 4: LasVague (338023.00)
Seat 5: Barloss (598660.00)
Seat 6: Macirisher (138660.00)
raygao17 posts ante 1250.00
plamia79 posts ante 1250.00
lipesticky posts ante 1250.00
LasVague posts ante 1250.00
Barloss posts ante 1250.00
Macirisher posts ante 1250.00
plamia79 posts the small blind 5000.00
lipesticky posts the big blind 10000.00
*** HOLE CARDS ***
Main pot 7500.00
Dealt to lipesticky [9d 9c]
LasVague folds
Barloss folds
Macirisher folds
raygao17 folds
plamia79 folds
lipesticky does not show
*** SUMMARY ***
Total pot 22500.00
Seat 1: raygao17 (button) folded on the Pre-Flop
Seat 2: plamia79 (small blind) folded on the Pre-Flop
Seat 3: lipesticky did not show and won 22500.00
Seat 4: LasVague folded on the Pre-Flop and did not bet
Seat 5: Barloss folded on the Pre-Flop and did not bet
Seat 6: Macirisher folded on the Pre-Flop and did not bet

Game Hand #2018676161 - Tournament #31146529 - Holdem (No Limit) - Level 20 (5000.00/10000.00)- 2024/02/05 21:20:38 UTC
Table '15' 6-max Seat #2 is the button
Seat 1: raygao17 (250690.00)
Seat 2: plamia79 (290882.00)
Seat 3: lipesticky (191898.00)
Seat 4: LasVague (336773.00)
Seat 5: Barloss (597410.00)
Seat 6: Macirisher (137410.00)
raygao17 posts ante 1250.00
plamia79 posts ante 1250.00
lipesticky posts ante 1250.00
LasVague posts ante 1250.00
Barloss posts ante 1250.00
Macirisher posts ante 1250.00
lipesticky posts the small blind 5000.00
LasVague posts the big blind 10000.00
*** HOLE CARDS ***
Main pot 7500.00
Dealt to lipesticky [Ac 2c]
Barloss folds
Macirisher folds
raygao17 raises 20000.00 to 20000.00
plamia79 folds
lipesticky folds
LasVague folds
Uncalled bet (10000.00) returned to raygao17
raygao17 does not show
*** SUMMARY ***
Total pot 32500.00
Seat 1: raygao17 did not show and won 32500.00
Seat 2: plamia79 (button) folded on the Pre-Flop
Seat 3: lipesticky (small blind) folded on the Pre-Flop
Seat 4: LasVague (big blind) folded on the Pre-Flop
Seat 5: Barloss folded on the Pre-Flop and did not bet
Seat 6: Macirisher folded on the Pre-Flop and did not bet

Game Hand #2018676773 - Tournament #31146529 - Holdem (No Limit) - Level 20 (5000.00/10000.00)- 2024/02/05 21:21:11 UTC
Table '15' 6-max Seat #3 is the button
Seat 1: raygao17 (271940.00)
Seat 2: plamia79 (289632.00)
Seat 3: lipesticky (185648.00)
Seat 4: LasVague (325523.00)
Seat 5: Barloss (596160.00)
Seat 6: Macirisher (136160.00)
raygao17 posts ante 1250.00
plamia79 posts ante 1250.00
lipesticky posts ante 1250.00
LasVague posts ante 1250.00
Barloss posts ante 1250.00
Macirisher posts ante 1250.00
LasVague posts the small blind 5000.00
Barloss posts the big blind 10000.00
*** HOLE CARDS ***
Main pot 7500.00
Dealt to lipesticky [8h Ks]
Macirisher folds
raygao17 folds
plamia79 folds
lipesticky raises 21000.00 to 21000.00
LasVague folds
Barloss calls 11000.00
*** FLOP *** [4h 2s 2h]
Main pot 54500.00
Barloss checks
lipesticky checks
*** TURN *** [4h 2s 2h] [Kh]
Main pot 54500.00
Barloss checks
lipesticky checks
*** RIVER *** [4h 2s 2h Kh] [4s]
Main pot 54500.00
Barloss bets 60875.00
lipesticky calls 60875.00
*** SHOW DOWN ***
Main pot 176250.00
lipesticky shows [8h Ks] (two pair, Kings and Fours [Ks Kh 4s 4h 8h])
Barloss shows [4c 8c] (a full house, Fours full of Deuces [4s 4h 4c 2s 2h])
Barloss collected 176250.00 from main pot
*** SUMMARY ***
Total pot 176250.00
Board [4h 2s 2h Kh 4s]
Seat 1: raygao17 folded on the Pre-Flop and did not bet
Seat 2: plamia79 folded on the Pre-Flop and did not bet
Seat 3: lipesticky (button) showed [8h Ks] and lost with two pair, Kings and Fours [Ks Kh 4s 4h 8h]
Seat 4: LasVague (small blind) folded on the Pre-Flop
Seat 5: Barloss (big blind) showed [4c 8c] and won 176250.00 with a full house, Fours full of Deuces [4s 4h 4c 2s 2h]
Seat 6: Macirisher folded on the Pre-Flop and did not bet

Game Hand #2018678195 - Tournament #31146529 - Holdem (No Limit) - Level 21 (6000.00/12000.00)- 2024/02/05 21:22:29 UTC
Table '15' 6-max Seat #4 is the button
Seat 1: raygao17 (270690.00)
Seat 2: plamia79 (288382.00)
Seat 3: lipesticky (102523.00)
Seat 4: LasVague (319273.00)
Seat 5: Barloss (689285.00)
Seat 6: Macirisher (134910.00)
raygao17 posts ante 1500.00
plamia79 posts ante 1500.00
lipesticky posts ante 1500.00
LasVague posts ante 1500.00
Barloss posts ante 1500.00
Macirisher posts ante 1500.00
Barloss posts the small blind 6000.00
Macirisher posts the big blind 12000.00
*** HOLE CARDS ***
Main pot 9000.00
Dealt to lipesticky [8d Kd]
raygao17 folds
plamia79 folds
lipesticky raises 101023.00 to 101023.00 and is all-in
LasVague folds
Barloss folds
Macirisher calls 89023.00
*** FLOP *** [Kc 5d 9s]
Main pot 217046.00
*** TURN *** [Kc 5d 9s] [Jh]
Main pot 217046.00
*** RIVER *** [Kc 5d 9s Jh] [Ac]
Main pot 217046.00
*** SHOW DOWN ***
Main pot 217046.00
lipesticky shows [8d Kd] (a pair of Kings [Kd Kc Ac Jh 9s])
Macirisher shows [Ah Jc] (two pair, Aces and Jacks [Ah Ac Jh Jc Kc])
Macirisher collected 217046.00 from main pot
*** SUMMARY ***
Total pot 217046.00
Board [Kc 5d 9s Jh Ac]
Seat 1: raygao17 folded on the Pre-Flop and did not bet
Seat 2: plamia79 folded on the Pre-Flop and did not bet
Seat 3: lipesticky showed [8d Kd] and lost with a pair of Kings [Kd Kc Ac Jh 9s]
Seat 4: LasVague (button) folded on the Pre-Flop
Seat 5: Barloss (small blind) folded on the Pre-Flop
Seat 6: Macirisher (big blind) showed [Ah Jc] and won 217046.00 with two pair, Aces and Jacks [Ah Ac Jh Jc Kc]

