Game Hand #2018608013 - Tournament #31146529 - Holdem (No Limit) - Level 13 (1500.00/3000.00)- 2024/02/05 20:13:29 UTC
Table '14' 6-max Seat #5 is the button
Seat 1: EgiAcRDi (50675.00)
Seat 2: SukhoThai (132577.00)
Seat 3: luckymentality (52225.00)
Seat 4: LasVague (228447.00)
Seat 5: ZeRodinha (71725.00)
Seat 6: lipesticky will be allowed to play after the button
EgiAcRDi posts ante 375.00
SukhoThai posts ante 375.00
luckymentality posts ante 375.00
LasVague posts ante 375.00
ZeRodinha posts ante 375.00
EgiAcRDi posts the small blind 1500.00
SukhoThai posts the big blind 3000.00
*** HOLE CARDS ***
Main pot 1875.00
luckymentality raises 6000.00 to 6000.00
LasVague folds
ZeRodinha folds
EgiAcRDi folds
SukhoThai calls 3000.00
*** FLOP *** [Kc 7s Qs]
Main pot 15375.00
SukhoThai checks
luckymentality bets 3600.00
SukhoThai folds
Uncalled bet (3600.00) returned to luckymentality
luckymentality does not show
*** SUMMARY ***
Total pot 15375.00
Board [Kc 7s Qs]
Seat 1: EgiAcRDi (small blind) folded on the Pre-Flop
Seat 2: SukhoThai (big blind) folded on the Flop
Seat 3: luckymentality did not show and won 15375.00
Seat 4: LasVague folded on the Pre-Flop and did not bet
Seat 5: ZeRodinha (button) folded on the Pre-Flop

Game Hand #2018609326 - Tournament #31146529 - Holdem (No Limit) - Level 13 (1500.00/3000.00)- 2024/02/05 20:14:43 UTC
Table '14' 6-max Seat #1 is the button
Seat 1: EgiAcRDi (48800.00)
Seat 2: SukhoThai (126202.00)
Seat 3: luckymentality (61225.00)
Seat 4: LasVague (228072.00)
Seat 5: ZeRodinha (71350.00)
Seat 6: lipesticky (51850.00)
EgiAcRDi posts ante 375.00
SukhoThai posts ante 375.00
luckymentality posts ante 375.00
LasVague posts ante 375.00
ZeRodinha posts ante 375.00
lipesticky posts ante 375.00
SukhoThai posts the small blind 1500.00
luckymentality posts the big blind 3000.00
*** HOLE CARDS ***
Main pot 2250.00
Dealt to lipesticky [4h 2s]
LasVague folds
ZeRodinha folds
lipesticky folds
EgiAcRDi folds
SukhoThai calls 1500.00
luckymentality checks
*** FLOP *** [5c Kd 7d]
Main pot 8250.00
SukhoThai bets 3000.00
luckymentality calls 3000.00
*** TURN *** [5c Kd 7d] [2c]
Main pot 14250.00
SukhoThai bets 7500.00
luckymentality raises 22125.00 to 22125.00
SukhoThai folds
Uncalled bet (14625.00) returned to luckymentality
luckymentality does not show
*** SUMMARY ***
Total pot 29250.00
Board [5c Kd 7d 2c]
Seat 1: EgiAcRDi (button) folded on the Pre-Flop
Seat 2: SukhoThai (small blind) folded on the Turn
Seat 3: luckymentality did not show and won 29250.00
Seat 4: LasVague folded on the Pre-Flop and did not bet
Seat 5: ZeRodinha folded on the Pre-Flop and did not bet
Seat 6: lipesticky folded on the Pre-Flop and did not bet

Game Hand #2018611229 - Tournament #31146529 - Holdem (No Limit) - Level 13 (1500.00/3000.00)- 2024/02/05 20:16:32 UTC
Table '14' 6-max Seat #2 is the button
Seat 1: EgiAcRDi (48425.00)
Seat 2: SukhoThai (112327.00)
Seat 3: luckymentality (76600.00)
Seat 4: LasVague (227697.00)
Seat 5: ZeRodinha (70975.00)
Seat 6: lipesticky (51475.00)
EgiAcRDi posts ante 375.00
SukhoThai posts ante 375.00
luckymentality posts ante 375.00
LasVague posts ante 375.00
ZeRodinha posts ante 375.00
lipesticky posts ante 375.00
luckymentality posts the small blind 1500.00
LasVague posts the big blind 3000.00
*** HOLE CARDS ***
Main pot 2250.00
Dealt to lipesticky [Qc Jh]
ZeRodinha folds
lipesticky raises 6000.00 to 6000.00
EgiAcRDi folds
SukhoThai folds
luckymentality folds
LasVague calls 3000.00
*** FLOP *** [2d 5c Qd]
Main pot 15750.00
LasVague checks
lipesticky bets 5198.00
LasVague raises 13396.00 to 13396.00
lipesticky calls 8198.00
*** TURN *** [2d 5c Qd] [Ts]
Main pot 42542.00
LasVague bets 207926.00 and is all-in
lipesticky calls 31704.00 and is all-in
Uncalled bet (176222.00) returned to LasVague
*** RIVER *** [2d 5c Qd Ts] [5h]
Main pot 105950.00
*** SHOW DOWN ***
Main pot 105950.00
LasVague shows [Ad 7d] (a pair of Fives [5h 5c Ad Qd Ts])
lipesticky shows [Qc Jh] (two pair, Queens and Fives [Qd Qc 5h 5c Jh])
lipesticky collected 105950.00 from main pot
*** SUMMARY ***
Total pot 105950.00
Board [2d 5c Qd Ts 5h]
Seat 1: EgiAcRDi folded on the Pre-Flop and did not bet
Seat 2: SukhoThai (button) folded on the Pre-Flop
Seat 3: luckymentality (small blind) folded on the Pre-Flop
Seat 4: LasVague (big blind) showed [Ad 7d] and lost with a pair of Fives [5h 5c Ad Qd Ts]
Seat 5: ZeRodinha folded on the Pre-Flop and did not bet
Seat 6: lipesticky showed [Qc Jh] and won 105950.00 with two pair, Queens and Fives [Qd Qc 5h 5c Jh]

Game Hand #2018612857 - Tournament #31146529 - Holdem (No Limit) - Level 13 (1500.00/3000.00)- 2024/02/05 20:18:10 UTC
Table '14' 6-max Seat #3 is the button
Seat 1: EgiAcRDi (48050.00)
Seat 2: SukhoThai (111952.00)
Seat 3: luckymentality (74725.00)
Seat 4: LasVague (176222.00)
Seat 5: ZeRodinha (70600.00)
Seat 6: lipesticky (105950.00)
EgiAcRDi posts ante 375.00
SukhoThai posts ante 375.00
luckymentality posts ante 375.00
LasVague posts ante 375.00
ZeRodinha posts ante 375.00
lipesticky posts ante 375.00
LasVague posts the small blind 1500.00
ZeRodinha posts the big blind 3000.00
*** HOLE CARDS ***
Main pot 2250.00
Dealt to lipesticky [Qc 4s]
lipesticky folds
EgiAcRDi folds
SukhoThai folds
luckymentality raises 6000.00 to 6000.00
LasVague folds
ZeRodinha calls 3000.00
*** FLOP *** [Td Jc Kd]
Main pot 15750.00
ZeRodinha checks
luckymentality bets 9375.00
ZeRodinha folds
Uncalled bet (9375.00) returned to luckymentality
luckymentality does not show
*** SUMMARY ***
Total pot 15750.00
Board [Td Jc Kd]
Seat 1: EgiAcRDi folded on the Pre-Flop and did not bet
Seat 2: SukhoThai folded on the Pre-Flop and did not bet
Seat 3: luckymentality did not show and won 15750.00
Seat 4: LasVague (small blind) folded on the Pre-Flop
Seat 5: ZeRodinha (big blind) folded on the Flop
Seat 6: lipesticky folded on the Pre-Flop and did not bet

Game Hand #2018614250 - Tournament #31146529 - Holdem (No Limit) - Level 13 (1500.00/3000.00)- 2024/02/05 20:19:30 UTC
Table '14' 6-max Seat #4 is the button
Seat 1: EgiAcRDi (47675.00)
Seat 2: SukhoThai (111577.00)
Seat 3: luckymentality (84100.00)
Seat 4: LasVague (174347.00)
Seat 5: ZeRodinha (64225.00)
Seat 6: lipesticky (105575.00)
EgiAcRDi posts ante 375.00
SukhoThai posts ante 375.00
luckymentality posts ante 375.00
LasVague posts ante 375.00
ZeRodinha posts ante 375.00
lipesticky posts ante 375.00
ZeRodinha posts the small blind 1500.00
lipesticky posts the big blind 3000.00
*** HOLE CARDS ***
Main pot 2250.00
Dealt to lipesticky [6c 7c]
EgiAcRDi raises 6000.00 to 6000.00
SukhoThai folds
luckymentality folds
LasVague folds
ZeRodinha raises 62350.00 to 63850.00 and is all-in
lipesticky folds
EgiAcRDi calls 41300.00 and is all-in
Uncalled bet (16550.00) returned to ZeRodinha
*** FLOP *** [Kh Qs 2c]
Main pot 99850.00
*** TURN *** [Kh Qs 2c] [5d]
Main pot 99850.00
*** RIVER *** [Kh Qs 2c 5d] [Td]
Main pot 99850.00
*** SHOW DOWN ***
Main pot 99850.00
EgiAcRDi shows [Ts Th] (three of a kind, Set of Tens [Ts Th Td Kh Qs])
ZeRodinha shows [Ac Tc] (a pair of Tens [Td Tc Ac Kh Qs])
EgiAcRDi collected 99850.00 from main pot
*** SUMMARY ***
Total pot 99850.00
Board [Kh Qs 2c 5d Td]
Seat 1: EgiAcRDi showed [Ts Th] and won 99850.00 with three of a kind, Set of Tens [Ts Th Td Kh Qs]
Seat 2: SukhoThai folded on the Pre-Flop and did not bet
Seat 3: luckymentality folded on the Pre-Flop and did not bet
Seat 4: LasVague (button) folded on the Pre-Flop
Seat 5: ZeRodinha (small blind) showed [Ac Tc] and lost with a pair of Tens [Td Tc Ac Kh Qs]
Seat 6: lipesticky (big blind) folded on the Pre-Flop

Game Hand #2018615215 - Tournament #31146529 - Holdem (No Limit) - Level 14 (1750.00/3500.00)- 2024/02/05 20:20:26 UTC
Table '14' 6-max Seat #5 is the button
Seat 1: EgiAcRDi (99850.00)
Seat 2: SukhoThai (111202.00)
Seat 3: luckymentality (83725.00)
Seat 4: LasVague (173972.00)
Seat 5: ZeRodinha (16550.00)
Seat 6: lipesticky (102200.00)
EgiAcRDi posts ante 450.00
SukhoThai posts ante 450.00
luckymentality posts ante 450.00
LasVague posts ante 450.00
ZeRodinha posts ante 450.00
lipesticky posts ante 450.00
lipesticky posts the small blind 1750.00
EgiAcRDi posts the big blind 3500.00
*** HOLE CARDS ***
Main pot 2700.00
Dealt to lipesticky [Jh 5s]
SukhoThai raises 7000.00 to 7000.00
luckymentality folds
LasVague folds
ZeRodinha folds
lipesticky folds
EgiAcRDi folds
Uncalled bet (3500.00) returned to SukhoThai
SukhoThai does not show
*** SUMMARY ***
Total pot 11450.00
Seat 1: EgiAcRDi (big blind) folded on the Pre-Flop
Seat 2: SukhoThai did not show and won 11450.00
Seat 3: luckymentality folded on the Pre-Flop and did not bet
Seat 4: LasVague folded on the Pre-Flop and did not bet
Seat 5: ZeRodinha (button) folded on the Pre-Flop
Seat 6: lipesticky (small blind) folded on the Pre-Flop

Game Hand #2018615757 - Tournament #31146529 - Holdem (No Limit) - Level 14 (1750.00/3500.00)- 2024/02/05 20:20:57 UTC
Table '14' 6-max Seat #6 is the button
Seat 1: EgiAcRDi (95900.00)
Seat 2: SukhoThai (118702.00)
Seat 3: luckymentality (83275.00)
Seat 4: LasVague (173522.00)
Seat 5: ZeRodinha (16100.00)
Seat 6: lipesticky (100000.00)
EgiAcRDi posts ante 450.00
SukhoThai posts ante 450.00
luckymentality posts ante 450.00
LasVague posts ante 450.00
ZeRodinha posts ante 450.00
lipesticky posts ante 450.00
EgiAcRDi posts the small blind 1750.00
SukhoThai posts the big blind 3500.00
*** HOLE CARDS ***
Main pot 2700.00
Dealt to lipesticky [5h Qc]
luckymentality folds
LasVague folds
ZeRodinha raises 15650.00 to 15650.00 and is all-in
lipesticky folds
EgiAcRDi folds
SukhoThai calls 12150.00
*** FLOP *** [3c 8d Qd]
Main pot 35750.00
*** TURN *** [3c 8d Qd] [5d]
Main pot 35750.00
*** RIVER *** [3c 8d Qd 5d] [Qs]
Main pot 35750.00
*** SHOW DOWN ***
Main pot 35750.00
SukhoThai shows [As 7s] (a pair of Queens [Qs Qd As 8d 7s])
ZeRodinha shows [Ad 8h] (two pair, Queens and Eights [Qs Qd 8h 8d Ad])
ZeRodinha collected 35750.00 from main pot
*** SUMMARY ***
Total pot 35750.00
Board [3c 8d Qd 5d Qs]
Seat 1: EgiAcRDi (small blind) folded on the Pre-Flop
Seat 2: SukhoThai (big blind) showed [As 7s] and lost with a pair of Queens [Qs Qd As 8d 7s]
Seat 3: luckymentality folded on the Pre-Flop and did not bet
Seat 4: LasVague folded on the Pre-Flop and did not bet
Seat 5: ZeRodinha showed [Ad 8h] and won 35750.00 with two pair, Queens and Eights [Qs Qd 8h 8d Ad]
Seat 6: lipesticky (button) folded on the Pre-Flop

Game Hand #2018616402 - Tournament #31146529 - Holdem (No Limit) - Level 14 (1750.00/3500.00)- 2024/02/05 20:21:33 UTC
Table '14' 6-max Seat #1 is the button
Seat 1: EgiAcRDi (93700.00)
Seat 2: SukhoThai (102602.00)
Seat 3: luckymentality (82825.00)
Seat 4: LasVague (173072.00)
Seat 5: ZeRodinha (35750.00)
Seat 6: lipesticky (99550.00)
EgiAcRDi posts ante 450.00
SukhoThai posts ante 450.00
luckymentality posts ante 450.00
LasVague posts ante 450.00
ZeRodinha posts ante 450.00
lipesticky posts ante 450.00
SukhoThai posts the small blind 1750.00
luckymentality posts the big blind 3500.00
*** HOLE CARDS ***
Main pot 2700.00
Dealt to lipesticky [Kd 2d]
LasVague folds
ZeRodinha folds
lipesticky raises 7350.00 to 7350.00
EgiAcRDi folds
SukhoThai folds
luckymentality calls 3850.00
*** FLOP *** [Ks 9c Jd]
Main pot 19150.00
luckymentality checks
lipesticky bets 6320.00
luckymentality calls 6320.00
*** TURN *** [Ks 9c Jd] [4d]
Main pot 31790.00
luckymentality checks
lipesticky checks
*** RIVER *** [Ks 9c Jd 4d] [4h]
Main pot 31790.00
luckymentality checks
lipesticky bets 20981.00
luckymentality folds
Uncalled bet (20981.00) returned to lipesticky
lipesticky does not show
*** SUMMARY ***
Total pot 31790.00
Board [Ks 9c Jd 4d 4h]
Seat 1: EgiAcRDi (button) folded on the Pre-Flop
Seat 2: SukhoThai (small blind) folded on the Pre-Flop
Seat 3: luckymentality (big blind) folded on the River
Seat 4: LasVague folded on the Pre-Flop and did not bet
Seat 5: ZeRodinha folded on the Pre-Flop and did not bet
Seat 6: lipesticky did not show and won 31790.00

Game Hand #2018618230 - Tournament #31146529 - Holdem (No Limit) - Level 14 (1750.00/3500.00)- 2024/02/05 20:23:18 UTC
Table '14' 6-max Seat #2 is the button
Seat 2: SukhoThai (100402.00)
Seat 3: luckymentality (68705.00)
Seat 4: LasVague (172622.00)
Seat 5: ZeRodinha (35300.00)
Seat 6: lipesticky (117220.00)
SukhoThai posts ante 450.00
luckymentality posts ante 450.00
LasVague posts ante 450.00
ZeRodinha posts ante 450.00
lipesticky posts ante 450.00
luckymentality posts the small blind 1750.00
LasVague posts the big blind 3500.00
*** HOLE CARDS ***
Main pot 2250.00
Dealt to lipesticky [5c 3c]
ZeRodinha folds
lipesticky folds
SukhoThai folds
luckymentality calls 1750.00
LasVague checks
*** FLOP *** [6c 2c 7c]
Main pot 9250.00
luckymentality checks
LasVague checks
*** TURN *** [6c 2c 7c] [6h]
Main pot 9250.00
luckymentality checks
LasVague checks
*** RIVER *** [6c 2c 7c 6h] [Jc]
Main pot 9250.00
luckymentality checks
LasVague checks
*** SHOW DOWN ***
Main pot 9250.00
luckymentality shows [Qh 8d] (a pair of Sixs [6h 6c Qh Jc 8d])
LasVague shows [9d Kd] (a pair of Sixs [6h 6c Kd Jc 9d])
LasVague collected 9250.00 from main pot
*** SUMMARY ***
Total pot 9250.00
Board [6c 2c 7c 6h Jc]
Seat 2: SukhoThai (button) folded on the Pre-Flop
Seat 3: luckymentality (small blind) showed [Qh 8d] and lost with a pair of Sixs [6h 6c Qh Jc 8d]
Seat 4: LasVague (big blind) showed [9d Kd] and won 9250.00 with a pair of Sixs [6h 6c Kd Jc 9d] with the kicker King
Seat 5: ZeRodinha folded on the Pre-Flop and did not bet
Seat 6: lipesticky folded on the Pre-Flop and did not bet

Game Hand #2018619202 - Tournament #31146529 - Holdem (No Limit) - Level 14 (1750.00/3500.00)- 2024/02/05 20:24:13 UTC
Table '14' 6-max Seat #3 is the button
Seat 2: SukhoThai (99952.00)
Seat 3: luckymentality (64755.00)
Seat 4: LasVague (177922.00)
Seat 5: ZeRodinha (34850.00)
Seat 6: lipesticky (116770.00)
SukhoThai posts ante 450.00
luckymentality posts ante 450.00
LasVague posts ante 450.00
ZeRodinha posts ante 450.00
lipesticky posts ante 450.00
LasVague posts the small blind 1750.00
ZeRodinha posts the big blind 3500.00
*** HOLE CARDS ***
Main pot 2250.00
Dealt to lipesticky [Jh 3s]
lipesticky folds
SukhoThai folds
luckymentality folds
LasVague folds
ZeRodinha does not show
*** SUMMARY ***
Total pot 7500.00
Seat 2: SukhoThai folded on the Pre-Flop and did not bet
Seat 3: luckymentality (button) folded on the Pre-Flop
Seat 4: LasVague (small blind) folded on the Pre-Flop
Seat 5: ZeRodinha did not show and won 7500.00
Seat 6: lipesticky folded on the Pre-Flop and did not bet

Game Hand #2018619741 - Tournament #31146529 - Holdem (No Limit) - Level 14 (1750.00/3500.00)- 2024/02/05 20:24:44 UTC
Table '14' 6-max Seat #4 is the button
Seat 2: SukhoThai (99502.00)
Seat 3: luckymentality (64305.00)
Seat 4: LasVague (175722.00)
Seat 5: ZeRodinha (38400.00)
Seat 6: lipesticky (116320.00)
SukhoThai posts ante 450.00
luckymentality posts ante 450.00
LasVague posts ante 450.00
ZeRodinha posts ante 450.00
lipesticky posts ante 450.00
ZeRodinha posts the small blind 1750.00
lipesticky posts the big blind 3500.00
*** HOLE CARDS ***
Main pot 2250.00
Dealt to lipesticky [6c Jc]
SukhoThai folds
luckymentality folds
LasVague folds
ZeRodinha folds
lipesticky does not show
*** SUMMARY ***
Total pot 7500.00
Seat 2: SukhoThai folded on the Pre-Flop and did not bet
Seat 3: luckymentality folded on the Pre-Flop and did not bet
Seat 4: LasVague (button) folded on the Pre-Flop
Seat 5: ZeRodinha (small blind) folded on the Pre-Flop
Seat 6: lipesticky did not show and won 7500.00

Game Hand #2018620180 - Tournament #31146529 - Holdem (No Limit) - Level 14 (1750.00/3500.00)- 2024/02/05 20:25:09 UTC
Table '14' 6-max Seat #5 is the button
Seat 1: suppmain (81288.00)
Seat 2: SukhoThai (99052.00)
Seat 3: luckymentality (63855.00)
Seat 4: LasVague (175272.00)
Seat 5: ZeRodinha (36200.00)
Seat 6: lipesticky (119870.00)
suppmain posts ante 450.00
SukhoThai posts ante 450.00
luckymentality posts ante 450.00
LasVague posts ante 450.00
ZeRodinha posts ante 450.00
lipesticky posts ante 450.00
lipesticky posts the small blind 1750.00
suppmain posts the big blind 3500.00
*** HOLE CARDS ***
Main pot 2700.00
Dealt to lipesticky [8c 8d]
SukhoThai folds
luckymentality folds
LasVague raises 7000.00 to 7000.00
ZeRodinha folds
lipesticky calls 5250.00
suppmain folds
*** FLOP *** [6c As Qc]
Main pot 20200.00
lipesticky checks
LasVague bets 5050.00
lipesticky calls 5050.00
*** TURN *** [6c As Qc] [Kh]
Main pot 30300.00
lipesticky checks
LasVague checks
*** RIVER *** [6c As Qc Kh] [4c]
Main pot 30300.00
lipesticky checks
LasVague checks
*** SHOW DOWN ***
Main pot 30300.00
LasVague shows [Ks 7s] (a pair of Kings [Ks Kh As Qc 7s])
lipesticky shows [8c 8d] (a pair of Eights [8d 8c As Kh Qc])
LasVague collected 30300.00 from main pot
*** SUMMARY ***
Total pot 30300.00
Board [6c As Qc Kh 4c]
Seat 1: suppmain (big blind) folded on the Pre-Flop
Seat 2: SukhoThai folded on the Pre-Flop and did not bet
Seat 3: luckymentality folded on the Pre-Flop and did not bet
Seat 4: LasVague showed [Ks 7s] and won 30300.00 with a pair of Kings [Ks Kh As Qc 7s]
Seat 5: ZeRodinha (button) folded on the Pre-Flop
Seat 6: lipesticky (small blind) showed [8c 8d] and lost with a pair of Eights [8d 8c As Kh Qc]

Game Hand #2018621849 - Tournament #31146529 - Holdem (No Limit) - Level 14 (1750.00/3500.00)- 2024/02/05 20:26:45 UTC
Table '14' 6-max Seat #6 is the button
Seat 1: suppmain (77338.00)
Seat 2: SukhoThai (98602.00)
Seat 3: luckymentality (63405.00)
Seat 4: LasVague (193072.00)
Seat 5: ZeRodinha (35750.00)
Seat 6: lipesticky (107370.00)
suppmain posts ante 450.00
SukhoThai posts ante 450.00
luckymentality posts ante 450.00
LasVague posts ante 450.00
ZeRodinha posts ante 450.00
lipesticky posts ante 450.00
suppmain posts the small blind 1750.00
SukhoThai posts the big blind 3500.00
*** HOLE CARDS ***
Main pot 2700.00
Dealt to lipesticky [Td 6d]
luckymentality raises 7000.00 to 7000.00
LasVague folds
ZeRodinha folds
lipesticky folds
suppmain folds
SukhoThai raises 94652.00 to 98152.00 and is all-in
luckymentality folds
Uncalled bet (91152.00) returned to SukhoThai
SukhoThai does not show
*** SUMMARY ***
Total pot 18450.00
Seat 1: suppmain (small blind) folded on the Pre-Flop
Seat 2: SukhoThai did not show and won 18450.00
Seat 3: luckymentality folded on the Pre-Flop and did not bet
Seat 4: LasVague folded on the Pre-Flop and did not bet
Seat 5: ZeRodinha folded on the Pre-Flop and did not bet
Seat 6: lipesticky (button) folded on the Pre-Flop

Game Hand #2018622937 - Tournament #31146529 - Holdem (No Limit) - Level 14 (1750.00/3500.00)- 2024/02/05 20:27:47 UTC
Table '14' 6-max Seat #1 is the button
Seat 1: suppmain (75138.00)
Seat 2: SukhoThai (109602.00)
Seat 3: luckymentality (55955.00)
Seat 4: LasVague (192622.00)
Seat 5: ZeRodinha (35300.00)
Seat 6: lipesticky (106920.00)
suppmain posts ante 450.00
SukhoThai posts ante 450.00
luckymentality posts ante 450.00
LasVague posts ante 450.00
ZeRodinha posts ante 450.00
lipesticky posts ante 450.00
SukhoThai posts the small blind 1750.00
luckymentality posts the big blind 3500.00
*** HOLE CARDS ***
Main pot 2700.00
Dealt to lipesticky [2c Kd]
LasVague folds
ZeRodinha folds
lipesticky folds
suppmain raises 7000.00 to 7000.00
SukhoThai folds
luckymentality raises 52005.00 to 55505.00 and is all-in
suppmain folds
Uncalled bet (48505.00) returned to luckymentality
luckymentality does not show
*** SUMMARY ***
Total pot 18450.00
Seat 1: suppmain (button) folded on the Pre-Flop
Seat 2: SukhoThai (small blind) folded on the Pre-Flop
Seat 3: luckymentality did not show and won 18450.00
Seat 4: LasVague folded on the Pre-Flop and did not bet
Seat 5: ZeRodinha folded on the Pre-Flop and did not bet
Seat 6: lipesticky folded on the Pre-Flop and did not bet

Game Hand #2018623816 - Tournament #31146529 - Holdem (No Limit) - Level 15 (2000.00/4000.00)- 2024/02/05 20:28:37 UTC
Table '14' 6-max Seat #2 is the button
Seat 1: suppmain (67688.00)
Seat 2: SukhoThai (107402.00)
Seat 3: luckymentality (66955.00)
Seat 4: LasVague (192172.00)
Seat 5: ZeRodinha (34850.00)
Seat 6: lipesticky (106470.00)
suppmain posts ante 500.00
SukhoThai posts ante 500.00
luckymentality posts ante 500.00
LasVague posts ante 500.00
ZeRodinha posts ante 500.00
lipesticky posts ante 500.00
luckymentality posts the small blind 2000.00
LasVague posts the big blind 4000.00
*** HOLE CARDS ***
Main pot 3000.00
Dealt to lipesticky [8c 9s]
ZeRodinha folds
lipesticky folds
suppmain folds
SukhoThai raises 8000.00 to 8000.00
luckymentality folds
LasVague folds
Uncalled bet (4000.00) returned to SukhoThai
SukhoThai does not show
*** SUMMARY ***
Total pot 13000.00
Seat 1: suppmain folded on the Pre-Flop and did not bet
Seat 2: SukhoThai did not show and won 13000.00
Seat 3: luckymentality (small blind) folded on the Pre-Flop
Seat 4: LasVague (big blind) folded on the Pre-Flop
Seat 5: ZeRodinha folded on the Pre-Flop and did not bet
Seat 6: lipesticky folded on the Pre-Flop and did not bet

Game Hand #2018624775 - Tournament #31146529 - Holdem (No Limit) - Level 15 (2000.00/4000.00)- 2024/02/05 20:29:30 UTC
Table '14' 6-max Seat #3 is the button
Seat 1: suppmain (67188.00)
Seat 2: SukhoThai (115902.00)
Seat 3: luckymentality (64455.00)
Seat 4: LasVague (187672.00)
Seat 5: ZeRodinha (34350.00)
Seat 6: lipesticky (105970.00)
suppmain posts ante 500.00
SukhoThai posts ante 500.00
luckymentality posts ante 500.00
LasVague posts ante 500.00
ZeRodinha posts ante 500.00
lipesticky posts ante 500.00
LasVague posts the small blind 2000.00
ZeRodinha posts the big blind 4000.00
*** HOLE CARDS ***
Main pot 3000.00
Dealt to lipesticky [Kd 4h]
lipesticky folds
suppmain folds
SukhoThai folds
luckymentality raises 63955.00 to 63955.00 and is all-in
LasVague folds
ZeRodinha calls 29850.00 and is all-in
Uncalled bet (30105.00) returned to luckymentality
*** FLOP *** [Qs 6h Jd]
Main pot 72700.00
*** TURN *** [Qs 6h Jd] [Qh]
Main pot 72700.00
*** RIVER *** [Qs 6h Jd Qh] [Ac]
Main pot 72700.00
*** SHOW DOWN ***
Main pot 72700.00
luckymentality shows [Kh Jc] (two pair, Queens and Jacks [Qs Qh Jd Jc Ac])
ZeRodinha shows [3c 3h] (two pair, Queens and Threes [Qs Qh 3h 3c Ac])
luckymentality collected 72700.00 from main pot
*** SUMMARY ***
Total pot 72700.00
Board [Qs 6h Jd Qh Ac]
Seat 1: suppmain folded on the Pre-Flop and did not bet
Seat 2: SukhoThai folded on the Pre-Flop and did not bet
Seat 3: luckymentality (button) showed [Kh Jc] and won 72700.00 with two pair, Queens and Jacks [Qs Qh Jd Jc Ac]
Seat 4: LasVague (small blind) folded on the Pre-Flop
Seat 5: ZeRodinha (big blind) showed [3c 3h] and lost with two pair, Queens and Threes [Qs Qh 3h 3c Ac]
Seat 6: lipesticky folded on the Pre-Flop and did not bet

