Game Hand #2018605549 - Tournament #31146371 - Holdem (No Limit) - Level 17 (2000.00/4000.00)- 2024/02/05 20:11:12 UTC
Table '58' 8-max Seat #8 is the button
Seat 1: aragon1139 (40247.00)
Seat 2: Barloss (179324.00)
Seat 3: Pinotchick (22650.00)
Seat 4: FEEDTHEPENGUIN (132633.00)
Seat 5: sssmcom (264538.00)
Seat 6: once_ (47947.00)
Seat 7: jbuxo (89980.00)
Seat 8: lipesticky will be allowed to play after the button
aragon1139 posts ante 500.00
Barloss posts ante 500.00
Pinotchick posts ante 500.00
FEEDTHEPENGUIN posts ante 500.00
sssmcom posts ante 500.00
once_ posts ante 500.00
jbuxo posts ante 500.00
aragon1139 posts the small blind 2000.00
Barloss posts the big blind 4000.00
*** HOLE CARDS ***
Main pot 3500.00
Pinotchick raises 22150.00 to 22150.00 and is all-in
FEEDTHEPENGUIN folds
sssmcom raises 55050.00 to 55050.00
once_ calls 47447.00 and is all-in
jbuxo folds
aragon1139 folds
Barloss folds
Uncalled bet (7603.00) returned to sssmcom
*** FLOP *** [5d 5c 9d]
Main pot 75950.00
Side pot(1) 50594.00
*** TURN *** [5d 5c 9d] [4s]
Main pot 75950.00
Side pot(1) 50594.00
*** RIVER *** [5d 5c 9d 4s] [Kd]
Main pot 75950.00
Side pot(1) 50594.00
*** SHOW DOWN ***
Main pot 75950.00
Side pot(1) 50594.00
Pinotchick shows [6d 6s] (two pair, Sixs and Fives [6s 6d 5d 5c Kd])
sssmcom shows [Qd Ah] (a pair of Fives [5d 5c Ah Kd Qd])
once_ shows [Js Jh] (two pair, Jacks and Fives [Js Jh 5d 5c Kd])
once_ collected 75950.00 from main pot
once_ collected 50594.00 from side pot-1
*** SUMMARY ***
Total pot 126544.00
Board [5d 5c 9d 4s Kd]
Seat 1: aragon1139 (small blind) folded on the Pre-Flop
Seat 2: Barloss (big blind) folded on the Pre-Flop
Seat 3: Pinotchick showed [6d 6s] and lost with two pair, Sixs and Fives [6s 6d 5d 5c Kd]
Seat 4: FEEDTHEPENGUIN folded on the Pre-Flop and did not bet
Seat 5: sssmcom showed [Qd Ah] and lost with a pair of Fives [5d 5c Ah Kd Qd]
Seat 6: once_ showed [Js Jh] and won 126544.00 with two pair, Jacks and Fives [Js Jh 5d 5c Kd]
Seat 7: jbuxo folded on the Pre-Flop and did not bet

Game Hand #2018606528 - Tournament #31146371 - Holdem (No Limit) - Level 17 (2000.00/4000.00)- 2024/02/05 20:12:06 UTC
Table '58' 8-max Seat #1 is the button
Seat 1: aragon1139 (37747.00)
Seat 2: Barloss (174824.00)
Seat 4: FEEDTHEPENGUIN (132133.00)
Seat 5: sssmcom (216591.00)
Seat 6: once_ (126544.00)
Seat 7: jbuxo (89480.00)
Seat 8: lipesticky (63600.00)
aragon1139 posts ante 500.00
Barloss posts ante 500.00
FEEDTHEPENGUIN posts ante 500.00
sssmcom posts ante 500.00
once_ posts ante 500.00
jbuxo posts ante 500.00
lipesticky posts ante 500.00
Barloss posts the small blind 2000.00
FEEDTHEPENGUIN posts the big blind 4000.00
*** HOLE CARDS ***
Main pot 3500.00
Dealt to lipesticky [Qc Js]
sssmcom raises 8000.00 to 8000.00
once_ raises 28000.00 to 28000.00
jbuxo folds
lipesticky folds
aragon1139 folds
Barloss folds
FEEDTHEPENGUIN folds
sssmcom folds
Uncalled bet (20000.00) returned to once_
once_ does not show
*** SUMMARY ***
Total pot 25500.00
Seat 1: aragon1139 (button) folded on the Pre-Flop
Seat 2: Barloss (small blind) folded on the Pre-Flop
Seat 4: FEEDTHEPENGUIN (big blind) folded on the Pre-Flop
Seat 5: sssmcom folded on the Pre-Flop and did not bet
Seat 6: once_ did not show and won 25500.00
Seat 7: jbuxo folded on the Pre-Flop and did not bet
Seat 8: lipesticky folded on the Pre-Flop and did not bet

Game Hand #2018607321 - Tournament #31146371 - Holdem (No Limit) - Level 17 (2000.00/4000.00)- 2024/02/05 20:12:48 UTC
Table '58' 8-max Seat #2 is the button
Seat 1: aragon1139 (37247.00)
Seat 2: Barloss (172324.00)
Seat 3: eNt_ will be allowed to play after the button
Seat 4: FEEDTHEPENGUIN (127633.00)
Seat 5: sssmcom (208091.00)
Seat 6: once_ (143544.00)
Seat 7: jbuxo (88980.00)
Seat 8: lipesticky (63100.00)
aragon1139 posts ante 500.00
Barloss posts ante 500.00
FEEDTHEPENGUIN posts ante 500.00
sssmcom posts ante 500.00
once_ posts ante 500.00
jbuxo posts ante 500.00
lipesticky posts ante 500.00
FEEDTHEPENGUIN posts the small blind 2000.00
sssmcom posts the big blind 4000.00
*** HOLE CARDS ***
Main pot 3500.00
Dealt to lipesticky [7s Ks]
once_ folds
jbuxo folds
lipesticky raises 8000.00 to 8000.00
aragon1139 folds
Barloss raises 16000.00 to 16000.00
FEEDTHEPENGUIN calls 14000.00
sssmcom folds
lipesticky folds
*** FLOP *** [4s Qs 4d]
Main pot 47500.00
FEEDTHEPENGUIN checks
Barloss bets 11875.00
FEEDTHEPENGUIN folds
Uncalled bet (11875.00) returned to Barloss
Barloss does not show
*** SUMMARY ***
Total pot 47500.00
Board [4s Qs 4d]
Seat 1: aragon1139 folded on the Pre-Flop and did not bet
Seat 2: Barloss did not show and won 47500.00
Seat 4: FEEDTHEPENGUIN (small blind) folded on the Flop
Seat 5: sssmcom (big blind) folded on the Pre-Flop
Seat 6: once_ folded on the Pre-Flop and did not bet
Seat 7: jbuxo folded on the Pre-Flop and did not bet
Seat 8: lipesticky folded on the Pre-Flop and did not bet

Game Hand #2018609156 - Tournament #31146371 - Holdem (No Limit) - Level 18 (2500.00/5000.00)- 2024/02/05 20:14:34 UTC
Table '58' 8-max Seat #4 is the button
Seat 1: aragon1139 (36747.00)
Seat 2: Barloss (203324.00)
Seat 3: eNt_ (387274.00)
Seat 4: FEEDTHEPENGUIN (111133.00)
Seat 5: sssmcom (203591.00)
Seat 6: once_ (143044.00)
Seat 7: jbuxo (88480.00)
Seat 8: lipesticky (54600.00)
aragon1139 posts ante 625.00
Barloss posts ante 625.00
eNt_ posts ante 625.00
FEEDTHEPENGUIN posts ante 625.00
sssmcom posts ante 625.00
once_ posts ante 625.00
jbuxo posts ante 625.00
lipesticky posts ante 625.00
sssmcom posts the small blind 2500.00
once_ posts the big blind 5000.00
*** HOLE CARDS ***
Main pot 5000.00
Dealt to lipesticky [Qd Kc]
jbuxo folds
lipesticky raises 53975.00 to 53975.00 and is all-in
aragon1139 folds
Barloss folds
eNt_ calls 53975.00
FEEDTHEPENGUIN folds
sssmcom folds
once_ folds
*** FLOP *** [4c Ks 9d]
Main pot 120450.00
*** TURN *** [4c Ks 9d] [Qs]
Main pot 120450.00
*** RIVER *** [4c Ks 9d Qs] [9s]
Main pot 120450.00
*** SHOW DOWN ***
Main pot 120450.00
eNt_ shows [Qh As] (two pair, Queens and Nines [Qs Qh 9s 9d As])
lipesticky shows [Qd Kc] (two pair, Kings and Queens [Ks Kc Qs Qd 9s])
lipesticky collected 120450.00 from main pot
*** SUMMARY ***
Total pot 120450.00
Board [4c Ks 9d Qs 9s]
Seat 1: aragon1139 folded on the Pre-Flop and did not bet
Seat 2: Barloss folded on the Pre-Flop and did not bet
Seat 3: eNt_ showed [Qh As] and lost with two pair, Queens and Nines [Qs Qh 9s 9d As]
Seat 4: FEEDTHEPENGUIN (button) folded on the Pre-Flop
Seat 5: sssmcom (small blind) folded on the Pre-Flop
Seat 6: once_ (big blind) folded on the Pre-Flop
Seat 7: jbuxo folded on the Pre-Flop and did not bet
Seat 8: lipesticky showed [Qd Kc] and won 120450.00 with two pair, Kings and Queens [Ks Kc Qs Qd 9s]

Game Hand #2018610119 - Tournament #31146371 - Holdem (No Limit) - Level 18 (2500.00/5000.00)- 2024/02/05 20:15:27 UTC
Table '58' 8-max Seat #5 is the button
Seat 1: aragon1139 (36122.00)
Seat 2: Barloss (202699.00)
Seat 3: eNt_ (332674.00)
Seat 4: FEEDTHEPENGUIN (110508.00)
Seat 5: sssmcom (200466.00)
Seat 6: once_ (137419.00)
Seat 7: jbuxo (87855.00)
Seat 8: lipesticky (120450.00)
aragon1139 posts ante 625.00
Barloss posts ante 625.00
eNt_ posts ante 625.00
FEEDTHEPENGUIN posts ante 625.00
sssmcom posts ante 625.00
once_ posts ante 625.00
jbuxo posts ante 625.00
lipesticky posts ante 625.00
once_ posts the small blind 2500.00
jbuxo posts the big blind 5000.00
*** HOLE CARDS ***
Main pot 5000.00
Dealt to lipesticky [5c Th]
lipesticky folds
aragon1139 raises 35497.00 to 35497.00 and is all-in
Barloss folds
eNt_ folds
FEEDTHEPENGUIN folds
sssmcom folds
once_ raises 134294.00 to 136794.00 and is all-in
jbuxo folds
Uncalled bet (101297.00) returned to once_
*** FLOP *** [8c 5h 3d]
Main pot 80994.00
*** TURN *** [8c 5h 3d] [Qh]
Main pot 80994.00
*** RIVER *** [8c 5h 3d Qh] [5d]
Main pot 80994.00
*** SHOW DOWN ***
Main pot 80994.00
aragon1139 shows [Kc Jd] (a pair of Fives [5h 5d Kc Qh Jd])
once_ shows [Ac Qd] (two pair, Queens and Fives [Qh Qd 5h 5d Ac])
once_ collected 80994.00 from main pot
*** SUMMARY ***
Total pot 80994.00
Board [8c 5h 3d Qh 5d]
Seat 1: aragon1139 showed [Kc Jd] and lost with a pair of Fives [5h 5d Kc Qh Jd]
Seat 2: Barloss folded on the Pre-Flop and did not bet
Seat 3: eNt_ folded on the Pre-Flop and did not bet
Seat 4: FEEDTHEPENGUIN folded on the Pre-Flop and did not bet
Seat 5: sssmcom (button) folded on the Pre-Flop
Seat 6: once_ (small blind) showed [Ac Qd] and won 80994.00 with two pair, Queens and Fives [Qh Qd 5h 5d Ac]
Seat 7: jbuxo (big blind) folded on the Pre-Flop
Seat 8: lipesticky folded on the Pre-Flop and did not bet

Game Hand #2018611070 - Tournament #31146371 - Holdem (No Limit) - Level 18 (2500.00/5000.00)- 2024/02/05 20:16:23 UTC
Table '58' 8-max Seat #6 is the button
Seat 1: boratdog (114602.00)
Seat 2: Barloss (202074.00)
Seat 3: eNt_ (332049.00)
Seat 4: FEEDTHEPENGUIN (109883.00)
Seat 5: sssmcom (199841.00)
Seat 6: once_ (182291.00)
Seat 7: jbuxo (82230.00)
Seat 8: lipesticky (119825.00)
boratdog posts ante 625.00
Barloss posts ante 625.00
eNt_ posts ante 625.00
FEEDTHEPENGUIN posts ante 625.00
sssmcom posts ante 625.00
once_ posts ante 625.00
jbuxo posts ante 625.00
lipesticky posts ante 625.00
jbuxo posts the small blind 2500.00
lipesticky posts the big blind 5000.00
*** HOLE CARDS ***
Main pot 5000.00
Dealt to lipesticky [5d 6c]
boratdog folds
Barloss folds
eNt_ folds
FEEDTHEPENGUIN folds
sssmcom raises 10000.00 to 10000.00
once_ folds
jbuxo folds
lipesticky calls 5000.00
*** FLOP *** [Qh 4d 6h]
Main pot 27500.00
lipesticky checks
sssmcom checks
*** TURN *** [Qh 4d 6h] [7s]
Main pot 27500.00
lipesticky bets 9075.00
sssmcom calls 9075.00
*** RIVER *** [Qh 4d 6h 7s] [4s]
Main pot 45650.00
lipesticky checks
sssmcom checks
*** SHOW DOWN ***
Main pot 45650.00
sssmcom shows [9s Ts] (a pair of Fours [4s 4d Qh Ts 9s])
lipesticky shows [5d 6c] (two pair, Sixs and Fours [6h 6c 4s 4d Qh])
lipesticky collected 45650.00 from main pot
*** SUMMARY ***
Total pot 45650.00
Board [Qh 4d 6h 7s 4s]
Seat 1: boratdog folded on the Pre-Flop and did not bet
Seat 2: Barloss folded on the Pre-Flop and did not bet
Seat 3: eNt_ folded on the Pre-Flop and did not bet
Seat 4: FEEDTHEPENGUIN folded on the Pre-Flop and did not bet
Seat 5: sssmcom showed [9s Ts] and lost with a pair of Fours [4s 4d Qh Ts 9s]
Seat 6: once_ (button) folded on the Pre-Flop
Seat 7: jbuxo (small blind) folded on the Pre-Flop
Seat 8: lipesticky (big blind) showed [5d 6c] and won 45650.00 with two pair, Sixs and Fours [6h 6c 4s 4d Qh]

Game Hand #2018612502 - Tournament #31146371 - Holdem (No Limit) - Level 18 (2500.00/5000.00)- 2024/02/05 20:17:49 UTC
Table '58' 8-max Seat #7 is the button
Seat 1: boratdog (113977.00)
Seat 2: Barloss (201449.00)
Seat 3: eNt_ (331424.00)
Seat 4: FEEDTHEPENGUIN (109258.00)
Seat 5: sssmcom (180141.00)
Seat 6: once_ (181666.00)
Seat 7: jbuxo (79105.00)
Seat 8: lipesticky (145775.00)
boratdog posts ante 625.00
Barloss posts ante 625.00
eNt_ posts ante 625.00
FEEDTHEPENGUIN posts ante 625.00
sssmcom posts ante 625.00
once_ posts ante 625.00
jbuxo posts ante 625.00
lipesticky posts ante 625.00
lipesticky posts the small blind 2500.00
boratdog posts the big blind 5000.00
*** HOLE CARDS ***
Main pot 5000.00
Dealt to lipesticky [5c As]
Barloss folds
eNt_ folds
FEEDTHEPENGUIN folds
sssmcom folds
once_ folds
jbuxo folds
lipesticky raises 142650.00 to 145150.00 and is all-in
boratdog folds
Uncalled bet (140150.00) returned to lipesticky
lipesticky does not show
*** SUMMARY ***
Total pot 15000.00
Seat 1: boratdog (big blind) folded on the Pre-Flop
Seat 2: Barloss folded on the Pre-Flop and did not bet
Seat 3: eNt_ folded on the Pre-Flop and did not bet
Seat 4: FEEDTHEPENGUIN folded on the Pre-Flop and did not bet
Seat 5: sssmcom folded on the Pre-Flop and did not bet
Seat 6: once_ folded on the Pre-Flop and did not bet
Seat 7: jbuxo (button) folded on the Pre-Flop
Seat 8: lipesticky did not show and won 15000.00

Game Hand #2018614025 - Tournament #31146371 - Holdem (No Limit) - Level 18 (2500.00/5000.00)- 2024/02/05 20:19:18 UTC
Table '58' 8-max Seat #8 is the button
Seat 1: boratdog (108352.00)
Seat 2: Barloss (200824.00)
Seat 3: eNt_ (330799.00)
Seat 4: FEEDTHEPENGUIN (108633.00)
Seat 5: sssmcom (179516.00)
Seat 6: once_ (181041.00)
Seat 7: jbuxo (78480.00)
Seat 8: lipesticky (155150.00)
boratdog posts ante 625.00
Barloss posts ante 625.00
eNt_ posts ante 625.00
FEEDTHEPENGUIN posts ante 625.00
sssmcom posts ante 625.00
once_ posts ante 625.00
jbuxo posts ante 625.00
lipesticky posts ante 625.00
boratdog posts the small blind 2500.00
Barloss posts the big blind 5000.00
*** HOLE CARDS ***
Main pot 5000.00
Dealt to lipesticky [6s 6h]
eNt_ folds
FEEDTHEPENGUIN folds
sssmcom folds
once_ raises 10000.00 to 10000.00
jbuxo folds
lipesticky calls 10000.00
boratdog folds
Barloss folds
*** FLOP *** [Jc 5d 3c]
Main pot 32500.00
once_ checks
lipesticky bets 8225.00
once_ calls 8225.00
*** TURN *** [Jc 5d 3c] [8s]
Main pot 48950.00
once_ checks
lipesticky checks
*** RIVER *** [Jc 5d 3c 8s] [7d]
Main pot 48950.00
once_ bets 22028.00
lipesticky calls 22028.00
*** SHOW DOWN ***
Main pot 93006.00
once_ shows [Td Qc] (a high card, Queen high [Qc Jc Td 8s 7d])
lipesticky shows [6s 6h] (a pair of Sixs [6s 6h Jc 8s 7d])
lipesticky collected 93006.00 from main pot
*** SUMMARY ***
Total pot 93006.00
Board [Jc 5d 3c 8s 7d]
Seat 1: boratdog (small blind) folded on the Pre-Flop
Seat 2: Barloss (big blind) folded on the Pre-Flop
Seat 3: eNt_ folded on the Pre-Flop and did not bet
Seat 4: FEEDTHEPENGUIN folded on the Pre-Flop and did not bet
Seat 5: sssmcom folded on the Pre-Flop and did not bet
Seat 6: once_ showed [Td Qc] and lost with a high card, Queen high [Qc Jc Td 8s 7d]
Seat 7: jbuxo folded on the Pre-Flop and did not bet
Seat 8: lipesticky (button) showed [6s 6h] and won 93006.00 with a pair of Sixs [6s 6h Jc 8s 7d]

Game Hand #2018615593 - Tournament #31146371 - Holdem (No Limit) - Level 18 (2500.00/5000.00)- 2024/02/05 20:20:48 UTC
Table '58' 8-max Seat #1 is the button
Seat 1: boratdog (105227.00)
Seat 2: Barloss (195199.00)
Seat 3: eNt_ (330174.00)
Seat 4: FEEDTHEPENGUIN (108008.00)
Seat 5: sssmcom (178891.00)
Seat 6: once_ (140163.00)
Seat 7: jbuxo (77855.00)
Seat 8: lipesticky (207278.00)
boratdog posts ante 625.00
Barloss posts ante 625.00
eNt_ posts ante 625.00
FEEDTHEPENGUIN posts ante 625.00
sssmcom posts ante 625.00
once_ posts ante 625.00
jbuxo posts ante 625.00
lipesticky posts ante 625.00
Barloss posts the small blind 2500.00
eNt_ posts the big blind 5000.00
*** HOLE CARDS ***
Main pot 5000.00
Dealt to lipesticky [7d 2d]
FEEDTHEPENGUIN folds
sssmcom folds
once_ folds
jbuxo raises 10000.00 to 10000.00
lipesticky folds
boratdog folds
Barloss raises 37500.00 to 40000.00
eNt_ folds
jbuxo calls 30000.00
*** FLOP *** [Qc Kh As]
Main pot 90000.00
Barloss bets 154574.00 and is all-in
jbuxo calls 37230.00 and is all-in
Uncalled bet (117344.00) returned to Barloss
*** TURN *** [Qc Kh As] [Kd]
Main pot 164460.00
*** RIVER *** [Qc Kh As Kd] [8s]
Main pot 164460.00
*** SHOW DOWN ***
Main pot 164460.00
Barloss shows [Qd Ah] (two pair, Aces and Kings [As Ah Kh Kd Qd])
jbuxo shows [Jc Kc] (three of a kind, Set of Kings [Kh Kd Kc As Qc])
jbuxo collected 164460.00 from main pot
*** SUMMARY ***
Total pot 164460.00
Board [Qc Kh As Kd 8s]
Seat 1: boratdog (button) folded on the Pre-Flop
Seat 2: Barloss (small blind) showed [Qd Ah] and lost with two pair, Aces and Kings [As Ah Kh Kd Qd]
Seat 3: eNt_ (big blind) folded on the Pre-Flop
Seat 4: FEEDTHEPENGUIN folded on the Pre-Flop and did not bet
Seat 5: sssmcom folded on the Pre-Flop and did not bet
Seat 6: once_ folded on the Pre-Flop and did not bet
Seat 7: jbuxo showed [Jc Kc] and won 164460.00 with three of a kind, Set of Kings [Kh Kd Kc As Qc]
Seat 8: lipesticky folded on the Pre-Flop and did not bet

Game Hand #2018616576 - Tournament #31146371 - Holdem (No Limit) - Level 18 (2500.00/5000.00)- 2024/02/05 20:21:44 UTC
Table '58' 8-max Seat #2 is the button
Seat 1: boratdog (104602.00)
Seat 2: Barloss (117344.00)
Seat 3: eNt_ (324549.00)
Seat 4: FEEDTHEPENGUIN (107383.00)
Seat 5: sssmcom (178266.00)
Seat 6: once_ (139538.00)
Seat 7: jbuxo (164460.00)
Seat 8: lipesticky (206653.00)
boratdog posts ante 625.00
Barloss posts ante 625.00
eNt_ posts ante 625.00
FEEDTHEPENGUIN posts ante 625.00
sssmcom posts ante 625.00
once_ posts ante 625.00
jbuxo posts ante 625.00
lipesticky posts ante 625.00
eNt_ posts the small blind 2500.00
FEEDTHEPENGUIN posts the big blind 5000.00
*** HOLE CARDS ***
Main pot 5000.00
Dealt to lipesticky [Jd 7c]
sssmcom folds
once_ folds
jbuxo folds
lipesticky folds
boratdog folds
Barloss folds
eNt_ folds
FEEDTHEPENGUIN does not show
*** SUMMARY ***
Total pot 12500.00
Seat 1: boratdog folded on the Pre-Flop and did not bet
Seat 2: Barloss (button) folded on the Pre-Flop
Seat 3: eNt_ (small blind) folded on the Pre-Flop
Seat 4: FEEDTHEPENGUIN did not show and won 12500.00
Seat 5: sssmcom folded on the Pre-Flop and did not bet
Seat 6: once_ folded on the Pre-Flop and did not bet
Seat 7: jbuxo folded on the Pre-Flop and did not bet
Seat 8: lipesticky folded on the Pre-Flop and did not bet

Game Hand #2018617136 - Tournament #31146371 - Holdem (No Limit) - Level 18 (2500.00/5000.00)- 2024/02/05 20:22:16 UTC
Table '58' 8-max Seat #3 is the button
Seat 1: boratdog (103977.00)
Seat 2: Barloss (116719.00)
Seat 3: eNt_ (321424.00)
Seat 4: FEEDTHEPENGUIN (114258.00)
Seat 5: sssmcom (177641.00)
Seat 6: once_ (138913.00)
Seat 7: jbuxo (163835.00)
Seat 8: lipesticky (206028.00)
boratdog posts ante 625.00
Barloss posts ante 625.00
eNt_ posts ante 625.00
FEEDTHEPENGUIN posts ante 625.00
sssmcom posts ante 625.00
once_ posts ante 625.00
jbuxo posts ante 625.00
lipesticky posts ante 625.00
FEEDTHEPENGUIN posts the small blind 2500.00
sssmcom posts the big blind 5000.00
*** HOLE CARDS ***
Main pot 5000.00
Dealt to lipesticky [6h Jh]
once_ folds
jbuxo folds
lipesticky folds
boratdog folds
Barloss folds
eNt_ folds
FEEDTHEPENGUIN calls 2500.00
sssmcom checks
*** FLOP *** [As Js 7d]
Main pot 15000.00
FEEDTHEPENGUIN checks
sssmcom checks
*** TURN *** [As Js 7d] [Qd]
Main pot 15000.00
FEEDTHEPENGUIN checks
sssmcom bets 7500.00
FEEDTHEPENGUIN calls 7500.00
*** RIVER *** [As Js 7d Qd] [2s]
Main pot 30000.00
FEEDTHEPENGUIN bets 24900.00
sssmcom folds
Uncalled bet (24900.00) returned to FEEDTHEPENGUIN
FEEDTHEPENGUIN does not show
*** SUMMARY ***
Total pot 30000.00
Board [As Js 7d Qd 2s]
Seat 1: boratdog folded on the Pre-Flop and did not bet
Seat 2: Barloss folded on the Pre-Flop and did not bet
Seat 3: eNt_ (button) folded on the Pre-Flop
Seat 4: FEEDTHEPENGUIN did not show and won 30000.00
Seat 5: sssmcom (big blind) folded on the River
Seat 6: once_ folded on the Pre-Flop and did not bet
Seat 7: jbuxo folded on the Pre-Flop and did not bet
Seat 8: lipesticky folded on the Pre-Flop and did not bet

Game Hand #2018619187 - Tournament #31146371 - Holdem (No Limit) - Level 19 (3000.00/6000.00)- 2024/02/05 20:24:12 UTC
Table '58' 8-max Seat #4 is the button
Seat 1: boratdog (103352.00)
Seat 2: Barloss (116094.00)
Seat 3: eNt_ (320799.00)
Seat 4: FEEDTHEPENGUIN (131133.00)
Seat 5: sssmcom (164516.00)
Seat 6: once_ (138288.00)
Seat 7: jbuxo (163210.00)
Seat 8: lipesticky (205403.00)
boratdog posts ante 750.00
Barloss posts ante 750.00
eNt_ posts ante 750.00
FEEDTHEPENGUIN posts ante 750.00
sssmcom posts ante 750.00
once_ posts ante 750.00
jbuxo posts ante 750.00
lipesticky posts ante 750.00
sssmcom posts the small blind 3000.00
once_ posts the big blind 6000.00
*** HOLE CARDS ***
Main pot 6000.00
Dealt to lipesticky [Qd Qc]
jbuxo folds
lipesticky raises 12600.00 to 12600.00
boratdog folds
Barloss folds
eNt_ folds
FEEDTHEPENGUIN calls 12600.00
sssmcom folds
once_ calls 6600.00
*** FLOP *** [Jc Tc Qh]
Main pot 46800.00
once_ checks
lipesticky bets 15444.00
FEEDTHEPENGUIN folds
once_ calls 15444.00
*** TURN *** [Jc Tc Qh] [4c]
Main pot 77688.00
once_ checks
lipesticky bets 25637.00
once_ folds
Uncalled bet (25637.00) returned to lipesticky
lipesticky does not show
*** SUMMARY ***
Total pot 77688.00
Board [Jc Tc Qh 4c]
Seat 1: boratdog folded on the Pre-Flop and did not bet
Seat 2: Barloss folded on the Pre-Flop and did not bet
Seat 3: eNt_ folded on the Pre-Flop and did not bet
Seat 4: FEEDTHEPENGUIN (button) folded on the Flop
Seat 5: sssmcom (small blind) folded on the Pre-Flop
Seat 6: once_ (big blind) folded on the Turn
Seat 7: jbuxo folded on the Pre-Flop and did not bet
Seat 8: lipesticky did not show and won 77688.00

Game Hand #2018621752 - Tournament #31146371 - Holdem (No Limit) - Level 19 (3000.00/6000.00)- 2024/02/05 20:26:39 UTC
Table '58' 8-max Seat #5 is the button
Seat 1: boratdog (102602.00)
Seat 2: Barloss (115344.00)
Seat 3: eNt_ (320049.00)
Seat 4: FEEDTHEPENGUIN (117783.00)
Seat 5: sssmcom (160766.00)
Seat 6: once_ (109494.00)
Seat 7: jbuxo (162460.00)
Seat 8: lipesticky (254297.00)
boratdog posts ante 750.00
Barloss posts ante 750.00
eNt_ posts ante 750.00
FEEDTHEPENGUIN posts ante 750.00
sssmcom posts ante 750.00
once_ posts ante 750.00
jbuxo posts ante 750.00
lipesticky posts ante 750.00
once_ posts the small blind 3000.00
jbuxo posts the big blind 6000.00
*** HOLE CARDS ***
Main pot 6000.00
Dealt to lipesticky [Ks 6d]
lipesticky folds
boratdog raises 12000.00 to 12000.00
Barloss folds
eNt_ calls 12000.00
FEEDTHEPENGUIN folds
sssmcom calls 12000.00
once_ folds
jbuxo calls 6000.00
*** FLOP *** [Jc 7h Ad]
Main pot 57000.00
jbuxo checks
boratdog bets 14250.00
eNt_ folds
sssmcom calls 14250.00
jbuxo folds
*** TURN *** [Jc 7h Ad] [9c]
Main pot 85500.00
boratdog bets 21375.00
sssmcom calls 21375.00
*** RIVER *** [Jc 7h Ad 9c] [Td]
Main pot 128250.00
boratdog checks
sssmcom checks
*** SHOW DOWN ***
Main pot 128250.00
boratdog shows [Kh Kc] (a pair of Kings [Kh Kc Ad Jc Td])
sssmcom shows [Jd Qd] (a pair of Jacks [Jd Jc Ad Qd Td])
boratdog collected 128250.00 from main pot
*** SUMMARY ***
Total pot 128250.00
Board [Jc 7h Ad 9c Td]
Seat 1: boratdog showed [Kh Kc] and won 128250.00 with a pair of Kings [Kh Kc Ad Jc Td]
Seat 2: Barloss folded on the Pre-Flop and did not bet
Seat 3: eNt_ folded on the Flop
Seat 4: FEEDTHEPENGUIN folded on the Pre-Flop and did not bet
Seat 5: sssmcom (button) showed [Jd Qd] and lost with a pair of Jacks [Jd Jc Ad Qd Td]
Seat 6: once_ (small blind) folded on the Pre-Flop
Seat 7: jbuxo (big blind) folded on the Flop
Seat 8: lipesticky folded on the Pre-Flop and did not bet

Game Hand #2018624531 - Tournament #31146371 - Holdem (No Limit) - Level 19 (3000.00/6000.00)- 2024/02/05 20:29:17 UTC
Table '58' 8-max Seat #6 is the button
Seat 1: boratdog (182477.00)
Seat 2: Barloss (114594.00)
Seat 3: eNt_ (307299.00)
Seat 4: FEEDTHEPENGUIN (117033.00)
Seat 5: sssmcom (112391.00)
Seat 6: once_ (105744.00)
Seat 7: jbuxo (149710.00)
Seat 8: lipesticky (253547.00)
boratdog posts ante 750.00
Barloss posts ante 750.00
eNt_ posts ante 750.00
FEEDTHEPENGUIN posts ante 750.00
sssmcom posts ante 750.00
once_ posts ante 750.00
jbuxo posts ante 750.00
lipesticky posts ante 750.00
jbuxo posts the small blind 3000.00
lipesticky posts the big blind 6000.00
*** HOLE CARDS ***
Main pot 6000.00
Dealt to lipesticky [Qs 4c]
boratdog folds
Barloss folds
eNt_ folds
FEEDTHEPENGUIN folds
sssmcom folds
once_ raises 12000.00 to 12000.00
jbuxo folds
lipesticky calls 6000.00
*** FLOP *** [2d Ks 8s]
Main pot 33000.00
lipesticky checks
once_ bets 10890.00
lipesticky raises 24780.00 to 24780.00
once_ calls 13890.00
*** TURN *** [2d Ks 8s] [8c]
Main pot 82560.00
lipesticky checks
once_ checks
*** RIVER *** [2d Ks 8s 8c] [Kc]
Main pot 82560.00
lipesticky checks
once_ bets 20640.00
lipesticky folds
Uncalled bet (20640.00) returned to once_
once_ does not show
*** SUMMARY ***
Total pot 82560.00
Board [2d Ks 8s 8c Kc]
Seat 1: boratdog folded on the Pre-Flop and did not bet
Seat 2: Barloss folded on the Pre-Flop and did not bet
Seat 3: eNt_ folded on the Pre-Flop and did not bet
Seat 4: FEEDTHEPENGUIN folded on the Pre-Flop and did not bet
Seat 5: sssmcom folded on the Pre-Flop and did not bet
Seat 6: once_ did not show and won 82560.00
Seat 7: jbuxo (small blind) folded on the Pre-Flop
Seat 8: lipesticky (big blind) folded on the River

Game Hand #2018626681 - Tournament #31146371 - Holdem (No Limit) - Level 19 (3000.00/6000.00)- 2024/02/05 20:31:13 UTC
Table '58' 8-max Seat #7 is the button
Seat 1: boratdog (181727.00)
Seat 2: Barloss (113844.00)
Seat 3: eNt_ (306549.00)
Seat 4: FEEDTHEPENGUIN (116283.00)
Seat 5: sssmcom (111641.00)
Seat 6: once_ (150774.00)
Seat 7: jbuxo (145960.00)
Seat 8: lipesticky (216017.00)
boratdog posts ante 750.00
Barloss posts ante 750.00
eNt_ posts ante 750.00
FEEDTHEPENGUIN posts ante 750.00
sssmcom posts ante 750.00
once_ posts ante 750.00
jbuxo posts ante 750.00
lipesticky posts ante 750.00
lipesticky posts the small blind 3000.00
boratdog posts the big blind 6000.00
*** HOLE CARDS ***
Main pot 6000.00
Dealt to lipesticky [8s 9h]
Barloss folds
eNt_ folds
FEEDTHEPENGUIN folds
sssmcom folds
once_ folds
jbuxo folds
lipesticky calls 3000.00
boratdog raises 15000.00 to 21000.00
lipesticky calls 15000.00
*** FLOP *** [3s Th 4c]
Main pot 48000.00
lipesticky checks
boratdog bets 24000.00
lipesticky folds
Uncalled bet (24000.00) returned to boratdog
boratdog does not show
*** SUMMARY ***
Total pot 48000.00
Board [3s Th 4c]
Seat 1: boratdog did not show and won 48000.00
Seat 2: Barloss folded on the Pre-Flop and did not bet
Seat 3: eNt_ folded on the Pre-Flop and did not bet
Seat 4: FEEDTHEPENGUIN folded on the Pre-Flop and did not bet
Seat 5: sssmcom folded on the Pre-Flop and did not bet
Seat 6: once_ folded on the Pre-Flop and did not bet
Seat 7: jbuxo (button) folded on the Pre-Flop
Seat 8: lipesticky (small blind) folded on the Flop

Game Hand #2018629290 - Tournament #31146371 - Holdem (No Limit) - Level 20 (3500.00/7000.00)- 2024/02/05 20:33:26 UTC
Table '58' 8-max Seat #8 is the button
Seat 1: boratdog (207977.00)
Seat 2: Barloss (113094.00)
Seat 3: eNt_ (305799.00)
Seat 4: FEEDTHEPENGUIN (115533.00)
Seat 5: sssmcom (110891.00)
Seat 6: once_ (150024.00)
Seat 7: jbuxo (145210.00)
Seat 8: lipesticky (194267.00)
boratdog posts ante 875.00
Barloss posts ante 875.00
eNt_ posts ante 875.00
FEEDTHEPENGUIN posts ante 875.00
sssmcom posts ante 875.00
once_ posts ante 875.00
jbuxo posts ante 875.00
lipesticky posts ante 875.00
boratdog posts the small blind 3500.00
Barloss posts the big blind 7000.00
*** HOLE CARDS ***
Main pot 7000.00
Dealt to lipesticky [Ad 8c]
eNt_ folds
FEEDTHEPENGUIN folds
sssmcom folds
once_ folds
jbuxo raises 14000.00 to 14000.00
lipesticky raises 35000.00 to 35000.00
boratdog folds
Barloss folds
jbuxo folds
Uncalled bet (21000.00) returned to lipesticky
lipesticky does not show
*** SUMMARY ***
Total pot 45500.00
Seat 1: boratdog (small blind) folded on the Pre-Flop
Seat 2: Barloss (big blind) folded on the Pre-Flop
Seat 3: eNt_ folded on the Pre-Flop and did not bet
Seat 4: FEEDTHEPENGUIN folded on the Pre-Flop and did not bet
Seat 5: sssmcom folded on the Pre-Flop and did not bet
Seat 6: once_ folded on the Pre-Flop and did not bet
Seat 7: jbuxo folded on the Pre-Flop and did not bet
Seat 8: lipesticky did not show and won 45500.00

Game Hand #2018630467 - Tournament #31146371 - Holdem (No Limit) - Level 20 (3500.00/7000.00)- 2024/02/05 20:34:28 UTC
Table '58' 8-max Seat #1 is the button
Seat 1: boratdog (203602.00)
Seat 2: Barloss (105219.00)
Seat 3: eNt_ (304924.00)
Seat 4: FEEDTHEPENGUIN (114658.00)
Seat 5: sssmcom (110016.00)
Seat 6: once_ (149149.00)
Seat 7: jbuxo (130335.00)
Seat 8: lipesticky (224892.00)
boratdog posts ante 875.00
Barloss posts ante 875.00
eNt_ posts ante 875.00
FEEDTHEPENGUIN posts ante 875.00
sssmcom posts ante 875.00
once_ posts ante 875.00
jbuxo posts ante 875.00
lipesticky posts ante 875.00
Barloss posts the small blind 3500.00
eNt_ posts the big blind 7000.00
*** HOLE CARDS ***
Main pot 7000.00
Dealt to lipesticky [6c 6h]
FEEDTHEPENGUIN folds
sssmcom folds
once_ raises 14000.00 to 14000.00
jbuxo folds
lipesticky calls 14000.00
boratdog folds
Barloss folds
eNt_ calls 7000.00
*** FLOP *** [Kd 5c 7c]
Main pot 52500.00
eNt_ checks
once_ checks
lipesticky bets 13825.00
eNt_ calls 13825.00
once_ folds
*** TURN *** [Kd 5c 7c] [Ad]
Main pot 80150.00
eNt_ checks
lipesticky checks
*** RIVER *** [Kd 5c 7c Ad] [3c]
Main pot 80150.00
eNt_ checks
lipesticky checks
*** SHOW DOWN ***
Main pot 80150.00
eNt_ shows [2c Ac] (a flush, Ace high [Ac 7c 5c 3c 2c])
lipesticky shows [6c 6h] (a pair of Sixs [6h 6c Ad Kd 7c])
eNt_ collected 80150.00 from main pot
*** SUMMARY ***
Total pot 80150.00
Board [Kd 5c 7c Ad 3c]
Seat 1: boratdog (button) folded on the Pre-Flop
Seat 2: Barloss (small blind) folded on the Pre-Flop
Seat 3: eNt_ (big blind) showed [2c Ac] and won 80150.00 with a flush, Ace high [Ac 7c 5c 3c 2c]
Seat 4: FEEDTHEPENGUIN folded on the Pre-Flop and did not bet
Seat 5: sssmcom folded on the Pre-Flop and did not bet
Seat 6: once_ folded on the Flop
Seat 7: jbuxo folded on the Pre-Flop and did not bet
Seat 8: lipesticky showed [6c 6h] and lost with a pair of Sixs [6h 6c Ad Kd 7c]

Game Hand #2018633065 - Tournament #31146371 - Holdem (No Limit) - Level 20 (3500.00/7000.00)- 2024/02/05 20:36:45 UTC
Table '58' 8-max Seat #2 is the button
Seat 1: boratdog (202727.00)
Seat 2: Barloss (100844.00)
Seat 3: eNt_ (356374.00)
Seat 4: FEEDTHEPENGUIN (113783.00)
Seat 5: sssmcom (109141.00)
Seat 6: once_ (134274.00)
Seat 7: jbuxo (129460.00)
Seat 8: lipesticky (196192.00)
boratdog posts ante 875.00
Barloss posts ante 875.00
eNt_ posts ante 875.00
FEEDTHEPENGUIN posts ante 875.00
sssmcom posts ante 875.00
once_ posts ante 875.00
jbuxo posts ante 875.00
lipesticky posts ante 875.00
eNt_ posts the small blind 3500.00
FEEDTHEPENGUIN posts the big blind 7000.00
*** HOLE CARDS ***
Main pot 7000.00
Dealt to lipesticky [8c 2d]
sssmcom folds
once_ folds
jbuxo folds
lipesticky folds
boratdog raises 14000.00 to 14000.00
Barloss folds
eNt_ folds
FEEDTHEPENGUIN raises 105908.00 to 112908.00 and is all-in
boratdog folds
Uncalled bet (98908.00) returned to FEEDTHEPENGUIN
FEEDTHEPENGUIN does not show
*** SUMMARY ***
Total pot 38500.00
Seat 1: boratdog folded on the Pre-Flop and did not bet
Seat 2: Barloss (button) folded on the Pre-Flop
Seat 3: eNt_ (small blind) folded on the Pre-Flop
Seat 4: FEEDTHEPENGUIN did not show and won 38500.00
Seat 5: sssmcom folded on the Pre-Flop and did not bet
Seat 6: once_ folded on the Pre-Flop and did not bet
Seat 7: jbuxo folded on the Pre-Flop and did not bet
Seat 8: lipesticky folded on the Pre-Flop and did not bet

Game Hand #2018633760 - Tournament #31146371 - Holdem (No Limit) - Level 20 (3500.00/7000.00)- 2024/02/05 20:37:22 UTC
Table '58' 8-max Seat #3 is the button
Seat 1: boratdog (187852.00)
Seat 2: Barloss (99969.00)
Seat 3: eNt_ (351999.00)
Seat 4: FEEDTHEPENGUIN (137408.00)
Seat 5: sssmcom (108266.00)
Seat 6: once_ (133399.00)
Seat 7: jbuxo (128585.00)
Seat 8: lipesticky (195317.00)
boratdog posts ante 875.00
Barloss posts ante 875.00
eNt_ posts ante 875.00
FEEDTHEPENGUIN posts ante 875.00
sssmcom posts ante 875.00
once_ posts ante 875.00
jbuxo posts ante 875.00
lipesticky posts ante 875.00
FEEDTHEPENGUIN posts the small blind 3500.00
sssmcom posts the big blind 7000.00
*** HOLE CARDS ***
Main pot 7000.00
Dealt to lipesticky [Jd 2c]
once_ folds
jbuxo folds
lipesticky folds
boratdog folds
Barloss folds
eNt_ folds
FEEDTHEPENGUIN raises 133033.00 to 136533.00 and is all-in
sssmcom calls 100391.00 and is all-in
Uncalled bet (29142.00) returned to FEEDTHEPENGUIN
*** FLOP *** [Td Jc As]
Main pot 221782.00
*** TURN *** [Td Jc As] [Js]
Main pot 221782.00
*** RIVER *** [Td Jc As Js] [3c]
Main pot 221782.00
*** SHOW DOWN ***
Main pot 221782.00
FEEDTHEPENGUIN shows [6c Ac] (two pair, Aces and Jacks [As Ac Js Jc Td])
sssmcom shows [8c Ah] (two pair, Aces and Jacks [As Ah Js Jc Td])
FEEDTHEPENGUIN collected 110891.00 from main pot
sssmcom collected 110891.00 from main pot
*** SUMMARY ***
Total pot 221782.00
Board [Td Jc As Js 3c]
Seat 1: boratdog folded on the Pre-Flop and did not bet
Seat 2: Barloss folded on the Pre-Flop and did not bet
Seat 3: eNt_ (button) folded on the Pre-Flop
Seat 4: FEEDTHEPENGUIN (small blind) showed [6c Ac] and won 110891.00 with two pair, Aces and Jacks [As Ac Js Jc Td]
Seat 5: sssmcom (big blind) showed [8c Ah] and won 110891.00 with two pair, Aces and Jacks [As Ah Js Jc Td]
Seat 6: once_ folded on the Pre-Flop and did not bet
Seat 7: jbuxo folded on the Pre-Flop and did not bet
Seat 8: lipesticky folded on the Pre-Flop and did not bet

Game Hand #2018635023 - Tournament #31146371 - Holdem (No Limit) - Level 20 (3500.00/7000.00)- 2024/02/05 20:38:32 UTC
Table '58' 8-max Seat #4 is the button
Seat 1: boratdog (186977.00)
Seat 2: Barloss (99094.00)
Seat 3: eNt_ (351124.00)
Seat 4: FEEDTHEPENGUIN (140033.00)
Seat 5: sssmcom (110891.00)
Seat 6: once_ (132524.00)
Seat 7: jbuxo (127710.00)
Seat 8: lipesticky (194442.00)
boratdog posts ante 875.00
Barloss posts ante 875.00
eNt_ posts ante 875.00
FEEDTHEPENGUIN posts ante 875.00
sssmcom posts ante 875.00
once_ posts ante 875.00
jbuxo posts ante 875.00
lipesticky posts ante 875.00
sssmcom posts the small blind 3500.00
once_ posts the big blind 7000.00
*** HOLE CARDS ***
Main pot 7000.00
Dealt to lipesticky [Jc Jd]
jbuxo folds
lipesticky raises 14700.00 to 14700.00
boratdog folds
Barloss folds
eNt_ folds
FEEDTHEPENGUIN folds
sssmcom folds
once_ folds
Uncalled bet (7700.00) returned to lipesticky
lipesticky does not show
*** SUMMARY ***
Total pot 24500.00
Seat 1: boratdog folded on the Pre-Flop and did not bet
Seat 2: Barloss folded on the Pre-Flop and did not bet
Seat 3: eNt_ folded on the Pre-Flop and did not bet
Seat 4: FEEDTHEPENGUIN (button) folded on the Pre-Flop
Seat 5: sssmcom (small blind) folded on the Pre-Flop
Seat 6: once_ (big blind) folded on the Pre-Flop
Seat 7: jbuxo folded on the Pre-Flop and did not bet
Seat 8: lipesticky did not show and won 24500.00

Game Hand #2018635934 - Tournament #31146371 - Holdem (No Limit) - Level 20 (3500.00/7000.00)- 2024/02/05 20:39:19 UTC
Table '58' 8-max Seat #5 is the button
Seat 1: boratdog (186102.00)
Seat 2: Barloss (98219.00)
Seat 3: eNt_ (350249.00)
Seat 4: FEEDTHEPENGUIN (139158.00)
Seat 5: sssmcom (106516.00)
Seat 6: once_ (124649.00)
Seat 7: jbuxo (126835.00)
Seat 8: lipesticky (211067.00)
boratdog posts ante 875.00
Barloss posts ante 875.00
eNt_ posts ante 875.00
FEEDTHEPENGUIN posts ante 875.00
sssmcom posts ante 875.00
once_ posts ante 875.00
jbuxo posts ante 875.00
lipesticky posts ante 875.00
once_ posts the small blind 3500.00
jbuxo posts the big blind 7000.00
*** HOLE CARDS ***
Main pot 7000.00
Dealt to lipesticky [3s Td]
lipesticky folds
boratdog raises 14700.00 to 14700.00
Barloss folds
eNt_ folds
FEEDTHEPENGUIN folds
sssmcom folds
once_ folds
jbuxo folds
Uncalled bet (7700.00) returned to boratdog
boratdog does not show
*** SUMMARY ***
Total pot 24500.00
Seat 1: boratdog did not show and won 24500.00
Seat 2: Barloss folded on the Pre-Flop and did not bet
Seat 3: eNt_ folded on the Pre-Flop and did not bet
Seat 4: FEEDTHEPENGUIN folded on the Pre-Flop and did not bet
Seat 5: sssmcom (button) folded on the Pre-Flop
Seat 6: once_ (small blind) folded on the Pre-Flop
Seat 7: jbuxo (big blind) folded on the Pre-Flop
Seat 8: lipesticky folded on the Pre-Flop and did not bet

Game Hand #2018636871 - Tournament #31146371 - Holdem (No Limit) - Level 20 (3500.00/7000.00)- 2024/02/05 20:40:08 UTC
Table '58' 8-max Seat #6 is the button
Seat 1: boratdog (202727.00)
Seat 2: Barloss (97344.00)
Seat 3: eNt_ (349374.00)
Seat 4: FEEDTHEPENGUIN (138283.00)
Seat 5: sssmcom (105641.00)
Seat 6: once_ (120274.00)
Seat 7: jbuxo (118960.00)
Seat 8: lipesticky (210192.00)
boratdog posts ante 875.00
Barloss posts ante 875.00
eNt_ posts ante 875.00
FEEDTHEPENGUIN posts ante 875.00
sssmcom posts ante 875.00
once_ posts ante 875.00
jbuxo posts ante 875.00
lipesticky posts ante 875.00
jbuxo posts the small blind 3500.00
lipesticky posts the big blind 7000.00
*** HOLE CARDS ***
Main pot 7000.00
Dealt to lipesticky [2h 4d]
boratdog folds
Barloss folds
eNt_ folds
FEEDTHEPENGUIN folds
sssmcom folds
once_ raises 119399.00 to 119399.00 and is all-in
jbuxo folds
lipesticky folds
Uncalled bet (112399.00) returned to once_
once_ does not show
*** SUMMARY ***
Total pot 24500.00
Seat 1: boratdog folded on the Pre-Flop and did not bet
Seat 2: Barloss folded on the Pre-Flop and did not bet
Seat 3: eNt_ folded on the Pre-Flop and did not bet
Seat 4: FEEDTHEPENGUIN folded on the Pre-Flop and did not bet
Seat 5: sssmcom folded on the Pre-Flop and did not bet
Seat 6: once_ did not show and won 24500.00
Seat 7: jbuxo (small blind) folded on the Pre-Flop
Seat 8: lipesticky (big blind) folded on the Pre-Flop

Game Hand #2018637658 - Tournament #31146371 - Holdem (No Limit) - Level 20 (3500.00/7000.00)- 2024/02/05 20:40:53 UTC
Table '58' 8-max Seat #7 is the button
Seat 1: boratdog (201852.00)
Seat 2: Barloss (96469.00)
Seat 3: eNt_ (348499.00)
Seat 4: FEEDTHEPENGUIN (137408.00)
Seat 5: sssmcom (104766.00)
Seat 6: once_ (136899.00)
Seat 7: jbuxo (114585.00)
Seat 8: lipesticky (202317.00)
boratdog posts ante 875.00
Barloss posts ante 875.00
eNt_ posts ante 875.00
FEEDTHEPENGUIN posts ante 875.00
sssmcom posts ante 875.00
once_ posts ante 875.00
jbuxo posts ante 875.00
lipesticky posts ante 875.00
lipesticky posts the small blind 3500.00
boratdog posts the big blind 7000.00
*** HOLE CARDS ***
Main pot 7000.00
Dealt to lipesticky [5d 9s]
Barloss folds
eNt_ raises 14000.00 to 14000.00
FEEDTHEPENGUIN folds
sssmcom folds
once_ folds
jbuxo folds
lipesticky folds
boratdog folds
Uncalled bet (7000.00) returned to eNt_
eNt_ does not show
*** SUMMARY ***
Total pot 24500.00
Seat 1: boratdog (big blind) folded on the Pre-Flop
Seat 2: Barloss folded on the Pre-Flop and did not bet
Seat 3: eNt_ did not show and won 24500.00
Seat 4: FEEDTHEPENGUIN folded on the Pre-Flop and did not bet
Seat 5: sssmcom folded on the Pre-Flop and did not bet
Seat 6: once_ folded on the Pre-Flop and did not bet
Seat 7: jbuxo (button) folded on the Pre-Flop
Seat 8: lipesticky (small blind) folded on the Pre-Flop

Game Hand #2018638559 - Tournament #31146371 - Holdem (No Limit) - Level 20 (3500.00/7000.00)- 2024/02/05 20:41:41 UTC
Table '58' 8-max Seat #8 is the button
Seat 1: boratdog (193977.00)
Seat 2: Barloss (95594.00)
Seat 3: eNt_ (365124.00)
Seat 4: FEEDTHEPENGUIN (136533.00)
Seat 5: sssmcom (103891.00)
Seat 6: once_ (136024.00)
Seat 7: jbuxo (113710.00)
Seat 8: lipesticky (197942.00)
boratdog posts ante 875.00
Barloss posts ante 875.00
eNt_ posts ante 875.00
FEEDTHEPENGUIN posts ante 875.00
sssmcom posts ante 875.00
once_ posts ante 875.00
jbuxo posts ante 875.00
lipesticky posts ante 875.00
boratdog posts the small blind 3500.00
Barloss posts the big blind 7000.00
*** HOLE CARDS ***
Main pot 7000.00
Dealt to lipesticky [Jc 4h]
eNt_ folds
FEEDTHEPENGUIN folds
sssmcom folds
once_ folds
jbuxo folds
lipesticky folds
boratdog calls 3500.00
Barloss raises 87719.00 to 94719.00 and is all-in
boratdog folds
Uncalled bet (87719.00) returned to Barloss
Barloss does not show
*** SUMMARY ***
Total pot 21000.00
Seat 1: boratdog (small blind) folded on the Pre-Flop
Seat 2: Barloss did not show and won 21000.00
Seat 3: eNt_ folded on the Pre-Flop and did not bet
Seat 4: FEEDTHEPENGUIN folded on the Pre-Flop and did not bet
Seat 5: sssmcom folded on the Pre-Flop and did not bet
Seat 6: once_ folded on the Pre-Flop and did not bet
Seat 7: jbuxo folded on the Pre-Flop and did not bet
Seat 8: lipesticky (button) folded on the Pre-Flop

Game Hand #2018639823 - Tournament #31146371 - Holdem (No Limit) - Level 20 (3500.00/7000.00)- 2024/02/05 20:42:53 UTC
Table '58' 8-max Seat #1 is the button
Seat 1: boratdog (186102.00)
Seat 2: Barloss (108719.00)
Seat 3: eNt_ (364249.00)
Seat 4: FEEDTHEPENGUIN (135658.00)
Seat 5: sssmcom (103016.00)
Seat 6: once_ (135149.00)
Seat 7: jbuxo (112835.00)
Seat 8: lipesticky (197067.00)
boratdog posts ante 875.00
Barloss posts ante 875.00
eNt_ posts ante 875.00
FEEDTHEPENGUIN posts ante 875.00
sssmcom posts ante 875.00
once_ posts ante 875.00
jbuxo posts ante 875.00
lipesticky posts ante 875.00
Barloss posts the small blind 3500.00
eNt_ posts the big blind 7000.00
*** HOLE CARDS ***
Main pot 7000.00
Dealt to lipesticky [Tc 4s]
FEEDTHEPENGUIN folds
sssmcom folds
once_ folds
jbuxo folds
lipesticky folds
boratdog folds
Barloss calls 3500.00
eNt_ raises 14000.00 to 21000.00
Barloss raises 100844.00 to 107844.00 and is all-in
eNt_ calls 86844.00
*** FLOP *** [2c 5c Jc]
Main pot 222688.00
*** TURN *** [2c 5c Jc] [Js]
Main pot 222688.00
*** RIVER *** [2c 5c Jc Js] [9c]
Main pot 222688.00
*** SHOW DOWN ***
Main pot 222688.00
Barloss shows [Qc Qs] (a flush, Queen high [Qc Jc 9c 5c 2c])
eNt_ shows [Kh Qh] (a pair of Jacks [Js Jc Kh Qh 9c])
Barloss collected 222688.00 from main pot
*** SUMMARY ***
Total pot 222688.00
Board [2c 5c Jc Js 9c]
Seat 1: boratdog (button) folded on the Pre-Flop
Seat 2: Barloss (small blind) showed [Qc Qs] and won 222688.00 with a flush, Queen high [Qc Jc 9c 5c 2c]
Seat 3: eNt_ (big blind) showed [Kh Qh] and lost with a pair of Jacks [Js Jc Kh Qh 9c]
Seat 4: FEEDTHEPENGUIN folded on the Pre-Flop and did not bet
Seat 5: sssmcom folded on the Pre-Flop and did not bet
Seat 6: once_ folded on the Pre-Flop and did not bet
Seat 7: jbuxo folded on the Pre-Flop and did not bet
Seat 8: lipesticky folded on the Pre-Flop and did not bet

Game Hand #2018640973 - Tournament #31146371 - Holdem (No Limit) - Level 21 (4000.00/8000.00)- 2024/02/05 20:43:58 UTC
Table '58' 8-max Seat #2 is the button
Seat 1: boratdog (185227.00)
Seat 2: Barloss (222688.00)
Seat 3: eNt_ (255530.00)
Seat 4: FEEDTHEPENGUIN (134783.00)
Seat 5: sssmcom (102141.00)
Seat 6: once_ (134274.00)
Seat 7: jbuxo (111960.00)
Seat 8: lipesticky (196192.00)
boratdog posts ante 1000.00
Barloss posts ante 1000.00
eNt_ posts ante 1000.00
FEEDTHEPENGUIN posts ante 1000.00
sssmcom posts ante 1000.00
once_ posts ante 1000.00
jbuxo posts ante 1000.00
lipesticky posts ante 1000.00
eNt_ posts the small blind 4000.00
FEEDTHEPENGUIN posts the big blind 8000.00
*** HOLE CARDS ***
Main pot 8000.00
Dealt to lipesticky [As Kh]
sssmcom folds
once_ folds
jbuxo folds
lipesticky raises 16000.00 to 16000.00
boratdog folds
Barloss folds
eNt_ folds
FEEDTHEPENGUIN folds
Uncalled bet (8000.00) returned to lipesticky
lipesticky does not show
*** SUMMARY ***
Total pot 28000.00
Seat 1: boratdog folded on the Pre-Flop and did not bet
Seat 2: Barloss (button) folded on the Pre-Flop
Seat 3: eNt_ (small blind) folded on the Pre-Flop
Seat 4: FEEDTHEPENGUIN (big blind) folded on the Pre-Flop
Seat 5: sssmcom folded on the Pre-Flop and did not bet
Seat 6: once_ folded on the Pre-Flop and did not bet
Seat 7: jbuxo folded on the Pre-Flop and did not bet
Seat 8: lipesticky did not show and won 28000.00

Game Hand #2018642037 - Tournament #31146371 - Holdem (No Limit) - Level 21 (4000.00/8000.00)- 2024/02/05 20:44:58 UTC
Table '58' 8-max Seat #3 is the button
Seat 1: boratdog (184227.00)
Seat 2: Barloss (221688.00)
Seat 3: eNt_ (250530.00)
Seat 4: FEEDTHEPENGUIN (125783.00)
Seat 5: sssmcom (101141.00)
Seat 6: once_ (133274.00)
Seat 7: jbuxo (110960.00)
Seat 8: lipesticky (215192.00)
boratdog posts ante 1000.00
Barloss posts ante 1000.00
eNt_ posts ante 1000.00
FEEDTHEPENGUIN posts ante 1000.00
sssmcom posts ante 1000.00
once_ posts ante 1000.00
jbuxo posts ante 1000.00
lipesticky posts ante 1000.00
FEEDTHEPENGUIN posts the small blind 4000.00
sssmcom posts the big blind 8000.00
*** HOLE CARDS ***
Main pot 8000.00
Dealt to lipesticky [6s Ad]
once_ folds
jbuxo folds
lipesticky raises 16800.00 to 16800.00
boratdog folds
Barloss folds
eNt_ folds
FEEDTHEPENGUIN folds
sssmcom calls 8800.00
*** FLOP *** [8s 9h Kc]
Main pot 45600.00
sssmcom checks
lipesticky bets 11048.00
sssmcom folds
Uncalled bet (11048.00) returned to lipesticky
lipesticky does not show
*** SUMMARY ***
Total pot 45600.00
Board [8s 9h Kc]
Seat 1: boratdog folded on the Pre-Flop and did not bet
Seat 2: Barloss folded on the Pre-Flop and did not bet
Seat 3: eNt_ (button) folded on the Pre-Flop
Seat 4: FEEDTHEPENGUIN (small blind) folded on the Pre-Flop
Seat 5: sssmcom (big blind) folded on the Flop
Seat 6: once_ folded on the Pre-Flop and did not bet
Seat 7: jbuxo folded on the Pre-Flop and did not bet
Seat 8: lipesticky did not show and won 45600.00

Game Hand #2018643245 - Tournament #31146371 - Holdem (No Limit) - Level 21 (4000.00/8000.00)- 2024/02/05 20:46:06 UTC
Table '58' 8-max Seat #4 is the button
Seat 1: boratdog (183227.00)
Seat 2: Barloss (220688.00)
Seat 3: eNt_ (249530.00)
Seat 4: FEEDTHEPENGUIN (120783.00)
Seat 5: sssmcom (83341.00)
Seat 6: once_ (132274.00)
Seat 7: jbuxo (109960.00)
Seat 8: lipesticky (242992.00)
boratdog posts ante 1000.00
Barloss posts ante 1000.00
eNt_ posts ante 1000.00
FEEDTHEPENGUIN posts ante 1000.00
sssmcom posts ante 1000.00
once_ posts ante 1000.00
jbuxo posts ante 1000.00
lipesticky posts ante 1000.00
sssmcom posts the small blind 4000.00
once_ posts the big blind 8000.00
*** HOLE CARDS ***
Main pot 8000.00
Dealt to lipesticky [5s 2h]
jbuxo folds
lipesticky folds
boratdog raises 16000.00 to 16000.00
Barloss raises 44000.00 to 44000.00
eNt_ folds
FEEDTHEPENGUIN folds
sssmcom folds
once_ folds
boratdog folds
Uncalled bet (28000.00) returned to Barloss
Barloss does not show
*** SUMMARY ***
Total pot 52000.00
Seat 1: boratdog folded on the Pre-Flop and did not bet
Seat 2: Barloss did not show and won 52000.00
Seat 3: eNt_ folded on the Pre-Flop and did not bet
Seat 4: FEEDTHEPENGUIN (button) folded on the Pre-Flop
Seat 5: sssmcom (small blind) folded on the Pre-Flop
Seat 6: once_ (big blind) folded on the Pre-Flop
Seat 7: jbuxo folded on the Pre-Flop and did not bet
Seat 8: lipesticky folded on the Pre-Flop and did not bet

Game Hand #2018644521 - Tournament #31146371 - Holdem (No Limit) - Level 21 (4000.00/8000.00)- 2024/02/05 20:47:20 UTC
Table '58' 8-max Seat #5 is the button
Seat 1: boratdog (166227.00)
Seat 2: Barloss (255688.00)
Seat 3: eNt_ (248530.00)
Seat 4: FEEDTHEPENGUIN (119783.00)
Seat 5: sssmcom (78341.00)
Seat 6: once_ (123274.00)
Seat 7: jbuxo (108960.00)
Seat 8: lipesticky (241992.00)
boratdog posts ante 1000.00
Barloss posts ante 1000.00
eNt_ posts ante 1000.00
FEEDTHEPENGUIN posts ante 1000.00
sssmcom posts ante 1000.00
once_ posts ante 1000.00
jbuxo posts ante 1000.00
lipesticky posts ante 1000.00
once_ posts the small blind 4000.00
jbuxo posts the big blind 8000.00
*** HOLE CARDS ***
Main pot 8000.00
Dealt to lipesticky [9h 7h]
lipesticky folds
boratdog folds
Barloss folds
eNt_ folds
FEEDTHEPENGUIN folds
sssmcom folds
once_ raises 118274.00 to 122274.00 and is all-in
jbuxo folds
jbuxo shows [2s -]
Uncalled bet (114274.00) returned to once_
once_ does not show
*** SUMMARY ***
Total pot 24000.00
Seat 1: boratdog folded on the Pre-Flop and did not bet
Seat 2: Barloss folded on the Pre-Flop and did not bet
Seat 3: eNt_ folded on the Pre-Flop and did not bet
Seat 4: FEEDTHEPENGUIN folded on the Pre-Flop and did not bet
Seat 5: sssmcom (button) folded on the Pre-Flop
Seat 6: once_ did not show and won 24000.00
Seat 7: jbuxo (big blind) showed [2s -] and folded on the Pre-Flop
Seat 8: lipesticky folded on the Pre-Flop and did not bet

Game Hand #2018645544 - Tournament #31146371 - Holdem (No Limit) - Level 21 (4000.00/8000.00)- 2024/02/05 20:48:20 UTC
Table '58' 8-max Seat #6 is the button
Seat 1: boratdog (165227.00)
Seat 2: Barloss (254688.00)
Seat 3: eNt_ (247530.00)
Seat 4: FEEDTHEPENGUIN (118783.00)
Seat 5: sssmcom (77341.00)
Seat 6: once_ (138274.00)
Seat 7: jbuxo (99960.00)
Seat 8: lipesticky (240992.00)
boratdog posts ante 1000.00
Barloss posts ante 1000.00
eNt_ posts ante 1000.00
FEEDTHEPENGUIN posts ante 1000.00
sssmcom posts ante 1000.00
once_ posts ante 1000.00
jbuxo posts ante 1000.00
lipesticky posts ante 1000.00
jbuxo posts the small blind 4000.00
lipesticky posts the big blind 8000.00
*** HOLE CARDS ***
Main pot 8000.00
Dealt to lipesticky [Ah 5h]
boratdog folds
Barloss folds
eNt_ folds
FEEDTHEPENGUIN folds
sssmcom folds
once_ folds
jbuxo folds
lipesticky does not show
*** SUMMARY ***
Total pot 20000.00
Seat 1: boratdog folded on the Pre-Flop and did not bet
Seat 2: Barloss folded on the Pre-Flop and did not bet
Seat 3: eNt_ folded on the Pre-Flop and did not bet
Seat 4: FEEDTHEPENGUIN folded on the Pre-Flop and did not bet
Seat 5: sssmcom folded on the Pre-Flop and did not bet
Seat 6: once_ (button) folded on the Pre-Flop
Seat 7: jbuxo (small blind) folded on the Pre-Flop
Seat 8: lipesticky did not show and won 20000.00

Game Hand #2018646084 - Tournament #31146371 - Holdem (No Limit) - Level 21 (4000.00/8000.00)- 2024/02/05 20:48:52 UTC
Table '58' 8-max Seat #7 is the button
Seat 1: boratdog (164227.00)
Seat 2: Barloss (253688.00)
Seat 3: eNt_ (246530.00)
Seat 4: FEEDTHEPENGUIN (117783.00)
Seat 5: sssmcom (76341.00)
Seat 6: once_ (137274.00)
Seat 7: jbuxo (94960.00)
Seat 8: lipesticky (251992.00)
boratdog posts ante 1000.00
Barloss posts ante 1000.00
eNt_ posts ante 1000.00
FEEDTHEPENGUIN posts ante 1000.00
sssmcom posts ante 1000.00
once_ posts ante 1000.00
jbuxo posts ante 1000.00
lipesticky posts ante 1000.00
lipesticky posts the small blind 4000.00
boratdog posts the big blind 8000.00
*** HOLE CARDS ***
Main pot 8000.00
Dealt to lipesticky [7s Ah]
Barloss folds
eNt_ folds
FEEDTHEPENGUIN folds
sssmcom folds
once_ folds
jbuxo folds
lipesticky raises 246992.00 to 250992.00 and is all-in
boratdog folds
Uncalled bet (242992.00) returned to lipesticky
lipesticky does not show
*** SUMMARY ***
Total pot 24000.00
Seat 1: boratdog (big blind) folded on the Pre-Flop
Seat 2: Barloss folded on the Pre-Flop and did not bet
Seat 3: eNt_ folded on the Pre-Flop and did not bet
Seat 4: FEEDTHEPENGUIN folded on the Pre-Flop and did not bet
Seat 5: sssmcom folded on the Pre-Flop and did not bet
Seat 6: once_ folded on the Pre-Flop and did not bet
Seat 7: jbuxo (button) folded on the Pre-Flop
Seat 8: lipesticky did not show and won 24000.00

Game Hand #2018647200 - Tournament #31146371 - Holdem (No Limit) - Level 21 (4000.00/8000.00)- 2024/02/05 20:49:58 UTC
Table '58' 8-max Seat #8 is the button
Seat 1: boratdog (155227.00)
Seat 2: Barloss (252688.00)
Seat 3: eNt_ (245530.00)
Seat 4: FEEDTHEPENGUIN (116783.00)
Seat 5: sssmcom (75341.00)
Seat 6: once_ (136274.00)
Seat 7: jbuxo (93960.00)
Seat 8: lipesticky (266992.00)
boratdog posts ante 1000.00
Barloss posts ante 1000.00
eNt_ posts ante 1000.00
FEEDTHEPENGUIN posts ante 1000.00
sssmcom posts ante 1000.00
once_ posts ante 1000.00
jbuxo posts ante 1000.00
lipesticky posts ante 1000.00
boratdog posts the small blind 4000.00
Barloss posts the big blind 8000.00
*** HOLE CARDS ***
Main pot 8000.00
Dealt to lipesticky [9h 6d]
eNt_ folds
FEEDTHEPENGUIN folds
sssmcom folds
once_ folds
jbuxo folds
lipesticky folds
boratdog calls 4000.00
Barloss checks
*** FLOP *** [6s Jc 7s]
Main pot 24000.00
boratdog bets 8000.00
Barloss calls 8000.00
*** TURN *** [6s Jc 7s] [7c]
Main pot 40000.00
boratdog checks
Barloss checks
*** RIVER *** [6s Jc 7s 7c] [Qh]
Main pot 40000.00
boratdog bets 30000.00
Barloss folds
Uncalled bet (30000.00) returned to boratdog
boratdog does not show
*** SUMMARY ***
Total pot 40000.00
Board [6s Jc 7s 7c Qh]
Seat 1: boratdog did not show and won 40000.00
Seat 2: Barloss (big blind) folded on the River
Seat 3: eNt_ folded on the Pre-Flop and did not bet
Seat 4: FEEDTHEPENGUIN folded on the Pre-Flop and did not bet
Seat 5: sssmcom folded on the Pre-Flop and did not bet
Seat 6: once_ folded on the Pre-Flop and did not bet
Seat 7: jbuxo folded on the Pre-Flop and did not bet
Seat 8: lipesticky (button) folded on the Pre-Flop

Game Hand #2018649874 - Tournament #31146371 - Holdem (No Limit) - Level 21 (4000.00/8000.00)- 2024/02/05 20:52:35 UTC
Table '58' 8-max Seat #1 is the button
Seat 1: boratdog (178227.00)
Seat 2: Barloss (235688.00)
Seat 3: eNt_ (244530.00)
Seat 4: FEEDTHEPENGUIN (115783.00)
Seat 5: sssmcom (74341.00)
Seat 6: once_ (135274.00)
Seat 7: jbuxo (92960.00)
Seat 8: lipesticky (265992.00)
boratdog posts ante 1000.00
Barloss posts ante 1000.00
eNt_ posts ante 1000.00
FEEDTHEPENGUIN posts ante 1000.00
sssmcom posts ante 1000.00
once_ posts ante 1000.00
jbuxo posts ante 1000.00
lipesticky posts ante 1000.00
Barloss posts the small blind 4000.00
eNt_ posts the big blind 8000.00
*** HOLE CARDS ***
Main pot 8000.00
Dealt to lipesticky [9s Qd]
FEEDTHEPENGUIN folds
sssmcom folds
once_ folds
jbuxo folds
lipesticky raises 16800.00 to 16800.00
boratdog folds
Barloss folds
eNt_ raises 33600.00 to 41600.00
lipesticky folds
Uncalled bet (24800.00) returned to eNt_
eNt_ does not show
*** SUMMARY ***
Total pot 45600.00
Seat 1: boratdog (button) folded on the Pre-Flop
Seat 2: Barloss (small blind) folded on the Pre-Flop
Seat 3: eNt_ did not show and won 45600.00
Seat 4: FEEDTHEPENGUIN folded on the Pre-Flop and did not bet
Seat 5: sssmcom folded on the Pre-Flop and did not bet
Seat 6: once_ folded on the Pre-Flop and did not bet
Seat 7: jbuxo folded on the Pre-Flop and did not bet
Seat 8: lipesticky folded on the Pre-Flop and did not bet

Game Hand #2018651597 - Tournament #31146371 - Holdem (No Limit) - Level 22 (5000.00/10000.00)- 2024/02/05 20:54:14 UTC
Table '58' 8-max Seat #2 is the button
Seat 1: boratdog (177227.00)
Seat 2: Barloss (230688.00)
Seat 3: eNt_ (272330.00)
Seat 4: FEEDTHEPENGUIN (114783.00)
Seat 5: sssmcom (73341.00)
Seat 6: once_ (134274.00)
Seat 7: jbuxo (91960.00)
Seat 8: lipesticky (248192.00)
boratdog posts ante 1250.00
Barloss posts ante 1250.00
eNt_ posts ante 1250.00
FEEDTHEPENGUIN posts ante 1250.00
sssmcom posts ante 1250.00
once_ posts ante 1250.00
jbuxo posts ante 1250.00
lipesticky posts ante 1250.00
eNt_ posts the small blind 5000.00
FEEDTHEPENGUIN posts the big blind 10000.00
*** HOLE CARDS ***
Main pot 10000.00
Dealt to lipesticky [Qh 7h]
sssmcom folds
once_ folds
jbuxo folds
lipesticky raises 21000.00 to 21000.00
boratdog folds
Barloss raises 57000.00 to 57000.00
eNt_ folds
FEEDTHEPENGUIN folds
lipesticky folds
Uncalled bet (36000.00) returned to Barloss
Barloss does not show
*** SUMMARY ***
Total pot 67000.00
Seat 1: boratdog folded on the Pre-Flop and did not bet
Seat 2: Barloss did not show and won 67000.00
Seat 3: eNt_ (small blind) folded on the Pre-Flop
Seat 4: FEEDTHEPENGUIN (big blind) folded on the Pre-Flop
Seat 5: sssmcom folded on the Pre-Flop and did not bet
Seat 6: once_ folded on the Pre-Flop and did not bet
Seat 7: jbuxo folded on the Pre-Flop and did not bet
Seat 8: lipesticky folded on the Pre-Flop and did not bet

Game Hand #2018655406 - Tournament #31146371 - Holdem (No Limit) - Level 22 (5000.00/10000.00)- 2024/02/05 21:01:14 UTC
Table '58' 8-max Seat #3 is the button
Seat 1: boratdog (175977.00)
Seat 2: Barloss (275438.00)
Seat 3: eNt_ (266080.00)
Seat 4: FEEDTHEPENGUIN (103533.00)
Seat 5: sssmcom (72091.00)
Seat 6: once_ (133024.00)
Seat 7: jbuxo (90710.00)
Seat 8: lipesticky (225942.00)
boratdog posts ante 1250.00
Barloss posts ante 1250.00
eNt_ posts ante 1250.00
FEEDTHEPENGUIN posts ante 1250.00
sssmcom posts ante 1250.00
once_ posts ante 1250.00
jbuxo posts ante 1250.00
lipesticky posts ante 1250.00
FEEDTHEPENGUIN posts the small blind 5000.00
sssmcom posts the big blind 10000.00
*** HOLE CARDS ***
Main pot 10000.00
Dealt to lipesticky [3d Tc]
once_ folds
jbuxo folds
lipesticky folds
boratdog folds
Barloss folds
eNt_ folds
FEEDTHEPENGUIN raises 97283.00 to 102283.00 and is all-in
sssmcom folds
Uncalled bet (92283.00) returned to FEEDTHEPENGUIN
FEEDTHEPENGUIN does not show
*** SUMMARY ***
Total pot 30000.00
Seat 1: boratdog folded on the Pre-Flop and did not bet
Seat 2: Barloss folded on the Pre-Flop and did not bet
Seat 3: eNt_ (button) folded on the Pre-Flop
Seat 4: FEEDTHEPENGUIN did not show and won 30000.00
Seat 5: sssmcom (big blind) folded on the Pre-Flop
Seat 6: once_ folded on the Pre-Flop and did not bet
Seat 7: jbuxo folded on the Pre-Flop and did not bet
Seat 8: lipesticky folded on the Pre-Flop and did not bet

Game Hand #2018656332 - Tournament #31146371 - Holdem (No Limit) - Level 22 (5000.00/10000.00)- 2024/02/05 21:02:11 UTC
Table '58' 8-max Seat #4 is the button
Seat 1: boratdog (174727.00)
Seat 2: Barloss (274188.00)
Seat 3: eNt_ (264830.00)
Seat 4: FEEDTHEPENGUIN (122283.00)
Seat 5: sssmcom (60841.00)
Seat 6: once_ (131774.00)
Seat 7: jbuxo (89460.00)
Seat 8: lipesticky (224692.00)
boratdog posts ante 1250.00
Barloss posts ante 1250.00
eNt_ posts ante 1250.00
FEEDTHEPENGUIN posts ante 1250.00
sssmcom posts ante 1250.00
once_ posts ante 1250.00
jbuxo posts ante 1250.00
lipesticky posts ante 1250.00
sssmcom posts the small blind 5000.00
once_ posts the big blind 10000.00
*** HOLE CARDS ***
Main pot 10000.00
Dealt to lipesticky [7h 5h]
jbuxo folds
lipesticky folds
boratdog folds
Barloss folds
eNt_ folds
FEEDTHEPENGUIN folds
sssmcom folds
once_ does not show
*** SUMMARY ***
Total pot 25000.00
Seat 1: boratdog folded on the Pre-Flop and did not bet
Seat 2: Barloss folded on the Pre-Flop and did not bet
Seat 3: eNt_ folded on the Pre-Flop and did not bet
Seat 4: FEEDTHEPENGUIN (button) folded on the Pre-Flop
Seat 5: sssmcom (small blind) folded on the Pre-Flop
Seat 6: once_ did not show and won 25000.00
Seat 7: jbuxo folded on the Pre-Flop and did not bet
Seat 8: lipesticky folded on the Pre-Flop and did not bet

Game Hand #2018657541 - Tournament #31146371 - Holdem (No Limit) - Level 22 (5000.00/10000.00)- 2024/02/05 21:03:23 UTC
Table '58' 8-max Seat #5 is the button
Seat 1: boratdog (173477.00)
Seat 2: Barloss (272938.00)
Seat 3: eNt_ (263580.00)
Seat 4: FEEDTHEPENGUIN (121033.00)
Seat 5: sssmcom (54591.00)
Seat 6: once_ (145524.00)
Seat 7: jbuxo (88210.00)
Seat 8: lipesticky (223442.00)
boratdog posts ante 1250.00
Barloss posts ante 1250.00
eNt_ posts ante 1250.00
FEEDTHEPENGUIN posts ante 1250.00
sssmcom posts ante 1250.00
once_ posts ante 1250.00
jbuxo posts ante 1250.00
lipesticky posts ante 1250.00
once_ posts the small blind 5000.00
jbuxo posts the big blind 10000.00
*** HOLE CARDS ***
Main pot 10000.00
Dealt to lipesticky [9c 9s]
lipesticky raises 20000.00 to 20000.00
boratdog folds
Barloss raises 45000.00 to 45000.00
eNt_ folds
FEEDTHEPENGUIN folds
sssmcom folds
once_ folds
jbuxo folds
lipesticky raises 202192.00 to 222192.00 and is all-in
Barloss calls 177192.00
*** FLOP *** [Ts 5c 3c]
Main pot 469384.00
*** TURN *** [Ts 5c 3c] [7d]
Main pot 469384.00
*** RIVER *** [Ts 5c 3c 7d] [Jc]
Main pot 469384.00
*** SHOW DOWN ***
Main pot 469384.00
Barloss shows [Qs Qc] (a pair of Queens [Qs Qc Jc Ts 7d])
lipesticky shows [9c 9s] (a pair of Nines [9s 9c Jc Ts 7d])
Barloss collected 469384.00 from main pot
*** SUMMARY ***
Total pot 469384.00
Board [Ts 5c 3c 7d Jc]
Seat 1: boratdog folded on the Pre-Flop and did not bet
Seat 2: Barloss showed [Qs Qc] and won 469384.00 with a pair of Queens [Qs Qc Jc Ts 7d]
Seat 3: eNt_ folded on the Pre-Flop and did not bet
Seat 4: FEEDTHEPENGUIN folded on the Pre-Flop and did not bet
Seat 5: sssmcom (button) folded on the Pre-Flop
Seat 6: once_ (small blind) folded on the Pre-Flop
Seat 7: jbuxo (big blind) folded on the Pre-Flop
Seat 8: lipesticky showed [9c 9s] and lost with a pair of Nines [9s 9c Jc Ts 7d]

