Game Hand #2018605577 - Tournament #31146529 - Holdem (No Limit) - Level 12 (1250.00/2500.00)- 2024/02/05 20:11:14 UTC
Table '16' 6-max Seat #2 is the button
Seat 1: iNewilx (24700.00)
Seat 2: EZ4ENCE (23450.00)
Seat 3: ProbeJam (26850.00)
Seat 4: ItsOnlyBusines (25000.00)
Seat 5: ALVORNOMAPAA (25000.00)
Seat 6: lipesticky (25000.00)
iNewilx posts ante 300.00
EZ4ENCE posts ante 300.00
ProbeJam posts ante 300.00
ItsOnlyBusines posts ante 300.00
ALVORNOMAPAA posts ante 300.00
lipesticky posts ante 300.00
ProbeJam posts the small blind 1250.00
ItsOnlyBusines posts the big blind 2500.00
*** HOLE CARDS ***
Main pot 1800.00
Dealt to lipesticky [8h Qc]
ALVORNOMAPAA folds
lipesticky folds
iNewilx folds
EZ4ENCE folds
ProbeJam raises 25300.00 to 26550.00 and is all-in
ItsOnlyBusines folds
Uncalled bet (24050.00) returned to ProbeJam
ProbeJam does not show
*** SUMMARY ***
Total pot 6800.00
Seat 1: iNewilx folded on the Pre-Flop and did not bet
Seat 2: EZ4ENCE (button) folded on the Pre-Flop
Seat 3: ProbeJam did not show and won 6800.00
Seat 4: ItsOnlyBusines (big blind) folded on the Pre-Flop
Seat 5: ALVORNOMAPAA folded on the Pre-Flop and did not bet
Seat 6: lipesticky folded on the Pre-Flop and did not bet

Game Hand #2018606283 - Tournament #31146529 - Holdem (No Limit) - Level 12 (1250.00/2500.00)- 2024/02/05 20:11:52 UTC
Table '16' 6-max Seat #3 is the button
Seat 1: iNewilx (24400.00)
Seat 2: EZ4ENCE (23150.00)
Seat 3: ProbeJam (30850.00)
Seat 4: ItsOnlyBusines (22200.00)
Seat 5: ALVORNOMAPAA (24700.00)
Seat 6: lipesticky (24700.00)
iNewilx posts ante 300.00
EZ4ENCE posts ante 300.00
ProbeJam posts ante 300.00
ItsOnlyBusines posts ante 300.00
ALVORNOMAPAA posts ante 300.00
lipesticky posts ante 300.00
ItsOnlyBusines posts the small blind 1250.00
ALVORNOMAPAA posts the big blind 2500.00
*** HOLE CARDS ***
Main pot 1800.00
Dealt to lipesticky [5s 5d]
lipesticky raises 24400.00 to 24400.00 and is all-in
iNewilx folds
EZ4ENCE folds
ProbeJam folds
ItsOnlyBusines folds
ALVORNOMAPAA calls 21900.00 and is all-in
*** FLOP *** [3s Jh Th]
Main pot 51850.00
*** TURN *** [3s Jh Th] [3h]
Main pot 51850.00
*** RIVER *** [3s Jh Th 3h] [8s]
Main pot 51850.00
*** SHOW DOWN ***
Main pot 51850.00
ALVORNOMAPAA shows [7d Ah] (a pair of Threes [3s 3h Ah Jh Th])
lipesticky shows [5s 5d] (two pair, Fives and Threes [5s 5d 3s 3h Jh])
lipesticky collected 51850.00 from main pot
*** SUMMARY ***
Total pot 51850.00
Board [3s Jh Th 3h 8s]
Seat 1: iNewilx folded on the Pre-Flop and did not bet
Seat 2: EZ4ENCE folded on the Pre-Flop and did not bet
Seat 3: ProbeJam (button) folded on the Pre-Flop
Seat 4: ItsOnlyBusines (small blind) folded on the Pre-Flop
Seat 5: ALVORNOMAPAA (big blind) showed [7d Ah] and lost with a pair of Threes [3s 3h Ah Jh Th]
Seat 6: lipesticky showed [5s 5d] and won 51850.00 with two pair, Fives and Threes [5s 5d 3s 3h Jh]

