Game Hand #2021593198 - Tournament #31163912 - Holdem (No Limit) - Level 20 (5000.00/10000.00)- 2024/02/08 23:23:46 UTC
Table '32' 8-max Seat #7 is the button
Seat 1: chernis (153144.00)
Seat 2: vaicalhau (282884.00)
Seat 3: Winnerfsh (466377.00)
Seat 5: lipesticky (448475.00)
Seat 6: dowggabrie471 (290132.00)
Seat 7: rookie1609x (118724.00)
Seat 8: Paquito369 (132366.00)
chernis posts ante 1250.00
vaicalhau posts ante 1250.00
Winnerfsh posts ante 1250.00
lipesticky posts ante 1250.00
dowggabrie471 posts ante 1250.00
rookie1609x posts ante 1250.00
Paquito369 posts ante 1250.00
Paquito369 posts the small blind 5000.00
chernis posts the big blind 10000.00
*** HOLE CARDS ***
Main pot 8750.00
Dealt to lipesticky [Ks 2s]
vaicalhau raises 21000.00 to 21000.00
Winnerfsh folds
lipesticky folds
dowggabrie471 folds
rookie1609x folds
Paquito369 folds
chernis calls 11000.00
*** FLOP *** [8s 2c Ah]
Main pot 55750.00
chernis checks
vaicalhau bets 13938.00
chernis calls 13938.00
*** TURN *** [8s 2c Ah] [9d]
Main pot 83626.00
chernis checks
vaicalhau bets 37597.00
chernis raises 116956.00 to 116956.00 and is all-in
vaicalhau calls 79359.00
*** RIVER *** [8s 2c Ah 9d] [Kc]
Main pot 317538.00
*** SHOW DOWN ***
Main pot 317538.00
chernis shows [Ac 5h] (a pair of Aces [Ah Ac Kc 9d 8s])
vaicalhau shows [Kh Ad] (two pair, Aces and Kings [Ah Ad Kh Kc 9d])
vaicalhau collected 317538.00 from main pot
*** SUMMARY ***
Total pot 317538.00
Board [8s 2c Ah 9d Kc]
Seat 1: chernis (big blind) showed [Ac 5h] and lost with a pair of Aces [Ah Ac Kc 9d 8s]
Seat 2: vaicalhau showed [Kh Ad] and won 317538.00 with two pair, Aces and Kings [Ah Ad Kh Kc 9d]
Seat 3: Winnerfsh folded on the Pre-Flop and did not bet
Seat 5: lipesticky folded on the Pre-Flop and did not bet
Seat 6: dowggabrie471 folded on the Pre-Flop and did not bet
Seat 7: rookie1609x (button) folded on the Pre-Flop
Seat 8: Paquito369 (small blind) folded on the Pre-Flop

Game Hand #2021594461 - Tournament #31163912 - Holdem (No Limit) - Level 21 (6000.00/12000.00)- 2024/02/08 23:24:54 UTC
Table '36' 8-max Seat #6 is the button
Seat 1: bk2mcdssoon (125996.00)
Seat 2: lipesticky (447225.00)
Seat 3: DeezNitz (128953.00)
Seat 4: aviciistomach (253673.00)
Seat 5: diegojbeltran (221075.00)
Seat 6: sharkasm (380955.00)
Seat 7: vaicalhau will be allowed to play after the button
Seat 8: beni2021 (573596.00)
bk2mcdssoon posts ante 1500.00
lipesticky posts ante 1500.00
DeezNitz posts ante 1500.00
aviciistomach posts ante 1500.00
diegojbeltran posts ante 1500.00
sharkasm posts ante 1500.00
beni2021 posts ante 1500.00
beni2021 posts the small blind 6000.00
bk2mcdssoon posts the big blind 12000.00
*** HOLE CARDS ***
Main pot 10500.00
Dealt to lipesticky [2d Qs]
lipesticky folds
DeezNitz folds
aviciistomach raises 24000.00 to 24000.00
diegojbeltran folds
sharkasm folds
beni2021 raises 566096.00 to 572096.00 and is all-in
bk2mcdssoon folds
aviciistomach calls 228173.00 and is all-in
Uncalled bet (319923.00) returned to beni2021
*** FLOP *** [Kd Ah 3d]
Main pot 526846.00
*** TURN *** [Kd Ah 3d] [9d]
Main pot 526846.00
*** RIVER *** [Kd Ah 3d 9d] [6h]
Main pot 526846.00
*** SHOW DOWN ***
Main pot 526846.00
aviciistomach shows [Ac Qh] (a pair of Aces [Ah Ac Kd Qh 9d])
beni2021 shows [Td Jd] (a flush, King high [Kd Jd Td 9d 3d])
beni2021 collected 526846.00 from main pot
*** SUMMARY ***
Total pot 526846.00
Board [Kd Ah 3d 9d 6h]
Seat 1: bk2mcdssoon (big blind) folded on the Pre-Flop
Seat 2: lipesticky folded on the Pre-Flop and did not bet
Seat 3: DeezNitz folded on the Pre-Flop and did not bet
Seat 4: aviciistomach showed [Ac Qh] and lost with a pair of Aces [Ah Ac Kd Qh 9d]
Seat 5: diegojbeltran folded on the Pre-Flop and did not bet
Seat 6: sharkasm (button) folded on the Pre-Flop
Seat 8: beni2021 (small blind) showed [Td Jd] and won 526846.00 with a flush, King high [Kd Jd Td 9d 3d]

Game Hand #2021595524 - Tournament #31163912 - Holdem (No Limit) - Level 21 (6000.00/12000.00)- 2024/02/08 23:25:52 UTC
Table '36' 8-max Seat #8 is the button
Seat 1: bk2mcdssoon (112496.00)
Seat 2: lipesticky (445725.00)
Seat 3: DeezNitz (127453.00)
Seat 5: diegojbeltran (219575.00)
Seat 6: sharkasm (379455.00)
Seat 7: vaicalhau (447278.00)
Seat 8: beni2021 (846769.00)
bk2mcdssoon posts ante 1500.00
lipesticky posts ante 1500.00
DeezNitz posts ante 1500.00
diegojbeltran posts ante 1500.00
sharkasm posts ante 1500.00
vaicalhau posts ante 1500.00
beni2021 posts ante 1500.00
bk2mcdssoon posts the small blind 6000.00
lipesticky posts the big blind 12000.00
*** HOLE CARDS ***
Main pot 10500.00
Dealt to lipesticky [6s 8c]
DeezNitz raises 24000.00 to 24000.00
diegojbeltran folds
sharkasm folds
vaicalhau folds
beni2021 folds
bk2mcdssoon folds
lipesticky folds
Uncalled bet (12000.00) returned to DeezNitz
DeezNitz does not show
*** SUMMARY ***
Total pot 40500.00
Seat 1: bk2mcdssoon (small blind) folded on the Pre-Flop
Seat 2: lipesticky (big blind) folded on the Pre-Flop
Seat 3: DeezNitz did not show and won 40500.00
Seat 5: diegojbeltran folded on the Pre-Flop and did not bet
Seat 6: sharkasm folded on the Pre-Flop and did not bet
Seat 7: vaicalhau folded on the Pre-Flop and did not bet
Seat 8: beni2021 (button) folded on the Pre-Flop

Game Hand #2021596047 - Tournament #31163912 - Holdem (No Limit) - Level 21 (6000.00/12000.00)- 2024/02/08 23:26:20 UTC
Table '36' 8-max Seat #1 is the button
Seat 1: bk2mcdssoon (104996.00)
Seat 2: lipesticky (432225.00)
Seat 3: DeezNitz (154453.00)
Seat 5: diegojbeltran (218075.00)
Seat 6: sharkasm (377955.00)
Seat 7: vaicalhau (445778.00)
Seat 8: beni2021 (845269.00)
bk2mcdssoon posts ante 1500.00
lipesticky posts ante 1500.00
DeezNitz posts ante 1500.00
diegojbeltran posts ante 1500.00
sharkasm posts ante 1500.00
vaicalhau posts ante 1500.00
beni2021 posts ante 1500.00
lipesticky posts the small blind 6000.00
DeezNitz posts the big blind 12000.00
*** HOLE CARDS ***
Main pot 10500.00
Dealt to lipesticky [Qd 8s]
diegojbeltran raises 24000.00 to 24000.00
sharkasm folds
vaicalhau folds
beni2021 folds
bk2mcdssoon folds
lipesticky folds
DeezNitz folds
Uncalled bet (12000.00) returned to diegojbeltran
diegojbeltran does not show
*** SUMMARY ***
Total pot 40500.00
Seat 1: bk2mcdssoon (button) folded on the Pre-Flop
Seat 2: lipesticky (small blind) folded on the Pre-Flop
Seat 3: DeezNitz (big blind) folded on the Pre-Flop
Seat 5: diegojbeltran did not show and won 40500.00
Seat 6: sharkasm folded on the Pre-Flop and did not bet
Seat 7: vaicalhau folded on the Pre-Flop and did not bet
Seat 8: beni2021 folded on the Pre-Flop and did not bet

Game Hand #2021596823 - Tournament #31163912 - Holdem (No Limit) - Level 21 (6000.00/12000.00)- 2024/02/08 23:27:00 UTC
Table '36' 8-max Seat #2 is the button
Seat 1: bk2mcdssoon (103496.00)
Seat 2: lipesticky (424725.00)
Seat 3: DeezNitz (140953.00)
Seat 5: diegojbeltran (245075.00)
Seat 6: sharkasm (376455.00)
Seat 7: vaicalhau (444278.00)
Seat 8: beni2021 (843769.00)
bk2mcdssoon posts ante 1500.00
lipesticky posts ante 1500.00
DeezNitz posts ante 1500.00
diegojbeltran posts ante 1500.00
sharkasm posts ante 1500.00
vaicalhau posts ante 1500.00
beni2021 posts ante 1500.00
DeezNitz posts the small blind 6000.00
diegojbeltran posts the big blind 12000.00
*** HOLE CARDS ***
Main pot 10500.00
Dealt to lipesticky [Jh Ah]
sharkasm raises 24000.00 to 24000.00
vaicalhau folds
beni2021 folds
bk2mcdssoon folds
lipesticky calls 24000.00
DeezNitz raises 133453.00 to 139453.00 and is all-in
diegojbeltran folds
sharkasm raises 350955.00 to 374955.00 and is all-in
lipesticky folds
Uncalled bet (235502.00) returned to sharkasm
*** FLOP *** [Jd 5d Ks]
Main pot 325406.00
*** TURN *** [Jd 5d Ks] [9s]
Main pot 325406.00
*** RIVER *** [Jd 5d Ks 9s] [Qs]
Main pot 325406.00
*** SHOW DOWN ***
Main pot 325406.00
DeezNitz shows [Ts Js] (a straight flush, King high [Ks Qs Js Ts 9s])
sharkasm shows [Ad Qd] (a pair of Queens [Qs Qd Ad Ks Jd])
DeezNitz collected 325406.00 from main pot
*** SUMMARY ***
Total pot 325406.00
Board [Jd 5d Ks 9s Qs]
Seat 1: bk2mcdssoon folded on the Pre-Flop and did not bet
Seat 2: lipesticky (button) folded on the Pre-Flop
Seat 3: DeezNitz (small blind) showed [Ts Js] and won 325406.00 with a straight flush, King high [Ks Qs Js Ts 9s]
Seat 5: diegojbeltran (big blind) folded on the Pre-Flop
Seat 6: sharkasm showed [Ad Qd] and lost with a pair of Queens [Qs Qd Ad Ks Jd]
Seat 7: vaicalhau folded on the Pre-Flop and did not bet
Seat 8: beni2021 folded on the Pre-Flop and did not bet

Game Hand #2021597760 - Tournament #31163912 - Holdem (No Limit) - Level 21 (6000.00/12000.00)- 2024/02/08 23:27:53 UTC
Table '36' 8-max Seat #3 is the button
Seat 1: bk2mcdssoon (101996.00)
Seat 2: lipesticky (399225.00)
Seat 3: DeezNitz (325406.00)
Seat 5: diegojbeltran (231575.00)
Seat 6: sharkasm (235502.00)
Seat 7: vaicalhau (442778.00)
Seat 8: beni2021 (842269.00)
bk2mcdssoon posts ante 1500.00
lipesticky posts ante 1500.00
DeezNitz posts ante 1500.00
diegojbeltran posts ante 1500.00
sharkasm posts ante 1500.00
vaicalhau posts ante 1500.00
beni2021 posts ante 1500.00
diegojbeltran posts the small blind 6000.00
sharkasm posts the big blind 12000.00
*** HOLE CARDS ***
Main pot 10500.00
Dealt to lipesticky [Ts 3s]
vaicalhau folds
beni2021 folds
bk2mcdssoon folds
lipesticky folds
DeezNitz raises 24000.00 to 24000.00
diegojbeltran raises 224075.00 to 230075.00 and is all-in
sharkasm folds
DeezNitz folds
Uncalled bet (206075.00) returned to diegojbeltran
diegojbeltran does not show
*** SUMMARY ***
Total pot 70500.00
Seat 1: bk2mcdssoon folded on the Pre-Flop and did not bet
Seat 2: lipesticky folded on the Pre-Flop and did not bet
Seat 3: DeezNitz (button) folded on the Pre-Flop
Seat 5: diegojbeltran did not show and won 70500.00
Seat 6: sharkasm (big blind) folded on the Pre-Flop
Seat 7: vaicalhau folded on the Pre-Flop and did not bet
Seat 8: beni2021 folded on the Pre-Flop and did not bet

Game Hand #2021598470 - Tournament #31163912 - Holdem (No Limit) - Level 21 (6000.00/12000.00)- 2024/02/08 23:28:31 UTC
Table '36' 8-max Seat #5 is the button
Seat 1: bk2mcdssoon (100496.00)
Seat 2: lipesticky (397725.00)
Seat 3: DeezNitz (299906.00)
Seat 5: diegojbeltran (276575.00)
Seat 6: sharkasm (222002.00)
Seat 7: vaicalhau (441278.00)
Seat 8: beni2021 (840769.00)
bk2mcdssoon posts ante 1500.00
lipesticky posts ante 1500.00
DeezNitz posts ante 1500.00
diegojbeltran posts ante 1500.00
sharkasm posts ante 1500.00
vaicalhau posts ante 1500.00
beni2021 posts ante 1500.00
sharkasm posts the small blind 6000.00
vaicalhau posts the big blind 12000.00
*** HOLE CARDS ***
Main pot 10500.00
Dealt to lipesticky [Td 3d]
beni2021 folds
bk2mcdssoon folds
lipesticky folds
DeezNitz folds
diegojbeltran folds
sharkasm raises 214502.00 to 220502.00 and is all-in
vaicalhau folds
Uncalled bet (208502.00) returned to sharkasm
sharkasm does not show
*** SUMMARY ***
Total pot 34500.00
Seat 1: bk2mcdssoon folded on the Pre-Flop and did not bet
Seat 2: lipesticky folded on the Pre-Flop and did not bet
Seat 3: DeezNitz folded on the Pre-Flop and did not bet
Seat 5: diegojbeltran (button) folded on the Pre-Flop
Seat 6: sharkasm did not show and won 34500.00
Seat 7: vaicalhau (big blind) folded on the Pre-Flop
Seat 8: beni2021 folded on the Pre-Flop and did not bet

Game Hand #2021599043 - Tournament #31163912 - Holdem (No Limit) - Level 21 (6000.00/12000.00)- 2024/02/08 23:29:02 UTC
Table '36' 8-max Seat #6 is the button
Seat 1: bk2mcdssoon (98996.00)
Seat 2: lipesticky (396225.00)
Seat 3: DeezNitz (298406.00)
Seat 5: diegojbeltran (275075.00)
Seat 6: sharkasm (243002.00)
Seat 7: vaicalhau (427778.00)
Seat 8: beni2021 (839269.00)
bk2mcdssoon posts ante 1500.00
lipesticky posts ante 1500.00
DeezNitz posts ante 1500.00
diegojbeltran posts ante 1500.00
sharkasm posts ante 1500.00
vaicalhau posts ante 1500.00
beni2021 posts ante 1500.00
vaicalhau posts the small blind 6000.00
beni2021 posts the big blind 12000.00
*** HOLE CARDS ***
Main pot 10500.00
Dealt to lipesticky [6d 3c]
bk2mcdssoon folds
lipesticky folds
DeezNitz folds
diegojbeltran folds
sharkasm folds
vaicalhau calls 6000.00
beni2021 checks
*** FLOP *** [8s Ks Tc]
Main pot 34500.00
vaicalhau bets 12000.00
beni2021 raises 42000.00 to 42000.00
vaicalhau calls 30000.00
*** TURN *** [8s Ks Tc] [Js]
Main pot 118500.00
vaicalhau checks
beni2021 bets 88725.00
vaicalhau folds
Uncalled bet (88725.00) returned to beni2021
beni2021 does not show
*** SUMMARY ***
Total pot 118500.00
Board [8s Ks Tc Js]
Seat 1: bk2mcdssoon folded on the Pre-Flop and did not bet
Seat 2: lipesticky folded on the Pre-Flop and did not bet
Seat 3: DeezNitz folded on the Pre-Flop and did not bet
Seat 5: diegojbeltran folded on the Pre-Flop and did not bet
Seat 6: sharkasm (button) folded on the Pre-Flop
Seat 7: vaicalhau (small blind) folded on the Turn
Seat 8: beni2021 did not show and won 118500.00

Game Hand #2021600173 - Tournament #31163912 - Holdem (No Limit) - Level 21 (6000.00/12000.00)- 2024/02/08 23:30:03 UTC
Table '36' 8-max Seat #7 is the button
Seat 1: bk2mcdssoon (97496.00)
Seat 2: lipesticky (394725.00)
Seat 3: DeezNitz (296906.00)
Seat 5: diegojbeltran (273575.00)
Seat 6: sharkasm (241502.00)
Seat 7: vaicalhau (372278.00)
Seat 8: beni2021 (902269.00)
bk2mcdssoon posts ante 1500.00
lipesticky posts ante 1500.00
DeezNitz posts ante 1500.00
diegojbeltran posts ante 1500.00
sharkasm posts ante 1500.00
vaicalhau posts ante 1500.00
beni2021 posts ante 1500.00
beni2021 posts the small blind 6000.00
bk2mcdssoon posts the big blind 12000.00
*** HOLE CARDS ***
Main pot 10500.00
Dealt to lipesticky [4c 7s]
lipesticky folds
DeezNitz folds
diegojbeltran folds
sharkasm folds
vaicalhau folds
beni2021 raises 894769.00 to 900769.00 and is all-in
bk2mcdssoon folds
Uncalled bet (888769.00) returned to beni2021
beni2021 does not show
*** SUMMARY ***
Total pot 34500.00
Seat 1: bk2mcdssoon (big blind) folded on the Pre-Flop
Seat 2: lipesticky folded on the Pre-Flop and did not bet
Seat 3: DeezNitz folded on the Pre-Flop and did not bet
Seat 5: diegojbeltran folded on the Pre-Flop and did not bet
Seat 6: sharkasm folded on the Pre-Flop and did not bet
Seat 7: vaicalhau (button) folded on the Pre-Flop
Seat 8: beni2021 did not show and won 34500.00

Game Hand #2021600621 - Tournament #31163912 - Holdem (No Limit) - Level 21 (6000.00/12000.00)- 2024/02/08 23:30:28 UTC
Table '36' 8-max Seat #8 is the button
Seat 1: bk2mcdssoon (83996.00)
Seat 2: lipesticky (393225.00)
Seat 3: DeezNitz (295406.00)
Seat 5: diegojbeltran (272075.00)
Seat 6: sharkasm (240002.00)
Seat 7: vaicalhau (370778.00)
Seat 8: beni2021 (923269.00)
bk2mcdssoon posts ante 1500.00
lipesticky posts ante 1500.00
DeezNitz posts ante 1500.00
diegojbeltran posts ante 1500.00
sharkasm posts ante 1500.00
vaicalhau posts ante 1500.00
beni2021 posts ante 1500.00
bk2mcdssoon posts the small blind 6000.00
lipesticky posts the big blind 12000.00
*** HOLE CARDS ***
Main pot 10500.00
Dealt to lipesticky [6c 3h]
DeezNitz folds
diegojbeltran folds
sharkasm folds
vaicalhau folds
beni2021 folds
bk2mcdssoon raises 76496.00 to 82496.00 and is all-in
lipesticky folds
Uncalled bet (70496.00) returned to bk2mcdssoon
bk2mcdssoon does not show
*** SUMMARY ***
Total pot 34500.00
Seat 1: bk2mcdssoon did not show and won 34500.00
Seat 2: lipesticky (big blind) folded on the Pre-Flop
Seat 3: DeezNitz folded on the Pre-Flop and did not bet
Seat 5: diegojbeltran folded on the Pre-Flop and did not bet
Seat 6: sharkasm folded on the Pre-Flop and did not bet
Seat 7: vaicalhau folded on the Pre-Flop and did not bet
Seat 8: beni2021 (button) folded on the Pre-Flop

Game Hand #2021601166 - Tournament #31163912 - Holdem (No Limit) - Level 21 (6000.00/12000.00)- 2024/02/08 23:30:56 UTC
Table '36' 8-max Seat #1 is the button
Seat 1: bk2mcdssoon (104996.00)
Seat 2: lipesticky (379725.00)
Seat 3: DeezNitz (293906.00)
Seat 5: diegojbeltran (270575.00)
Seat 6: sharkasm (238502.00)
Seat 7: vaicalhau (369278.00)
Seat 8: beni2021 (921769.00)
bk2mcdssoon posts ante 1500.00
lipesticky posts ante 1500.00
DeezNitz posts ante 1500.00
diegojbeltran posts ante 1500.00
sharkasm posts ante 1500.00
vaicalhau posts ante 1500.00
beni2021 posts ante 1500.00
lipesticky posts the small blind 6000.00
DeezNitz posts the big blind 12000.00
*** HOLE CARDS ***
Main pot 10500.00
Dealt to lipesticky [9h 2h]
diegojbeltran folds
sharkasm raises 24000.00 to 24000.00
vaicalhau folds
beni2021 folds
bk2mcdssoon folds
lipesticky folds
DeezNitz calls 12000.00
*** FLOP *** [Td 7d 5s]
Main pot 64500.00
DeezNitz checks
sharkasm bets 44768.00
DeezNitz calls 44768.00
*** TURN *** [Td 7d 5s] [5c]
Main pot 154036.00
DeezNitz checks
sharkasm bets 44670.00
DeezNitz calls 44670.00
*** RIVER *** [Td 7d 5s 5c] [9c]
Main pot 243376.00
DeezNitz checks
sharkasm checks
*** SHOW DOWN ***
Main pot 243376.00
DeezNitz shows [Ks 5d] (three of a kind, Set of Fives [5s 5d 5c Ks Td])
sharkasm shows [Ad Qd] (a pair of Fives [5s 5c Ad Qd Td])
DeezNitz collected 243376.00 from main pot
*** SUMMARY ***
Total pot 243376.00
Board [Td 7d 5s 5c 9c]
Seat 1: bk2mcdssoon (button) folded on the Pre-Flop
Seat 2: lipesticky (small blind) folded on the Pre-Flop
Seat 3: DeezNitz (big blind) showed [Ks 5d] and won 243376.00 with three of a kind, Set of Fives [5s 5d 5c Ks Td]
Seat 5: diegojbeltran folded on the Pre-Flop and did not bet
Seat 6: sharkasm showed [Ad Qd] and lost with a pair of Fives [5s 5c Ad Qd Td]
Seat 7: vaicalhau folded on the Pre-Flop and did not bet
Seat 8: beni2021 folded on the Pre-Flop and did not bet

Game Hand #2021603595 - Tournament #31163912 - Holdem (No Limit) - Level 22 (7000.00/14000.00)- 2024/02/08 23:33:06 UTC
Table '36' 8-max Seat #2 is the button
Seat 1: bk2mcdssoon (103496.00)
Seat 2: lipesticky (372225.00)
Seat 3: DeezNitz (422344.00)
Seat 5: diegojbeltran (269075.00)
Seat 6: sharkasm (123564.00)
Seat 7: vaicalhau (367778.00)
Seat 8: beni2021 (920269.00)
bk2mcdssoon posts ante 1750.00
lipesticky posts ante 1750.00
DeezNitz posts ante 1750.00
diegojbeltran posts ante 1750.00
sharkasm posts ante 1750.00
vaicalhau posts ante 1750.00
beni2021 posts ante 1750.00
DeezNitz posts the small blind 7000.00
diegojbeltran posts the big blind 14000.00
*** HOLE CARDS ***
Main pot 12250.00
Dealt to lipesticky [Ks 2h]
sharkasm folds
vaicalhau folds
beni2021 folds
bk2mcdssoon raises 101746.00 to 101746.00 and is all-in
lipesticky folds
DeezNitz folds
diegojbeltran folds
Uncalled bet (87746.00) returned to bk2mcdssoon
bk2mcdssoon does not show
*** SUMMARY ***
Total pot 47250.00
Seat 1: bk2mcdssoon did not show and won 47250.00
Seat 2: lipesticky (button) folded on the Pre-Flop
Seat 3: DeezNitz (small blind) folded on the Pre-Flop
Seat 5: diegojbeltran (big blind) folded on the Pre-Flop
Seat 6: sharkasm folded on the Pre-Flop and did not bet
Seat 7: vaicalhau folded on the Pre-Flop and did not bet
Seat 8: beni2021 folded on the Pre-Flop and did not bet

Game Hand #2021603987 - Tournament #31163912 - Holdem (No Limit) - Level 22 (7000.00/14000.00)- 2024/02/08 23:33:28 UTC
Table '36' 8-max Seat #3 is the button
Seat 1: bk2mcdssoon (134996.00)
Seat 2: lipesticky (370475.00)
Seat 3: DeezNitz (413594.00)
Seat 5: diegojbeltran (253325.00)
Seat 6: sharkasm (121814.00)
Seat 7: vaicalhau (366028.00)
Seat 8: beni2021 (918519.00)
bk2mcdssoon posts ante 1750.00
lipesticky posts ante 1750.00
DeezNitz posts ante 1750.00
diegojbeltran posts ante 1750.00
sharkasm posts ante 1750.00
vaicalhau posts ante 1750.00
beni2021 posts ante 1750.00
diegojbeltran posts the small blind 7000.00
sharkasm posts the big blind 14000.00
*** HOLE CARDS ***
Main pot 12250.00
Dealt to lipesticky [2c 2h]
vaicalhau raises 29400.00 to 29400.00
beni2021 folds
bk2mcdssoon folds
lipesticky folds
DeezNitz folds
diegojbeltran folds
sharkasm folds
Uncalled bet (15400.00) returned to vaicalhau
vaicalhau does not show
*** SUMMARY ***
Total pot 47250.00
Seat 1: bk2mcdssoon folded on the Pre-Flop and did not bet
Seat 2: lipesticky folded on the Pre-Flop and did not bet
Seat 3: DeezNitz (button) folded on the Pre-Flop
Seat 5: diegojbeltran (small blind) folded on the Pre-Flop
Seat 6: sharkasm (big blind) folded on the Pre-Flop
Seat 7: vaicalhau did not show and won 47250.00
Seat 8: beni2021 folded on the Pre-Flop and did not bet

Game Hand #2021604487 - Tournament #31163912 - Holdem (No Limit) - Level 22 (7000.00/14000.00)- 2024/02/08 23:33:55 UTC
Table '36' 8-max Seat #5 is the button
Seat 1: bk2mcdssoon (133246.00)
Seat 2: lipesticky (368725.00)
Seat 3: DeezNitz (411844.00)
Seat 5: diegojbeltran (244575.00)
Seat 6: sharkasm (106064.00)
Seat 7: vaicalhau (397528.00)
Seat 8: beni2021 (916769.00)
bk2mcdssoon posts ante 1750.00
lipesticky posts ante 1750.00
DeezNitz posts ante 1750.00
diegojbeltran posts ante 1750.00
sharkasm posts ante 1750.00
vaicalhau posts ante 1750.00
beni2021 posts ante 1750.00
sharkasm posts the small blind 7000.00
vaicalhau posts the big blind 14000.00
*** HOLE CARDS ***
Main pot 12250.00
Dealt to lipesticky [4c 9h]
beni2021 folds
bk2mcdssoon folds
lipesticky folds
DeezNitz folds
diegojbeltran folds
sharkasm folds
sharkasm shows [2c 5h]
vaicalhau does not show
*** SUMMARY ***
Total pot 33250.00
Seat 1: bk2mcdssoon folded on the Pre-Flop and did not bet
Seat 2: lipesticky folded on the Pre-Flop and did not bet
Seat 3: DeezNitz folded on the Pre-Flop and did not bet
Seat 5: diegojbeltran (button) folded on the Pre-Flop
Seat 6: sharkasm (small blind) showed [2c 5h] and folded on the Pre-Flop
Seat 7: vaicalhau did not show and won 33250.00
Seat 8: beni2021 folded on the Pre-Flop and did not bet

Game Hand #2021604844 - Tournament #31163912 - Holdem (No Limit) - Level 22 (7000.00/14000.00)- 2024/02/08 23:34:15 UTC
Table '36' 8-max Seat #6 is the button
Seat 1: bk2mcdssoon (131496.00)
Seat 2: lipesticky (366975.00)
Seat 3: DeezNitz (410094.00)
Seat 5: diegojbeltran (242825.00)
Seat 6: sharkasm (97314.00)
Seat 7: vaicalhau (415028.00)
Seat 8: beni2021 (915019.00)
bk2mcdssoon posts ante 1750.00
lipesticky posts ante 1750.00
DeezNitz posts ante 1750.00
diegojbeltran posts ante 1750.00
sharkasm posts ante 1750.00
vaicalhau posts ante 1750.00
beni2021 posts ante 1750.00
vaicalhau posts the small blind 7000.00
beni2021 posts the big blind 14000.00
*** HOLE CARDS ***
Main pot 12250.00
Dealt to lipesticky [7s 8d]
bk2mcdssoon folds
lipesticky folds
DeezNitz folds
diegojbeltran raises 241075.00 to 241075.00 and is all-in
sharkasm folds
vaicalhau folds
beni2021 folds
Uncalled bet (227075.00) returned to diegojbeltran
diegojbeltran does not show
*** SUMMARY ***
Total pot 47250.00
Seat 1: bk2mcdssoon folded on the Pre-Flop and did not bet
Seat 2: lipesticky folded on the Pre-Flop and did not bet
Seat 3: DeezNitz folded on the Pre-Flop and did not bet
Seat 5: diegojbeltran did not show and won 47250.00
Seat 6: sharkasm (button) folded on the Pre-Flop
Seat 7: vaicalhau (small blind) folded on the Pre-Flop
Seat 8: beni2021 (big blind) folded on the Pre-Flop

Game Hand #2021606826 - Tournament #31163912 - Holdem (No Limit) - Level 22 (7000.00/14000.00)- 2024/02/08 23:36:04 UTC
Table '36' 8-max Seat #8 is the button
Seat 1: bk2mcdssoon (34182.00)
Seat 2: lipesticky (363475.00)
Seat 3: DeezNitz (406594.00)
Seat 5: diegojbeltran (272575.00)
Seat 6: sharkasm (206878.00)
Seat 7: vaicalhau (404528.00)
Seat 8: beni2021 (890519.00)
bk2mcdssoon posts ante 1750.00
lipesticky posts ante 1750.00
DeezNitz posts ante 1750.00
diegojbeltran posts ante 1750.00
sharkasm posts ante 1750.00
vaicalhau posts ante 1750.00
beni2021 posts ante 1750.00
bk2mcdssoon posts the small blind 7000.00
lipesticky posts the big blind 14000.00
*** HOLE CARDS ***
Main pot 12250.00
Dealt to lipesticky [Th 2h]
DeezNitz folds
diegojbeltran folds
sharkasm raises 205128.00 to 205128.00 and is all-in
vaicalhau folds
beni2021 raises 888769.00 to 888769.00 and is all-in
bk2mcdssoon calls 25432.00 and is all-in
lipesticky folds
Uncalled bet (683641.00) returned to beni2021
*** FLOP *** [8h 5d 7c]
Main pot 123546.00
Side pot(1) 345392.00
*** TURN *** [8h 5d 7c] [Qc]
Main pot 123546.00
Side pot(1) 345392.00
*** RIVER *** [8h 5d 7c Qc] [Ks]
Main pot 123546.00
Side pot(1) 345392.00
*** SHOW DOWN ***
Main pot 123546.00
Side pot(1) 345392.00
bk2mcdssoon shows [Jc Ad] (a high card, Ace high [Ad Ks Qc Jc 8h])
sharkasm shows [6h 6c] (a pair of Sixs [6h 6c Ks Qc 8h])
beni2021 shows [Jh Js] (a pair of Jacks [Js Jh Ks Qc 8h])
beni2021 collected 123546.00 from main pot
beni2021 collected 345392.00 from side pot-1
*** SUMMARY ***
Total pot 468938.00
Board [8h 5d 7c Qc Ks]
Seat 1: bk2mcdssoon (small blind) showed [Jc Ad] and lost with a high card, Ace high [Ad Ks Qc Jc 8h]
Seat 2: lipesticky (big blind) folded on the Pre-Flop
Seat 3: DeezNitz folded on the Pre-Flop and did not bet
Seat 5: diegojbeltran folded on the Pre-Flop and did not bet
Seat 6: sharkasm showed [6h 6c] and lost with a pair of Sixs [6h 6c Ks Qc 8h]
Seat 7: vaicalhau folded on the Pre-Flop and did not bet
Seat 8: beni2021 (button) showed [Jh Js] and won 468938.00 with a pair of Jacks [Js Jh Ks Qc 8h]

Game Hand #2021610864 - Tournament #31163912 - Holdem (No Limit) - Level 22 (7000.00/14000.00)- 2024/02/08 23:39:43 UTC
Table '36' 8-max Seat #3 is the button
Seat 1: 3Afundo22 (1447811.00)
Seat 2: lipesticky (337225.00)
Seat 3: DeezNitz (380344.00)
Seat 5: diegojbeltran (267325.00)
Seat 7: vaicalhau (399278.00)
Seat 8: beni2021 (473155.00)
3Afundo22 posts ante 1750.00
lipesticky posts ante 1750.00
DeezNitz posts ante 1750.00
diegojbeltran posts ante 1750.00
vaicalhau posts ante 1750.00
beni2021 posts ante 1750.00
diegojbeltran posts the big blind 14000.00
*** HOLE CARDS ***
Main pot 10500.00
Dealt to lipesticky [6h Qd]
vaicalhau folds
beni2021 folds
3Afundo22 folds
lipesticky folds
DeezNitz raises 28000.00 to 28000.00
diegojbeltran folds
Uncalled bet (14000.00) returned to DeezNitz
DeezNitz does not show
*** SUMMARY ***
Total pot 38500.00
Seat 1: 3Afundo22 folded on the Pre-Flop and did not bet
Seat 2: lipesticky folded on the Pre-Flop and did not bet
Seat 3: DeezNitz did not show and won 38500.00
Seat 5: diegojbeltran (big blind) folded on the Pre-Flop
Seat 7: vaicalhau folded on the Pre-Flop and did not bet
Seat 8: beni2021 folded on the Pre-Flop and did not bet

Game Hand #2021611524 - Tournament #31163912 - Holdem (No Limit) - Level 22 (7000.00/14000.00)- 2024/02/08 23:40:21 UTC
Table '36' 8-max Seat #4 is the button
Seat 1: 3Afundo22 (1446061.00)
Seat 2: lipesticky (335475.00)
Seat 3: DeezNitz (403094.00)
Seat 5: diegojbeltran (251575.00)
Seat 7: vaicalhau (397528.00)
Seat 8: beni2021 (471405.00)
3Afundo22 posts ante 1750.00
lipesticky posts ante 1750.00
DeezNitz posts ante 1750.00
diegojbeltran posts ante 1750.00
vaicalhau posts ante 1750.00
beni2021 posts ante 1750.00
diegojbeltran posts the small blind 7000.00
vaicalhau posts the big blind 14000.00
*** HOLE CARDS ***
Main pot 10500.00
Dealt to lipesticky [4d 4h]
beni2021 raises 28000.00 to 28000.00
3Afundo22 folds
lipesticky folds
DeezNitz folds
diegojbeltran folds
vaicalhau folds
Uncalled bet (14000.00) returned to beni2021
beni2021 does not show
*** SUMMARY ***
Total pot 45500.00
Seat 1: 3Afundo22 folded on the Pre-Flop and did not bet
Seat 2: lipesticky folded on the Pre-Flop and did not bet
Seat 3: DeezNitz folded on the Pre-Flop and did not bet
Seat 5: diegojbeltran (small blind) folded on the Pre-Flop
Seat 7: vaicalhau (big blind) folded on the Pre-Flop
Seat 8: beni2021 did not show and won 45500.00

Game Hand #2021611871 - Tournament #31163912 - Holdem (No Limit) - Level 22 (7000.00/14000.00)- 2024/02/08 23:40:39 UTC
Table '36' 8-max Seat #5 is the button
Seat 1: 3Afundo22 (1444311.00)
Seat 2: lipesticky (333725.00)
Seat 3: DeezNitz (401344.00)
Seat 5: diegojbeltran (242825.00)
Seat 7: vaicalhau (381778.00)
Seat 8: beni2021 (501155.00)
3Afundo22 posts ante 1750.00
lipesticky posts ante 1750.00
DeezNitz posts ante 1750.00
diegojbeltran posts ante 1750.00
vaicalhau posts ante 1750.00
beni2021 posts ante 1750.00
vaicalhau posts the small blind 7000.00
beni2021 posts the big blind 14000.00
*** HOLE CARDS ***
Main pot 10500.00
Dealt to lipesticky [7d Qc]
3Afundo22 raises 28000.00 to 28000.00
lipesticky folds
DeezNitz folds
diegojbeltran folds
vaicalhau folds
beni2021 calls 14000.00
*** FLOP *** [9s 6c Jc]
Main pot 73500.00
beni2021 checks
3Afundo22 bets 24255.00
beni2021 calls 24255.00
*** TURN *** [9s 6c Jc] [Jh]
Main pot 122010.00
beni2021 bets 50603.00
3Afundo22 folds
Uncalled bet (50603.00) returned to beni2021
beni2021 does not show
*** SUMMARY ***
Total pot 122010.00
Board [9s 6c Jc Jh]
Seat 1: 3Afundo22 folded on the Turn
Seat 2: lipesticky folded on the Pre-Flop and did not bet
Seat 3: DeezNitz folded on the Pre-Flop and did not bet
Seat 5: diegojbeltran (button) folded on the Pre-Flop
Seat 7: vaicalhau (small blind) folded on the Pre-Flop
Seat 8: beni2021 did not show and won 122010.00

Game Hand #2021612929 - Tournament #31163912 - Holdem (No Limit) - Level 23 (8000.00/16000.00)- 2024/02/08 23:41:39 UTC
Table '36' 8-max Seat #7 is the button
Seat 1: 3Afundo22 (1390306.00)
Seat 2: lipesticky (331975.00)
Seat 3: DeezNitz (399594.00)
Seat 5: diegojbeltran (241075.00)
Seat 7: vaicalhau (373028.00)
Seat 8: beni2021 (569160.00)
3Afundo22 posts ante 2000.00
lipesticky posts ante 2000.00
DeezNitz posts ante 2000.00
diegojbeltran posts ante 2000.00
vaicalhau posts ante 2000.00
beni2021 posts ante 2000.00
beni2021 posts the small blind 8000.00
3Afundo22 posts the big blind 16000.00
*** HOLE CARDS ***
Main pot 12000.00
Dealt to lipesticky [5s 9s]
lipesticky folds
DeezNitz folds
diegojbeltran folds
vaicalhau raises 32000.00 to 32000.00
beni2021 folds
3Afundo22 folds
Uncalled bet (16000.00) returned to vaicalhau
vaicalhau does not show
*** SUMMARY ***
Total pot 52000.00
Seat 1: 3Afundo22 (big blind) folded on the Pre-Flop
Seat 2: lipesticky folded on the Pre-Flop and did not bet
Seat 3: DeezNitz folded on the Pre-Flop and did not bet
Seat 5: diegojbeltran folded on the Pre-Flop and did not bet
Seat 7: vaicalhau did not show and won 52000.00
Seat 8: beni2021 (small blind) folded on the Pre-Flop

Game Hand #2021613440 - Tournament #31163912 - Holdem (No Limit) - Level 23 (8000.00/16000.00)- 2024/02/08 23:42:07 UTC
Table '36' 8-max Seat #8 is the button
Seat 1: 3Afundo22 (1372306.00)
Seat 2: lipesticky (329975.00)
Seat 3: DeezNitz (397594.00)
Seat 5: diegojbeltran (239075.00)
Seat 7: vaicalhau (407028.00)
Seat 8: beni2021 (559160.00)
3Afundo22 posts ante 2000.00
lipesticky posts ante 2000.00
DeezNitz posts ante 2000.00
diegojbeltran posts ante 2000.00
vaicalhau posts ante 2000.00
beni2021 posts ante 2000.00
3Afundo22 posts the small blind 8000.00
lipesticky posts the big blind 16000.00
*** HOLE CARDS ***
Main pot 12000.00
Dealt to lipesticky [Jh Td]
DeezNitz raises 32000.00 to 32000.00
diegojbeltran folds
vaicalhau folds
beni2021 raises 88000.00 to 88000.00
3Afundo22 folds
lipesticky folds
DeezNitz raises 120000.00 to 152000.00
beni2021 calls 64000.00
*** FLOP *** [2c 4d Ks]
Main pot 340000.00
DeezNitz bets 243594.00 and is all-in
beni2021 folds
Uncalled bet (243594.00) returned to DeezNitz
DeezNitz does not show
*** SUMMARY ***
Total pot 340000.00
Board [2c 4d Ks]
Seat 1: 3Afundo22 (small blind) folded on the Pre-Flop
Seat 2: lipesticky (big blind) folded on the Pre-Flop
Seat 3: DeezNitz did not show and won 340000.00
Seat 5: diegojbeltran folded on the Pre-Flop and did not bet
Seat 7: vaicalhau folded on the Pre-Flop and did not bet
Seat 8: beni2021 (button) folded on the Flop

Game Hand #2021614974 - Tournament #31163912 - Holdem (No Limit) - Level 23 (8000.00/16000.00)- 2024/02/08 23:43:34 UTC
Table '36' 8-max Seat #1 is the button
Seat 1: 3Afundo22 (1362306.00)
Seat 2: lipesticky (311975.00)
Seat 3: DeezNitz (583594.00)
Seat 5: diegojbeltran (237075.00)
Seat 7: vaicalhau (405028.00)
Seat 8: beni2021 (405160.00)
3Afundo22 posts ante 2000.00
lipesticky posts ante 2000.00
DeezNitz posts ante 2000.00
diegojbeltran posts ante 2000.00
vaicalhau posts ante 2000.00
beni2021 posts ante 2000.00
lipesticky posts the small blind 8000.00
DeezNitz posts the big blind 16000.00
*** HOLE CARDS ***
Main pot 12000.00
Dealt to lipesticky [7d 3h]
diegojbeltran folds
vaicalhau folds
beni2021 folds
3Afundo22 raises 32000.00 to 32000.00
lipesticky folds
DeezNitz calls 16000.00
*** FLOP *** [7h Ks 7c]
Main pot 84000.00
DeezNitz checks
3Afundo22 bets 27720.00
DeezNitz raises 55440.00 to 55440.00
3Afundo22 folds
Uncalled bet (27720.00) returned to DeezNitz
DeezNitz does not show
*** SUMMARY ***
Total pot 139440.00
Board [7h Ks 7c]
Seat 1: 3Afundo22 (button) folded on the Flop
Seat 2: lipesticky (small blind) folded on the Pre-Flop
Seat 3: DeezNitz did not show and won 139440.00
Seat 5: diegojbeltran folded on the Pre-Flop and did not bet
Seat 7: vaicalhau folded on the Pre-Flop and did not bet
Seat 8: beni2021 folded on the Pre-Flop and did not bet

Game Hand #2021616160 - Tournament #31163912 - Holdem (No Limit) - Level 23 (8000.00/16000.00)- 2024/02/08 23:44:42 UTC
Table '36' 8-max Seat #2 is the button
Seat 1: 3Afundo22 (1300586.00)
Seat 2: lipesticky (301975.00)
Seat 3: DeezNitz (661314.00)
Seat 5: diegojbeltran (235075.00)
Seat 7: vaicalhau (403028.00)
Seat 8: beni2021 (403160.00)
3Afundo22 posts ante 2000.00
lipesticky posts ante 2000.00
DeezNitz posts ante 2000.00
diegojbeltran posts ante 2000.00
vaicalhau posts ante 2000.00
beni2021 posts ante 2000.00
DeezNitz posts the small blind 8000.00
diegojbeltran posts the big blind 16000.00
*** HOLE CARDS ***
Main pot 12000.00
Dealt to lipesticky [3c 2c]
vaicalhau raises 32000.00 to 32000.00
beni2021 folds
3Afundo22 folds
lipesticky folds
DeezNitz raises 40000.00 to 48000.00
diegojbeltran folds
vaicalhau raises 369028.00 to 401028.00 and is all-in
DeezNitz folds
Uncalled bet (353028.00) returned to vaicalhau
vaicalhau does not show
*** SUMMARY ***
Total pot 124000.00
Seat 1: 3Afundo22 folded on the Pre-Flop and did not bet
Seat 2: lipesticky (button) folded on the Pre-Flop
Seat 3: DeezNitz (small blind) folded on the Pre-Flop
Seat 5: diegojbeltran (big blind) folded on the Pre-Flop
Seat 7: vaicalhau did not show and won 124000.00
Seat 8: beni2021 folded on the Pre-Flop and did not bet

Game Hand #2021617188 - Tournament #31163912 - Holdem (No Limit) - Level 23 (8000.00/16000.00)- 2024/02/08 23:45:41 UTC
Table '36' 8-max Seat #3 is the button
Seat 1: 3Afundo22 (1298586.00)
Seat 2: lipesticky (299975.00)
Seat 3: DeezNitz (611314.00)
Seat 5: diegojbeltran (217075.00)
Seat 7: vaicalhau (477028.00)
Seat 8: beni2021 (401160.00)
3Afundo22 posts ante 2000.00
lipesticky posts ante 2000.00
DeezNitz posts ante 2000.00
diegojbeltran posts ante 2000.00
vaicalhau posts ante 2000.00
beni2021 posts ante 2000.00
diegojbeltran posts the small blind 8000.00
vaicalhau posts the big blind 16000.00
*** HOLE CARDS ***
Main pot 12000.00
Dealt to lipesticky [Jd 4d]
beni2021 raises 32000.00 to 32000.00
3Afundo22 folds
lipesticky folds
DeezNitz raises 88000.00 to 88000.00
diegojbeltran folds
vaicalhau folds
beni2021 raises 367160.00 to 399160.00 and is all-in
DeezNitz folds
Uncalled bet (311160.00) returned to beni2021
beni2021 does not show
*** SUMMARY ***
Total pot 212000.00
Seat 1: 3Afundo22 folded on the Pre-Flop and did not bet
Seat 2: lipesticky folded on the Pre-Flop and did not bet
Seat 3: DeezNitz (button) folded on the Pre-Flop
Seat 5: diegojbeltran (small blind) folded on the Pre-Flop
Seat 7: vaicalhau (big blind) folded on the Pre-Flop
Seat 8: beni2021 did not show and won 212000.00

Game Hand #2021618179 - Tournament #31163912 - Holdem (No Limit) - Level 23 (8000.00/16000.00)- 2024/02/08 23:46:41 UTC
Table '36' 8-max Seat #5 is the button
Seat 1: 3Afundo22 (1296586.00)
Seat 2: lipesticky (297975.00)
Seat 3: DeezNitz (521314.00)
Seat 5: diegojbeltran (207075.00)
Seat 7: vaicalhau (459028.00)
Seat 8: beni2021 (523160.00)
3Afundo22 posts ante 2000.00
lipesticky posts ante 2000.00
DeezNitz posts ante 2000.00
diegojbeltran posts ante 2000.00
vaicalhau posts ante 2000.00
beni2021 posts ante 2000.00
vaicalhau posts the small blind 8000.00
beni2021 posts the big blind 16000.00
*** HOLE CARDS ***
Main pot 12000.00
Dealt to lipesticky [Td As]
3Afundo22 folds
lipesticky raises 33600.00 to 33600.00
DeezNitz folds
diegojbeltran folds
vaicalhau folds
beni2021 folds
Uncalled bet (17600.00) returned to lipesticky
lipesticky does not show
*** SUMMARY ***
Total pot 52000.00
Seat 1: 3Afundo22 folded on the Pre-Flop and did not bet
Seat 2: lipesticky did not show and won 52000.00
Seat 3: DeezNitz folded on the Pre-Flop and did not bet
Seat 5: diegojbeltran (button) folded on the Pre-Flop
Seat 7: vaicalhau (small blind) folded on the Pre-Flop
Seat 8: beni2021 (big blind) folded on the Pre-Flop

Game Hand #2021618608 - Tournament #31163912 - Holdem (No Limit) - Level 23 (8000.00/16000.00)- 2024/02/08 23:47:08 UTC
Table '36' 8-max Seat #7 is the button
Seat 1: 3Afundo22 (1294586.00)
Seat 2: lipesticky (331975.00)
Seat 3: DeezNitz (519314.00)
Seat 5: diegojbeltran (205075.00)
Seat 7: vaicalhau (449028.00)
Seat 8: beni2021 (505160.00)
3Afundo22 posts ante 2000.00
lipesticky posts ante 2000.00
DeezNitz posts ante 2000.00
diegojbeltran posts ante 2000.00
vaicalhau posts ante 2000.00
beni2021 posts ante 2000.00
beni2021 posts the small blind 8000.00
3Afundo22 posts the big blind 16000.00
*** HOLE CARDS ***
Main pot 12000.00
Dealt to lipesticky [2s 6s]
lipesticky folds
DeezNitz folds
diegojbeltran folds
vaicalhau folds
beni2021 calls 8000.00
3Afundo22 checks
*** FLOP *** [As 3s Qs]
Main pot 44000.00
beni2021 bets 16000.00
3Afundo22 calls 16000.00
*** TURN *** [As 3s Qs] [Ah]
Main pot 76000.00
beni2021 checks
3Afundo22 bets 29600.00
beni2021 calls 29600.00
*** RIVER *** [As 3s Qs Ah] [8s]
Main pot 135200.00
beni2021 bets 40560.00
3Afundo22 calls 40560.00
*** SHOW DOWN ***
Main pot 216320.00
3Afundo22 shows [9s 7h] (a flush, Ace high [As Qs 9s 8s 3s])
beni2021 shows [5c 5h] (two pair, Aces and Fives [As Ah 5h 5c Qs])
3Afundo22 collected 216320.00 from main pot
*** SUMMARY ***
Total pot 216320.00
Board [As 3s Qs Ah 8s]
Seat 1: 3Afundo22 (big blind) showed [9s 7h] and won 216320.00 with a flush, Ace high [As Qs 9s 8s 3s]
Seat 2: lipesticky folded on the Pre-Flop and did not bet
Seat 3: DeezNitz folded on the Pre-Flop and did not bet
Seat 5: diegojbeltran folded on the Pre-Flop and did not bet
Seat 7: vaicalhau (button) folded on the Pre-Flop
Seat 8: beni2021 (small blind) showed [5c 5h] and lost with two pair, Aces and Fives [As Ah 5h 5c Qs]

Game Hand #2021619916 - Tournament #31163912 - Holdem (No Limit) - Level 23 (8000.00/16000.00)- 2024/02/08 23:48:22 UTC
Table '36' 8-max Seat #8 is the button
Seat 1: 3Afundo22 (1406746.00)
Seat 2: lipesticky (329975.00)
Seat 3: DeezNitz (517314.00)
Seat 5: diegojbeltran (203075.00)
Seat 7: vaicalhau (447028.00)
Seat 8: beni2021 (401000.00)
3Afundo22 posts ante 2000.00
lipesticky posts ante 2000.00
DeezNitz posts ante 2000.00
diegojbeltran posts ante 2000.00
vaicalhau posts ante 2000.00
beni2021 posts ante 2000.00
3Afundo22 posts the small blind 8000.00
lipesticky posts the big blind 16000.00
*** HOLE CARDS ***
Main pot 12000.00
Dealt to lipesticky [6c 8c]
DeezNitz raises 32000.00 to 32000.00
diegojbeltran folds
vaicalhau raises 88000.00 to 88000.00
beni2021 folds
3Afundo22 folds
lipesticky folds
DeezNitz calls 56000.00
*** FLOP *** [3c Td Kc]
Main pot 212000.00
DeezNitz checks
vaicalhau bets 53000.00
DeezNitz calls 53000.00
*** TURN *** [3c Td Kc] [5s]
Main pot 318000.00
DeezNitz checks
vaicalhau checks
*** RIVER *** [3c Td Kc 5s] [3d]
Main pot 318000.00
DeezNitz checks
vaicalhau checks
*** SHOW DOWN ***
Main pot 318000.00
DeezNitz shows [9d 9h] (two pair, Nines and Threes [9h 9d 3d 3c Kc])
vaicalhau shows [Ad Qh] (a pair of Threes [3d 3c Ad Kc Qh])
DeezNitz collected 318000.00 from main pot
*** SUMMARY ***
Total pot 318000.00
Board [3c Td Kc 5s 3d]
Seat 1: 3Afundo22 (small blind) folded on the Pre-Flop
Seat 2: lipesticky (big blind) folded on the Pre-Flop
Seat 3: DeezNitz showed [9d 9h] and won 318000.00 with two pair, Nines and Threes [9h 9d 3d 3c Kc]
Seat 5: diegojbeltran folded on the Pre-Flop and did not bet
Seat 7: vaicalhau showed [Ad Qh] and lost with a pair of Threes [3d 3c Ad Kc Qh]
Seat 8: beni2021 (button) folded on the Pre-Flop

Game Hand #2021621194 - Tournament #31163912 - Holdem (No Limit) - Level 24 (10000.00/20000.00)- 2024/02/08 23:49:38 UTC
Table '36' 8-max Seat #1 is the button
Seat 1: 3Afundo22 (1396746.00)
Seat 2: lipesticky (311975.00)
Seat 3: DeezNitz (692314.00)
Seat 5: diegojbeltran (201075.00)
Seat 7: vaicalhau (304028.00)
Seat 8: beni2021 (399000.00)
3Afundo22 posts ante 2500.00
lipesticky posts ante 2500.00
DeezNitz posts ante 2500.00
diegojbeltran posts ante 2500.00
vaicalhau posts ante 2500.00
beni2021 posts ante 2500.00
lipesticky posts the small blind 10000.00
DeezNitz posts the big blind 20000.00
*** HOLE CARDS ***
Main pot 15000.00
Dealt to lipesticky [Qc 5c]
diegojbeltran folds
vaicalhau raises 40000.00 to 40000.00
beni2021 folds
3Afundo22 calls 40000.00
lipesticky folds
DeezNitz folds
*** FLOP *** [3h 4d Td]
Main pot 125000.00
vaicalhau checks
3Afundo22 bets 40000.00
vaicalhau folds
Uncalled bet (40000.00) returned to 3Afundo22
3Afundo22 does not show
*** SUMMARY ***
Total pot 125000.00
Board [3h 4d Td]
Seat 1: 3Afundo22 did not show and won 125000.00
Seat 2: lipesticky (small blind) folded on the Pre-Flop
Seat 3: DeezNitz (big blind) folded on the Pre-Flop
Seat 5: diegojbeltran folded on the Pre-Flop and did not bet
Seat 7: vaicalhau folded on the Flop
Seat 8: beni2021 folded on the Pre-Flop and did not bet

Game Hand #2021622084 - Tournament #31163912 - Holdem (No Limit) - Level 24 (10000.00/20000.00)- 2024/02/08 23:50:31 UTC
Table '36' 8-max Seat #2 is the button
Seat 1: 3Afundo22 (1479246.00)
Seat 2: lipesticky (299475.00)
Seat 3: DeezNitz (669814.00)
Seat 5: diegojbeltran (198575.00)
Seat 7: vaicalhau (261528.00)
Seat 8: beni2021 (396500.00)
3Afundo22 posts ante 2500.00
lipesticky posts ante 2500.00
DeezNitz posts ante 2500.00
diegojbeltran posts ante 2500.00
vaicalhau posts ante 2500.00
beni2021 posts ante 2500.00
DeezNitz posts the small blind 10000.00
diegojbeltran posts the big blind 20000.00
*** HOLE CARDS ***
Main pot 15000.00
Dealt to lipesticky [Tc 6c]
vaicalhau folds
beni2021 folds
3Afundo22 folds
lipesticky folds
DeezNitz folds
diegojbeltran does not show
*** SUMMARY ***
Total pot 45000.00
Seat 1: 3Afundo22 folded on the Pre-Flop and did not bet
Seat 2: lipesticky (button) folded on the Pre-Flop
Seat 3: DeezNitz (small blind) folded on the Pre-Flop
Seat 5: diegojbeltran did not show and won 45000.00
Seat 7: vaicalhau folded on the Pre-Flop and did not bet
Seat 8: beni2021 folded on the Pre-Flop and did not bet

Game Hand #2021622517 - Tournament #31163912 - Holdem (No Limit) - Level 24 (10000.00/20000.00)- 2024/02/08 23:50:57 UTC
Table '36' 8-max Seat #3 is the button
Seat 1: 3Afundo22 (1476746.00)
Seat 2: lipesticky (296975.00)
Seat 3: DeezNitz (657314.00)
Seat 5: diegojbeltran (221075.00)
Seat 7: vaicalhau (259028.00)
Seat 8: beni2021 (394000.00)
3Afundo22 posts ante 2500.00
lipesticky posts ante 2500.00
DeezNitz posts ante 2500.00
diegojbeltran posts ante 2500.00
vaicalhau posts ante 2500.00
beni2021 posts ante 2500.00
diegojbeltran posts the small blind 10000.00
vaicalhau posts the big blind 20000.00
*** HOLE CARDS ***
Main pot 15000.00
Dealt to lipesticky [5h 6d]
beni2021 raises 40000.00 to 40000.00
3Afundo22 folds
lipesticky folds
DeezNitz calls 40000.00
diegojbeltran folds
vaicalhau calls 20000.00
*** FLOP *** [3h 6c As]
Main pot 145000.00
vaicalhau checks
beni2021 bets 43500.00
DeezNitz folds
vaicalhau folds
Uncalled bet (43500.00) returned to beni2021
beni2021 does not show
*** SUMMARY ***
Total pot 145000.00
Board [3h 6c As]
Seat 1: 3Afundo22 folded on the Pre-Flop and did not bet
Seat 2: lipesticky folded on the Pre-Flop and did not bet
Seat 3: DeezNitz (button) folded on the Flop
Seat 5: diegojbeltran (small blind) folded on the Pre-Flop
Seat 7: vaicalhau (big blind) folded on the Flop
Seat 8: beni2021 did not show and won 145000.00

Game Hand #2021623434 - Tournament #31163912 - Holdem (No Limit) - Level 24 (10000.00/20000.00)- 2024/02/08 23:51:52 UTC
Table '36' 8-max Seat #5 is the button
Seat 1: 3Afundo22 (1474246.00)
Seat 2: lipesticky (294475.00)
Seat 3: DeezNitz (614814.00)
Seat 5: diegojbeltran (208575.00)
Seat 7: vaicalhau (216528.00)
Seat 8: beni2021 (496500.00)
3Afundo22 posts ante 2500.00
lipesticky posts ante 2500.00
DeezNitz posts ante 2500.00
diegojbeltran posts ante 2500.00
vaicalhau posts ante 2500.00
beni2021 posts ante 2500.00
vaicalhau posts the small blind 10000.00
beni2021 posts the big blind 20000.00
*** HOLE CARDS ***
Main pot 15000.00
Dealt to lipesticky [2h Ah]
3Afundo22 folds
lipesticky raises 42000.00 to 42000.00
DeezNitz folds
diegojbeltran folds
vaicalhau folds
beni2021 calls 22000.00
*** FLOP *** [Th Jd As]
Main pot 109000.00
beni2021 checks
lipesticky bets 25970.00
beni2021 calls 25970.00
*** TURN *** [Th Jd As] [Ac]
Main pot 160940.00
beni2021 checks
lipesticky bets 78517.00
beni2021 calls 78517.00
*** RIVER *** [Th Jd As Ac] [7d]
Main pot 317974.00
beni2021 checks
lipesticky checks
*** SHOW DOWN ***
Main pot 317974.00
lipesticky shows [2h Ah] (three of a kind, Set of Aces [As Ah Ac Jd Th])
beni2021 shows [Qc Kd] (a straight, Ace high [As Kd Qc Jd Th])
beni2021 collected 317974.00 from main pot
*** SUMMARY ***
Total pot 317974.00
Board [Th Jd As Ac 7d]
Seat 1: 3Afundo22 folded on the Pre-Flop and did not bet
Seat 2: lipesticky showed [2h Ah] and lost with three of a kind, Set of Aces [As Ah Ac Jd Th]
Seat 3: DeezNitz folded on the Pre-Flop and did not bet
Seat 5: diegojbeltran (button) folded on the Pre-Flop
Seat 7: vaicalhau (small blind) folded on the Pre-Flop
Seat 8: beni2021 (big blind) showed [Qc Kd] and won 317974.00 with a straight, Ace high [As Kd Qc Jd Th]

Game Hand #2021625092 - Tournament #31163912 - Holdem (No Limit) - Level 24 (10000.00/20000.00)- 2024/02/08 23:53:30 UTC
Table '36' 8-max Seat #7 is the button
Seat 1: 3Afundo22 (1471746.00)
Seat 2: lipesticky (145488.00)
Seat 3: DeezNitz (612314.00)
Seat 5: diegojbeltran (206075.00)
Seat 7: vaicalhau (204028.00)
Seat 8: beni2021 (665487.00)
3Afundo22 posts ante 2500.00
lipesticky posts ante 2500.00
DeezNitz posts ante 2500.00
diegojbeltran posts ante 2500.00
vaicalhau posts ante 2500.00
beni2021 posts ante 2500.00
beni2021 posts the small blind 10000.00
3Afundo22 posts the big blind 20000.00
*** HOLE CARDS ***
Main pot 15000.00
Dealt to lipesticky [Ah Ts]
lipesticky raises 142988.00 to 142988.00 and is all-in
DeezNitz folds
diegojbeltran folds
vaicalhau raises 201528.00 to 201528.00 and is all-in
beni2021 folds
3Afundo22 folds
Uncalled bet (58540.00) returned to vaicalhau
*** FLOP *** [3d 7d 8c]
Main pot 330976.00
*** TURN *** [3d 7d 8c] [6s]
Main pot 330976.00
*** RIVER *** [3d 7d 8c 6s] [Qd]
Main pot 330976.00
*** SHOW DOWN ***
Main pot 330976.00
lipesticky shows [Ah Ts] (a high card, Ace high [Ah Qd Ts 8c 7d])
vaicalhau shows [8s 8h] (three of a kind, Set of Eights [8s 8h 8c Qd 7d])
vaicalhau collected 330976.00 from main pot
*** SUMMARY ***
Total pot 330976.00
Board [3d 7d 8c 6s Qd]
Seat 1: 3Afundo22 (big blind) folded on the Pre-Flop
Seat 2: lipesticky showed [Ah Ts] and lost with a high card, Ace high [Ah Qd Ts 8c 7d]
Seat 3: DeezNitz folded on the Pre-Flop and did not bet
Seat 5: diegojbeltran folded on the Pre-Flop and did not bet
Seat 7: vaicalhau (button) showed [8s 8h] and won 330976.00 with three of a kind, Set of Eights [8s 8h 8c Qd 7d]
Seat 8: beni2021 (small blind) folded on the Pre-Flop

