Game Hand #2020507591 - Tournament #31156503 - Holdem (No Limit) - Level 12 (1250.00/2500.00)- 2024/02/07 22:09:21 UTC
Table '31' 8-max Seat #2 is the button
Seat 1: Oblefador (75600.00)
Seat 3: playbadrungood1 (135771.00)
Seat 4: double g 27 (84809.00)
Seat 5: Ahamoment93o (18725.00)
Seat 6: Iamluckbox2 (80850.00)
Seat 7: lipesticky (217863.00)
Seat 8: Sand shark (25000.00)
Oblefador posts ante 300.00
playbadrungood1 posts ante 300.00
double g 27 posts ante 300.00
Ahamoment93o posts ante 300.00
Iamluckbox2 posts ante 300.00
lipesticky posts ante 300.00
Sand shark posts ante 300.00
playbadrungood1 posts the small blind 1250.00
double g 27 posts the big blind 2500.00
*** HOLE CARDS ***
Main pot 2100.00
Dealt to lipesticky [Jd 2h]
Ahamoment93o folds
Iamluckbox2 raises 5000.00 to 5000.00
lipesticky folds
Sand shark folds
Oblefador folds
playbadrungood1 folds
double g 27 calls 2500.00
*** FLOP *** [9h Qd Qh]
Main pot 13350.00
double g 27 checks
Iamluckbox2 bets 3338.00
double g 27 folds
Uncalled bet (3338.00) returned to Iamluckbox2
Iamluckbox2 does not show
*** SUMMARY ***
Total pot 13350.00
Board [9h Qd Qh]
Seat 1: Oblefador folded on the Pre-Flop and did not bet
Seat 3: playbadrungood1 (small blind) folded on the Pre-Flop
Seat 4: double g 27 (big blind) folded on the Flop
Seat 5: Ahamoment93o folded on the Pre-Flop and did not bet
Seat 6: Iamluckbox2 did not show and won 13350.00
Seat 7: lipesticky folded on the Pre-Flop and did not bet
Seat 8: Sand shark folded on the Pre-Flop and did not bet

Game Hand #2020508606 - Tournament #31156503 - Holdem (No Limit) - Level 12 (1250.00/2500.00)- 2024/02/07 22:10:26 UTC
Table '31' 8-max Seat #3 is the button
Seat 2: vauxer (108993.00)
Seat 4: double g 27 (79509.00)
Seat 5: Ahamoment93o (18425.00)
Seat 6: Iamluckbox2 (88900.00)
Seat 7: lipesticky (217563.00)
Seat 8: Sand shark (24700.00)
vauxer posts ante 300.00
double g 27 posts ante 300.00
Ahamoment93o posts ante 300.00
Iamluckbox2 posts ante 300.00
lipesticky posts ante 300.00
Sand shark posts ante 300.00
double g 27 posts the small blind 1250.00
Ahamoment93o posts the big blind 2500.00
*** HOLE CARDS ***
Main pot 1800.00
Dealt to lipesticky [8s 3h]
Iamluckbox2 raises 5000.00 to 5000.00
lipesticky folds
Sand shark folds
vauxer folds
double g 27 folds
Ahamoment93o folds
Uncalled bet (2500.00) returned to Iamluckbox2
Iamluckbox2 does not show
*** SUMMARY ***
Total pot 8050.00
Seat 2: vauxer folded on the Pre-Flop and did not bet
Seat 4: double g 27 (small blind) folded on the Pre-Flop
Seat 5: Ahamoment93o (big blind) folded on the Pre-Flop
Seat 6: Iamluckbox2 did not show and won 8050.00
Seat 7: lipesticky folded on the Pre-Flop and did not bet
Seat 8: Sand shark folded on the Pre-Flop and did not bet

Game Hand #2020508984 - Tournament #31156503 - Holdem (No Limit) - Level 12 (1250.00/2500.00)- 2024/02/07 22:10:51 UTC
Table '31' 8-max Seat #4 is the button
Seat 2: vauxer (108693.00)
Seat 4: double g 27 (77959.00)
Seat 5: Ahamoment93o (15625.00)
Seat 6: Iamluckbox2 (94150.00)
Seat 7: lipesticky (217263.00)
Seat 8: Sand shark (24400.00)
vauxer posts ante 300.00
double g 27 posts ante 300.00
Ahamoment93o posts ante 300.00
Iamluckbox2 posts ante 300.00
lipesticky posts ante 300.00
Sand shark posts ante 300.00
Ahamoment93o posts the small blind 1250.00
Iamluckbox2 posts the big blind 2500.00
*** HOLE CARDS ***
Main pot 1800.00
Dealt to lipesticky [7d 2h]
lipesticky folds
Sand shark raises 24100.00 to 24100.00 and is all-in
vauxer folds
double g 27 folds
Ahamoment93o folds
Iamluckbox2 folds
Uncalled bet (21600.00) returned to Sand shark
Sand shark does not show
*** SUMMARY ***
Total pot 8050.00
Seat 2: vauxer folded on the Pre-Flop and did not bet
Seat 4: double g 27 (button) folded on the Pre-Flop
Seat 5: Ahamoment93o (small blind) folded on the Pre-Flop
Seat 6: Iamluckbox2 (big blind) folded on the Pre-Flop
Seat 7: lipesticky folded on the Pre-Flop and did not bet
Seat 8: Sand shark did not show and won 8050.00

Game Hand #2020509413 - Tournament #31156503 - Holdem (No Limit) - Level 12 (1250.00/2500.00)- 2024/02/07 22:11:18 UTC
Table '31' 8-max Seat #5 is the button
Seat 1: emvie (64016.00)
Seat 2: vauxer (108393.00)
Seat 3: Crylessguy (25000.00)
Seat 4: double g 27 (77659.00)
Seat 5: Ahamoment93o (14075.00)
Seat 6: Iamluckbox2 (91350.00)
Seat 7: lipesticky (216963.00)
Seat 8: Sand shark (29650.00)
emvie posts ante 300.00
vauxer posts ante 300.00
Crylessguy posts ante 300.00
double g 27 posts ante 300.00
Ahamoment93o posts ante 300.00
Iamluckbox2 posts ante 300.00
lipesticky posts ante 300.00
Sand shark posts ante 300.00
Iamluckbox2 posts the small blind 1250.00
lipesticky posts the big blind 2500.00
*** HOLE CARDS ***
Main pot 2400.00
Dealt to lipesticky [Ts Td]
Sand shark raises 5000.00 to 5000.00
emvie folds
vauxer folds
Crylessguy folds
double g 27 folds
Ahamoment93o folds
Iamluckbox2 folds
lipesticky calls 2500.00
*** FLOP *** [7c 5s 9c]
Main pot 13650.00
lipesticky checks
Sand shark checks
*** TURN *** [7c 5s 9c] [Kh]
Main pot 13650.00
lipesticky checks
Sand shark checks
*** RIVER *** [7c 5s 9c Kh] [Qd]
Main pot 13650.00
lipesticky checks
Sand shark bets 8988.00
lipesticky folds
Uncalled bet (8988.00) returned to Sand shark
Sand shark does not show
*** SUMMARY ***
Total pot 13650.00
Board [7c 5s 9c Kh Qd]
Seat 1: emvie folded on the Pre-Flop and did not bet
Seat 2: vauxer folded on the Pre-Flop and did not bet
Seat 3: Crylessguy folded on the Pre-Flop and did not bet
Seat 4: double g 27 folded on the Pre-Flop and did not bet
Seat 5: Ahamoment93o (button) folded on the Pre-Flop
Seat 6: Iamluckbox2 (small blind) folded on the Pre-Flop
Seat 7: lipesticky (big blind) folded on the River
Seat 8: Sand shark did not show and won 13650.00

Game Hand #2020511072 - Tournament #31156503 - Holdem (No Limit) - Level 13 (1500.00/3000.00)- 2024/02/07 22:13:05 UTC
Table '31' 8-max Seat #6 is the button
Seat 1: emvie (63716.00)
Seat 2: vauxer (108093.00)
Seat 3: Crylessguy (24700.00)
Seat 4: double g 27 (77359.00)
Seat 5: Ahamoment93o (13775.00)
Seat 6: Iamluckbox2 (89800.00)
Seat 7: lipesticky (211663.00)
Seat 8: Sand shark (38000.00)
emvie posts ante 375.00
vauxer posts ante 375.00
Crylessguy posts ante 375.00
double g 27 posts ante 375.00
Ahamoment93o posts ante 375.00
Iamluckbox2 posts ante 375.00
lipesticky posts ante 375.00
Sand shark posts ante 375.00
lipesticky posts the small blind 1500.00
Sand shark posts the big blind 3000.00
*** HOLE CARDS ***
Main pot 3000.00
Dealt to lipesticky [Jh Jd]
emvie folds
vauxer folds
Crylessguy folds
double g 27 folds
Ahamoment93o raises 13400.00 to 13400.00 and is all-in
Iamluckbox2 calls 13400.00
lipesticky raises 209788.00 to 211288.00 and is all-in
Sand shark folds
Iamluckbox2 calls 76025.00 and is all-in
Uncalled bet (121863.00) returned to lipesticky
*** FLOP *** [2s Th Qs]
Main pot 46200.00
Side pot(1) 152050.00
*** TURN *** [2s Th Qs] [4s]
Main pot 46200.00
Side pot(1) 152050.00
*** RIVER *** [2s Th Qs 4s] [Kc]
Main pot 46200.00
Side pot(1) 152050.00
*** SHOW DOWN ***
Main pot 46200.00
Side pot(1) 152050.00
Ahamoment93o shows [9c Js] (a straight, King high [Kc Qs Js Th 9c])
Iamluckbox2 shows [Kd Qd] (two pair, Kings and Queens [Kd Kc Qs Qd Th])
lipesticky shows [Jh Jd] (a pair of Jacks [Jh Jd Kc Qs Th])
Ahamoment93o collected 46200.00 from main pot
Iamluckbox2 collected 152050.00 from side pot-1
*** SUMMARY ***
Total pot 198250.00
Board [2s Th Qs 4s Kc]
Seat 1: emvie folded on the Pre-Flop and did not bet
Seat 2: vauxer folded on the Pre-Flop and did not bet
Seat 3: Crylessguy folded on the Pre-Flop and did not bet
Seat 4: double g 27 folded on the Pre-Flop and did not bet
Seat 5: Ahamoment93o showed [9c Js] and won 46200.00 with a straight, King high [Kc Qs Js Th 9c]
Seat 6: Iamluckbox2 (button) showed [Kd Qd] and won 152050.00 with two pair, Kings and Queens [Kd Kc Qs Qd Th]
Seat 7: lipesticky (small blind) showed [Jh Jd] and lost with a pair of Jacks [Jh Jd Kc Qs Th]
Seat 8: Sand shark (big blind) folded on the Pre-Flop

Game Hand #2020512171 - Tournament #31156503 - Holdem (No Limit) - Level 13 (1500.00/3000.00)- 2024/02/07 22:14:16 UTC
Table '31' 8-max Seat #7 is the button
Seat 1: emvie (63341.00)
Seat 2: vauxer (107718.00)
Seat 3: Crylessguy (24325.00)
Seat 5: Ahamoment93o (46200.00)
Seat 6: Iamluckbox2 (152050.00)
Seat 7: lipesticky (121863.00)
Seat 8: Sand shark (34625.00)
emvie posts ante 375.00
vauxer posts ante 375.00
Crylessguy posts ante 375.00
Ahamoment93o posts ante 375.00
Iamluckbox2 posts ante 375.00
lipesticky posts ante 375.00
Sand shark posts ante 375.00
Sand shark posts the small blind 1500.00
emvie posts the big blind 3000.00
*** HOLE CARDS ***
Main pot 2625.00
Dealt to lipesticky [7h 2s]
vauxer folds
Crylessguy folds
Ahamoment93o folds
Iamluckbox2 folds
lipesticky folds
Sand shark folds
emvie does not show
*** SUMMARY ***
Total pot 7125.00
Seat 1: emvie did not show and won 7125.00
Seat 2: vauxer folded on the Pre-Flop and did not bet
Seat 3: Crylessguy folded on the Pre-Flop and did not bet
Seat 5: Ahamoment93o folded on the Pre-Flop and did not bet
Seat 6: Iamluckbox2 folded on the Pre-Flop and did not bet
Seat 7: lipesticky (button) folded on the Pre-Flop
Seat 8: Sand shark (small blind) folded on the Pre-Flop

Game Hand #2020512426 - Tournament #31156503 - Holdem (No Limit) - Level 13 (1500.00/3000.00)- 2024/02/07 22:14:35 UTC
Table '31' 8-max Seat #8 is the button
Seat 1: emvie (67091.00)
Seat 2: vauxer (107343.00)
Seat 3: Crylessguy (23950.00)
Seat 5: Ahamoment93o (45825.00)
Seat 6: Iamluckbox2 (151675.00)
Seat 7: lipesticky (121488.00)
Seat 8: Sand shark (32750.00)
emvie posts ante 375.00
vauxer posts ante 375.00
Crylessguy posts ante 375.00
Ahamoment93o posts ante 375.00
Iamluckbox2 posts ante 375.00
lipesticky posts ante 375.00
Sand shark posts ante 375.00
emvie posts the small blind 1500.00
vauxer posts the big blind 3000.00
*** HOLE CARDS ***
Main pot 2625.00
Dealt to lipesticky [9s As]
Crylessguy raises 23575.00 to 23575.00 and is all-in
Ahamoment93o raises 45450.00 to 45450.00 and is all-in
Iamluckbox2 folds
lipesticky folds
Sand shark folds
emvie folds
vauxer folds
Uncalled bet (21875.00) returned to Ahamoment93o
*** FLOP *** [5c Kh 5h]
Main pot 54275.00
*** TURN *** [5c Kh 5h] [3d]
Main pot 54275.00
*** RIVER *** [5c Kh 5h 3d] [8h]
Main pot 54275.00
*** SHOW DOWN ***
Main pot 54275.00
Crylessguy shows [Qh Th] (a flush, King high [Kh Qh Th 8h 5h])
Ahamoment93o shows [Ac Ks] (two pair, Kings and Fives [Ks Kh 5h 5c Ac])
Crylessguy collected 54275.00 from main pot
*** SUMMARY ***
Total pot 54275.00
Board [5c Kh 5h 3d 8h]
Seat 1: emvie (small blind) folded on the Pre-Flop
Seat 2: vauxer (big blind) folded on the Pre-Flop
Seat 3: Crylessguy showed [Qh Th] and won 54275.00 with a flush, King high [Kh Qh Th 8h 5h]
Seat 5: Ahamoment93o showed [Ac Ks] and lost with two pair, Kings and Fives [Ks Kh 5h 5c Ac]
Seat 6: Iamluckbox2 folded on the Pre-Flop and did not bet
Seat 7: lipesticky folded on the Pre-Flop and did not bet
Seat 8: Sand shark (button) folded on the Pre-Flop

Game Hand #2020513110 - Tournament #31156503 - Holdem (No Limit) - Level 13 (1500.00/3000.00)- 2024/02/07 22:15:20 UTC
Table '31' 8-max Seat #1 is the button
Seat 1: emvie (65216.00)
Seat 2: vauxer (103968.00)
Seat 3: Crylessguy (54275.00)
Seat 5: Ahamoment93o (21875.00)
Seat 6: Iamluckbox2 (151300.00)
Seat 7: lipesticky (121113.00)
Seat 8: Sand shark (32375.00)
emvie posts ante 375.00
vauxer posts ante 375.00
Crylessguy posts ante 375.00
Ahamoment93o posts ante 375.00
Iamluckbox2 posts ante 375.00
lipesticky posts ante 375.00
Sand shark posts ante 375.00
vauxer posts the small blind 1500.00
Crylessguy posts the big blind 3000.00
*** HOLE CARDS ***
Main pot 2625.00
Dealt to lipesticky [4d 3c]
Ahamoment93o folds
Iamluckbox2 folds
lipesticky folds
Sand shark folds
emvie folds
vauxer raises 7500.00 to 9000.00
Crylessguy raises 50900.00 to 53900.00 and is all-in
vauxer folds
Uncalled bet (44900.00) returned to Crylessguy
Crylessguy does not show
*** SUMMARY ***
Total pot 20625.00
Seat 1: emvie (button) folded on the Pre-Flop
Seat 2: vauxer (small blind) folded on the Pre-Flop
Seat 3: Crylessguy did not show and won 20625.00
Seat 5: Ahamoment93o folded on the Pre-Flop and did not bet
Seat 6: Iamluckbox2 folded on the Pre-Flop and did not bet
Seat 7: lipesticky folded on the Pre-Flop and did not bet
Seat 8: Sand shark folded on the Pre-Flop and did not bet

Game Hand #2020513610 - Tournament #31156503 - Holdem (No Limit) - Level 13 (1500.00/3000.00)- 2024/02/07 22:15:53 UTC
Table '31' 8-max Seat #2 is the button
Seat 1: emvie (64841.00)
Seat 2: vauxer (94593.00)
Seat 3: Crylessguy (65525.00)
Seat 4: slicknick64 (100950.00)
Seat 5: Ahamoment93o (21500.00)
Seat 6: Iamluckbox2 (150925.00)
Seat 7: lipesticky (120738.00)
Seat 8: Sand shark (32000.00)
emvie posts ante 375.00
vauxer posts ante 375.00
Crylessguy posts ante 375.00
slicknick64 posts ante 375.00
Ahamoment93o posts ante 375.00
Iamluckbox2 posts ante 375.00
lipesticky posts ante 375.00
Sand shark posts ante 375.00
Crylessguy posts the small blind 1500.00
slicknick64 posts the big blind 3000.00
*** HOLE CARDS ***
Main pot 3000.00
Dealt to lipesticky [Kh 5h]
Ahamoment93o folds
Iamluckbox2 folds
lipesticky raises 6300.00 to 6300.00
Sand shark folds
emvie folds
vauxer raises 18000.00 to 18000.00
Crylessguy folds
slicknick64 folds
lipesticky folds
Uncalled bet (11700.00) returned to vauxer
vauxer does not show
*** SUMMARY ***
Total pot 20100.00
Seat 1: emvie folded on the Pre-Flop and did not bet
Seat 2: vauxer did not show and won 20100.00
Seat 3: Crylessguy (small blind) folded on the Pre-Flop
Seat 4: slicknick64 (big blind) folded on the Pre-Flop
Seat 5: Ahamoment93o folded on the Pre-Flop and did not bet
Seat 6: Iamluckbox2 folded on the Pre-Flop and did not bet
Seat 7: lipesticky folded on the Pre-Flop and did not bet
Seat 8: Sand shark folded on the Pre-Flop and did not bet

Game Hand #2020514309 - Tournament #31156503 - Holdem (No Limit) - Level 13 (1500.00/3000.00)- 2024/02/07 22:16:39 UTC
Table '31' 8-max Seat #3 is the button
Seat 1: emvie (64466.00)
Seat 2: vauxer (108018.00)
Seat 3: Crylessguy (63650.00)
Seat 4: slicknick64 (97575.00)
Seat 5: Ahamoment93o (21125.00)
Seat 6: Iamluckbox2 (150550.00)
Seat 7: lipesticky (114063.00)
Seat 8: Sand shark (31625.00)
emvie posts ante 375.00
vauxer posts ante 375.00
Crylessguy posts ante 375.00
slicknick64 posts ante 375.00
Ahamoment93o posts ante 375.00
Iamluckbox2 posts ante 375.00
lipesticky posts ante 375.00
Sand shark posts ante 375.00
slicknick64 posts the small blind 1500.00
Ahamoment93o posts the big blind 3000.00
*** HOLE CARDS ***
Main pot 3000.00
Dealt to lipesticky [5c Ad]
Iamluckbox2 folds
lipesticky folds
Sand shark folds
emvie folds
vauxer folds
Crylessguy folds
slicknick64 raises 95700.00 to 97200.00 and is all-in
Ahamoment93o folds
Uncalled bet (94200.00) returned to slicknick64
slicknick64 does not show
*** SUMMARY ***
Total pot 9000.00
Seat 1: emvie folded on the Pre-Flop and did not bet
Seat 2: vauxer folded on the Pre-Flop and did not bet
Seat 3: Crylessguy (button) folded on the Pre-Flop
Seat 4: slicknick64 did not show and won 9000.00
Seat 5: Ahamoment93o (big blind) folded on the Pre-Flop
Seat 6: Iamluckbox2 folded on the Pre-Flop and did not bet
Seat 7: lipesticky folded on the Pre-Flop and did not bet
Seat 8: Sand shark folded on the Pre-Flop and did not bet

Game Hand #2020514963 - Tournament #31156503 - Holdem (No Limit) - Level 13 (1500.00/3000.00)- 2024/02/07 22:17:21 UTC
Table '31' 8-max Seat #4 is the button
Seat 1: emvie (64091.00)
Seat 2: vauxer (107643.00)
Seat 3: Crylessguy (63275.00)
Seat 4: slicknick64 (103200.00)
Seat 5: Ahamoment93o (17750.00)
Seat 6: Iamluckbox2 (150175.00)
Seat 7: lipesticky (113688.00)
Seat 8: Sand shark (31250.00)
emvie posts ante 375.00
vauxer posts ante 375.00
Crylessguy posts ante 375.00
slicknick64 posts ante 375.00
Ahamoment93o posts ante 375.00
Iamluckbox2 posts ante 375.00
lipesticky posts ante 375.00
Sand shark posts ante 375.00
Ahamoment93o posts the small blind 1500.00
Iamluckbox2 posts the big blind 3000.00
*** HOLE CARDS ***
Main pot 3000.00
Dealt to lipesticky [8s 5h]
lipesticky folds
Sand shark raises 30875.00 to 30875.00 and is all-in
emvie folds
vauxer folds
Crylessguy folds
slicknick64 folds
Ahamoment93o folds
Iamluckbox2 folds
Uncalled bet (27875.00) returned to Sand shark
Sand shark does not show
*** SUMMARY ***
Total pot 10500.00
Seat 1: emvie folded on the Pre-Flop and did not bet
Seat 2: vauxer folded on the Pre-Flop and did not bet
Seat 3: Crylessguy folded on the Pre-Flop and did not bet
Seat 4: slicknick64 (button) folded on the Pre-Flop
Seat 5: Ahamoment93o (small blind) folded on the Pre-Flop
Seat 6: Iamluckbox2 (big blind) folded on the Pre-Flop
Seat 7: lipesticky folded on the Pre-Flop and did not bet
Seat 8: Sand shark did not show and won 10500.00

Game Hand #2020515774 - Tournament #31156503 - Holdem (No Limit) - Level 13 (1500.00/3000.00)- 2024/02/07 22:18:14 UTC
Table '31' 8-max Seat #5 is the button
Seat 1: emvie (63716.00)
Seat 2: vauxer (107268.00)
Seat 3: Crylessguy (62900.00)
Seat 4: slicknick64 (102825.00)
Seat 5: Ahamoment93o (15875.00)
Seat 6: Iamluckbox2 (146800.00)
Seat 7: lipesticky (113313.00)
Seat 8: Sand shark (38375.00)
emvie posts ante 375.00
vauxer posts ante 375.00
Crylessguy posts ante 375.00
slicknick64 posts ante 375.00
Ahamoment93o posts ante 375.00
Iamluckbox2 posts ante 375.00
lipesticky posts ante 375.00
Sand shark posts ante 375.00
Iamluckbox2 posts the small blind 1500.00
lipesticky posts the big blind 3000.00
*** HOLE CARDS ***
Main pot 3000.00
Dealt to lipesticky [8h Ah]
Sand shark raises 6000.00 to 6000.00
emvie folds
vauxer folds
Crylessguy folds
slicknick64 folds
Ahamoment93o folds
Iamluckbox2 folds
lipesticky calls 3000.00
*** FLOP *** [8s Ac Td]
Main pot 16500.00
lipesticky checks
Sand shark checks
*** TURN *** [8s Ac Td] [3c]
Main pot 16500.00
lipesticky bets 9075.00
Sand shark folds
Uncalled bet (9075.00) returned to lipesticky
lipesticky does not show
*** SUMMARY ***
Total pot 16500.00
Board [8s Ac Td 3c]
Seat 1: emvie folded on the Pre-Flop and did not bet
Seat 2: vauxer folded on the Pre-Flop and did not bet
Seat 3: Crylessguy folded on the Pre-Flop and did not bet
Seat 4: slicknick64 folded on the Pre-Flop and did not bet
Seat 5: Ahamoment93o (button) folded on the Pre-Flop
Seat 6: Iamluckbox2 (small blind) folded on the Pre-Flop
Seat 7: lipesticky did not show and won 16500.00
Seat 8: Sand shark folded on the Turn

Game Hand #2020516876 - Tournament #31156503 - Holdem (No Limit) - Level 13 (1500.00/3000.00)- 2024/02/07 22:19:30 UTC
Table '31' 8-max Seat #6 is the button
Seat 1: emvie (63341.00)
Seat 2: vauxer (106893.00)
Seat 3: Crylessguy (62525.00)
Seat 4: slicknick64 (102450.00)
Seat 5: Ahamoment93o (15500.00)
Seat 6: Iamluckbox2 (144925.00)
Seat 7: lipesticky (123438.00)
Seat 8: Sand shark (32000.00)
emvie posts ante 375.00
vauxer posts ante 375.00
Crylessguy posts ante 375.00
slicknick64 posts ante 375.00
Ahamoment93o posts ante 375.00
Iamluckbox2 posts ante 375.00
lipesticky posts ante 375.00
Sand shark posts ante 375.00
lipesticky posts the small blind 1500.00
Sand shark posts the big blind 3000.00
*** HOLE CARDS ***
Main pot 3000.00
Dealt to lipesticky [Kh 8s]
emvie folds
vauxer folds
Crylessguy folds
slicknick64 folds
Ahamoment93o raises 15125.00 to 15125.00 and is all-in
Iamluckbox2 folds
lipesticky folds
Sand shark calls 12125.00
*** FLOP *** [8h 7h 5d]
Main pot 34750.00
*** TURN *** [8h 7h 5d] [8c]
Main pot 34750.00
*** RIVER *** [8h 7h 5d 8c] [5s]
Main pot 34750.00
*** SHOW DOWN ***
Main pot 34750.00
Ahamoment93o shows [Qc 9s] (two pair, Eights and Fives [8h 8c 5s 5d Qc])
Sand shark shows [Kd 6d] (two pair, Eights and Fives [8h 8c 5s 5d Kd])
Sand shark collected 34750.00 from main pot
*** SUMMARY ***
Total pot 34750.00
Board [8h 7h 5d 8c 5s]
Seat 1: emvie folded on the Pre-Flop and did not bet
Seat 2: vauxer folded on the Pre-Flop and did not bet
Seat 3: Crylessguy folded on the Pre-Flop and did not bet
Seat 4: slicknick64 folded on the Pre-Flop and did not bet
Seat 5: Ahamoment93o showed [Qc 9s] and lost with two pair, Eights and Fives [8h 8c 5s 5d Qc]
Seat 6: Iamluckbox2 (button) folded on the Pre-Flop
Seat 7: lipesticky (small blind) folded on the Pre-Flop
Seat 8: Sand shark (big blind) showed [Kd 6d] and won 34750.00 with two pair, Eights and Fives [8h 8c 5s 5d Kd] with the kicker King

Game Hand #2020517745 - Tournament #31156503 - Holdem (No Limit) - Level 14 (1750.00/3500.00)- 2024/02/07 22:20:26 UTC
Table '31' 8-max Seat #7 is the button
Seat 1: emvie (62966.00)
Seat 2: vauxer (106518.00)
Seat 3: Crylessguy (62150.00)
Seat 4: slicknick64 (102075.00)
Seat 6: Iamluckbox2 (144550.00)
Seat 7: lipesticky (121563.00)
Seat 8: Sand shark (51250.00)
emvie posts ante 450.00
vauxer posts ante 450.00
Crylessguy posts ante 450.00
slicknick64 posts ante 450.00
Iamluckbox2 posts ante 450.00
lipesticky posts ante 450.00
Sand shark posts ante 450.00
Sand shark posts the small blind 1750.00
emvie posts the big blind 3500.00
*** HOLE CARDS ***
Main pot 3150.00
Dealt to lipesticky [4s 6c]
vauxer raises 7000.00 to 7000.00
Crylessguy folds
slicknick64 folds
Iamluckbox2 folds
lipesticky folds
Sand shark folds
emvie folds
Uncalled bet (3500.00) returned to vauxer
vauxer does not show
*** SUMMARY ***
Total pot 11900.00
Seat 1: emvie (big blind) folded on the Pre-Flop
Seat 2: vauxer did not show and won 11900.00
Seat 3: Crylessguy folded on the Pre-Flop and did not bet
Seat 4: slicknick64 folded on the Pre-Flop and did not bet
Seat 6: Iamluckbox2 folded on the Pre-Flop and did not bet
Seat 7: lipesticky (button) folded on the Pre-Flop
Seat 8: Sand shark (small blind) folded on the Pre-Flop

Game Hand #2020518038 - Tournament #31156503 - Holdem (No Limit) - Level 14 (1750.00/3500.00)- 2024/02/07 22:20:46 UTC
Table '31' 8-max Seat #8 is the button
Seat 1: emvie (59016.00)
Seat 2: vauxer (114468.00)
Seat 3: Crylessguy (61700.00)
Seat 4: slicknick64 (101625.00)
Seat 6: Iamluckbox2 (144100.00)
Seat 7: lipesticky (121113.00)
Seat 8: Sand shark (49050.00)
emvie posts ante 450.00
vauxer posts ante 450.00
Crylessguy posts ante 450.00
slicknick64 posts ante 450.00
Iamluckbox2 posts ante 450.00
lipesticky posts ante 450.00
Sand shark posts ante 450.00
emvie posts the small blind 1750.00
vauxer posts the big blind 3500.00
*** HOLE CARDS ***
Main pot 3150.00
Dealt to lipesticky [2s 5c]
Crylessguy raises 7000.00 to 7000.00
slicknick64 folds
Iamluckbox2 folds
lipesticky folds
Sand shark folds
emvie folds
vauxer folds
Uncalled bet (3500.00) returned to Crylessguy
Crylessguy does not show
*** SUMMARY ***
Total pot 11900.00
Seat 1: emvie (small blind) folded on the Pre-Flop
Seat 2: vauxer (big blind) folded on the Pre-Flop
Seat 3: Crylessguy did not show and won 11900.00
Seat 4: slicknick64 folded on the Pre-Flop and did not bet
Seat 6: Iamluckbox2 folded on the Pre-Flop and did not bet
Seat 7: lipesticky folded on the Pre-Flop and did not bet
Seat 8: Sand shark (button) folded on the Pre-Flop

Game Hand #2020518276 - Tournament #31156503 - Holdem (No Limit) - Level 14 (1750.00/3500.00)- 2024/02/07 22:21:02 UTC
Table '31' 8-max Seat #1 is the button
Seat 1: emvie (56816.00)
Seat 2: vauxer (110518.00)
Seat 3: Crylessguy (69650.00)
Seat 4: slicknick64 (101175.00)
Seat 6: Iamluckbox2 (143650.00)
Seat 7: lipesticky (120663.00)
Seat 8: Sand shark (48600.00)
emvie posts ante 450.00
vauxer posts ante 450.00
Crylessguy posts ante 450.00
slicknick64 posts ante 450.00
Iamluckbox2 posts ante 450.00
lipesticky posts ante 450.00
Sand shark posts ante 450.00
vauxer posts the small blind 1750.00
Crylessguy posts the big blind 3500.00
*** HOLE CARDS ***
Main pot 3150.00
Dealt to lipesticky [Qh 7c]
slicknick64 folds
Iamluckbox2 raises 7000.00 to 7000.00
lipesticky folds
Sand shark folds
emvie folds
vauxer folds
Crylessguy folds
Uncalled bet (3500.00) returned to Iamluckbox2
Iamluckbox2 does not show
*** SUMMARY ***
Total pot 11900.00
Seat 1: emvie (button) folded on the Pre-Flop
Seat 2: vauxer (small blind) folded on the Pre-Flop
Seat 3: Crylessguy (big blind) folded on the Pre-Flop
Seat 4: slicknick64 folded on the Pre-Flop and did not bet
Seat 6: Iamluckbox2 did not show and won 11900.00
Seat 7: lipesticky folded on the Pre-Flop and did not bet
Seat 8: Sand shark folded on the Pre-Flop and did not bet

Game Hand #2020518678 - Tournament #31156503 - Holdem (No Limit) - Level 14 (1750.00/3500.00)- 2024/02/07 22:21:28 UTC
Table '31' 8-max Seat #2 is the button
Seat 1: emvie (56366.00)
Seat 2: vauxer (108318.00)
Seat 3: Crylessguy (65700.00)
Seat 4: slicknick64 (100725.00)
Seat 6: Iamluckbox2 (151600.00)
Seat 7: lipesticky (120213.00)
Seat 8: Sand shark (48150.00)
emvie posts ante 450.00
vauxer posts ante 450.00
Crylessguy posts ante 450.00
slicknick64 posts ante 450.00
Iamluckbox2 posts ante 450.00
lipesticky posts ante 450.00
Sand shark posts ante 450.00
Crylessguy posts the small blind 1750.00
slicknick64 posts the big blind 3500.00
*** HOLE CARDS ***
Main pot 3150.00
Dealt to lipesticky [8c 8s]
Iamluckbox2 raises 7000.00 to 7000.00
lipesticky calls 7000.00
Sand shark folds
emvie folds
vauxer folds
Crylessguy folds
slicknick64 calls 3500.00
*** FLOP *** [9d 5s 4d]
Main pot 25900.00
slicknick64 checks
Iamluckbox2 checks
lipesticky bets 6797.00
slicknick64 calls 6797.00
Iamluckbox2 folds
*** TURN *** [9d 5s 4d] [5h]
Main pot 39494.00
slicknick64 checks
lipesticky checks
*** RIVER *** [9d 5s 4d 5h] [4s]
Main pot 39494.00
slicknick64 bets 29621.00
lipesticky folds
Uncalled bet (29621.00) returned to slicknick64
slicknick64 shows [- 5d]
*** SUMMARY ***
Total pot 39494.00
Board [9d 5s 4d 5h 4s]
Seat 1: emvie folded on the Pre-Flop and did not bet
Seat 2: vauxer (button) folded on the Pre-Flop
Seat 3: Crylessguy (small blind) folded on the Pre-Flop
Seat 4: slicknick64 (big blind) showed [- 5d] and won 39494.00
Seat 6: Iamluckbox2 folded on the Flop
Seat 7: lipesticky folded on the River
Seat 8: Sand shark folded on the Pre-Flop and did not bet

Game Hand #2020519877 - Tournament #31156503 - Holdem (No Limit) - Level 14 (1750.00/3500.00)- 2024/02/07 22:22:49 UTC
Table '31' 8-max Seat #3 is the button
Seat 1: emvie (55916.00)
Seat 2: vauxer (107868.00)
Seat 3: Crylessguy (63500.00)
Seat 4: slicknick64 (125972.00)
Seat 6: Iamluckbox2 (144150.00)
Seat 7: lipesticky (105966.00)
Seat 8: Sand shark (47700.00)
emvie posts ante 450.00
vauxer posts ante 450.00
Crylessguy posts ante 450.00
slicknick64 posts ante 450.00
Iamluckbox2 posts ante 450.00
lipesticky posts ante 450.00
Sand shark posts ante 450.00
slicknick64 posts the small blind 1750.00
Iamluckbox2 posts the big blind 3500.00
*** HOLE CARDS ***
Main pot 3150.00
Dealt to lipesticky [5s As]
lipesticky raises 7350.00 to 7350.00
Sand shark folds
emvie folds
vauxer folds
Crylessguy folds
slicknick64 folds
Iamluckbox2 calls 3850.00
*** FLOP *** [2s 7h 8c]
Main pot 19600.00
Iamluckbox2 checks
lipesticky bets 10780.00
Iamluckbox2 folds
Uncalled bet (10780.00) returned to lipesticky
lipesticky does not show
*** SUMMARY ***
Total pot 19600.00
Board [2s 7h 8c]
Seat 1: emvie folded on the Pre-Flop and did not bet
Seat 2: vauxer folded on the Pre-Flop and did not bet
Seat 3: Crylessguy (button) folded on the Pre-Flop
Seat 4: slicknick64 (small blind) folded on the Pre-Flop
Seat 6: Iamluckbox2 (big blind) folded on the Flop
Seat 7: lipesticky did not show and won 19600.00
Seat 8: Sand shark folded on the Pre-Flop and did not bet

Game Hand #2020520445 - Tournament #31156503 - Holdem (No Limit) - Level 14 (1750.00/3500.00)- 2024/02/07 22:23:29 UTC
Table '31' 8-max Seat #4 is the button
Seat 1: emvie (55466.00)
Seat 2: vauxer (107418.00)
Seat 3: Crylessguy (63050.00)
Seat 4: slicknick64 (123772.00)
Seat 5: Golferboy30330 will be allowed to play after the button
Seat 7: lipesticky (117766.00)
Seat 8: Sand shark (47250.00)
emvie posts ante 450.00
vauxer posts ante 450.00
Crylessguy posts ante 450.00
slicknick64 posts ante 450.00
lipesticky posts ante 450.00
Sand shark posts ante 450.00
lipesticky posts the big blind 3500.00
*** HOLE CARDS ***
Main pot 2700.00
Dealt to lipesticky [Tc 4h]
Sand shark folds
emvie folds
vauxer folds
Crylessguy folds
slicknick64 folds
lipesticky does not show
*** SUMMARY ***
Total pot 6200.00
Seat 1: emvie folded on the Pre-Flop and did not bet
Seat 2: vauxer folded on the Pre-Flop and did not bet
Seat 3: Crylessguy folded on the Pre-Flop and did not bet
Seat 4: slicknick64 (button) folded on the Pre-Flop
Seat 7: lipesticky did not show and won 6200.00
Seat 8: Sand shark folded on the Pre-Flop and did not bet

Game Hand #2020520670 - Tournament #31156503 - Holdem (No Limit) - Level 14 (1750.00/3500.00)- 2024/02/07 22:23:44 UTC
Table '31' 8-max Seat #6 is the button
Seat 1: emvie (55016.00)
Seat 2: vauxer (106968.00)
Seat 3: Crylessguy (62600.00)
Seat 4: slicknick64 (123322.00)
Seat 5: Golferboy30330 (112664.00)
Seat 7: lipesticky (120016.00)
Seat 8: Sand shark (46800.00)
emvie posts ante 450.00
vauxer posts ante 450.00
Crylessguy posts ante 450.00
slicknick64 posts ante 450.00
Golferboy30330 posts ante 450.00
lipesticky posts ante 450.00
Sand shark posts ante 450.00
lipesticky posts the small blind 1750.00
Sand shark posts the big blind 3500.00
*** HOLE CARDS ***
Main pot 3150.00
Dealt to lipesticky [7h Jh]
emvie folds
vauxer folds
Crylessguy raises 7000.00 to 7000.00
slicknick64 folds
Golferboy30330 folds
lipesticky folds
Sand shark folds
Uncalled bet (3500.00) returned to Crylessguy
Crylessguy does not show
*** SUMMARY ***
Total pot 11900.00
Seat 1: emvie folded on the Pre-Flop and did not bet
Seat 2: vauxer folded on the Pre-Flop and did not bet
Seat 3: Crylessguy did not show and won 11900.00
Seat 4: slicknick64 folded on the Pre-Flop and did not bet
Seat 5: Golferboy30330 folded on the Pre-Flop and did not bet
Seat 7: lipesticky (small blind) folded on the Pre-Flop
Seat 8: Sand shark (big blind) folded on the Pre-Flop

Game Hand #2020521076 - Tournament #31156503 - Holdem (No Limit) - Level 14 (1750.00/3500.00)- 2024/02/07 22:24:10 UTC
Table '31' 8-max Seat #7 is the button
Seat 1: emvie (54566.00)
Seat 2: vauxer (106518.00)
Seat 3: Crylessguy (70550.00)
Seat 4: slicknick64 (122872.00)
Seat 5: Golferboy30330 (112214.00)
Seat 7: lipesticky (117816.00)
Seat 8: Sand shark (42850.00)
emvie posts ante 450.00
vauxer posts ante 450.00
Crylessguy posts ante 450.00
slicknick64 posts ante 450.00
Golferboy30330 posts ante 450.00
lipesticky posts ante 450.00
Sand shark posts ante 450.00
Sand shark posts the small blind 1750.00
emvie posts the big blind 3500.00
*** HOLE CARDS ***
Main pot 3150.00
Dealt to lipesticky [Qc Kh]
vauxer folds
Crylessguy folds
slicknick64 folds
Golferboy30330 folds
lipesticky raises 117366.00 to 117366.00 and is all-in
Sand shark folds
emvie calls 50616.00 and is all-in
Uncalled bet (63250.00) returned to lipesticky
*** FLOP *** [Ts 3h 5h]
Main pot 113132.00
*** TURN *** [Ts 3h 5h] [7h]
Main pot 113132.00
*** RIVER *** [Ts 3h 5h 7h] [8h]
Main pot 113132.00
*** SHOW DOWN ***
Main pot 113132.00
emvie shows [Ad Kd] (a high card, Ace high [Ad Kd Ts 8h 7h])
lipesticky shows [Qc Kh] (a flush, King high [Kh 8h 7h 5h 3h])
lipesticky collected 113132.00 from main pot
*** SUMMARY ***
Total pot 113132.00
Board [Ts 3h 5h 7h 8h]
Seat 1: emvie (big blind) showed [Ad Kd] and lost with a high card, Ace high [Ad Kd Ts 8h 7h]
Seat 2: vauxer folded on the Pre-Flop and did not bet
Seat 3: Crylessguy folded on the Pre-Flop and did not bet
Seat 4: slicknick64 folded on the Pre-Flop and did not bet
Seat 5: Golferboy30330 folded on the Pre-Flop and did not bet
Seat 7: lipesticky (button) showed [Qc Kh] and won 113132.00 with a flush, King high [Kh 8h 7h 5h 3h]
Seat 8: Sand shark (small blind) folded on the Pre-Flop

Game Hand #2020521636 - Tournament #31156503 - Holdem (No Limit) - Level 14 (1750.00/3500.00)- 2024/02/07 22:24:46 UTC
Table '31' 8-max Seat #8 is the button
Seat 2: vauxer (106068.00)
Seat 3: Crylessguy (70100.00)
Seat 4: slicknick64 (122422.00)
Seat 5: Golferboy30330 (111764.00)
Seat 6: playbadrungood1 (132346.00)
Seat 7: lipesticky (176382.00)
Seat 8: Sand shark (40650.00)
vauxer posts ante 450.00
Crylessguy posts ante 450.00
slicknick64 posts ante 450.00
Golferboy30330 posts ante 450.00
playbadrungood1 posts ante 450.00
lipesticky posts ante 450.00
Sand shark posts ante 450.00
vauxer posts the big blind 3500.00
*** HOLE CARDS ***
Main pot 3150.00
Dealt to lipesticky [5c 6d]
Crylessguy folds
slicknick64 folds
Golferboy30330 raises 8750.00 to 8750.00
playbadrungood1 folds
lipesticky folds
Sand shark folds
vauxer folds
Uncalled bet (5250.00) returned to Golferboy30330
Golferboy30330 does not show
*** SUMMARY ***
Total pot 10150.00
Seat 2: vauxer (big blind) folded on the Pre-Flop
Seat 3: Crylessguy folded on the Pre-Flop and did not bet
Seat 4: slicknick64 folded on the Pre-Flop and did not bet
Seat 5: Golferboy30330 did not show and won 10150.00
Seat 6: playbadrungood1 folded on the Pre-Flop and did not bet
Seat 7: lipesticky folded on the Pre-Flop and did not bet
Seat 8: Sand shark (button) folded on the Pre-Flop

Game Hand #2020522433 - Tournament #31156503 - Holdem (No Limit) - Level 14 (1750.00/3500.00)- 2024/02/07 22:25:37 UTC
Table '31' 8-max Seat #1 is the button
Seat 2: vauxer (102118.00)
Seat 3: Crylessguy (69650.00)
Seat 4: slicknick64 (121972.00)
Seat 5: Golferboy30330 (117964.00)
Seat 6: playbadrungood1 (131896.00) is sitting out
Seat 7: lipesticky (175932.00)
Seat 8: Sand shark (40200.00)
vauxer posts ante 450.00
Crylessguy posts ante 450.00
slicknick64 posts ante 450.00
Golferboy30330 posts ante 450.00
playbadrungood1 posts ante 450.00
lipesticky posts ante 450.00
Sand shark posts ante 450.00
vauxer posts the small blind 1750.00
Crylessguy posts the big blind 3500.00
*** HOLE CARDS ***
Main pot 3150.00
Dealt to lipesticky [6h 3d]
slicknick64 folds
Golferboy30330 raises 8750.00 to 8750.00
playbadrungood1 folds
lipesticky folds
Sand shark folds
vauxer folds
Crylessguy folds
Uncalled bet (5250.00) returned to Golferboy30330
Golferboy30330 does not show
*** SUMMARY ***
Total pot 11900.00
Seat 2: vauxer (small blind) folded on the Pre-Flop
Seat 3: Crylessguy (big blind) folded on the Pre-Flop
Seat 4: slicknick64 folded on the Pre-Flop and did not bet
Seat 5: Golferboy30330 did not show and won 11900.00
Seat 6: playbadrungood1 folded on the Pre-Flop and did not bet
Seat 7: lipesticky folded on the Pre-Flop and did not bet
Seat 8: Sand shark folded on the Pre-Flop and did not bet

Game Hand #2020523065 - Tournament #31156503 - Holdem (No Limit) - Level 14 (1750.00/3500.00)- 2024/02/07 22:26:18 UTC
Table '31' 8-max Seat #2 is the button
Seat 2: vauxer (99918.00)
Seat 3: Crylessguy (65700.00)
Seat 4: slicknick64 (121522.00)
Seat 5: Golferboy30330 (125914.00)
Seat 6: playbadrungood1 (131446.00)
Seat 7: lipesticky (175482.00)
Seat 8: Sand shark (39750.00)
vauxer posts ante 450.00
Crylessguy posts ante 450.00
slicknick64 posts ante 450.00
Golferboy30330 posts ante 450.00
playbadrungood1 posts ante 450.00
lipesticky posts ante 450.00
Sand shark posts ante 450.00
Crylessguy posts the small blind 1750.00
slicknick64 posts the big blind 3500.00
*** HOLE CARDS ***
Main pot 3150.00
Dealt to lipesticky [4c 3s]
Golferboy30330 folds
playbadrungood1 raises 7000.00 to 7000.00
lipesticky folds
Sand shark folds
vauxer folds
Crylessguy folds
slicknick64 folds
Uncalled bet (3500.00) returned to playbadrungood1
playbadrungood1 does not show
*** SUMMARY ***
Total pot 11900.00
Seat 2: vauxer (button) folded on the Pre-Flop
Seat 3: Crylessguy (small blind) folded on the Pre-Flop
Seat 4: slicknick64 (big blind) folded on the Pre-Flop
Seat 5: Golferboy30330 folded on the Pre-Flop and did not bet
Seat 6: playbadrungood1 did not show and won 11900.00
Seat 7: lipesticky folded on the Pre-Flop and did not bet
Seat 8: Sand shark folded on the Pre-Flop and did not bet

Game Hand #2020523420 - Tournament #31156503 - Holdem (No Limit) - Level 14 (1750.00/3500.00)- 2024/02/07 22:26:41 UTC
Table '31' 8-max Seat #3 is the button
Seat 2: vauxer (99468.00)
Seat 3: Crylessguy (63500.00)
Seat 4: slicknick64 (117572.00) is sitting out
Seat 5: Golferboy30330 (125464.00)
Seat 6: playbadrungood1 (139396.00)
Seat 7: lipesticky (175032.00)
Seat 8: Sand shark (39300.00)
vauxer posts ante 450.00
Crylessguy posts ante 450.00
slicknick64 posts ante 450.00
Golferboy30330 posts ante 450.00
playbadrungood1 posts ante 450.00
lipesticky posts ante 450.00
Sand shark posts ante 450.00
slicknick64 posts the small blind 1750.00
Golferboy30330 posts the big blind 3500.00
*** HOLE CARDS ***
Main pot 3150.00
Dealt to lipesticky [3d 8h]
playbadrungood1 folds
lipesticky folds
Sand shark raises 8750.00 to 8750.00
vauxer folds
Crylessguy folds
slicknick64 folds
Golferboy30330 folds
Uncalled bet (5250.00) returned to Sand shark
Sand shark does not show
*** SUMMARY ***
Total pot 11900.00
Seat 2: vauxer folded on the Pre-Flop and did not bet
Seat 3: Crylessguy (button) folded on the Pre-Flop
Seat 4: slicknick64 (small blind) folded on the Pre-Flop
Seat 5: Golferboy30330 (big blind) folded on the Pre-Flop
Seat 6: playbadrungood1 folded on the Pre-Flop and did not bet
Seat 7: lipesticky folded on the Pre-Flop and did not bet
Seat 8: Sand shark did not show and won 11900.00

Game Hand #2020523884 - Tournament #31156503 - Holdem (No Limit) - Level 14 (1750.00/3500.00)- 2024/02/07 22:27:12 UTC
Table '31' 8-max Seat #4 is the button
Seat 2: vauxer (99018.00)
Seat 3: Crylessguy (63050.00)
Seat 4: slicknick64 (115372.00)
Seat 5: Golferboy30330 (121514.00)
Seat 6: playbadrungood1 (138946.00)
Seat 7: lipesticky (174582.00)
Seat 8: Sand shark (47250.00)
vauxer posts ante 450.00
Crylessguy posts ante 450.00
slicknick64 posts ante 450.00
Golferboy30330 posts ante 450.00
playbadrungood1 posts ante 450.00
lipesticky posts ante 450.00
Sand shark posts ante 450.00
Golferboy30330 posts the small blind 1750.00
playbadrungood1 posts the big blind 3500.00
*** HOLE CARDS ***
Main pot 3150.00
Dealt to lipesticky [Ts 2c]
lipesticky folds
Sand shark folds
vauxer raises 7000.00 to 7000.00
Crylessguy folds
slicknick64 calls 7000.00
Golferboy30330 folds
playbadrungood1 calls 3500.00
*** FLOP *** [9d 4s 2d]
Main pot 25900.00
playbadrungood1 checks
vauxer bets 8547.00
slicknick64 calls 8547.00
playbadrungood1 folds
*** TURN *** [9d 4s 2d] [Th]
Main pot 42994.00
vauxer checks
slicknick64 checks
*** RIVER *** [9d 4s 2d Th] [3h]
Main pot 42994.00
vauxer checks
slicknick64 bets 32246.00
vauxer folds
Uncalled bet (32246.00) returned to slicknick64
slicknick64 does not show
*** SUMMARY ***
Total pot 42994.00
Board [9d 4s 2d Th 3h]
Seat 2: vauxer folded on the River
Seat 3: Crylessguy folded on the Pre-Flop and did not bet
Seat 4: slicknick64 did not show and won 42994.00
Seat 5: Golferboy30330 (small blind) folded on the Pre-Flop
Seat 6: playbadrungood1 (big blind) folded on the Flop
Seat 7: lipesticky folded on the Pre-Flop and did not bet
Seat 8: Sand shark folded on the Pre-Flop and did not bet

Game Hand #2020525257 - Tournament #31156503 - Holdem (No Limit) - Level 15 (2000.00/4000.00)- 2024/02/07 22:28:43 UTC
Table '31' 8-max Seat #5 is the button
Seat 1: frkkkk (95656.00)
Seat 2: vauxer (83021.00)
Seat 3: Crylessguy (62600.00)
Seat 4: slicknick64 (142369.00)
Seat 5: Golferboy30330 (119314.00)
Seat 6: playbadrungood1 (131496.00)
Seat 7: lipesticky (174132.00)
Seat 8: Sand shark (46800.00)
frkkkk posts ante 500.00
vauxer posts ante 500.00
Crylessguy posts ante 500.00
slicknick64 posts ante 500.00
Golferboy30330 posts ante 500.00
playbadrungood1 posts ante 500.00
lipesticky posts ante 500.00
Sand shark posts ante 500.00
playbadrungood1 posts the small blind 2000.00
lipesticky posts the big blind 4000.00
*** HOLE CARDS ***
Main pot 4000.00
Dealt to lipesticky [3h 6d]
Sand shark folds
frkkkk folds
vauxer folds
Crylessguy raises 8000.00 to 8000.00
slicknick64 folds
Golferboy30330 folds
playbadrungood1 folds
lipesticky folds
Uncalled bet (4000.00) returned to Crylessguy
Crylessguy does not show
*** SUMMARY ***
Total pot 14000.00
Seat 1: frkkkk folded on the Pre-Flop and did not bet
Seat 2: vauxer folded on the Pre-Flop and did not bet
Seat 3: Crylessguy did not show and won 14000.00
Seat 4: slicknick64 folded on the Pre-Flop and did not bet
Seat 5: Golferboy30330 (button) folded on the Pre-Flop
Seat 6: playbadrungood1 (small blind) folded on the Pre-Flop
Seat 7: lipesticky (big blind) folded on the Pre-Flop
Seat 8: Sand shark folded on the Pre-Flop and did not bet

Game Hand #2020525758 - Tournament #31156503 - Holdem (No Limit) - Level 15 (2000.00/4000.00)- 2024/02/07 22:29:15 UTC
Table '31' 8-max Seat #6 is the button
Seat 1: frkkkk (95156.00)
Seat 2: vauxer (82521.00)
Seat 3: Crylessguy (72100.00)
Seat 4: slicknick64 (141869.00)
Seat 5: Golferboy30330 (118814.00)
Seat 6: playbadrungood1 (128996.00)
Seat 7: lipesticky (169632.00)
Seat 8: Sand shark (46300.00)
frkkkk posts ante 500.00
vauxer posts ante 500.00
Crylessguy posts ante 500.00
slicknick64 posts ante 500.00
Golferboy30330 posts ante 500.00
playbadrungood1 posts ante 500.00
lipesticky posts ante 500.00
Sand shark posts ante 500.00
lipesticky posts the small blind 2000.00
Sand shark posts the big blind 4000.00
*** HOLE CARDS ***
Main pot 4000.00
Dealt to lipesticky [3c Ac]
frkkkk folds
vauxer raises 8000.00 to 8000.00
Crylessguy folds
slicknick64 folds
Golferboy30330 folds
playbadrungood1 folds
lipesticky calls 6000.00
Sand shark raises 41800.00 to 45800.00 and is all-in
vauxer folds
lipesticky folds
Uncalled bet (37800.00) returned to Sand shark
Sand shark does not show
*** SUMMARY ***
Total pot 28000.00
Seat 1: frkkkk folded on the Pre-Flop and did not bet
Seat 2: vauxer folded on the Pre-Flop and did not bet
Seat 3: Crylessguy folded on the Pre-Flop and did not bet
Seat 4: slicknick64 folded on the Pre-Flop and did not bet
Seat 5: Golferboy30330 folded on the Pre-Flop and did not bet
Seat 6: playbadrungood1 (button) folded on the Pre-Flop
Seat 7: lipesticky (small blind) folded on the Pre-Flop
Seat 8: Sand shark did not show and won 28000.00

Game Hand #2020526524 - Tournament #31156503 - Holdem (No Limit) - Level 15 (2000.00/4000.00)- 2024/02/07 22:30:10 UTC
Table '31' 8-max Seat #7 is the button
Seat 1: frkkkk (94656.00)
Seat 2: vauxer (74021.00)
Seat 3: Crylessguy (71600.00)
Seat 4: slicknick64 (141369.00) is sitting out
Seat 5: Golferboy30330 (118314.00)
Seat 6: playbadrungood1 (128496.00)
Seat 7: lipesticky (161132.00)
Seat 8: Sand shark (65800.00)
frkkkk posts ante 500.00
vauxer posts ante 500.00
Crylessguy posts ante 500.00
slicknick64 posts ante 500.00
Golferboy30330 posts ante 500.00
playbadrungood1 posts ante 500.00
lipesticky posts ante 500.00
Sand shark posts ante 500.00
Sand shark posts the small blind 2000.00
frkkkk posts the big blind 4000.00
*** HOLE CARDS ***
Main pot 4000.00
Dealt to lipesticky [7c 9c]
vauxer folds
Crylessguy folds
slicknick64 folds
Golferboy30330 raises 10000.00 to 10000.00
playbadrungood1 folds
lipesticky folds
Sand shark folds
frkkkk raises 90156.00 to 94156.00 and is all-in
Golferboy30330 calls 84156.00
*** FLOP *** [4s Ah 9d]
Main pot 194312.00
*** TURN *** [4s Ah 9d] [4h]
Main pot 194312.00
*** RIVER *** [4s Ah 9d 4h] [Jd]
Main pot 194312.00
*** SHOW DOWN ***
Main pot 194312.00
frkkkk shows [Tc Jc] (two pair, Jacks and Fours [Jd Jc 4s 4h Ah])
Golferboy30330 shows [Kd Js] (two pair, Jacks and Fours [Js Jd 4s 4h Ah])
frkkkk collected 97156.00 from main pot
Golferboy30330 collected 97156.00 from main pot
*** SUMMARY ***
Total pot 194312.00
Board [4s Ah 9d 4h Jd]
Seat 1: frkkkk (big blind) showed [Tc Jc] and won 97156.00 with two pair, Jacks and Fours [Jd Jc 4s 4h Ah]
Seat 2: vauxer folded on the Pre-Flop and did not bet
Seat 3: Crylessguy folded on the Pre-Flop and did not bet
Seat 4: slicknick64 folded on the Pre-Flop and did not bet
Seat 5: Golferboy30330 showed [Kd Js] and won 97156.00 with two pair, Jacks and Fours [Js Jd 4s 4h Ah]
Seat 6: playbadrungood1 folded on the Pre-Flop and did not bet
Seat 7: lipesticky (button) folded on the Pre-Flop
Seat 8: Sand shark (small blind) folded on the Pre-Flop

Game Hand #2020527378 - Tournament #31156503 - Holdem (No Limit) - Level 15 (2000.00/4000.00)- 2024/02/07 22:31:06 UTC
Table '31' 8-max Seat #8 is the button
Seat 1: frkkkk (97156.00)
Seat 2: vauxer (73521.00)
Seat 3: Crylessguy (71100.00)
Seat 4: slicknick64 (140869.00)
Seat 5: Golferboy30330 (120814.00)
Seat 6: playbadrungood1 (127996.00)
Seat 7: lipesticky (160632.00)
Seat 8: Sand shark (63300.00)
frkkkk posts ante 500.00
vauxer posts ante 500.00
Crylessguy posts ante 500.00
slicknick64 posts ante 500.00
Golferboy30330 posts ante 500.00
playbadrungood1 posts ante 500.00
lipesticky posts ante 500.00
Sand shark posts ante 500.00
frkkkk posts the small blind 2000.00
vauxer posts the big blind 4000.00
*** HOLE CARDS ***
Main pot 4000.00
Dealt to lipesticky [6c 9c]
Crylessguy folds
slicknick64 folds
Golferboy30330 folds
playbadrungood1 folds
lipesticky folds
Sand shark folds
frkkkk folds
vauxer does not show
*** SUMMARY ***
Total pot 10000.00
Seat 1: frkkkk (small blind) folded on the Pre-Flop
Seat 2: vauxer did not show and won 10000.00
Seat 3: Crylessguy folded on the Pre-Flop and did not bet
Seat 4: slicknick64 folded on the Pre-Flop and did not bet
Seat 5: Golferboy30330 folded on the Pre-Flop and did not bet
Seat 6: playbadrungood1 folded on the Pre-Flop and did not bet
Seat 7: lipesticky folded on the Pre-Flop and did not bet
Seat 8: Sand shark (button) folded on the Pre-Flop

Game Hand #2020527952 - Tournament #31156503 - Holdem (No Limit) - Level 15 (2000.00/4000.00)- 2024/02/07 22:31:43 UTC
Table '31' 8-max Seat #1 is the button
Seat 1: frkkkk (94656.00)
Seat 2: vauxer (79021.00)
Seat 3: Crylessguy (70600.00)
Seat 4: slicknick64 (140369.00)
Seat 5: Golferboy30330 (120314.00)
Seat 6: playbadrungood1 (127496.00)
Seat 7: lipesticky (160132.00)
Seat 8: Sand shark (62800.00)
frkkkk posts ante 500.00
vauxer posts ante 500.00
Crylessguy posts ante 500.00
slicknick64 posts ante 500.00
Golferboy30330 posts ante 500.00
playbadrungood1 posts ante 500.00
lipesticky posts ante 500.00
Sand shark posts ante 500.00
vauxer posts the small blind 2000.00
Crylessguy posts the big blind 4000.00
*** HOLE CARDS ***
Main pot 4000.00
Dealt to lipesticky [9s 3s]
slicknick64 folds
Golferboy30330 folds
playbadrungood1 raises 8000.00 to 8000.00
lipesticky folds
Sand shark folds
frkkkk folds
vauxer folds
Crylessguy calls 4000.00
*** FLOP *** [9c Kc 2h]
Main pot 22000.00
Crylessguy checks
playbadrungood1 bets 8000.00
Crylessguy calls 8000.00
*** TURN *** [9c Kc 2h] [Jh]
Main pot 38000.00
Crylessguy bets 25460.00
playbadrungood1 raises 92150.00 to 92150.00
Crylessguy calls 28640.00 and is all-in
Uncalled bet (38050.00) returned to playbadrungood1
*** RIVER *** [9c Kc 2h Jh] [8d]
Main pot 146200.00
*** SHOW DOWN ***
Main pot 146200.00
Crylessguy shows [7s Ks] (a pair of Kings [Ks Kc Jh 9c 8d])
playbadrungood1 shows [Kh Td] (a pair of Kings [Kh Kc Jh Td 9c])
playbadrungood1 collected 146200.00 from main pot
*** SUMMARY ***
Total pot 146200.00
Board [9c Kc 2h Jh 8d]
Seat 1: frkkkk (button) folded on the Pre-Flop
Seat 2: vauxer (small blind) folded on the Pre-Flop
Seat 3: Crylessguy (big blind) showed [7s Ks] and lost with a pair of Kings [Ks Kc Jh 9c 8d]
Seat 4: slicknick64 folded on the Pre-Flop and did not bet
Seat 5: Golferboy30330 folded on the Pre-Flop and did not bet
Seat 6: playbadrungood1 showed [Kh Td] and won 146200.00 with a pair of Kings [Kh Kc Jh Td 9c] with the kicker Ten
Seat 7: lipesticky folded on the Pre-Flop and did not bet
Seat 8: Sand shark folded on the Pre-Flop and did not bet

Game Hand #2020529013 - Tournament #31156503 - Holdem (No Limit) - Level 15 (2000.00/4000.00)- 2024/02/07 22:32:55 UTC
Table '31' 8-max Seat #2 is the button
Seat 1: frkkkk (94156.00)
Seat 2: vauxer (76521.00)
Seat 4: slicknick64 (139869.00)
Seat 5: Golferboy30330 (119814.00)
Seat 6: playbadrungood1 (203096.00)
Seat 7: lipesticky (159632.00)
Seat 8: Sand shark (62300.00)
frkkkk posts ante 500.00
vauxer posts ante 500.00
slicknick64 posts ante 500.00
Golferboy30330 posts ante 500.00
playbadrungood1 posts ante 500.00
lipesticky posts ante 500.00
Sand shark posts ante 500.00
slicknick64 posts the big blind 4000.00
*** HOLE CARDS ***
Main pot 3500.00
Dealt to lipesticky [2h 6d]
Golferboy30330 folds
playbadrungood1 raises 8000.00 to 8000.00
lipesticky folds
Sand shark folds
frkkkk folds
vauxer folds
slicknick64 calls 4000.00
*** FLOP *** [5h 7c 7s]
Main pot 19500.00
slicknick64 checks
playbadrungood1 bets 4000.00
slicknick64 folds
Uncalled bet (4000.00) returned to playbadrungood1
playbadrungood1 does not show
*** SUMMARY ***
Total pot 19500.00
Board [5h 7c 7s]
Seat 1: frkkkk folded on the Pre-Flop and did not bet
Seat 2: vauxer (button) folded on the Pre-Flop
Seat 4: slicknick64 (big blind) folded on the Flop
Seat 5: Golferboy30330 folded on the Pre-Flop and did not bet
Seat 6: playbadrungood1 did not show and won 19500.00
Seat 7: lipesticky folded on the Pre-Flop and did not bet
Seat 8: Sand shark folded on the Pre-Flop and did not bet

Game Hand #2020529664 - Tournament #31156503 - Holdem (No Limit) - Level 15 (2000.00/4000.00)- 2024/02/07 22:33:39 UTC
Table '31' 8-max Seat #3 is the button
Seat 1: frkkkk (93656.00)
Seat 2: vauxer (76021.00)
Seat 3: chelengolengo will be allowed to play after the button
Seat 4: slicknick64 (131369.00)
Seat 5: Golferboy30330 (119314.00)
Seat 6: playbadrungood1 (214096.00)
Seat 7: lipesticky (159132.00)
Seat 8: Sand shark (61800.00)
frkkkk posts ante 500.00
vauxer posts ante 500.00
slicknick64 posts ante 500.00
Golferboy30330 posts ante 500.00
playbadrungood1 posts ante 500.00
lipesticky posts ante 500.00
Sand shark posts ante 500.00
slicknick64 posts the small blind 2000.00
Golferboy30330 posts the big blind 4000.00
*** HOLE CARDS ***
Main pot 3500.00
Dealt to lipesticky [9d 7h]
playbadrungood1 folds
lipesticky folds
Sand shark folds
frkkkk folds
vauxer raises 8000.00 to 8000.00
slicknick64 folds
Golferboy30330 folds
Uncalled bet (4000.00) returned to vauxer
vauxer does not show
*** SUMMARY ***
Total pot 13500.00
Seat 1: frkkkk folded on the Pre-Flop and did not bet
Seat 2: vauxer did not show and won 13500.00
Seat 4: slicknick64 (small blind) folded on the Pre-Flop
Seat 5: Golferboy30330 (big blind) folded on the Pre-Flop
Seat 6: playbadrungood1 folded on the Pre-Flop and did not bet
Seat 7: lipesticky folded on the Pre-Flop and did not bet
Seat 8: Sand shark folded on the Pre-Flop and did not bet

Game Hand #2020530055 - Tournament #31156503 - Holdem (No Limit) - Level 15 (2000.00/4000.00)- 2024/02/07 22:34:06 UTC
Table '31' 8-max Seat #4 is the button
Seat 1: frkkkk (93156.00)
Seat 2: vauxer (85021.00)
Seat 3: chelengolengo (304377.00)
Seat 4: slicknick64 (128869.00)
Seat 5: Golferboy30330 (114814.00)
Seat 6: playbadrungood1 (213596.00)
Seat 7: lipesticky (158632.00)
Seat 8: Sand shark (61300.00)
frkkkk posts ante 500.00
vauxer posts ante 500.00
chelengolengo posts ante 500.00
slicknick64 posts ante 500.00
Golferboy30330 posts ante 500.00
playbadrungood1 posts ante 500.00
lipesticky posts ante 500.00
Sand shark posts ante 500.00
Golferboy30330 posts the small blind 2000.00
playbadrungood1 posts the big blind 4000.00
*** HOLE CARDS ***
Main pot 4000.00
Dealt to lipesticky [2h 4c]
lipesticky folds
Sand shark folds
frkkkk folds
vauxer folds
chelengolengo folds
slicknick64 folds
Golferboy30330 folds
playbadrungood1 does not show
*** SUMMARY ***
Total pot 10000.00
Seat 1: frkkkk folded on the Pre-Flop and did not bet
Seat 2: vauxer folded on the Pre-Flop and did not bet
Seat 3: chelengolengo folded on the Pre-Flop and did not bet
Seat 4: slicknick64 (button) folded on the Pre-Flop
Seat 5: Golferboy30330 (small blind) folded on the Pre-Flop
Seat 6: playbadrungood1 did not show and won 10000.00
Seat 7: lipesticky folded on the Pre-Flop and did not bet
Seat 8: Sand shark folded on the Pre-Flop and did not bet

Game Hand #2020530360 - Tournament #31156503 - Holdem (No Limit) - Level 15 (2000.00/4000.00)- 2024/02/07 22:34:27 UTC
Table '31' 8-max Seat #5 is the button
Seat 1: frkkkk (92656.00)
Seat 2: vauxer (84521.00)
Seat 3: chelengolengo (303877.00)
Seat 4: slicknick64 (128369.00)
Seat 5: Golferboy30330 (112314.00)
Seat 6: playbadrungood1 (219096.00)
Seat 7: lipesticky (158132.00)
Seat 8: Sand shark (60800.00)
frkkkk posts ante 500.00
vauxer posts ante 500.00
chelengolengo posts ante 500.00
slicknick64 posts ante 500.00
Golferboy30330 posts ante 500.00
playbadrungood1 posts ante 500.00
lipesticky posts ante 500.00
Sand shark posts ante 500.00
playbadrungood1 posts the small blind 2000.00
lipesticky posts the big blind 4000.00
*** HOLE CARDS ***
Main pot 4000.00
Dealt to lipesticky [Ts Qs]
Sand shark folds
frkkkk folds
vauxer folds
chelengolengo folds
slicknick64 folds
Golferboy30330 folds
playbadrungood1 calls 2000.00
lipesticky raises 10000.00 to 14000.00
playbadrungood1 calls 10000.00
*** FLOP *** [8d Jh Kc]
Main pot 32000.00
playbadrungood1 checks
lipesticky bets 8560.00
playbadrungood1 folds
Uncalled bet (8560.00) returned to lipesticky
lipesticky does not show
*** SUMMARY ***
Total pot 32000.00
Board [8d Jh Kc]
Seat 1: frkkkk folded on the Pre-Flop and did not bet
Seat 2: vauxer folded on the Pre-Flop and did not bet
Seat 3: chelengolengo folded on the Pre-Flop and did not bet
Seat 4: slicknick64 folded on the Pre-Flop and did not bet
Seat 5: Golferboy30330 (button) folded on the Pre-Flop
Seat 6: playbadrungood1 (small blind) folded on the Flop
Seat 7: lipesticky did not show and won 32000.00
Seat 8: Sand shark folded on the Pre-Flop and did not bet

Game Hand #2020531190 - Tournament #31156503 - Holdem (No Limit) - Level 15 (2000.00/4000.00)- 2024/02/07 22:35:22 UTC
Table '31' 8-max Seat #6 is the button
Seat 1: frkkkk (92156.00)
Seat 2: vauxer (84021.00)
Seat 3: chelengolengo (303377.00)
Seat 4: slicknick64 (127869.00)
Seat 5: Golferboy30330 (111814.00)
Seat 6: playbadrungood1 (204596.00)
Seat 7: lipesticky (175632.00)
Seat 8: Sand shark (60300.00)
frkkkk posts ante 500.00
vauxer posts ante 500.00
chelengolengo posts ante 500.00
slicknick64 posts ante 500.00
Golferboy30330 posts ante 500.00
playbadrungood1 posts ante 500.00
lipesticky posts ante 500.00
Sand shark posts ante 500.00
lipesticky posts the small blind 2000.00
Sand shark posts the big blind 4000.00
*** HOLE CARDS ***
Main pot 4000.00
Dealt to lipesticky [2h 3c]
frkkkk raises 8000.00 to 8000.00
vauxer folds
chelengolengo raises 20000.00 to 20000.00
slicknick64 folds
Golferboy30330 folds
playbadrungood1 folds
lipesticky folds
Sand shark folds
frkkkk folds
Uncalled bet (12000.00) returned to chelengolengo
chelengolengo does not show
*** SUMMARY ***
Total pot 26000.00
Seat 1: frkkkk folded on the Pre-Flop and did not bet
Seat 2: vauxer folded on the Pre-Flop and did not bet
Seat 3: chelengolengo did not show and won 26000.00
Seat 4: slicknick64 folded on the Pre-Flop and did not bet
Seat 5: Golferboy30330 folded on the Pre-Flop and did not bet
Seat 6: playbadrungood1 (button) folded on the Pre-Flop
Seat 7: lipesticky (small blind) folded on the Pre-Flop
Seat 8: Sand shark (big blind) folded on the Pre-Flop

Game Hand #2020531673 - Tournament #31156503 - Holdem (No Limit) - Level 16 (2500.00/5000.00)- 2024/02/07 22:35:54 UTC
Table '31' 8-max Seat #7 is the button
Seat 1: frkkkk (83656.00)
Seat 2: vauxer (83521.00)
Seat 3: chelengolengo (320877.00)
Seat 4: slicknick64 (127369.00)
Seat 5: Golferboy30330 (111314.00)
Seat 6: playbadrungood1 (204096.00)
Seat 7: lipesticky (173132.00)
Seat 8: Sand shark (55800.00)
frkkkk posts ante 600.00
vauxer posts ante 600.00
chelengolengo posts ante 600.00
slicknick64 posts ante 600.00
Golferboy30330 posts ante 600.00
playbadrungood1 posts ante 600.00
lipesticky posts ante 600.00
Sand shark posts ante 600.00
Sand shark posts the small blind 2500.00
frkkkk posts the big blind 5000.00
*** HOLE CARDS ***
Main pot 4800.00
Dealt to lipesticky [3s 7c]
vauxer folds
chelengolengo folds
slicknick64 folds
Golferboy30330 folds
playbadrungood1 folds
lipesticky folds
Sand shark calls 2500.00
frkkkk checks
*** FLOP *** [9c 4s Qh]
Main pot 14800.00
Sand shark bets 5000.00
frkkkk raises 13184.00 to 13184.00
Sand shark folds
Uncalled bet (8184.00) returned to frkkkk
frkkkk does not show
*** SUMMARY ***
Total pot 24800.00
Board [9c 4s Qh]
Seat 1: frkkkk did not show and won 24800.00
Seat 2: vauxer folded on the Pre-Flop and did not bet
Seat 3: chelengolengo folded on the Pre-Flop and did not bet
Seat 4: slicknick64 folded on the Pre-Flop and did not bet
Seat 5: Golferboy30330 folded on the Pre-Flop and did not bet
Seat 6: playbadrungood1 folded on the Pre-Flop and did not bet
Seat 7: lipesticky (button) folded on the Pre-Flop
Seat 8: Sand shark (small blind) folded on the Flop

Game Hand #2020532642 - Tournament #31156503 - Holdem (No Limit) - Level 16 (2500.00/5000.00)- 2024/02/07 22:36:57 UTC
Table '31' 8-max Seat #8 is the button
Seat 1: frkkkk (97856.00)
Seat 2: vauxer (82921.00)
Seat 3: chelengolengo (320277.00)
Seat 4: slicknick64 (126769.00)
Seat 5: Golferboy30330 (110714.00)
Seat 6: playbadrungood1 (203496.00) is sitting out
Seat 7: lipesticky (172532.00)
Seat 8: Sand shark (45200.00)
frkkkk posts ante 600.00
vauxer posts ante 600.00
chelengolengo posts ante 600.00
slicknick64 posts ante 600.00
Golferboy30330 posts ante 600.00
playbadrungood1 posts ante 600.00
lipesticky posts ante 600.00
Sand shark posts ante 600.00
frkkkk posts the small blind 2500.00
vauxer posts the big blind 5000.00
*** HOLE CARDS ***
Main pot 4800.00
Dealt to lipesticky [7s As]
chelengolengo folds
slicknick64 folds
Golferboy30330 folds
playbadrungood1 raises 10000.00 to 10000.00
lipesticky raises 27500.00 to 27500.00
Sand shark folds
frkkkk folds
vauxer folds
playbadrungood1 calls 17500.00
*** FLOP *** [4s Ad Qd]
Main pot 67300.00
playbadrungood1 checks
lipesticky bets 17209.00
playbadrungood1 calls 17209.00
*** TURN *** [4s Ad Qd] [2h]
Main pot 101718.00
playbadrungood1 checks
lipesticky checks
*** RIVER *** [4s Ad Qd 2h] [Tc]
Main pot 101718.00
playbadrungood1 checks
lipesticky checks
*** SHOW DOWN ***
Main pot 101718.00
playbadrungood1 shows [Jd 9d] (a high card, Ace high [Ad Qd Jd Tc 9d])
lipesticky shows [7s As] (a pair of Aces [As Ad Qd Tc 7s])
lipesticky collected 101718.00 from main pot
*** SUMMARY ***
Total pot 101718.00
Board [4s Ad Qd 2h Tc]
Seat 1: frkkkk (small blind) folded on the Pre-Flop
Seat 2: vauxer (big blind) folded on the Pre-Flop
Seat 3: chelengolengo folded on the Pre-Flop and did not bet
Seat 4: slicknick64 folded on the Pre-Flop and did not bet
Seat 5: Golferboy30330 folded on the Pre-Flop and did not bet
Seat 6: playbadrungood1 showed [Jd 9d] and lost with a high card, Ace high [Ad Qd Jd Tc 9d]
Seat 7: lipesticky showed [7s As] and won 101718.00 with a pair of Aces [As Ad Qd Tc 7s]
Seat 8: Sand shark (button) folded on the Pre-Flop

Game Hand #2020534403 - Tournament #31156503 - Holdem (No Limit) - Level 16 (2500.00/5000.00)- 2024/02/07 22:38:54 UTC
Table '31' 8-max Seat #1 is the button
Seat 1: frkkkk (94756.00)
Seat 2: vauxer (77321.00)
Seat 3: chelengolengo (319677.00)
Seat 4: slicknick64 (126169.00)
Seat 5: Golferboy30330 (110114.00)
Seat 6: playbadrungood1 (158187.00)
Seat 7: lipesticky (228941.00)
Seat 8: Sand shark (44600.00)
frkkkk posts ante 600.00
vauxer posts ante 600.00
chelengolengo posts ante 600.00
slicknick64 posts ante 600.00
Golferboy30330 posts ante 600.00
playbadrungood1 posts ante 600.00
lipesticky posts ante 600.00
Sand shark posts ante 600.00
vauxer posts the small blind 2500.00
chelengolengo posts the big blind 5000.00
*** HOLE CARDS ***
Main pot 4800.00
Dealt to lipesticky [3c 3h]
slicknick64 folds
Golferboy30330 folds
playbadrungood1 folds
lipesticky folds
Sand shark folds
frkkkk folds
vauxer raises 74221.00 to 76721.00 and is all-in
chelengolengo folds
Uncalled bet (71721.00) returned to vauxer
vauxer does not show
*** SUMMARY ***
Total pot 14800.00
Seat 1: frkkkk (button) folded on the Pre-Flop
Seat 2: vauxer did not show and won 14800.00
Seat 3: chelengolengo (big blind) folded on the Pre-Flop
Seat 4: slicknick64 folded on the Pre-Flop and did not bet
Seat 5: Golferboy30330 folded on the Pre-Flop and did not bet
Seat 6: playbadrungood1 folded on the Pre-Flop and did not bet
Seat 7: lipesticky folded on the Pre-Flop and did not bet
Seat 8: Sand shark folded on the Pre-Flop and did not bet

Game Hand #2020534939 - Tournament #31156503 - Holdem (No Limit) - Level 16 (2500.00/5000.00)- 2024/02/07 22:39:33 UTC
Table '31' 8-max Seat #2 is the button
Seat 1: frkkkk (94156.00)
Seat 2: vauxer (86521.00)
Seat 3: chelengolengo (314077.00)
Seat 4: slicknick64 (125569.00)
Seat 5: Golferboy30330 (109514.00)
Seat 6: playbadrungood1 (157587.00)
Seat 7: lipesticky (228341.00)
Seat 8: Sand shark (44000.00)
frkkkk posts ante 600.00
vauxer posts ante 600.00
chelengolengo posts ante 600.00
slicknick64 posts ante 600.00
Golferboy30330 posts ante 600.00
playbadrungood1 posts ante 600.00
lipesticky posts ante 600.00
Sand shark posts ante 600.00
chelengolengo posts the small blind 2500.00
slicknick64 posts the big blind 5000.00
*** HOLE CARDS ***
Main pot 4800.00
Dealt to lipesticky [Ad 3s]
Golferboy30330 folds
playbadrungood1 folds
lipesticky folds
Sand shark folds
frkkkk folds
vauxer raises 10000.00 to 10000.00
chelengolengo folds
slicknick64 calls 5000.00
*** FLOP *** [5h Jd Qs]
Main pot 27300.00
slicknick64 checks
vauxer bets 9009.00
slicknick64 folds
Uncalled bet (9009.00) returned to vauxer
vauxer does not show
*** SUMMARY ***
Total pot 27300.00
Board [5h Jd Qs]
Seat 1: frkkkk folded on the Pre-Flop and did not bet
Seat 2: vauxer did not show and won 27300.00
Seat 3: chelengolengo (small blind) folded on the Pre-Flop
Seat 4: slicknick64 (big blind) folded on the Flop
Seat 5: Golferboy30330 folded on the Pre-Flop and did not bet
Seat 6: playbadrungood1 folded on the Pre-Flop and did not bet
Seat 7: lipesticky folded on the Pre-Flop and did not bet
Seat 8: Sand shark folded on the Pre-Flop and did not bet

Game Hand #2020535545 - Tournament #31156503 - Holdem (No Limit) - Level 16 (2500.00/5000.00)- 2024/02/07 22:40:13 UTC
Table '31' 8-max Seat #3 is the button
Seat 1: frkkkk (93556.00)
Seat 2: vauxer (103221.00)
Seat 3: chelengolengo (310977.00)
Seat 4: slicknick64 (114969.00)
Seat 5: Golferboy30330 (108914.00)
Seat 6: playbadrungood1 (156987.00)
Seat 7: lipesticky (227741.00)
Seat 8: Sand shark (43400.00)
frkkkk posts ante 600.00
vauxer posts ante 600.00
chelengolengo posts ante 600.00
slicknick64 posts ante 600.00
Golferboy30330 posts ante 600.00
playbadrungood1 posts ante 600.00
lipesticky posts ante 600.00
Sand shark posts ante 600.00
slicknick64 posts the small blind 2500.00
Golferboy30330 posts the big blind 5000.00
*** HOLE CARDS ***
Main pot 4800.00
Dealt to lipesticky [Ah 9h]
playbadrungood1 folds
lipesticky raises 10500.00 to 10500.00
Sand shark folds
frkkkk folds
vauxer folds
chelengolengo folds
slicknick64 folds
Golferboy30330 calls 5500.00
*** FLOP *** [4c 2s 6c]
Main pot 28300.00
Golferboy30330 checks
lipesticky bets 15565.00
Golferboy30330 folds
Uncalled bet (15565.00) returned to lipesticky
lipesticky does not show
*** SUMMARY ***
Total pot 28300.00
Board [4c 2s 6c]
Seat 1: frkkkk folded on the Pre-Flop and did not bet
Seat 2: vauxer folded on the Pre-Flop and did not bet
Seat 3: chelengolengo (button) folded on the Pre-Flop
Seat 4: slicknick64 (small blind) folded on the Pre-Flop
Seat 5: Golferboy30330 (big blind) folded on the Flop
Seat 6: playbadrungood1 folded on the Pre-Flop and did not bet
Seat 7: lipesticky did not show and won 28300.00
Seat 8: Sand shark folded on the Pre-Flop and did not bet

Game Hand #2020536190 - Tournament #31156503 - Holdem (No Limit) - Level 16 (2500.00/5000.00)- 2024/02/07 22:40:57 UTC
Table '31' 8-max Seat #4 is the button
Seat 1: frkkkk (92956.00)
Seat 2: vauxer (102621.00)
Seat 3: chelengolengo (310377.00)
Seat 4: slicknick64 (111869.00)
Seat 5: Golferboy30330 (97814.00)
Seat 6: playbadrungood1 (156387.00)
Seat 7: lipesticky (244941.00)
Seat 8: Sand shark (42800.00)
frkkkk posts ante 600.00
vauxer posts ante 600.00
chelengolengo posts ante 600.00
slicknick64 posts ante 600.00
Golferboy30330 posts ante 600.00
playbadrungood1 posts ante 600.00
lipesticky posts ante 600.00
Sand shark posts ante 600.00
Golferboy30330 posts the small blind 2500.00
playbadrungood1 posts the big blind 5000.00
*** HOLE CARDS ***
Main pot 4800.00
Dealt to lipesticky [Ac Jc]
lipesticky raises 10500.00 to 10500.00
Sand shark folds
frkkkk folds
vauxer folds
chelengolengo folds
slicknick64 folds
Golferboy30330 calls 8000.00
playbadrungood1 calls 5500.00
*** FLOP *** [8s 9d 5s]
Main pot 36300.00
Golferboy30330 checks
playbadrungood1 checks
lipesticky checks
*** TURN *** [8s 9d 5s] [9s]
Main pot 36300.00
Golferboy30330 checks
playbadrungood1 bets 16000.00
lipesticky folds
Golferboy30330 calls 16000.00
*** RIVER *** [8s 9d 5s 9s] [As]
Main pot 68300.00
Golferboy30330 checks
playbadrungood1 checks
*** SHOW DOWN ***
Main pot 68300.00
Golferboy30330 shows [2d 2h] (two pair, Nines and Deuces [9s 9d 2h 2d As])
playbadrungood1 shows [Kd 8h] (two pair, Nines and Eights [9s 9d 8s 8h As])
playbadrungood1 collected 68300.00 from main pot
*** SUMMARY ***
Total pot 68300.00
Board [8s 9d 5s 9s As]
Seat 1: frkkkk folded on the Pre-Flop and did not bet
Seat 2: vauxer folded on the Pre-Flop and did not bet
Seat 3: chelengolengo folded on the Pre-Flop and did not bet
Seat 4: slicknick64 (button) folded on the Pre-Flop
Seat 5: Golferboy30330 (small blind) showed [2d 2h] and lost with two pair, Nines and Deuces [9s 9d 2h 2d As]
Seat 6: playbadrungood1 (big blind) showed [Kd 8h] and won 68300.00 with two pair, Nines and Eights [9s 9d 8s 8h As]
Seat 7: lipesticky folded on the Turn
Seat 8: Sand shark folded on the Pre-Flop and did not bet

