Game Hand #2021515769 - Tournament #31163912 - Holdem (No Limit) - Level 12 (1250.00/2500.00)- 2024/02/08 22:05:29 UTC
Table '22' 8-max Seat #3 is the button
Seat 1: ERRN54 (86245.00) is sitting out
Seat 2: lipesticky (81027.00)
Seat 3: mcnasty040 (50712.00)
Seat 5: ROFLOL (51900.00)
Seat 6: ISEEUH4ND (103172.00)
Seat 7: JWD12 (60183.00)
Seat 8: Dwan21 (24400.00)
ERRN54 posts ante 300.00
lipesticky posts ante 300.00
mcnasty040 posts ante 300.00
ROFLOL posts ante 300.00
ISEEUH4ND posts ante 300.00
JWD12 posts ante 300.00
Dwan21 posts ante 300.00
ROFLOL posts the big blind 2500.00
*** HOLE CARDS ***
Main pot 2100.00
Dealt to lipesticky [9s 8s]
ISEEUH4ND folds
JWD12 folds
Dwan21 folds
ERRN54 folds
lipesticky raises 5000.00 to 5000.00
mcnasty040 folds
ROFLOL calls 2500.00
*** FLOP *** [Jh 7h Ad]
Main pot 12100.00
ROFLOL checks
lipesticky bets 2743.00
ROFLOL folds
Uncalled bet (2743.00) returned to lipesticky
lipesticky does not show
*** SUMMARY ***
Total pot 12100.00
Board [Jh 7h Ad]
Seat 1: ERRN54 folded on the Pre-Flop and did not bet
Seat 2: lipesticky did not show and won 12100.00
Seat 3: mcnasty040 (button) folded on the Pre-Flop
Seat 5: ROFLOL (big blind) folded on the Flop
Seat 6: ISEEUH4ND folded on the Pre-Flop and did not bet
Seat 7: JWD12 folded on the Pre-Flop and did not bet
Seat 8: Dwan21 folded on the Pre-Flop and did not bet

Game Hand #2021516539 - Tournament #31163912 - Holdem (No Limit) - Level 12 (1250.00/2500.00)- 2024/02/08 22:06:13 UTC
Table '32' 8-max Seat #1 is the button
Seat 1: KileKing (25000.00)
Seat 2: ISEEUH4ND (102872.00)
Seat 3: JWD12 (59883.00)
Seat 4: mcnasty040 (50412.00)
Seat 5: lipesticky (87827.00)
KileKing posts ante 300.00
ISEEUH4ND posts ante 300.00
JWD12 posts ante 300.00
mcnasty040 posts ante 300.00
lipesticky posts ante 300.00
ISEEUH4ND posts the small blind 1250.00
JWD12 posts the big blind 2500.00
*** HOLE CARDS ***
Main pot 1500.00
Dealt to lipesticky [9s Td]
mcnasty040 raises 5125.00 to 5125.00
lipesticky folds
KileKing calls 5125.00
ISEEUH4ND folds
JWD12 folds
*** FLOP *** [8s 4h Ts]
Main pot 15500.00
mcnasty040 bets 7750.00
KileKing raises 19575.00 to 19575.00 and is all-in
mcnasty040 calls 11825.00
*** TURN *** [8s 4h Ts] [5c]
Main pot 54650.00
*** RIVER *** [8s 4h Ts 5c] [Ad]
Main pot 54650.00
*** SHOW DOWN ***
Main pot 54650.00
KileKing shows [3d Ac] (a pair of Aces [Ad Ac Ts 8s 5c])
mcnasty040 shows [As 8h] (two pair, Aces and Eights [As Ad 8s 8h Ts])
mcnasty040 collected 54650.00 from main pot
*** SUMMARY ***
Total pot 54650.00
Board [8s 4h Ts 5c Ad]
Seat 1: KileKing (button) showed [3d Ac] and lost with a pair of Aces [Ad Ac Ts 8s 5c]
Seat 2: ISEEUH4ND (small blind) folded on the Pre-Flop
Seat 3: JWD12 (big blind) folded on the Pre-Flop
Seat 4: mcnasty040 showed [As 8h] and won 54650.00 with two pair, Aces and Eights [As Ad 8s 8h Ts]
Seat 5: lipesticky folded on the Pre-Flop and did not bet

Game Hand #2021517346 - Tournament #31163912 - Holdem (No Limit) - Level 12 (1250.00/2500.00)- 2024/02/08 22:06:58 UTC
Table '32' 8-max Seat #2 is the button
Seat 2: ISEEUH4ND (101322.00)
Seat 3: JWD12 (57083.00)
Seat 4: mcnasty040 (80062.00)
Seat 5: lipesticky (87527.00)
Seat 6: dowggabrie471 (141550.00)
Seat 7: Kapoumkabritu (68836.00)
Seat 8: maetaon (25000.00)
ISEEUH4ND posts ante 300.00
JWD12 posts ante 300.00
mcnasty040 posts ante 300.00
lipesticky posts ante 300.00
dowggabrie471 posts ante 300.00
Kapoumkabritu posts ante 300.00
maetaon posts ante 300.00
JWD12 posts the small blind 1250.00
mcnasty040 posts the big blind 2500.00
*** HOLE CARDS ***
Main pot 2100.00
Dealt to lipesticky [3h Tc]
lipesticky folds
dowggabrie471 folds
Kapoumkabritu folds
maetaon folds
ISEEUH4ND raises 5000.00 to 5000.00
JWD12 raises 55533.00 to 56783.00 and is all-in
mcnasty040 folds
ISEEUH4ND folds
Uncalled bet (51783.00) returned to JWD12
JWD12 does not show
*** SUMMARY ***
Total pot 14600.00
Seat 2: ISEEUH4ND (button) folded on the Pre-Flop
Seat 3: JWD12 did not show and won 14600.00
Seat 4: mcnasty040 (big blind) folded on the Pre-Flop
Seat 5: lipesticky folded on the Pre-Flop and did not bet
Seat 6: dowggabrie471 folded on the Pre-Flop and did not bet
Seat 7: Kapoumkabritu folded on the Pre-Flop and did not bet
Seat 8: maetaon folded on the Pre-Flop and did not bet

Game Hand #2021517954 - Tournament #31163912 - Holdem (No Limit) - Level 12 (1250.00/2500.00)- 2024/02/08 22:07:31 UTC
Table '32' 8-max Seat #3 is the button
Seat 1: tf111 (25000.00)
Seat 2: ISEEUH4ND (96022.00)
Seat 3: JWD12 (66383.00)
Seat 4: mcnasty040 (77262.00)
Seat 5: lipesticky (87227.00)
Seat 6: dowggabrie471 (141250.00)
Seat 7: Kapoumkabritu (68536.00)
Seat 8: maetaon (24700.00)
tf111 posts ante 300.00
ISEEUH4ND posts ante 300.00
JWD12 posts ante 300.00
mcnasty040 posts ante 300.00
lipesticky posts ante 300.00
dowggabrie471 posts ante 300.00
Kapoumkabritu posts ante 300.00
maetaon posts ante 300.00
mcnasty040 posts the small blind 1250.00
lipesticky posts the big blind 2500.00
*** HOLE CARDS ***
Main pot 2400.00
Dealt to lipesticky [9d 2d]
dowggabrie471 folds
Kapoumkabritu folds
maetaon folds
tf111 folds
ISEEUH4ND raises 5000.00 to 5000.00
JWD12 calls 5000.00
mcnasty040 folds
lipesticky calls 2500.00
*** FLOP *** [Qh 2h 8d]
Main pot 18650.00
lipesticky checks
ISEEUH4ND checks
JWD12 checks
*** TURN *** [Qh 2h 8d] [Kd]
Main pot 18650.00
lipesticky checks
ISEEUH4ND checks
JWD12 checks
*** RIVER *** [Qh 2h 8d Kd] [9s]
Main pot 18650.00
lipesticky bets 15853.00
ISEEUH4ND folds
JWD12 folds
Uncalled bet (15853.00) returned to lipesticky
lipesticky does not show
*** SUMMARY ***
Total pot 18650.00
Board [Qh 2h 8d Kd 9s]
Seat 1: tf111 folded on the Pre-Flop and did not bet
Seat 2: ISEEUH4ND folded on the River
Seat 3: JWD12 (button) folded on the River
Seat 4: mcnasty040 (small blind) folded on the Pre-Flop
Seat 5: lipesticky did not show and won 18650.00
Seat 6: dowggabrie471 folded on the Pre-Flop and did not bet
Seat 7: Kapoumkabritu folded on the Pre-Flop and did not bet
Seat 8: maetaon folded on the Pre-Flop and did not bet

Game Hand #2021519777 - Tournament #31163912 - Holdem (No Limit) - Level 12 (1250.00/2500.00)- 2024/02/08 22:09:21 UTC
Table '32' 8-max Seat #4 is the button
Seat 1: tf111 (24700.00)
Seat 2: ISEEUH4ND (90722.00)
Seat 3: JWD12 (61083.00)
Seat 4: mcnasty040 (75712.00)
Seat 5: lipesticky (100577.00)
Seat 6: dowggabrie471 (140950.00)
Seat 7: Kapoumkabritu (68236.00)
Seat 8: maetaon (24400.00)
tf111 posts ante 300.00
ISEEUH4ND posts ante 300.00
JWD12 posts ante 300.00
mcnasty040 posts ante 300.00
lipesticky posts ante 300.00
dowggabrie471 posts ante 300.00
Kapoumkabritu posts ante 300.00
maetaon posts ante 300.00
lipesticky posts the small blind 1250.00
dowggabrie471 posts the big blind 2500.00
*** HOLE CARDS ***
Main pot 2400.00
Dealt to lipesticky [2s 6c]
Kapoumkabritu raises 5750.00 to 5750.00
maetaon raises 24100.00 to 24100.00 and is all-in
tf111 folds
ISEEUH4ND calls 24100.00
JWD12 folds
mcnasty040 folds
lipesticky folds
dowggabrie471 folds
Kapoumkabritu folds
*** FLOP *** [2d Jc 9c]
Main pot 60100.00
*** TURN *** [2d Jc 9c] [3d]
Main pot 60100.00
*** RIVER *** [2d Jc 9c 3d] [7s]
Main pot 60100.00
*** SHOW DOWN ***
Main pot 60100.00
ISEEUH4ND shows [Kd Ks] (a pair of Kings [Ks Kd Jc 9c 7s])
maetaon shows [Ah Qd] (a high card, Ace high [Ah Qd Jc 9c 7s])
ISEEUH4ND collected 60100.00 from main pot
*** SUMMARY ***
Total pot 60100.00
Board [2d Jc 9c 3d 7s]
Seat 1: tf111 folded on the Pre-Flop and did not bet
Seat 2: ISEEUH4ND showed [Kd Ks] and won 60100.00 with a pair of Kings [Ks Kd Jc 9c 7s]
Seat 3: JWD12 folded on the Pre-Flop and did not bet
Seat 4: mcnasty040 (button) folded on the Pre-Flop
Seat 5: lipesticky (small blind) folded on the Pre-Flop
Seat 6: dowggabrie471 (big blind) folded on the Pre-Flop
Seat 7: Kapoumkabritu folded on the Pre-Flop and did not bet
Seat 8: maetaon showed [Ah Qd] and lost with a high card, Ace high [Ah Qd Jc 9c 7s]

Game Hand #2021520844 - Tournament #31163912 - Holdem (No Limit) - Level 12 (1250.00/2500.00)- 2024/02/08 22:10:20 UTC
Table '32' 8-max Seat #5 is the button
Seat 1: tf111 (24400.00)
Seat 2: ISEEUH4ND (126422.00)
Seat 3: JWD12 (60783.00)
Seat 4: mcnasty040 (75412.00)
Seat 5: lipesticky (99027.00)
Seat 6: dowggabrie471 (138150.00)
Seat 7: Kapoumkabritu (62186.00)
tf111 posts ante 300.00
ISEEUH4ND posts ante 300.00
JWD12 posts ante 300.00
mcnasty040 posts ante 300.00
lipesticky posts ante 300.00
dowggabrie471 posts ante 300.00
Kapoumkabritu posts ante 300.00
dowggabrie471 posts the small blind 1250.00
Kapoumkabritu posts the big blind 2500.00
*** HOLE CARDS ***
Main pot 2100.00
Dealt to lipesticky [Tc 2d]
tf111 folds
ISEEUH4ND folds
JWD12 folds
mcnasty040 folds
lipesticky folds
dowggabrie471 raises 6750.00 to 8000.00
Kapoumkabritu raises 59386.00 to 61886.00 and is all-in
dowggabrie471 calls 53886.00
*** FLOP *** [Ad 3h 2c]
Main pot 125872.00
*** TURN *** [Ad 3h 2c] [Kd]
Main pot 125872.00
*** RIVER *** [Ad 3h 2c Kd] [3d]
Main pot 125872.00
*** SHOW DOWN ***
Main pot 125872.00
dowggabrie471 shows [Kh As] (two pair, Aces and Kings [As Ad Kh Kd 3h])
Kapoumkabritu shows [Ac 7s] (two pair, Aces and Threes [Ad Ac 3h 3d Kd])
dowggabrie471 collected 125872.00 from main pot
*** SUMMARY ***
Total pot 125872.00
Board [Ad 3h 2c Kd 3d]
Seat 1: tf111 folded on the Pre-Flop and did not bet
Seat 2: ISEEUH4ND folded on the Pre-Flop and did not bet
Seat 3: JWD12 folded on the Pre-Flop and did not bet
Seat 4: mcnasty040 folded on the Pre-Flop and did not bet
Seat 5: lipesticky (button) folded on the Pre-Flop
Seat 6: dowggabrie471 (small blind) showed [Kh As] and won 125872.00 with two pair, Aces and Kings [As Ad Kh Kd 3h]
Seat 7: Kapoumkabritu (big blind) showed [Ac 7s] and lost with two pair, Aces and Threes [Ad Ac 3h 3d Kd]

Game Hand #2021521673 - Tournament #31163912 - Holdem (No Limit) - Level 12 (1250.00/2500.00)- 2024/02/08 22:11:06 UTC
Table '32' 8-max Seat #6 is the button
Seat 1: tf111 (24100.00)
Seat 2: ISEEUH4ND (126122.00)
Seat 3: JWD12 (60483.00)
Seat 4: mcnasty040 (75112.00)
Seat 5: lipesticky (98727.00)
Seat 6: dowggabrie471 (201836.00)
Seat 8: Goadku (25000.00)
tf111 posts ante 300.00
ISEEUH4ND posts ante 300.00
JWD12 posts ante 300.00
mcnasty040 posts ante 300.00
lipesticky posts ante 300.00
dowggabrie471 posts ante 300.00
Goadku posts ante 300.00
Goadku posts the big blind 2500.00
*** HOLE CARDS ***
Main pot 2100.00
Dealt to lipesticky [4h Jd]
tf111 folds
ISEEUH4ND folds
JWD12 folds
mcnasty040 folds
lipesticky folds
dowggabrie471 raises 5000.00 to 5000.00
Goadku folds
Uncalled bet (2500.00) returned to dowggabrie471
dowggabrie471 does not show
*** SUMMARY ***
Total pot 7100.00
Seat 1: tf111 folded on the Pre-Flop and did not bet
Seat 2: ISEEUH4ND folded on the Pre-Flop and did not bet
Seat 3: JWD12 folded on the Pre-Flop and did not bet
Seat 4: mcnasty040 folded on the Pre-Flop and did not bet
Seat 5: lipesticky folded on the Pre-Flop and did not bet
Seat 6: dowggabrie471 did not show and won 7100.00
Seat 8: Goadku (big blind) folded on the Pre-Flop

Game Hand #2021522329 - Tournament #31163912 - Holdem (No Limit) - Level 12 (1250.00/2500.00)- 2024/02/08 22:11:44 UTC
Table '32' 8-max Seat #7 is the button
Seat 1: tf111 (23800.00)
Seat 2: ISEEUH4ND (125822.00)
Seat 3: JWD12 (60183.00)
Seat 4: mcnasty040 (74812.00)
Seat 5: lipesticky (98427.00)
Seat 6: dowggabrie471 (206136.00)
Seat 7: meteomarega will be allowed to play after the button
Seat 8: Goadku (22200.00)
tf111 posts ante 300.00
ISEEUH4ND posts ante 300.00
JWD12 posts ante 300.00
mcnasty040 posts ante 300.00
lipesticky posts ante 300.00
dowggabrie471 posts ante 300.00
Goadku posts ante 300.00
Goadku posts the small blind 1250.00
tf111 posts the big blind 2500.00
*** HOLE CARDS ***
Main pot 2100.00
Dealt to lipesticky [Tc 9h]
ISEEUH4ND folds
JWD12 folds
mcnasty040 folds
lipesticky folds
dowggabrie471 raises 5000.00 to 5000.00
Goadku folds
tf111 calls 2500.00
*** FLOP *** [7h 6s Ac]
Main pot 13350.00
tf111 checks
dowggabrie471 bets 3338.00
tf111 raises 18500.00 to 18500.00 and is all-in
dowggabrie471 calls 15162.00
*** TURN *** [7h 6s Ac] [Qs]
Main pot 50350.00
*** RIVER *** [7h 6s Ac Qs] [9d]
Main pot 50350.00
*** SHOW DOWN ***
Main pot 50350.00
tf111 shows [8d 9c] (a pair of Nines [9d 9c Ac Qs 8d])
dowggabrie471 shows [Ad 7d] (two pair, Aces and Sevens [Ad Ac 7h 7d Qs])
dowggabrie471 collected 50350.00 from main pot
*** SUMMARY ***
Total pot 50350.00
Board [7h 6s Ac Qs 9d]
Seat 1: tf111 (big blind) showed [8d 9c] and lost with a pair of Nines [9d 9c Ac Qs 8d]
Seat 2: ISEEUH4ND folded on the Pre-Flop and did not bet
Seat 3: JWD12 folded on the Pre-Flop and did not bet
Seat 4: mcnasty040 folded on the Pre-Flop and did not bet
Seat 5: lipesticky folded on the Pre-Flop and did not bet
Seat 6: dowggabrie471 showed [Ad 7d] and won 50350.00 with two pair, Aces and Sevens [Ad Ac 7h 7d Qs]
Seat 8: Goadku (small blind) folded on the Pre-Flop

Game Hand #2021523376 - Tournament #31163912 - Holdem (No Limit) - Level 12 (1250.00/2500.00)- 2024/02/08 22:12:42 UTC
Table '32' 8-max Seat #8 is the button
Seat 2: ISEEUH4ND (125522.00)
Seat 3: JWD12 (59883.00)
Seat 4: mcnasty040 (74512.00)
Seat 5: lipesticky (98127.00)
Seat 6: dowggabrie471 (232686.00)
Seat 7: meteomarega (32750.00)
Seat 8: Goadku (20650.00)
ISEEUH4ND posts ante 300.00
JWD12 posts ante 300.00
mcnasty040 posts ante 300.00
lipesticky posts ante 300.00
dowggabrie471 posts ante 300.00
meteomarega posts ante 300.00
Goadku posts ante 300.00
ISEEUH4ND posts the big blind 2500.00
*** HOLE CARDS ***
Main pot 2100.00
Dealt to lipesticky [4c Td]
JWD12 folds
mcnasty040 folds
lipesticky folds
dowggabrie471 folds
meteomarega raises 32450.00 to 32450.00 and is all-in
Goadku folds
ISEEUH4ND folds
Uncalled bet (29950.00) returned to meteomarega
meteomarega does not show
*** SUMMARY ***
Total pot 7100.00
Seat 2: ISEEUH4ND (big blind) folded on the Pre-Flop
Seat 3: JWD12 folded on the Pre-Flop and did not bet
Seat 4: mcnasty040 folded on the Pre-Flop and did not bet
Seat 5: lipesticky folded on the Pre-Flop and did not bet
Seat 6: dowggabrie471 folded on the Pre-Flop and did not bet
Seat 7: meteomarega did not show and won 7100.00
Seat 8: Goadku (button) folded on the Pre-Flop

Game Hand #2021524377 - Tournament #31163912 - Holdem (No Limit) - Level 12 (1250.00/2500.00)- 2024/02/08 22:13:38 UTC
Table '32' 8-max Seat #1 is the button
Seat 1: LittleCoffee will be allowed to play after the button
Seat 2: ISEEUH4ND (122722.00)
Seat 3: JWD12 (59583.00)
Seat 4: mcnasty040 (74212.00)
Seat 5: lipesticky (97827.00)
Seat 6: dowggabrie471 (232386.00)
Seat 7: meteomarega (37050.00)
Seat 8: Goadku (20350.00)
ISEEUH4ND posts ante 300.00
JWD12 posts ante 300.00
mcnasty040 posts ante 300.00
lipesticky posts ante 300.00
dowggabrie471 posts ante 300.00
meteomarega posts ante 300.00
Goadku posts ante 300.00
ISEEUH4ND posts the small blind 1250.00
JWD12 posts the big blind 2500.00
*** HOLE CARDS ***
Main pot 2100.00
Dealt to lipesticky [Kh 7d]
mcnasty040 folds
lipesticky folds
dowggabrie471 raises 5000.00 to 5000.00
meteomarega folds
Goadku folds
ISEEUH4ND folds
JWD12 folds
Uncalled bet (2500.00) returned to dowggabrie471
dowggabrie471 does not show
*** SUMMARY ***
Total pot 8350.00
Seat 2: ISEEUH4ND (small blind) folded on the Pre-Flop
Seat 3: JWD12 (big blind) folded on the Pre-Flop
Seat 4: mcnasty040 folded on the Pre-Flop and did not bet
Seat 5: lipesticky folded on the Pre-Flop and did not bet
Seat 6: dowggabrie471 did not show and won 8350.00
Seat 7: meteomarega folded on the Pre-Flop and did not bet
Seat 8: Goadku folded on the Pre-Flop and did not bet

Game Hand #2021525001 - Tournament #31163912 - Holdem (No Limit) - Level 12 (1250.00/2500.00)- 2024/02/08 22:14:12 UTC
Table '32' 8-max Seat #2 is the button
Seat 1: LittleCoffee (25000.00)
Seat 2: ISEEUH4ND (121172.00)
Seat 3: JWD12 (56783.00)
Seat 4: mcnasty040 (73912.00)
Seat 5: lipesticky (97527.00)
Seat 6: dowggabrie471 (237936.00)
Seat 7: meteomarega (36750.00)
Seat 8: Goadku (20050.00)
LittleCoffee posts ante 300.00
ISEEUH4ND posts ante 300.00
JWD12 posts ante 300.00
mcnasty040 posts ante 300.00
lipesticky posts ante 300.00
dowggabrie471 posts ante 300.00
meteomarega posts ante 300.00
Goadku posts ante 300.00
JWD12 posts the small blind 1250.00
mcnasty040 posts the big blind 2500.00
*** HOLE CARDS ***
Main pot 2400.00
Dealt to lipesticky [9d 5c]
lipesticky folds
dowggabrie471 folds
meteomarega folds
Goadku folds
LittleCoffee folds
ISEEUH4ND raises 5000.00 to 5000.00
JWD12 folds
mcnasty040 calls 2500.00
*** FLOP *** [Qc 8h 8d]
Main pot 13650.00
mcnasty040 checks
ISEEUH4ND bets 2730.00
mcnasty040 folds
Uncalled bet (2730.00) returned to ISEEUH4ND
ISEEUH4ND does not show
*** SUMMARY ***
Total pot 13650.00
Board [Qc 8h 8d]
Seat 1: LittleCoffee folded on the Pre-Flop and did not bet
Seat 2: ISEEUH4ND did not show and won 13650.00
Seat 3: JWD12 (small blind) folded on the Pre-Flop
Seat 4: mcnasty040 (big blind) folded on the Flop
Seat 5: lipesticky folded on the Pre-Flop and did not bet
Seat 6: dowggabrie471 folded on the Pre-Flop and did not bet
Seat 7: meteomarega folded on the Pre-Flop and did not bet
Seat 8: Goadku folded on the Pre-Flop and did not bet

Game Hand #2021525794 - Tournament #31163912 - Holdem (No Limit) - Level 13 (1500.00/3000.00)- 2024/02/08 22:14:57 UTC
Table '32' 8-max Seat #3 is the button
Seat 1: LittleCoffee (24700.00)
Seat 3: JWD12 (55233.00)
Seat 4: mcnasty040 (68612.00)
Seat 5: lipesticky (97227.00)
Seat 6: dowggabrie471 (237636.00)
Seat 7: meteomarega (36450.00)
Seat 8: Goadku (19750.00)
LittleCoffee posts ante 375.00
JWD12 posts ante 375.00
mcnasty040 posts ante 375.00
lipesticky posts ante 375.00
dowggabrie471 posts ante 375.00
meteomarega posts ante 375.00
Goadku posts ante 375.00
mcnasty040 posts the small blind 1500.00
lipesticky posts the big blind 3000.00
*** HOLE CARDS ***
Main pot 2625.00
Dealt to lipesticky [3s 2s]
dowggabrie471 folds
meteomarega raises 36075.00 to 36075.00 and is all-in
Goadku calls 19375.00 and is all-in
LittleCoffee folds
JWD12 folds
mcnasty040 raises 66737.00 to 68237.00 and is all-in
lipesticky folds
Uncalled bet (32162.00) returned to mcnasty040
*** FLOP *** [2c 4d 7h]
Main pot 63750.00
Side pot(1) 33400.00
*** TURN *** [2c 4d 7h] [8d]
Main pot 63750.00
Side pot(1) 33400.00
*** RIVER *** [2c 4d 7h 8d] [Ts]
Main pot 63750.00
Side pot(1) 33400.00
*** SHOW DOWN ***
Main pot 63750.00
Side pot(1) 33400.00
mcnasty040 shows [Ks Kd] (a pair of Kings [Ks Kd Ts 8d 7h])
meteomarega shows [Qd Ad] (a high card, Ace high [Ad Qd Ts 8d 7h])
Goadku shows [5h Ah] (a high card, Ace high [Ah Ts 8d 7h 5h])
mcnasty040 collected 63750.00 from main pot
mcnasty040 collected 33400.00 from side pot-1
*** SUMMARY ***
Total pot 97150.00
Board [2c 4d 7h 8d Ts]
Seat 1: LittleCoffee folded on the Pre-Flop and did not bet
Seat 3: JWD12 (button) folded on the Pre-Flop
Seat 4: mcnasty040 (small blind) showed [Ks Kd] and won 97150.00 with a pair of Kings [Ks Kd Ts 8d 7h]
Seat 5: lipesticky (big blind) folded on the Pre-Flop
Seat 6: dowggabrie471 folded on the Pre-Flop and did not bet
Seat 7: meteomarega showed [Qd Ad] and lost with a high card, Ace high [Ad Qd Ts 8d 7h]
Seat 8: Goadku showed [5h Ah] and lost with a high card, Ace high [Ah Ts 8d 7h 5h]

Game Hand #2021526380 - Tournament #31163912 - Holdem (No Limit) - Level 13 (1500.00/3000.00)- 2024/02/08 22:15:29 UTC
Table '32' 8-max Seat #4 is the button
Seat 1: LittleCoffee (24325.00)
Seat 3: JWD12 (54858.00)
Seat 4: mcnasty040 (129312.00)
Seat 5: lipesticky (93852.00)
Seat 6: dowggabrie471 (237261.00)
LittleCoffee posts ante 375.00
JWD12 posts ante 375.00
mcnasty040 posts ante 375.00
lipesticky posts ante 375.00
dowggabrie471 posts ante 375.00
lipesticky posts the small blind 1500.00
dowggabrie471 posts the big blind 3000.00
*** HOLE CARDS ***
Main pot 1875.00
Dealt to lipesticky [Ac 4c]
LittleCoffee folds
JWD12 folds
mcnasty040 folds
lipesticky calls 1500.00
dowggabrie471 checks
*** FLOP *** [6h 9d Ad]
Main pot 7875.00
lipesticky bets 3000.00
dowggabrie471 folds
Uncalled bet (3000.00) returned to lipesticky
lipesticky does not show
*** SUMMARY ***
Total pot 7875.00
Board [6h 9d Ad]
Seat 1: LittleCoffee folded on the Pre-Flop and did not bet
Seat 3: JWD12 folded on the Pre-Flop and did not bet
Seat 4: mcnasty040 (button) folded on the Pre-Flop
Seat 5: lipesticky did not show and won 7875.00
Seat 6: dowggabrie471 (big blind) folded on the Flop

Game Hand #2021527026 - Tournament #31163912 - Holdem (No Limit) - Level 13 (1500.00/3000.00)- 2024/02/08 22:16:05 UTC
Table '32' 8-max Seat #5 is the button
Seat 1: LittleCoffee (23950.00)
Seat 2: vaicalhau (176435.00)
Seat 3: JWD12 (54483.00)
Seat 4: mcnasty040 (128937.00)
Seat 5: lipesticky (98352.00)
Seat 6: dowggabrie471 (233886.00)
Seat 7: rookie1609x (76050.00)
Seat 8: LeetRunGoot (24400.00)
LittleCoffee posts ante 375.00
vaicalhau posts ante 375.00
JWD12 posts ante 375.00
mcnasty040 posts ante 375.00
lipesticky posts ante 375.00
dowggabrie471 posts ante 375.00
rookie1609x posts ante 375.00
LeetRunGoot posts ante 375.00
dowggabrie471 posts the small blind 1500.00
rookie1609x posts the big blind 3000.00
*** HOLE CARDS ***
Main pot 3000.00
Dealt to lipesticky [9d As]
LeetRunGoot folds
LittleCoffee raises 23575.00 to 23575.00 and is all-in
vaicalhau folds
JWD12 folds
mcnasty040 folds
lipesticky folds
dowggabrie471 folds
rookie1609x folds
Uncalled bet (20575.00) returned to LittleCoffee
LittleCoffee does not show
*** SUMMARY ***
Total pot 10500.00
Seat 1: LittleCoffee did not show and won 10500.00
Seat 2: vaicalhau folded on the Pre-Flop and did not bet
Seat 3: JWD12 folded on the Pre-Flop and did not bet
Seat 4: mcnasty040 folded on the Pre-Flop and did not bet
Seat 5: lipesticky (button) folded on the Pre-Flop
Seat 6: dowggabrie471 (small blind) folded on the Pre-Flop
Seat 7: rookie1609x (big blind) folded on the Pre-Flop
Seat 8: LeetRunGoot folded on the Pre-Flop and did not bet

Game Hand #2021527561 - Tournament #31163912 - Holdem (No Limit) - Level 13 (1500.00/3000.00)- 2024/02/08 22:16:36 UTC
Table '32' 8-max Seat #6 is the button
Seat 1: LittleCoffee (31075.00)
Seat 2: vaicalhau (176060.00)
Seat 3: JWD12 (54108.00)
Seat 4: mcnasty040 (128562.00)
Seat 5: lipesticky (97977.00)
Seat 6: dowggabrie471 (232011.00)
Seat 7: rookie1609x (72675.00)
Seat 8: LeetRunGoot (24025.00)
LittleCoffee posts ante 375.00
vaicalhau posts ante 375.00
JWD12 posts ante 375.00
mcnasty040 posts ante 375.00
lipesticky posts ante 375.00
dowggabrie471 posts ante 375.00
rookie1609x posts ante 375.00
LeetRunGoot posts ante 375.00
rookie1609x posts the small blind 1500.00
LeetRunGoot posts the big blind 3000.00
*** HOLE CARDS ***
Main pot 3000.00
Dealt to lipesticky [8d Kh]
LittleCoffee folds
vaicalhau folds
JWD12 folds
mcnasty040 folds
lipesticky folds
dowggabrie471 raises 6000.00 to 6000.00
rookie1609x folds
LeetRunGoot calls 3000.00
*** FLOP *** [5d Qs Jd]
Main pot 16500.00
LeetRunGoot checks
dowggabrie471 bets 4125.00
LeetRunGoot folds
Uncalled bet (4125.00) returned to dowggabrie471
dowggabrie471 does not show
*** SUMMARY ***
Total pot 16500.00
Board [5d Qs Jd]
Seat 1: LittleCoffee folded on the Pre-Flop and did not bet
Seat 2: vaicalhau folded on the Pre-Flop and did not bet
Seat 3: JWD12 folded on the Pre-Flop and did not bet
Seat 4: mcnasty040 folded on the Pre-Flop and did not bet
Seat 5: lipesticky folded on the Pre-Flop and did not bet
Seat 6: dowggabrie471 did not show and won 16500.00
Seat 7: rookie1609x (small blind) folded on the Pre-Flop
Seat 8: LeetRunGoot (big blind) folded on the Flop

Game Hand #2021528674 - Tournament #31163912 - Holdem (No Limit) - Level 13 (1500.00/3000.00)- 2024/02/08 22:17:39 UTC
Table '32' 8-max Seat #7 is the button
Seat 1: LittleCoffee (30700.00)
Seat 2: vaicalhau (175685.00)
Seat 3: JWD12 (53733.00)
Seat 4: mcnasty040 (128187.00)
Seat 5: lipesticky (97602.00)
Seat 6: dowggabrie471 (242136.00)
Seat 7: rookie1609x (70800.00)
Seat 8: LeetRunGoot (17650.00)
LittleCoffee posts ante 375.00
vaicalhau posts ante 375.00
JWD12 posts ante 375.00
mcnasty040 posts ante 375.00
lipesticky posts ante 375.00
dowggabrie471 posts ante 375.00
rookie1609x posts ante 375.00
LeetRunGoot posts ante 375.00
LeetRunGoot posts the small blind 1500.00
LittleCoffee posts the big blind 3000.00
*** HOLE CARDS ***
Main pot 3000.00
Dealt to lipesticky [5h 9s]
vaicalhau raises 6300.00 to 6300.00
JWD12 folds
mcnasty040 folds
lipesticky folds
dowggabrie471 folds
rookie1609x raises 16200.00 to 16200.00
LeetRunGoot folds
LittleCoffee folds
vaicalhau folds
Uncalled bet (9900.00) returned to rookie1609x
rookie1609x does not show
*** SUMMARY ***
Total pot 20100.00
Seat 1: LittleCoffee (big blind) folded on the Pre-Flop
Seat 2: vaicalhau folded on the Pre-Flop and did not bet
Seat 3: JWD12 folded on the Pre-Flop and did not bet
Seat 4: mcnasty040 folded on the Pre-Flop and did not bet
Seat 5: lipesticky folded on the Pre-Flop and did not bet
Seat 6: dowggabrie471 folded on the Pre-Flop and did not bet
Seat 7: rookie1609x did not show and won 20100.00
Seat 8: LeetRunGoot (small blind) folded on the Pre-Flop

Game Hand #2021529027 - Tournament #31163912 - Holdem (No Limit) - Level 13 (1500.00/3000.00)- 2024/02/08 22:17:59 UTC
Table '32' 8-max Seat #8 is the button
Seat 1: LittleCoffee (27325.00)
Seat 2: vaicalhau (169010.00)
Seat 3: JWD12 (53358.00)
Seat 4: mcnasty040 (127812.00)
Seat 5: lipesticky (97227.00)
Seat 6: dowggabrie471 (241761.00)
Seat 7: rookie1609x (84225.00)
Seat 8: LeetRunGoot (15775.00)
LittleCoffee posts ante 375.00
vaicalhau posts ante 375.00
JWD12 posts ante 375.00
mcnasty040 posts ante 375.00
lipesticky posts ante 375.00
dowggabrie471 posts ante 375.00
rookie1609x posts ante 375.00
LeetRunGoot posts ante 375.00
LittleCoffee posts the small blind 1500.00
vaicalhau posts the big blind 3000.00
*** HOLE CARDS ***
Main pot 3000.00
Dealt to lipesticky [8h Qc]
JWD12 folds
mcnasty040 folds
lipesticky folds
dowggabrie471 folds
rookie1609x folds
LeetRunGoot folds
LittleCoffee folds
vaicalhau does not show
*** SUMMARY ***
Total pot 7500.00
Seat 1: LittleCoffee (small blind) folded on the Pre-Flop
Seat 2: vaicalhau did not show and won 7500.00
Seat 3: JWD12 folded on the Pre-Flop and did not bet
Seat 4: mcnasty040 folded on the Pre-Flop and did not bet
Seat 5: lipesticky folded on the Pre-Flop and did not bet
Seat 6: dowggabrie471 folded on the Pre-Flop and did not bet
Seat 7: rookie1609x folded on the Pre-Flop and did not bet
Seat 8: LeetRunGoot (button) folded on the Pre-Flop

Game Hand #2021529459 - Tournament #31163912 - Holdem (No Limit) - Level 13 (1500.00/3000.00)- 2024/02/08 22:18:24 UTC
Table '32' 8-max Seat #1 is the button
Seat 1: LittleCoffee (25450.00)
Seat 2: vaicalhau (173135.00)
Seat 3: JWD12 (52983.00)
Seat 4: mcnasty040 (127437.00)
Seat 5: lipesticky (96852.00)
Seat 6: dowggabrie471 (241386.00)
Seat 7: rookie1609x (83850.00)
Seat 8: LeetRunGoot (15400.00)
LittleCoffee posts ante 375.00
vaicalhau posts ante 375.00
JWD12 posts ante 375.00
mcnasty040 posts ante 375.00
lipesticky posts ante 375.00
dowggabrie471 posts ante 375.00
rookie1609x posts ante 375.00
LeetRunGoot posts ante 375.00
vaicalhau posts the small blind 1500.00
JWD12 posts the big blind 3000.00
*** HOLE CARDS ***
Main pot 3000.00
Dealt to lipesticky [6c Tc]
mcnasty040 folds
lipesticky folds
dowggabrie471 folds
rookie1609x raises 6000.00 to 6000.00
LeetRunGoot raises 15025.00 to 15025.00 and is all-in
LittleCoffee folds
vaicalhau folds
JWD12 folds
rookie1609x calls 9025.00
*** FLOP *** [Td 7s 9h]
Main pot 37550.00
*** TURN *** [Td 7s 9h] [Qs]
Main pot 37550.00
*** RIVER *** [Td 7s 9h Qs] [4s]
Main pot 37550.00
*** SHOW DOWN ***
Main pot 37550.00
rookie1609x shows [9c Ah] (a pair of Nines [9h 9c Ah Qs Td])
LeetRunGoot shows [Jh Kh] (a straight, King high [Kh Qs Jh Td 9h])
LeetRunGoot collected 37550.00 from main pot
*** SUMMARY ***
Total pot 37550.00
Board [Td 7s 9h Qs 4s]
Seat 1: LittleCoffee (button) folded on the Pre-Flop
Seat 2: vaicalhau (small blind) folded on the Pre-Flop
Seat 3: JWD12 (big blind) folded on the Pre-Flop
Seat 4: mcnasty040 folded on the Pre-Flop and did not bet
Seat 5: lipesticky folded on the Pre-Flop and did not bet
Seat 6: dowggabrie471 folded on the Pre-Flop and did not bet
Seat 7: rookie1609x showed [9c Ah] and lost with a pair of Nines [9h 9c Ah Qs Td]
Seat 8: LeetRunGoot showed [Jh Kh] and won 37550.00 with a straight, King high [Kh Qs Jh Td 9h]

Game Hand #2021530210 - Tournament #31163912 - Holdem (No Limit) - Level 13 (1500.00/3000.00)- 2024/02/08 22:19:09 UTC
Table '32' 8-max Seat #2 is the button
Seat 1: LittleCoffee (25075.00)
Seat 2: vaicalhau (171260.00)
Seat 3: JWD12 (49608.00)
Seat 4: mcnasty040 (127062.00)
Seat 5: lipesticky (96477.00)
Seat 6: dowggabrie471 (241011.00)
Seat 7: rookie1609x (68450.00)
Seat 8: LeetRunGoot (37550.00)
LittleCoffee posts ante 375.00
vaicalhau posts ante 375.00
JWD12 posts ante 375.00
mcnasty040 posts ante 375.00
lipesticky posts ante 375.00
dowggabrie471 posts ante 375.00
rookie1609x posts ante 375.00
LeetRunGoot posts ante 375.00
JWD12 posts the small blind 1500.00
mcnasty040 posts the big blind 3000.00
*** HOLE CARDS ***
Main pot 3000.00
Dealt to lipesticky [5d Ks]
lipesticky folds
dowggabrie471 raises 6000.00 to 6000.00
rookie1609x folds
LeetRunGoot folds
LittleCoffee folds
vaicalhau folds
JWD12 raises 47733.00 to 49233.00 and is all-in
mcnasty040 folds
dowggabrie471 calls 43233.00
*** FLOP *** [Qd 2h Kh]
Main pot 104466.00
*** TURN *** [Qd 2h Kh] [8c]
Main pot 104466.00
*** RIVER *** [Qd 2h Kh 8c] [3d]
Main pot 104466.00
*** SHOW DOWN ***
Main pot 104466.00
JWD12 shows [Kc Td] (a pair of Kings [Kh Kc Qd Td 8c])
dowggabrie471 shows [Jh As] (a high card, Ace high [As Kh Qd Jh 8c])
JWD12 collected 104466.00 from main pot
*** SUMMARY ***
Total pot 104466.00
Board [Qd 2h Kh 8c 3d]
Seat 1: LittleCoffee folded on the Pre-Flop and did not bet
Seat 2: vaicalhau (button) folded on the Pre-Flop
Seat 3: JWD12 (small blind) showed [Kc Td] and won 104466.00 with a pair of Kings [Kh Kc Qd Td 8c]
Seat 4: mcnasty040 (big blind) folded on the Pre-Flop
Seat 5: lipesticky folded on the Pre-Flop and did not bet
Seat 6: dowggabrie471 showed [Jh As] and lost with a high card, Ace high [As Kh Qd Jh 8c]
Seat 7: rookie1609x folded on the Pre-Flop and did not bet
Seat 8: LeetRunGoot folded on the Pre-Flop and did not bet

Game Hand #2021531203 - Tournament #31163912 - Holdem (No Limit) - Level 13 (1500.00/3000.00)- 2024/02/08 22:20:06 UTC
Table '32' 8-max Seat #3 is the button
Seat 1: LittleCoffee (24700.00)
Seat 2: vaicalhau (170885.00)
Seat 3: JWD12 (104466.00)
Seat 4: mcnasty040 (123687.00)
Seat 5: lipesticky (96102.00)
Seat 6: dowggabrie471 (191403.00)
Seat 7: rookie1609x (68075.00)
Seat 8: LeetRunGoot (37175.00)
LittleCoffee posts ante 375.00
vaicalhau posts ante 375.00
JWD12 posts ante 375.00
mcnasty040 posts ante 375.00
lipesticky posts ante 375.00
dowggabrie471 posts ante 375.00
rookie1609x posts ante 375.00
LeetRunGoot posts ante 375.00
mcnasty040 posts the small blind 1500.00
lipesticky posts the big blind 3000.00
*** HOLE CARDS ***
Main pot 3000.00
Dealt to lipesticky [5c 2s]
dowggabrie471 folds
rookie1609x raises 6000.00 to 6000.00
LeetRunGoot folds
LittleCoffee folds
vaicalhau raises 15000.00 to 15000.00
JWD12 folds
mcnasty040 folds
lipesticky folds
rookie1609x folds
Uncalled bet (9000.00) returned to vaicalhau
vaicalhau does not show
*** SUMMARY ***
Total pot 19500.00
Seat 1: LittleCoffee folded on the Pre-Flop and did not bet
Seat 2: vaicalhau did not show and won 19500.00
Seat 3: JWD12 (button) folded on the Pre-Flop
Seat 4: mcnasty040 (small blind) folded on the Pre-Flop
Seat 5: lipesticky (big blind) folded on the Pre-Flop
Seat 6: dowggabrie471 folded on the Pre-Flop and did not bet
Seat 7: rookie1609x folded on the Pre-Flop and did not bet
Seat 8: LeetRunGoot folded on the Pre-Flop and did not bet

