Game Hand #2021532194 - Tournament #31163912 - Holdem (No Limit) - Level 13 (1500.00/3000.00)- 2024/02/08 22:21:04 UTC
Table '32' 8-max Seat #4 is the button
Seat 1: LittleCoffee (24325.00)
Seat 2: vaicalhau (184010.00)
Seat 3: JWD12 (104091.00)
Seat 4: mcnasty040 (121812.00)
Seat 5: lipesticky (92727.00)
Seat 6: dowggabrie471 (191028.00)
Seat 7: rookie1609x (61700.00)
Seat 8: LeetRunGoot (36800.00)
LittleCoffee posts ante 375.00
vaicalhau posts ante 375.00
JWD12 posts ante 375.00
mcnasty040 posts ante 375.00
lipesticky posts ante 375.00
dowggabrie471 posts ante 375.00
rookie1609x posts ante 375.00
LeetRunGoot posts ante 375.00
lipesticky posts the small blind 1500.00
dowggabrie471 posts the big blind 3000.00
*** HOLE CARDS ***
Main pot 3000.00
Dealt to lipesticky [Kh 7d]
rookie1609x folds
LeetRunGoot folds
LittleCoffee folds
vaicalhau folds
JWD12 raises 6300.00 to 6300.00
mcnasty040 raises 16350.00 to 16350.00
lipesticky folds
dowggabrie471 calls 13350.00
JWD12 raises 97416.00 to 103716.00 and is all-in
mcnasty040 raises 105087.00 to 121437.00 and is all-in
dowggabrie471 folds
Uncalled bet (17721.00) returned to mcnasty040
*** FLOP *** [6s 4s Qd]
Main pot 228282.00
*** TURN *** [6s 4s Qd] [3c]
Main pot 228282.00
*** RIVER *** [6s 4s Qd 3c] [Kd]
Main pot 228282.00
*** SHOW DOWN ***
Main pot 228282.00
JWD12 shows [As Kc] (a pair of Kings [Kd Kc As Qd 6s])
mcnasty040 shows [Ah Ad] (a pair of Aces [Ah Ad Kd Qd 6s])
mcnasty040 collected 228282.00 from main pot
*** SUMMARY ***
Total pot 228282.00
Board [6s 4s Qd 3c Kd]
Seat 1: LittleCoffee folded on the Pre-Flop and did not bet
Seat 2: vaicalhau folded on the Pre-Flop and did not bet
Seat 3: JWD12 showed [As Kc] and lost with a pair of Kings [Kd Kc As Qd 6s]
Seat 4: mcnasty040 (button) showed [Ah Ad] and won 228282.00 with a pair of Aces [Ah Ad Kd Qd 6s]
Seat 5: lipesticky (small blind) folded on the Pre-Flop
Seat 6: dowggabrie471 (big blind) folded on the Pre-Flop
Seat 7: rookie1609x folded on the Pre-Flop and did not bet
Seat 8: LeetRunGoot folded on the Pre-Flop and did not bet

Game Hand #2021533809 - Tournament #31163912 - Holdem (No Limit) - Level 13 (1500.00/3000.00)- 2024/02/08 22:22:40 UTC
Table '32' 8-max Seat #5 is the button
Seat 1: LittleCoffee (23950.00)
Seat 2: vaicalhau (183635.00)
Seat 4: mcnasty040 (246003.00)
Seat 5: lipesticky (90852.00)
Seat 6: dowggabrie471 (174303.00)
Seat 7: rookie1609x (61325.00)
Seat 8: LeetRunGoot (36425.00)
LittleCoffee posts ante 375.00
vaicalhau posts ante 375.00
mcnasty040 posts ante 375.00
lipesticky posts ante 375.00
dowggabrie471 posts ante 375.00
rookie1609x posts ante 375.00
LeetRunGoot posts ante 375.00
dowggabrie471 posts the small blind 1500.00
rookie1609x posts the big blind 3000.00
*** HOLE CARDS ***
Main pot 2625.00
Dealt to lipesticky [Qc Kd]
LeetRunGoot folds
LittleCoffee folds
vaicalhau folds
mcnasty040 folds
lipesticky raises 6300.00 to 6300.00
dowggabrie471 folds
rookie1609x folds
Uncalled bet (3300.00) returned to lipesticky
lipesticky does not show
*** SUMMARY ***
Total pot 10125.00
Seat 1: LittleCoffee folded on the Pre-Flop and did not bet
Seat 2: vaicalhau folded on the Pre-Flop and did not bet
Seat 4: mcnasty040 folded on the Pre-Flop and did not bet
Seat 5: lipesticky did not show and won 10125.00
Seat 6: dowggabrie471 (small blind) folded on the Pre-Flop
Seat 7: rookie1609x (big blind) folded on the Pre-Flop
Seat 8: LeetRunGoot folded on the Pre-Flop and did not bet

Game Hand #2021534267 - Tournament #31163912 - Holdem (No Limit) - Level 14 (1750.00/3500.00)- 2024/02/08 22:23:06 UTC
Table '32' 8-max Seat #6 is the button
Seat 1: LittleCoffee (23575.00)
Seat 2: vaicalhau (183260.00)
Seat 4: mcnasty040 (245628.00)
Seat 5: lipesticky (97602.00)
Seat 6: dowggabrie471 (172428.00)
Seat 7: rookie1609x (57950.00)
Seat 8: LeetRunGoot (36050.00)
LittleCoffee posts ante 450.00
vaicalhau posts ante 450.00
mcnasty040 posts ante 450.00
lipesticky posts ante 450.00
dowggabrie471 posts ante 450.00
rookie1609x posts ante 450.00
LeetRunGoot posts ante 450.00
rookie1609x posts the small blind 1750.00
LeetRunGoot posts the big blind 3500.00
*** HOLE CARDS ***
Main pot 3150.00
Dealt to lipesticky [5c Ac]
LittleCoffee folds
vaicalhau raises 7350.00 to 7350.00
mcnasty040 calls 7350.00
lipesticky folds
dowggabrie471 folds
rookie1609x folds
LeetRunGoot folds
*** FLOP *** [9c 8s 5h]
Main pot 23100.00
vaicalhau checks
mcnasty040 checks
*** TURN *** [9c 8s 5h] [Kd]
Main pot 23100.00
vaicalhau checks
mcnasty040 checks
*** RIVER *** [9c 8s 5h Kd] [4s]
Main pot 23100.00
vaicalhau bets 7623.00
mcnasty040 folds
Uncalled bet (7623.00) returned to vaicalhau
vaicalhau does not show
*** SUMMARY ***
Total pot 23100.00
Board [9c 8s 5h Kd 4s]
Seat 1: LittleCoffee folded on the Pre-Flop and did not bet
Seat 2: vaicalhau did not show and won 23100.00
Seat 4: mcnasty040 folded on the River
Seat 5: lipesticky folded on the Pre-Flop and did not bet
Seat 6: dowggabrie471 (button) folded on the Pre-Flop
Seat 7: rookie1609x (small blind) folded on the Pre-Flop
Seat 8: LeetRunGoot (big blind) folded on the Pre-Flop

Game Hand #2021535531 - Tournament #31163912 - Holdem (No Limit) - Level 14 (1750.00/3500.00)- 2024/02/08 22:24:20 UTC
Table '32' 8-max Seat #7 is the button
Seat 1: LittleCoffee (23125.00)
Seat 2: vaicalhau (198560.00)
Seat 4: mcnasty040 (237828.00)
Seat 5: lipesticky (97152.00)
Seat 6: dowggabrie471 (171978.00)
Seat 7: rookie1609x (55750.00)
Seat 8: LeetRunGoot (32100.00)
LittleCoffee posts ante 450.00
vaicalhau posts ante 450.00
mcnasty040 posts ante 450.00
lipesticky posts ante 450.00
dowggabrie471 posts ante 450.00
rookie1609x posts ante 450.00
LeetRunGoot posts ante 450.00
LeetRunGoot posts the small blind 1750.00
LittleCoffee posts the big blind 3500.00
*** HOLE CARDS ***
Main pot 3150.00
Dealt to lipesticky [3c 2s]
vaicalhau folds
mcnasty040 folds
lipesticky folds
dowggabrie471 folds
rookie1609x folds
LeetRunGoot raises 29900.00 to 31650.00 and is all-in
LittleCoffee calls 19175.00 and is all-in
Uncalled bet (8975.00) returned to LeetRunGoot
*** FLOP *** [9h 5s 2c]
Main pot 48500.00
*** TURN *** [9h 5s 2c] [2h]
Main pot 48500.00
*** RIVER *** [9h 5s 2c 2h] [Kh]
Main pot 48500.00
*** SHOW DOWN ***
Main pot 48500.00
LittleCoffee shows [Ks 9s] (two pair, Kings and Nines [Ks Kh 9s 9h 5s])
LeetRunGoot shows [Jc 9c] (two pair, Nines and Deuces [9h 9c 2h 2c Kh])
LittleCoffee collected 48500.00 from main pot
*** SUMMARY ***
Total pot 48500.00
Board [9h 5s 2c 2h Kh]
Seat 1: LittleCoffee (big blind) showed [Ks 9s] and won 48500.00 with two pair, Kings and Nines [Ks Kh 9s 9h 5s]
Seat 2: vaicalhau folded on the Pre-Flop and did not bet
Seat 4: mcnasty040 folded on the Pre-Flop and did not bet
Seat 5: lipesticky folded on the Pre-Flop and did not bet
Seat 6: dowggabrie471 folded on the Pre-Flop and did not bet
Seat 7: rookie1609x (button) folded on the Pre-Flop
Seat 8: LeetRunGoot (small blind) showed [Jc 9c] and lost with two pair, Nines and Deuces [9h 9c 2h 2c Kh]

Game Hand #2021536373 - Tournament #31163912 - Holdem (No Limit) - Level 14 (1750.00/3500.00)- 2024/02/08 22:25:11 UTC
Table '32' 8-max Seat #8 is the button
Seat 1: LittleCoffee (48500.00)
Seat 2: vaicalhau (198110.00)
Seat 3: Winnerfsh (293146.00)
Seat 4: mcnasty040 (237378.00)
Seat 5: lipesticky (96702.00)
Seat 6: dowggabrie471 (171528.00)
Seat 7: rookie1609x (55300.00)
Seat 8: LeetRunGoot (8975.00)
LittleCoffee posts ante 450.00
vaicalhau posts ante 450.00
Winnerfsh posts ante 450.00
mcnasty040 posts ante 450.00
lipesticky posts ante 450.00
dowggabrie471 posts ante 450.00
rookie1609x posts ante 450.00
LeetRunGoot posts ante 450.00
LittleCoffee posts the small blind 1750.00
vaicalhau posts the big blind 3500.00
*** HOLE CARDS ***
Main pot 3600.00
Dealt to lipesticky [Kd 3c]
Winnerfsh raises 15850.00 to 15850.00
mcnasty040 folds
lipesticky folds
dowggabrie471 folds
rookie1609x folds
LeetRunGoot folds
LittleCoffee folds
vaicalhau folds
Uncalled bet (12350.00) returned to Winnerfsh
Winnerfsh does not show
*** SUMMARY ***
Total pot 12350.00
Seat 1: LittleCoffee (small blind) folded on the Pre-Flop
Seat 2: vaicalhau (big blind) folded on the Pre-Flop
Seat 3: Winnerfsh did not show and won 12350.00
Seat 4: mcnasty040 folded on the Pre-Flop and did not bet
Seat 5: lipesticky folded on the Pre-Flop and did not bet
Seat 6: dowggabrie471 folded on the Pre-Flop and did not bet
Seat 7: rookie1609x folded on the Pre-Flop and did not bet
Seat 8: LeetRunGoot (button) folded on the Pre-Flop

Game Hand #2021537163 - Tournament #31163912 - Holdem (No Limit) - Level 14 (1750.00/3500.00)- 2024/02/08 22:25:58 UTC
Table '32' 8-max Seat #1 is the button
Seat 1: LittleCoffee (46300.00)
Seat 2: vaicalhau (194160.00)
Seat 3: Winnerfsh (301546.00)
Seat 4: mcnasty040 (236928.00)
Seat 5: lipesticky (96252.00)
Seat 6: dowggabrie471 (171078.00)
Seat 7: rookie1609x (54850.00)
Seat 8: LeetRunGoot (8525.00)
LittleCoffee posts ante 450.00
vaicalhau posts ante 450.00
Winnerfsh posts ante 450.00
mcnasty040 posts ante 450.00
lipesticky posts ante 450.00
dowggabrie471 posts ante 450.00
rookie1609x posts ante 450.00
LeetRunGoot posts ante 450.00
vaicalhau posts the small blind 1750.00
Winnerfsh posts the big blind 3500.00
*** HOLE CARDS ***
Main pot 3600.00
Dealt to lipesticky [Th 3d]
mcnasty040 folds
lipesticky folds
dowggabrie471 folds
rookie1609x folds
LeetRunGoot folds
LittleCoffee folds
vaicalhau calls 1750.00
Winnerfsh checks
*** FLOP *** [7c Jc 6d]
Main pot 10600.00
vaicalhau checks
Winnerfsh checks
*** TURN *** [7c Jc 6d] [Ac]
Main pot 10600.00
vaicalhau checks
Winnerfsh checks
*** RIVER *** [7c Jc 6d Ac] [As]
Main pot 10600.00
vaicalhau checks
Winnerfsh checks
*** SHOW DOWN ***
Main pot 10600.00
vaicalhau shows [Qs 9c] (a pair of Aces [As Ac Qs Jc 9c])
Winnerfsh shows [4s 6c] (two pair, Aces and Sixs [As Ac 6d 6c Jc])
Winnerfsh collected 10600.00 from main pot
*** SUMMARY ***
Total pot 10600.00
Board [7c Jc 6d Ac As]
Seat 1: LittleCoffee (button) folded on the Pre-Flop
Seat 2: vaicalhau (small blind) showed [Qs 9c] and lost with a pair of Aces [As Ac Qs Jc 9c]
Seat 3: Winnerfsh (big blind) showed [4s 6c] and won 10600.00 with two pair, Aces and Sixs [As Ac 6d 6c Jc]
Seat 4: mcnasty040 folded on the Pre-Flop and did not bet
Seat 5: lipesticky folded on the Pre-Flop and did not bet
Seat 6: dowggabrie471 folded on the Pre-Flop and did not bet
Seat 7: rookie1609x folded on the Pre-Flop and did not bet
Seat 8: LeetRunGoot folded on the Pre-Flop and did not bet

Game Hand #2021538065 - Tournament #31163912 - Holdem (No Limit) - Level 14 (1750.00/3500.00)- 2024/02/08 22:26:51 UTC
Table '32' 8-max Seat #2 is the button
Seat 1: LittleCoffee (45850.00)
Seat 2: vaicalhau (190210.00)
Seat 3: Winnerfsh (308196.00)
Seat 4: mcnasty040 (236478.00)
Seat 5: lipesticky (95802.00)
Seat 6: dowggabrie471 (170628.00)
Seat 7: rookie1609x (54400.00)
Seat 8: LeetRunGoot (8075.00)
LittleCoffee posts ante 450.00
vaicalhau posts ante 450.00
Winnerfsh posts ante 450.00
mcnasty040 posts ante 450.00
lipesticky posts ante 450.00
dowggabrie471 posts ante 450.00
rookie1609x posts ante 450.00
LeetRunGoot posts ante 450.00
Winnerfsh posts the small blind 1750.00
mcnasty040 posts the big blind 3500.00
*** HOLE CARDS ***
Main pot 3600.00
Dealt to lipesticky [Kh 5d]
lipesticky folds
dowggabrie471 folds
rookie1609x folds
LeetRunGoot folds
LittleCoffee folds
vaicalhau folds
Winnerfsh calls 1750.00
mcnasty040 checks
*** FLOP *** [Ks 4c 5c]
Main pot 10600.00
Winnerfsh checks
mcnasty040 bets 3500.00
Winnerfsh folds
Uncalled bet (3500.00) returned to mcnasty040
mcnasty040 does not show
*** SUMMARY ***
Total pot 10600.00
Board [Ks 4c 5c]
Seat 1: LittleCoffee folded on the Pre-Flop and did not bet
Seat 2: vaicalhau (button) folded on the Pre-Flop
Seat 3: Winnerfsh (small blind) folded on the Flop
Seat 4: mcnasty040 did not show and won 10600.00
Seat 5: lipesticky folded on the Pre-Flop and did not bet
Seat 6: dowggabrie471 folded on the Pre-Flop and did not bet
Seat 7: rookie1609x folded on the Pre-Flop and did not bet
Seat 8: LeetRunGoot folded on the Pre-Flop and did not bet

Game Hand #2021538837 - Tournament #31163912 - Holdem (No Limit) - Level 14 (1750.00/3500.00)- 2024/02/08 22:27:36 UTC
Table '32' 8-max Seat #3 is the button
Seat 1: LittleCoffee (45400.00)
Seat 2: vaicalhau (189760.00)
Seat 3: Winnerfsh (304246.00)
Seat 4: mcnasty040 (243128.00)
Seat 5: lipesticky (95352.00)
Seat 6: dowggabrie471 (170178.00)
Seat 7: rookie1609x (53950.00)
Seat 8: LeetRunGoot (7625.00)
LittleCoffee posts ante 450.00
vaicalhau posts ante 450.00
Winnerfsh posts ante 450.00
mcnasty040 posts ante 450.00
lipesticky posts ante 450.00
dowggabrie471 posts ante 450.00
rookie1609x posts ante 450.00
LeetRunGoot posts ante 450.00
mcnasty040 posts the small blind 1750.00
lipesticky posts the big blind 3500.00
*** HOLE CARDS ***
Main pot 3600.00
Dealt to lipesticky [7s Jc]
dowggabrie471 folds
rookie1609x folds
LeetRunGoot folds
LittleCoffee raises 44950.00 to 44950.00 and is all-in
vaicalhau folds
Winnerfsh folds
mcnasty040 folds
lipesticky folds
Uncalled bet (41450.00) returned to LittleCoffee
LittleCoffee does not show
*** SUMMARY ***
Total pot 12350.00
Seat 1: LittleCoffee did not show and won 12350.00
Seat 2: vaicalhau folded on the Pre-Flop and did not bet
Seat 3: Winnerfsh (button) folded on the Pre-Flop
Seat 4: mcnasty040 (small blind) folded on the Pre-Flop
Seat 5: lipesticky (big blind) folded on the Pre-Flop
Seat 6: dowggabrie471 folded on the Pre-Flop and did not bet
Seat 7: rookie1609x folded on the Pre-Flop and did not bet
Seat 8: LeetRunGoot folded on the Pre-Flop and did not bet

Game Hand #2021539395 - Tournament #31163912 - Holdem (No Limit) - Level 14 (1750.00/3500.00)- 2024/02/08 22:28:08 UTC
Table '32' 8-max Seat #4 is the button
Seat 1: LittleCoffee (53800.00)
Seat 2: vaicalhau (189310.00)
Seat 3: Winnerfsh (303796.00)
Seat 4: mcnasty040 (240928.00)
Seat 5: lipesticky (91402.00)
Seat 6: dowggabrie471 (169728.00)
Seat 7: rookie1609x (53500.00)
Seat 8: LeetRunGoot (7175.00)
LittleCoffee posts ante 450.00
vaicalhau posts ante 450.00
Winnerfsh posts ante 450.00
mcnasty040 posts ante 450.00
lipesticky posts ante 450.00
dowggabrie471 posts ante 450.00
rookie1609x posts ante 450.00
LeetRunGoot posts ante 450.00
lipesticky posts the small blind 1750.00
dowggabrie471 posts the big blind 3500.00
*** HOLE CARDS ***
Main pot 3600.00
Dealt to lipesticky [Ac Th]
rookie1609x folds
LeetRunGoot raises 6725.00 to 6725.00 and is all-in
LittleCoffee folds
vaicalhau folds
Winnerfsh folds
mcnasty040 folds
lipesticky raises 20725.00 to 22475.00
dowggabrie471 folds
Uncalled bet (15750.00) returned to lipesticky
*** FLOP *** [Jd 2h 4s]
Main pot 20550.00
*** TURN *** [Jd 2h 4s] [3d]
Main pot 20550.00
*** RIVER *** [Jd 2h 4s 3d] [4d]
Main pot 20550.00
*** SHOW DOWN ***
Main pot 20550.00
lipesticky shows [Ac Th] (a pair of Fours [4s 4d Ac Jd Th])
LeetRunGoot shows [9c Kd] (a pair of Fours [4s 4d Kd Jd 9c])
lipesticky collected 20550.00 from main pot
*** SUMMARY ***
Total pot 20550.00
Board [Jd 2h 4s 3d 4d]
Seat 1: LittleCoffee folded on the Pre-Flop and did not bet
Seat 2: vaicalhau folded on the Pre-Flop and did not bet
Seat 3: Winnerfsh folded on the Pre-Flop and did not bet
Seat 4: mcnasty040 (button) folded on the Pre-Flop
Seat 5: lipesticky (small blind) showed [Ac Th] and won 20550.00 with a pair of Fours [4s 4d Ac Jd Th] with the kicker Ace
Seat 6: dowggabrie471 (big blind) folded on the Pre-Flop
Seat 7: rookie1609x folded on the Pre-Flop and did not bet
Seat 8: LeetRunGoot showed [9c Kd] and lost with a pair of Fours [4s 4d Kd Jd 9c]

Game Hand #2021540060 - Tournament #31163912 - Holdem (No Limit) - Level 14 (1750.00/3500.00)- 2024/02/08 22:28:47 UTC
Table '32' 8-max Seat #5 is the button
Seat 1: LittleCoffee (53350.00)
Seat 2: vaicalhau (188860.00)
Seat 3: Winnerfsh (303346.00)
Seat 4: mcnasty040 (240478.00)
Seat 5: lipesticky (104777.00)
Seat 6: dowggabrie471 (165778.00)
Seat 7: rookie1609x (53050.00)
LittleCoffee posts ante 450.00
vaicalhau posts ante 450.00
Winnerfsh posts ante 450.00
mcnasty040 posts ante 450.00
lipesticky posts ante 450.00
dowggabrie471 posts ante 450.00
rookie1609x posts ante 450.00
dowggabrie471 posts the small blind 1750.00
rookie1609x posts the big blind 3500.00
*** HOLE CARDS ***
Main pot 3150.00
Dealt to lipesticky [6s 4s]
LittleCoffee raises 7000.00 to 7000.00
vaicalhau folds
Winnerfsh folds
mcnasty040 folds
lipesticky folds
dowggabrie471 folds
rookie1609x calls 3500.00
*** FLOP *** [2c Kh Jd]
Main pot 18900.00
rookie1609x checks
LittleCoffee bets 5250.00
rookie1609x folds
Uncalled bet (5250.00) returned to LittleCoffee
LittleCoffee does not show
*** SUMMARY ***
Total pot 18900.00
Board [2c Kh Jd]
Seat 1: LittleCoffee did not show and won 18900.00
Seat 2: vaicalhau folded on the Pre-Flop and did not bet
Seat 3: Winnerfsh folded on the Pre-Flop and did not bet
Seat 4: mcnasty040 folded on the Pre-Flop and did not bet
Seat 5: lipesticky (button) folded on the Pre-Flop
Seat 6: dowggabrie471 (small blind) folded on the Pre-Flop
Seat 7: rookie1609x (big blind) folded on the Flop

Game Hand #2021540957 - Tournament #31163912 - Holdem (No Limit) - Level 14 (1750.00/3500.00)- 2024/02/08 22:29:41 UTC
Table '32' 8-max Seat #6 is the button
Seat 1: LittleCoffee (64800.00)
Seat 2: vaicalhau (188410.00)
Seat 3: Winnerfsh (302896.00)
Seat 4: mcnasty040 (240028.00)
Seat 5: lipesticky (104327.00)
Seat 6: dowggabrie471 (163578.00)
Seat 7: rookie1609x (45600.00)
Seat 8: Spreads (222342.00)
LittleCoffee posts ante 450.00
vaicalhau posts ante 450.00
Winnerfsh posts ante 450.00
mcnasty040 posts ante 450.00
lipesticky posts ante 450.00
dowggabrie471 posts ante 450.00
rookie1609x posts ante 450.00
Spreads posts ante 450.00
rookie1609x posts the small blind 1750.00
Spreads posts the big blind 3500.00
*** HOLE CARDS ***
Main pot 3600.00
Dealt to lipesticky [3s As]
LittleCoffee raises 7000.00 to 7000.00
vaicalhau folds
Winnerfsh folds
mcnasty040 folds
lipesticky folds
dowggabrie471 folds
rookie1609x raises 43400.00 to 45150.00 and is all-in
Spreads folds
LittleCoffee folds
Uncalled bet (38150.00) returned to rookie1609x
rookie1609x does not show
*** SUMMARY ***
Total pot 21100.00
Seat 1: LittleCoffee folded on the Pre-Flop and did not bet
Seat 2: vaicalhau folded on the Pre-Flop and did not bet
Seat 3: Winnerfsh folded on the Pre-Flop and did not bet
Seat 4: mcnasty040 folded on the Pre-Flop and did not bet
Seat 5: lipesticky folded on the Pre-Flop and did not bet
Seat 6: dowggabrie471 (button) folded on the Pre-Flop
Seat 7: rookie1609x did not show and won 21100.00
Seat 8: Spreads (big blind) folded on the Pre-Flop

Game Hand #2021541636 - Tournament #31163912 - Holdem (No Limit) - Level 14 (1750.00/3500.00)- 2024/02/08 22:30:21 UTC
Table '32' 8-max Seat #7 is the button
Seat 1: LittleCoffee (57350.00)
Seat 2: vaicalhau (187960.00)
Seat 3: Winnerfsh (302446.00)
Seat 4: mcnasty040 (239578.00)
Seat 5: lipesticky (103877.00)
Seat 6: dowggabrie471 (163128.00)
Seat 7: rookie1609x (59250.00)
Seat 8: Spreads (218392.00)
LittleCoffee posts ante 450.00
vaicalhau posts ante 450.00
Winnerfsh posts ante 450.00
mcnasty040 posts ante 450.00
lipesticky posts ante 450.00
dowggabrie471 posts ante 450.00
rookie1609x posts ante 450.00
Spreads posts ante 450.00
Spreads posts the small blind 1750.00
LittleCoffee posts the big blind 3500.00
*** HOLE CARDS ***
Main pot 3600.00
Dealt to lipesticky [7d 8s]
vaicalhau raises 7350.00 to 7350.00
Winnerfsh folds
mcnasty040 folds
lipesticky folds
dowggabrie471 folds
rookie1609x folds
Spreads folds
LittleCoffee folds
Uncalled bet (3850.00) returned to vaicalhau
vaicalhau does not show
*** SUMMARY ***
Total pot 12350.00
Seat 1: LittleCoffee (big blind) folded on the Pre-Flop
Seat 2: vaicalhau did not show and won 12350.00
Seat 3: Winnerfsh folded on the Pre-Flop and did not bet
Seat 4: mcnasty040 folded on the Pre-Flop and did not bet
Seat 5: lipesticky folded on the Pre-Flop and did not bet
Seat 6: dowggabrie471 folded on the Pre-Flop and did not bet
Seat 7: rookie1609x (button) folded on the Pre-Flop
Seat 8: Spreads (small blind) folded on the Pre-Flop

Game Hand #2021542143 - Tournament #31163912 - Holdem (No Limit) - Level 15 (2000.00/4000.00)- 2024/02/08 22:30:53 UTC
Table '32' 8-max Seat #8 is the button
Seat 1: LittleCoffee (53400.00)
Seat 2: vaicalhau (196360.00)
Seat 3: Winnerfsh (301996.00)
Seat 4: mcnasty040 (239128.00)
Seat 5: lipesticky (103427.00)
Seat 6: dowggabrie471 (162678.00)
Seat 7: rookie1609x (58800.00)
Seat 8: Spreads (216192.00)
LittleCoffee posts ante 500.00
vaicalhau posts ante 500.00
Winnerfsh posts ante 500.00
mcnasty040 posts ante 500.00
lipesticky posts ante 500.00
dowggabrie471 posts ante 500.00
rookie1609x posts ante 500.00
Spreads posts ante 500.00
LittleCoffee posts the small blind 2000.00
vaicalhau posts the big blind 4000.00
*** HOLE CARDS ***
Main pot 4000.00
Dealt to lipesticky [7c Kh]
Winnerfsh folds
mcnasty040 folds
lipesticky folds
dowggabrie471 folds
rookie1609x folds
Spreads folds
LittleCoffee raises 50900.00 to 52900.00 and is all-in
vaicalhau folds
Uncalled bet (48900.00) returned to LittleCoffee
LittleCoffee does not show
*** SUMMARY ***
Total pot 12000.00
Seat 1: LittleCoffee did not show and won 12000.00
Seat 2: vaicalhau (big blind) folded on the Pre-Flop
Seat 3: Winnerfsh folded on the Pre-Flop and did not bet
Seat 4: mcnasty040 folded on the Pre-Flop and did not bet
Seat 5: lipesticky folded on the Pre-Flop and did not bet
Seat 6: dowggabrie471 folded on the Pre-Flop and did not bet
Seat 7: rookie1609x folded on the Pre-Flop and did not bet
Seat 8: Spreads (button) folded on the Pre-Flop

Game Hand #2021542844 - Tournament #31163912 - Holdem (No Limit) - Level 15 (2000.00/4000.00)- 2024/02/08 22:31:35 UTC
Table '32' 8-max Seat #1 is the button
Seat 1: LittleCoffee (60900.00)
Seat 2: vaicalhau (191860.00)
Seat 3: Winnerfsh (301496.00)
Seat 4: mcnasty040 (238628.00)
Seat 5: lipesticky (102927.00)
Seat 6: dowggabrie471 (162178.00)
Seat 7: rookie1609x (58300.00)
Seat 8: Spreads (215692.00)
LittleCoffee posts ante 500.00
vaicalhau posts ante 500.00
Winnerfsh posts ante 500.00
mcnasty040 posts ante 500.00
lipesticky posts ante 500.00
dowggabrie471 posts ante 500.00
rookie1609x posts ante 500.00
Spreads posts ante 500.00
vaicalhau posts the small blind 2000.00
Winnerfsh posts the big blind 4000.00
*** HOLE CARDS ***
Main pot 4000.00
Dealt to lipesticky [4s 9s]
mcnasty040 folds
lipesticky folds
dowggabrie471 folds
rookie1609x folds
Spreads raises 8000.00 to 8000.00
LittleCoffee folds
vaicalhau folds
Winnerfsh folds
Uncalled bet (4000.00) returned to Spreads
Spreads does not show
*** SUMMARY ***
Total pot 14000.00
Seat 1: LittleCoffee (button) folded on the Pre-Flop
Seat 2: vaicalhau (small blind) folded on the Pre-Flop
Seat 3: Winnerfsh (big blind) folded on the Pre-Flop
Seat 4: mcnasty040 folded on the Pre-Flop and did not bet
Seat 5: lipesticky folded on the Pre-Flop and did not bet
Seat 6: dowggabrie471 folded on the Pre-Flop and did not bet
Seat 7: rookie1609x folded on the Pre-Flop and did not bet
Seat 8: Spreads did not show and won 14000.00

Game Hand #2021543663 - Tournament #31163912 - Holdem (No Limit) - Level 15 (2000.00/4000.00)- 2024/02/08 22:32:24 UTC
Table '32' 8-max Seat #2 is the button
Seat 1: LittleCoffee (60400.00)
Seat 2: vaicalhau (189360.00)
Seat 3: Winnerfsh (296996.00)
Seat 4: mcnasty040 (238128.00)
Seat 5: lipesticky (102427.00)
Seat 6: dowggabrie471 (161678.00)
Seat 7: rookie1609x (57800.00)
Seat 8: Spreads (225192.00)
LittleCoffee posts ante 500.00
vaicalhau posts ante 500.00
Winnerfsh posts ante 500.00
mcnasty040 posts ante 500.00
lipesticky posts ante 500.00
dowggabrie471 posts ante 500.00
rookie1609x posts ante 500.00
Spreads posts ante 500.00
Winnerfsh posts the small blind 2000.00
mcnasty040 posts the big blind 4000.00
*** HOLE CARDS ***
Main pot 4000.00
Dealt to lipesticky [8s 3d]
lipesticky folds
dowggabrie471 folds
rookie1609x folds
Spreads raises 8000.00 to 8000.00
LittleCoffee folds
vaicalhau folds
Winnerfsh calls 6000.00
mcnasty040 calls 4000.00
*** FLOP *** [6s 5d Qc]
Main pot 28000.00
Winnerfsh bets 28000.00
mcnasty040 folds
Spreads folds
Uncalled bet (28000.00) returned to Winnerfsh
Winnerfsh does not show
*** SUMMARY ***
Total pot 28000.00
Board [6s 5d Qc]
Seat 1: LittleCoffee folded on the Pre-Flop and did not bet
Seat 2: vaicalhau (button) folded on the Pre-Flop
Seat 3: Winnerfsh did not show and won 28000.00
Seat 4: mcnasty040 (big blind) folded on the Flop
Seat 5: lipesticky folded on the Pre-Flop and did not bet
Seat 6: dowggabrie471 folded on the Pre-Flop and did not bet
Seat 7: rookie1609x folded on the Pre-Flop and did not bet
Seat 8: Spreads folded on the Flop

Game Hand #2021544803 - Tournament #31163912 - Holdem (No Limit) - Level 15 (2000.00/4000.00)- 2024/02/08 22:33:29 UTC
Table '32' 8-max Seat #3 is the button
Seat 1: LittleCoffee (59900.00)
Seat 2: vaicalhau (188860.00)
Seat 3: Winnerfsh (316496.00)
Seat 4: mcnasty040 (229628.00)
Seat 5: lipesticky (101927.00)
Seat 6: dowggabrie471 (161178.00)
Seat 7: rookie1609x (57300.00)
Seat 8: Spreads (216692.00)
LittleCoffee posts ante 500.00
vaicalhau posts ante 500.00
Winnerfsh posts ante 500.00
mcnasty040 posts ante 500.00
lipesticky posts ante 500.00
dowggabrie471 posts ante 500.00
rookie1609x posts ante 500.00
Spreads posts ante 500.00
mcnasty040 posts the small blind 2000.00
lipesticky posts the big blind 4000.00
*** HOLE CARDS ***
Main pot 4000.00
Dealt to lipesticky [Qd Kh]
dowggabrie471 folds
rookie1609x folds
Spreads folds
LittleCoffee folds
vaicalhau folds
Winnerfsh calls 4000.00
mcnasty040 raises 10000.00 to 12000.00
lipesticky calls 8000.00
Winnerfsh calls 8000.00
*** FLOP *** [4h 2h 5c]
Main pot 40000.00
mcnasty040 bets 20000.00
lipesticky folds
Winnerfsh folds
Uncalled bet (20000.00) returned to mcnasty040
mcnasty040 does not show
*** SUMMARY ***
Total pot 40000.00
Board [4h 2h 5c]
Seat 1: LittleCoffee folded on the Pre-Flop and did not bet
Seat 2: vaicalhau folded on the Pre-Flop and did not bet
Seat 3: Winnerfsh (button) folded on the Flop
Seat 4: mcnasty040 did not show and won 40000.00
Seat 5: lipesticky (big blind) folded on the Flop
Seat 6: dowggabrie471 folded on the Pre-Flop and did not bet
Seat 7: rookie1609x folded on the Pre-Flop and did not bet
Seat 8: Spreads folded on the Pre-Flop and did not bet

Game Hand #2021545698 - Tournament #31163912 - Holdem (No Limit) - Level 15 (2000.00/4000.00)- 2024/02/08 22:34:23 UTC
Table '32' 8-max Seat #4 is the button
Seat 1: LittleCoffee (59400.00)
Seat 2: vaicalhau (188360.00)
Seat 3: Winnerfsh (303996.00)
Seat 4: mcnasty040 (257128.00)
Seat 5: lipesticky (89427.00)
Seat 6: dowggabrie471 (160678.00)
Seat 7: rookie1609x (56800.00)
Seat 8: Spreads (216192.00)
LittleCoffee posts ante 500.00
vaicalhau posts ante 500.00
Winnerfsh posts ante 500.00
mcnasty040 posts ante 500.00
lipesticky posts ante 500.00
dowggabrie471 posts ante 500.00
rookie1609x posts ante 500.00
Spreads posts ante 500.00
lipesticky posts the small blind 2000.00
dowggabrie471 posts the big blind 4000.00
*** HOLE CARDS ***
Main pot 4000.00
Dealt to lipesticky [9s 7d]
rookie1609x folds
Spreads folds
LittleCoffee folds
vaicalhau folds
Winnerfsh raises 20000.00 to 20000.00
mcnasty040 folds
lipesticky folds
dowggabrie471 folds
Uncalled bet (16000.00) returned to Winnerfsh
Winnerfsh does not show
*** SUMMARY ***
Total pot 14000.00
Seat 1: LittleCoffee folded on the Pre-Flop and did not bet
Seat 2: vaicalhau folded on the Pre-Flop and did not bet
Seat 3: Winnerfsh did not show and won 14000.00
Seat 4: mcnasty040 (button) folded on the Pre-Flop
Seat 5: lipesticky (small blind) folded on the Pre-Flop
Seat 6: dowggabrie471 (big blind) folded on the Pre-Flop
Seat 7: rookie1609x folded on the Pre-Flop and did not bet
Seat 8: Spreads folded on the Pre-Flop and did not bet

Game Hand #2021546525 - Tournament #31163912 - Holdem (No Limit) - Level 15 (2000.00/4000.00)- 2024/02/08 22:35:14 UTC
Table '32' 8-max Seat #5 is the button
Seat 1: LittleCoffee (58900.00)
Seat 2: vaicalhau (187860.00)
Seat 3: Winnerfsh (313496.00)
Seat 4: mcnasty040 (256628.00)
Seat 5: lipesticky (86927.00)
Seat 6: dowggabrie471 (156178.00)
Seat 7: rookie1609x (56300.00)
Seat 8: Spreads (215692.00)
LittleCoffee posts ante 500.00
vaicalhau posts ante 500.00
Winnerfsh posts ante 500.00
mcnasty040 posts ante 500.00
lipesticky posts ante 500.00
dowggabrie471 posts ante 500.00
rookie1609x posts ante 500.00
Spreads posts ante 500.00
dowggabrie471 posts the small blind 2000.00
rookie1609x posts the big blind 4000.00
*** HOLE CARDS ***
Main pot 4000.00
Dealt to lipesticky [Ks 2h]
Spreads folds
LittleCoffee folds
vaicalhau raises 8400.00 to 8400.00
Winnerfsh folds
mcnasty040 calls 8400.00
lipesticky folds
dowggabrie471 calls 6400.00
rookie1609x folds
*** FLOP *** [3s 2d Jc]
Main pot 33200.00
dowggabrie471 checks
vaicalhau bets 10956.00
mcnasty040 folds
dowggabrie471 raises 23912.00 to 23912.00
vaicalhau raises 25912.00 to 36868.00
dowggabrie471 folds
Uncalled bet (12956.00) returned to vaicalhau
vaicalhau does not show
*** SUMMARY ***
Total pot 81024.00
Board [3s 2d Jc]
Seat 1: LittleCoffee folded on the Pre-Flop and did not bet
Seat 2: vaicalhau did not show and won 81024.00
Seat 3: Winnerfsh folded on the Pre-Flop and did not bet
Seat 4: mcnasty040 folded on the Flop
Seat 5: lipesticky (button) folded on the Pre-Flop
Seat 6: dowggabrie471 (small blind) folded on the Flop
Seat 7: rookie1609x (big blind) folded on the Pre-Flop
Seat 8: Spreads folded on the Pre-Flop and did not bet

Game Hand #2021547897 - Tournament #31163912 - Holdem (No Limit) - Level 15 (2000.00/4000.00)- 2024/02/08 22:36:40 UTC
Table '32' 8-max Seat #6 is the button
Seat 1: LittleCoffee (58400.00)
Seat 2: vaicalhau (236072.00)
Seat 3: Winnerfsh (312996.00)
Seat 4: mcnasty040 (247728.00)
Seat 5: lipesticky (86427.00)
Seat 6: dowggabrie471 (123366.00)
Seat 7: rookie1609x (51800.00)
Seat 8: Spreads (215192.00)
LittleCoffee posts ante 500.00
vaicalhau posts ante 500.00
Winnerfsh posts ante 500.00
mcnasty040 posts ante 500.00
lipesticky posts ante 500.00
dowggabrie471 posts ante 500.00
rookie1609x posts ante 500.00
Spreads posts ante 500.00
rookie1609x posts the small blind 2000.00
Spreads posts the big blind 4000.00
*** HOLE CARDS ***
Main pot 4000.00
Dealt to lipesticky [9s 5h]
LittleCoffee folds
vaicalhau raises 8400.00 to 8400.00
Winnerfsh calls 8400.00
mcnasty040 folds
lipesticky folds
dowggabrie471 folds
rookie1609x folds
Spreads calls 4400.00
*** FLOP *** [9h 2h 5s]
Main pot 31200.00
Spreads checks
vaicalhau checks
Winnerfsh checks
*** TURN *** [9h 2h 5s] [7d]
Main pot 31200.00
Spreads checks
vaicalhau checks
Winnerfsh checks
*** RIVER *** [9h 2h 5s 7d] [Ks]
Main pot 31200.00
Spreads checks
vaicalhau bets 15600.00
Winnerfsh folds
Spreads folds
Uncalled bet (15600.00) returned to vaicalhau
vaicalhau does not show
*** SUMMARY ***
Total pot 31200.00
Board [9h 2h 5s 7d Ks]
Seat 1: LittleCoffee folded on the Pre-Flop and did not bet
Seat 2: vaicalhau did not show and won 31200.00
Seat 3: Winnerfsh folded on the River
Seat 4: mcnasty040 folded on the Pre-Flop and did not bet
Seat 5: lipesticky folded on the Pre-Flop and did not bet
Seat 6: dowggabrie471 (button) folded on the Pre-Flop
Seat 7: rookie1609x (small blind) folded on the Pre-Flop
Seat 8: Spreads (big blind) folded on the River

Game Hand #2021549486 - Tournament #31163912 - Holdem (No Limit) - Level 15 (2000.00/4000.00)- 2024/02/08 22:38:20 UTC
Table '32' 8-max Seat #7 is the button
Seat 1: LittleCoffee (57900.00)
Seat 2: vaicalhau (258372.00)
Seat 3: Winnerfsh (304096.00)
Seat 4: mcnasty040 (247228.00)
Seat 5: lipesticky (85927.00)
Seat 6: dowggabrie471 (122866.00)
Seat 7: rookie1609x (49300.00)
Seat 8: Spreads (206292.00)
LittleCoffee posts ante 500.00
vaicalhau posts ante 500.00
Winnerfsh posts ante 500.00
mcnasty040 posts ante 500.00
lipesticky posts ante 500.00
dowggabrie471 posts ante 500.00
rookie1609x posts ante 500.00
Spreads posts ante 500.00
Spreads posts the small blind 2000.00
LittleCoffee posts the big blind 4000.00
*** HOLE CARDS ***
Main pot 4000.00
Dealt to lipesticky [Tc 8s]
vaicalhau folds
Winnerfsh raises 11000.00 to 11000.00
mcnasty040 calls 11000.00
lipesticky folds
dowggabrie471 folds
rookie1609x folds
Spreads folds
LittleCoffee folds
*** FLOP *** [Ks 3c Qs]
Main pot 32000.00
Winnerfsh checks
mcnasty040 bets 16000.00
Winnerfsh calls 16000.00
*** TURN *** [Ks 3c Qs] [6s]
Main pot 64000.00
Winnerfsh checks
mcnasty040 checks
*** RIVER *** [Ks 3c Qs 6s] [2s]
Main pot 64000.00
Winnerfsh bets 64000.00
mcnasty040 folds
Uncalled bet (64000.00) returned to Winnerfsh
Winnerfsh does not show
*** SUMMARY ***
Total pot 64000.00
Board [Ks 3c Qs 6s 2s]
Seat 1: LittleCoffee (big blind) folded on the Pre-Flop
Seat 2: vaicalhau folded on the Pre-Flop and did not bet
Seat 3: Winnerfsh did not show and won 64000.00
Seat 4: mcnasty040 folded on the River
Seat 5: lipesticky folded on the Pre-Flop and did not bet
Seat 6: dowggabrie471 folded on the Pre-Flop and did not bet
Seat 7: rookie1609x (button) folded on the Pre-Flop
Seat 8: Spreads (small blind) folded on the Pre-Flop

Game Hand #2021550457 - Tournament #31163912 - Holdem (No Limit) - Level 16 (2500.00/5000.00)- 2024/02/08 22:39:20 UTC
Table '32' 8-max Seat #8 is the button
Seat 1: LittleCoffee (53400.00)
Seat 2: vaicalhau (257872.00)
Seat 3: Winnerfsh (340596.00)
Seat 4: mcnasty040 (219728.00)
Seat 5: lipesticky (85427.00)
Seat 6: dowggabrie471 (122366.00)
Seat 7: rookie1609x (48800.00)
Seat 8: Spreads (203792.00)
LittleCoffee posts ante 600.00
vaicalhau posts ante 600.00
Winnerfsh posts ante 600.00
mcnasty040 posts ante 600.00
lipesticky posts ante 600.00
dowggabrie471 posts ante 600.00
rookie1609x posts ante 600.00
Spreads posts ante 600.00
LittleCoffee posts the small blind 2500.00
vaicalhau posts the big blind 5000.00
*** HOLE CARDS ***
Main pot 4800.00
Dealt to lipesticky [9c Ks]
Winnerfsh folds
mcnasty040 folds
lipesticky folds
dowggabrie471 folds
rookie1609x folds
Spreads raises 10000.00 to 10000.00
LittleCoffee raises 50300.00 to 52800.00 and is all-in
vaicalhau folds
Spreads calls 42800.00
*** FLOP *** [4h 4s Jh]
Main pot 115400.00
*** TURN *** [4h 4s Jh] [8h]
Main pot 115400.00
*** RIVER *** [4h 4s Jh 8h] [Ts]
Main pot 115400.00
*** SHOW DOWN ***
Main pot 115400.00
LittleCoffee shows [Ah 3h] (a flush, Ace high [Ah Jh 8h 4h 3h])
Spreads shows [Ad 2d] (a pair of Fours [4s 4h Ad Jh Ts])
LittleCoffee collected 115400.00 from main pot
*** SUMMARY ***
Total pot 115400.00
Board [4h 4s Jh 8h Ts]
Seat 1: LittleCoffee (small blind) showed [Ah 3h] and won 115400.00 with a flush, Ace high [Ah Jh 8h 4h 3h]
Seat 2: vaicalhau (big blind) folded on the Pre-Flop
Seat 3: Winnerfsh folded on the Pre-Flop and did not bet
Seat 4: mcnasty040 folded on the Pre-Flop and did not bet
Seat 5: lipesticky folded on the Pre-Flop and did not bet
Seat 6: dowggabrie471 folded on the Pre-Flop and did not bet
Seat 7: rookie1609x folded on the Pre-Flop and did not bet
Seat 8: Spreads (button) showed [Ad 2d] and lost with a pair of Fours [4s 4h Ad Jh Ts]

Game Hand #2021551276 - Tournament #31163912 - Holdem (No Limit) - Level 16 (2500.00/5000.00)- 2024/02/08 22:40:12 UTC
Table '32' 8-max Seat #1 is the button
Seat 1: LittleCoffee (115400.00)
Seat 2: vaicalhau (252272.00)
Seat 3: Winnerfsh (339996.00)
Seat 4: mcnasty040 (219128.00)
Seat 5: lipesticky (84827.00)
Seat 6: dowggabrie471 (121766.00)
Seat 7: rookie1609x (48200.00)
Seat 8: Spreads (150392.00)
LittleCoffee posts ante 600.00
vaicalhau posts ante 600.00
Winnerfsh posts ante 600.00
mcnasty040 posts ante 600.00
lipesticky posts ante 600.00
dowggabrie471 posts ante 600.00
rookie1609x posts ante 600.00
Spreads posts ante 600.00
vaicalhau posts the small blind 2500.00
Winnerfsh posts the big blind 5000.00
*** HOLE CARDS ***
Main pot 4800.00
Dealt to lipesticky [6s Kc]
mcnasty040 raises 10000.00 to 10000.00
lipesticky folds
dowggabrie471 folds
rookie1609x folds
Spreads raises 30000.00 to 30000.00
LittleCoffee folds
vaicalhau folds
Winnerfsh folds
mcnasty040 calls 20000.00
*** FLOP *** [Tc 9s 4c]
Main pot 72300.00
mcnasty040 checks
Spreads bets 21690.00
mcnasty040 folds
Uncalled bet (21690.00) returned to Spreads
Spreads does not show
*** SUMMARY ***
Total pot 72300.00
Board [Tc 9s 4c]
Seat 1: LittleCoffee (button) folded on the Pre-Flop
Seat 2: vaicalhau (small blind) folded on the Pre-Flop
Seat 3: Winnerfsh (big blind) folded on the Pre-Flop
Seat 4: mcnasty040 folded on the Flop
Seat 5: lipesticky folded on the Pre-Flop and did not bet
Seat 6: dowggabrie471 folded on the Pre-Flop and did not bet
Seat 7: rookie1609x folded on the Pre-Flop and did not bet
Seat 8: Spreads did not show and won 72300.00

Game Hand #2021552102 - Tournament #31163912 - Holdem (No Limit) - Level 16 (2500.00/5000.00)- 2024/02/08 22:41:05 UTC
Table '32' 8-max Seat #2 is the button
Seat 1: LittleCoffee (114800.00)
Seat 2: vaicalhau (249172.00)
Seat 3: Winnerfsh (334396.00)
Seat 4: mcnasty040 (188528.00)
Seat 5: lipesticky (84227.00)
Seat 6: dowggabrie471 (121166.00)
Seat 7: rookie1609x (47600.00)
Seat 8: Spreads (192092.00)
LittleCoffee posts ante 600.00
vaicalhau posts ante 600.00
Winnerfsh posts ante 600.00
mcnasty040 posts ante 600.00
lipesticky posts ante 600.00
dowggabrie471 posts ante 600.00
rookie1609x posts ante 600.00
Spreads posts ante 600.00
Winnerfsh posts the small blind 2500.00
mcnasty040 posts the big blind 5000.00
*** HOLE CARDS ***
Main pot 4800.00
Dealt to lipesticky [5h 8d]
lipesticky folds
dowggabrie471 folds
rookie1609x raises 47000.00 to 47000.00 and is all-in
Spreads folds
LittleCoffee folds
vaicalhau folds
Winnerfsh folds
mcnasty040 folds
Uncalled bet (42000.00) returned to rookie1609x
rookie1609x does not show
*** SUMMARY ***
Total pot 17300.00
Seat 1: LittleCoffee folded on the Pre-Flop and did not bet
Seat 2: vaicalhau (button) folded on the Pre-Flop
Seat 3: Winnerfsh (small blind) folded on the Pre-Flop
Seat 4: mcnasty040 (big blind) folded on the Pre-Flop
Seat 5: lipesticky folded on the Pre-Flop and did not bet
Seat 6: dowggabrie471 folded on the Pre-Flop and did not bet
Seat 7: rookie1609x did not show and won 17300.00
Seat 8: Spreads folded on the Pre-Flop and did not bet

Game Hand #2021552589 - Tournament #31163912 - Holdem (No Limit) - Level 16 (2500.00/5000.00)- 2024/02/08 22:41:36 UTC
Table '32' 8-max Seat #3 is the button
Seat 1: LittleCoffee (114200.00)
Seat 2: vaicalhau (248572.00)
Seat 3: Winnerfsh (331296.00)
Seat 4: mcnasty040 (182928.00)
Seat 5: lipesticky (83627.00)
Seat 6: dowggabrie471 (120566.00)
Seat 7: rookie1609x (59300.00)
Seat 8: Spreads (191492.00)
LittleCoffee posts ante 600.00
vaicalhau posts ante 600.00
Winnerfsh posts ante 600.00
mcnasty040 posts ante 600.00
lipesticky posts ante 600.00
dowggabrie471 posts ante 600.00
rookie1609x posts ante 600.00
Spreads posts ante 600.00
mcnasty040 posts the small blind 2500.00
lipesticky posts the big blind 5000.00
*** HOLE CARDS ***
Main pot 4800.00
Dealt to lipesticky [2h 3d]
dowggabrie471 folds
rookie1609x folds
Spreads raises 10000.00 to 10000.00
LittleCoffee folds
vaicalhau folds
Winnerfsh folds
mcnasty040 calls 7500.00
lipesticky folds
*** FLOP *** [Tc 6h 3c]
Main pot 29800.00
mcnasty040 checks
Spreads checks
*** TURN *** [Tc 6h 3c] [9s]
Main pot 29800.00
mcnasty040 bets 14900.00
Spreads calls 14900.00
*** RIVER *** [Tc 6h 3c 9s] [Ad]
Main pot 59600.00
mcnasty040 checks
Spreads checks
*** SHOW DOWN ***
Main pot 59600.00
mcnasty040 shows [Ac Jc] (a pair of Aces [Ad Ac Jc Tc 9s])
Spreads shows [9d Kd] (a pair of Nines [9s 9d Ad Kd Tc])
mcnasty040 collected 59600.00 from main pot
*** SUMMARY ***
Total pot 59600.00
Board [Tc 6h 3c 9s Ad]
Seat 1: LittleCoffee folded on the Pre-Flop and did not bet
Seat 2: vaicalhau folded on the Pre-Flop and did not bet
Seat 3: Winnerfsh (button) folded on the Pre-Flop
Seat 4: mcnasty040 (small blind) showed [Ac Jc] and won 59600.00 with a pair of Aces [Ad Ac Jc Tc 9s]
Seat 5: lipesticky (big blind) folded on the Pre-Flop
Seat 6: dowggabrie471 folded on the Pre-Flop and did not bet
Seat 7: rookie1609x folded on the Pre-Flop and did not bet
Seat 8: Spreads showed [9d Kd] and lost with a pair of Nines [9s 9d Ad Kd Tc]

Game Hand #2021553675 - Tournament #31163912 - Holdem (No Limit) - Level 16 (2500.00/5000.00)- 2024/02/08 22:42:44 UTC
Table '32' 8-max Seat #4 is the button
Seat 1: LittleCoffee (113600.00)
Seat 2: vaicalhau (247972.00)
Seat 3: Winnerfsh (330696.00)
Seat 5: lipesticky (78027.00)
Seat 6: dowggabrie471 (119966.00)
Seat 7: rookie1609x (58700.00)
Seat 8: Spreads (165992.00)
LittleCoffee posts ante 600.00
vaicalhau posts ante 600.00
Winnerfsh posts ante 600.00
lipesticky posts ante 600.00
dowggabrie471 posts ante 600.00
rookie1609x posts ante 600.00
Spreads posts ante 600.00
lipesticky posts the small blind 2500.00
dowggabrie471 posts the big blind 5000.00
*** HOLE CARDS ***
Main pot 4200.00
Dealt to lipesticky [Ah 9d]
rookie1609x folds
Spreads folds
LittleCoffee folds
vaicalhau folds
Winnerfsh folds
lipesticky raises 74927.00 to 77427.00 and is all-in
dowggabrie471 folds
Uncalled bet (72427.00) returned to lipesticky
lipesticky does not show
*** SUMMARY ***
Total pot 14200.00
Seat 1: LittleCoffee folded on the Pre-Flop and did not bet
Seat 2: vaicalhau folded on the Pre-Flop and did not bet
Seat 3: Winnerfsh folded on the Pre-Flop and did not bet
Seat 5: lipesticky did not show and won 14200.00
Seat 6: dowggabrie471 (big blind) folded on the Pre-Flop
Seat 7: rookie1609x folded on the Pre-Flop and did not bet
Seat 8: Spreads folded on the Pre-Flop and did not bet

Game Hand #2021554318 - Tournament #31163912 - Holdem (No Limit) - Level 16 (2500.00/5000.00)- 2024/02/08 22:43:24 UTC
Table '32' 8-max Seat #5 is the button
Seat 1: LittleCoffee (113000.00)
Seat 2: vaicalhau (247372.00)
Seat 3: Winnerfsh (330096.00)
Seat 5: lipesticky (86627.00)
Seat 6: dowggabrie471 (114366.00)
Seat 7: rookie1609x (58100.00)
Seat 8: Spreads (165392.00)
LittleCoffee posts ante 600.00
vaicalhau posts ante 600.00
Winnerfsh posts ante 600.00
lipesticky posts ante 600.00
dowggabrie471 posts ante 600.00
rookie1609x posts ante 600.00
Spreads posts ante 600.00
dowggabrie471 posts the small blind 2500.00
rookie1609x posts the big blind 5000.00
*** HOLE CARDS ***
Main pot 4200.00
Dealt to lipesticky [3c 5h]
Spreads folds
LittleCoffee folds
vaicalhau raises 10500.00 to 10500.00
Winnerfsh folds
lipesticky folds
dowggabrie471 folds
rookie1609x calls 5500.00
*** FLOP *** [8s Ac 3d]
Main pot 27700.00
rookie1609x checks
vaicalhau bets 6925.00
rookie1609x raises 47000.00 to 47000.00 and is all-in
vaicalhau folds
Uncalled bet (40075.00) returned to rookie1609x
rookie1609x does not show
*** SUMMARY ***
Total pot 41550.00
Board [8s Ac 3d]
Seat 1: LittleCoffee folded on the Pre-Flop and did not bet
Seat 2: vaicalhau folded on the Flop
Seat 3: Winnerfsh folded on the Pre-Flop and did not bet
Seat 5: lipesticky (button) folded on the Pre-Flop
Seat 6: dowggabrie471 (small blind) folded on the Pre-Flop
Seat 7: rookie1609x did not show and won 41550.00
Seat 8: Spreads folded on the Pre-Flop and did not bet

Game Hand #2021555506 - Tournament #31163912 - Holdem (No Limit) - Level 16 (2500.00/5000.00)- 2024/02/08 22:44:39 UTC
Table '32' 8-max Seat #6 is the button
Seat 1: LittleCoffee (112400.00) is sitting out
Seat 2: vaicalhau (229347.00)
Seat 3: Winnerfsh (329496.00)
Seat 4: nickarnes (261361.00)
Seat 5: lipesticky (86027.00)
Seat 6: dowggabrie471 (111266.00)
Seat 7: rookie1609x (81625.00)
Seat 8: Spreads (164792.00)
LittleCoffee posts ante 600.00
vaicalhau posts ante 600.00
Winnerfsh posts ante 600.00
nickarnes posts ante 600.00
lipesticky posts ante 600.00
dowggabrie471 posts ante 600.00
rookie1609x posts ante 600.00
Spreads posts ante 600.00
rookie1609x posts the small blind 2500.00
Spreads posts the big blind 5000.00
*** HOLE CARDS ***
Main pot 4800.00
Dealt to lipesticky [Qd Td]
LittleCoffee folds
vaicalhau folds
Winnerfsh folds
nickarnes folds
lipesticky raises 85427.00 to 85427.00 and is all-in
dowggabrie471 folds
rookie1609x folds
Spreads folds
Uncalled bet (80427.00) returned to lipesticky
lipesticky does not show
*** SUMMARY ***
Total pot 17300.00
Seat 1: LittleCoffee folded on the Pre-Flop and did not bet
Seat 2: vaicalhau folded on the Pre-Flop and did not bet
Seat 3: Winnerfsh folded on the Pre-Flop and did not bet
Seat 4: nickarnes folded on the Pre-Flop and did not bet
Seat 5: lipesticky did not show and won 17300.00
Seat 6: dowggabrie471 (button) folded on the Pre-Flop
Seat 7: rookie1609x (small blind) folded on the Pre-Flop
Seat 8: Spreads (big blind) folded on the Pre-Flop

Game Hand #2021556022 - Tournament #31163912 - Holdem (No Limit) - Level 16 (2500.00/5000.00)- 2024/02/08 22:45:13 UTC
Table '32' 8-max Seat #7 is the button
Seat 1: LittleCoffee (111800.00)
Seat 2: vaicalhau (228747.00)
Seat 3: Winnerfsh (328896.00)
Seat 4: nickarnes (260761.00)
Seat 5: lipesticky (97727.00)
Seat 6: dowggabrie471 (110666.00)
Seat 7: rookie1609x (78525.00)
Seat 8: Spreads (159192.00)
LittleCoffee posts ante 600.00
vaicalhau posts ante 600.00
Winnerfsh posts ante 600.00
nickarnes posts ante 600.00
lipesticky posts ante 600.00
dowggabrie471 posts ante 600.00
rookie1609x posts ante 600.00
Spreads posts ante 600.00
Spreads posts the small blind 2500.00
LittleCoffee posts the big blind 5000.00
*** HOLE CARDS ***
Main pot 4800.00
Dealt to lipesticky [9c 9d]
vaicalhau raises 10500.00 to 10500.00
Winnerfsh folds
nickarnes folds
lipesticky calls 10500.00
dowggabrie471 folds
rookie1609x folds
Spreads folds
LittleCoffee calls 5500.00
*** FLOP *** [2s 3s 8s]
Main pot 38800.00
LittleCoffee checks
vaicalhau checks
lipesticky bets 10304.00
LittleCoffee raises 25608.00 to 25608.00
vaicalhau folds
lipesticky calls 15304.00
*** TURN *** [2s 3s 8s] [Ah]
Main pot 90016.00
LittleCoffee checks
lipesticky checks
*** RIVER *** [2s 3s 8s Ah] [Td]
Main pot 90016.00
LittleCoffee checks
lipesticky checks
*** SHOW DOWN ***
Main pot 90016.00
LittleCoffee shows [4d 8d] (a pair of Eights [8s 8d Ah Td 4d])
lipesticky shows [9c 9d] (a pair of Nines [9d 9c Ah Td 8s])
lipesticky collected 90016.00 from main pot
*** SUMMARY ***
Total pot 90016.00
Board [2s 3s 8s Ah Td]
Seat 1: LittleCoffee (big blind) showed [4d 8d] and lost with a pair of Eights [8s 8d Ah Td 4d]
Seat 2: vaicalhau folded on the Flop
Seat 3: Winnerfsh folded on the Pre-Flop and did not bet
Seat 4: nickarnes folded on the Pre-Flop and did not bet
Seat 5: lipesticky showed [9c 9d] and won 90016.00 with a pair of Nines [9d 9c Ah Td 8s]
Seat 6: dowggabrie471 folded on the Pre-Flop and did not bet
Seat 7: rookie1609x (button) folded on the Pre-Flop
Seat 8: Spreads (small blind) folded on the Pre-Flop

Game Hand #2021558137 - Tournament #31163912 - Holdem (No Limit) - Level 17 (3000.00/6000.00)- 2024/02/08 22:47:23 UTC
Table '32' 8-max Seat #8 is the button
Seat 1: LittleCoffee (75092.00)
Seat 2: vaicalhau (217647.00)
Seat 3: Winnerfsh (328296.00)
Seat 4: nickarnes (260161.00)
Seat 5: lipesticky (151035.00)
Seat 6: dowggabrie471 (110066.00)
Seat 7: rookie1609x (77925.00)
Seat 8: Spreads (156092.00)
LittleCoffee posts ante 750.00
vaicalhau posts ante 750.00
Winnerfsh posts ante 750.00
nickarnes posts ante 750.00
lipesticky posts ante 750.00
dowggabrie471 posts ante 750.00
rookie1609x posts ante 750.00
Spreads posts ante 750.00
LittleCoffee posts the small blind 3000.00
vaicalhau posts the big blind 6000.00
*** HOLE CARDS ***
Main pot 6000.00
Dealt to lipesticky [Jd 7c]
Winnerfsh folds
nickarnes raises 13200.00 to 13200.00
lipesticky folds
dowggabrie471 folds
rookie1609x folds
Spreads calls 13200.00
LittleCoffee folds
vaicalhau folds
*** FLOP *** [4c 3s 5d]
Main pot 41400.00
nickarnes bets 11280.00
Spreads calls 11280.00
*** TURN *** [4c 3s 5d] [8s]
Main pot 63960.00
nickarnes bets 38178.00
Spreads folds
Uncalled bet (38178.00) returned to nickarnes
nickarnes does not show
*** SUMMARY ***
Total pot 63960.00
Board [4c 3s 5d 8s]
Seat 1: LittleCoffee (small blind) folded on the Pre-Flop
Seat 2: vaicalhau (big blind) folded on the Pre-Flop
Seat 3: Winnerfsh folded on the Pre-Flop and did not bet
Seat 4: nickarnes did not show and won 63960.00
Seat 5: lipesticky folded on the Pre-Flop and did not bet
Seat 6: dowggabrie471 folded on the Pre-Flop and did not bet
Seat 7: rookie1609x folded on the Pre-Flop and did not bet
Seat 8: Spreads (button) folded on the Turn

Game Hand #2021559468 - Tournament #31163912 - Holdem (No Limit) - Level 17 (3000.00/6000.00)- 2024/02/08 22:48:47 UTC
Table '32' 8-max Seat #1 is the button
Seat 1: LittleCoffee (71342.00)
Seat 2: vaicalhau (210897.00)
Seat 3: Winnerfsh (327546.00)
Seat 4: nickarnes (298891.00)
Seat 5: lipesticky (150285.00)
Seat 6: dowggabrie471 (109316.00)
Seat 7: rookie1609x (77175.00)
Seat 8: Spreads (130862.00)
LittleCoffee posts ante 750.00
vaicalhau posts ante 750.00
Winnerfsh posts ante 750.00
nickarnes posts ante 750.00
lipesticky posts ante 750.00
dowggabrie471 posts ante 750.00
rookie1609x posts ante 750.00
Spreads posts ante 750.00
vaicalhau posts the small blind 3000.00
Winnerfsh posts the big blind 6000.00
*** HOLE CARDS ***
Main pot 6000.00
Dealt to lipesticky [2d Td]
nickarnes folds
lipesticky folds
dowggabrie471 folds
rookie1609x folds
Spreads raises 12000.00 to 12000.00
LittleCoffee folds
vaicalhau raises 38400.00 to 41400.00
Winnerfsh folds
Spreads raises 118112.00 to 130112.00 and is all-in
vaicalhau calls 88712.00
*** FLOP *** [4s Tc 2s]
Main pot 272224.00
*** TURN *** [4s Tc 2s] [7h]
Main pot 272224.00
*** RIVER *** [4s Tc 2s 7h] [Js]
Main pot 272224.00
*** SHOW DOWN ***
Main pot 272224.00
vaicalhau shows [9h 9c] (a pair of Nines [9h 9c Js Tc 7h])
Spreads shows [Ad 4d] (a pair of Fours [4s 4d Ad Js Tc])
vaicalhau collected 272224.00 from main pot
*** SUMMARY ***
Total pot 272224.00
Board [4s Tc 2s 7h Js]
Seat 1: LittleCoffee (button) folded on the Pre-Flop
Seat 2: vaicalhau (small blind) showed [9h 9c] and won 272224.00 with a pair of Nines [9h 9c Js Tc 7h]
Seat 3: Winnerfsh (big blind) folded on the Pre-Flop
Seat 4: nickarnes folded on the Pre-Flop and did not bet
Seat 5: lipesticky folded on the Pre-Flop and did not bet
Seat 6: dowggabrie471 folded on the Pre-Flop and did not bet
Seat 7: rookie1609x folded on the Pre-Flop and did not bet
Seat 8: Spreads showed [Ad 4d] and lost with a pair of Fours [4s 4d Ad Js Tc]

Game Hand #2021560684 - Tournament #31163912 - Holdem (No Limit) - Level 17 (3000.00/6000.00)- 2024/02/08 22:50:07 UTC
Table '32' 8-max Seat #2 is the button
Seat 1: LittleCoffee (70592.00)
Seat 2: vaicalhau (352259.00)
Seat 3: Winnerfsh (320796.00)
Seat 4: nickarnes (298141.00)
Seat 5: lipesticky (149535.00)
Seat 6: dowggabrie471 (108566.00)
Seat 7: rookie1609x (76425.00)
LittleCoffee posts ante 750.00
vaicalhau posts ante 750.00
Winnerfsh posts ante 750.00
nickarnes posts ante 750.00
lipesticky posts ante 750.00
dowggabrie471 posts ante 750.00
rookie1609x posts ante 750.00
Winnerfsh posts the small blind 3000.00
nickarnes posts the big blind 6000.00
*** HOLE CARDS ***
Main pot 5250.00
Dealt to lipesticky [Qd 7d]
lipesticky folds
dowggabrie471 raises 12000.00 to 12000.00
rookie1609x folds
LittleCoffee folds
vaicalhau folds
Winnerfsh folds
nickarnes calls 6000.00
*** FLOP *** [Kc 4s Jh]
Main pot 32250.00
nickarnes checks
dowggabrie471 bets 8063.00
nickarnes folds
Uncalled bet (8063.00) returned to dowggabrie471
dowggabrie471 does not show
*** SUMMARY ***
Total pot 32250.00
Board [Kc 4s Jh]
Seat 1: LittleCoffee folded on the Pre-Flop and did not bet
Seat 2: vaicalhau (button) folded on the Pre-Flop
Seat 3: Winnerfsh (small blind) folded on the Pre-Flop
Seat 4: nickarnes (big blind) folded on the Flop
Seat 5: lipesticky folded on the Pre-Flop and did not bet
Seat 6: dowggabrie471 did not show and won 32250.00
Seat 7: rookie1609x folded on the Pre-Flop and did not bet

Game Hand #2021561716 - Tournament #31163912 - Holdem (No Limit) - Level 17 (3000.00/6000.00)- 2024/02/08 22:51:06 UTC
Table '32' 8-max Seat #3 is the button
Seat 1: LittleCoffee (69842.00)
Seat 2: vaicalhau (351509.00)
Seat 3: Winnerfsh (317046.00)
Seat 4: nickarnes (285391.00)
Seat 5: lipesticky (148785.00)
Seat 6: dowggabrie471 (128066.00)
Seat 7: rookie1609x (75675.00)
LittleCoffee posts ante 750.00
vaicalhau posts ante 750.00
Winnerfsh posts ante 750.00
nickarnes posts ante 750.00
lipesticky posts ante 750.00
dowggabrie471 posts ante 750.00
rookie1609x posts ante 750.00
nickarnes posts the small blind 3000.00
lipesticky posts the big blind 6000.00
*** HOLE CARDS ***
Main pot 5250.00
Dealt to lipesticky [8c Qc]
dowggabrie471 folds
rookie1609x folds
LittleCoffee raises 12000.00 to 12000.00
vaicalhau folds
Winnerfsh folds
nickarnes folds
lipesticky calls 6000.00
*** FLOP *** [Qd 8s 7d]
Main pot 32250.00
lipesticky checks
LittleCoffee bets 6000.00
lipesticky raises 15000.00 to 15000.00
LittleCoffee calls 9000.00
*** TURN *** [Qd 8s 7d] [Kd]
Main pot 62250.00
lipesticky bets 52913.00
LittleCoffee calls 42092.00 and is all-in
Uncalled bet (10821.00) returned to lipesticky
*** RIVER *** [Qd 8s 7d Kd] [4s]
Main pot 146434.00
*** SHOW DOWN ***
Main pot 146434.00
LittleCoffee shows [Jh Qs] (a pair of Queens [Qs Qd Kd Jh 8s])
lipesticky shows [8c Qc] (two pair, Queens and Eights [Qd Qc 8s 8c Kd])
lipesticky collected 146434.00 from main pot
*** SUMMARY ***
Total pot 146434.00
Board [Qd 8s 7d Kd 4s]
Seat 1: LittleCoffee showed [Jh Qs] and lost with a pair of Queens [Qs Qd Kd Jh 8s]
Seat 2: vaicalhau folded on the Pre-Flop and did not bet
Seat 3: Winnerfsh (button) folded on the Pre-Flop
Seat 4: nickarnes (small blind) folded on the Pre-Flop
Seat 5: lipesticky (big blind) showed [8c Qc] and won 146434.00 with two pair, Queens and Eights [Qd Qc 8s 8c Kd]
Seat 6: dowggabrie471 folded on the Pre-Flop and did not bet
Seat 7: rookie1609x folded on the Pre-Flop and did not bet

Game Hand #2021562854 - Tournament #31163912 - Holdem (No Limit) - Level 17 (3000.00/6000.00)- 2024/02/08 22:52:09 UTC
Table '32' 8-max Seat #4 is the button
Seat 2: vaicalhau (350759.00)
Seat 3: Winnerfsh (316296.00)
Seat 4: nickarnes (281641.00)
Seat 5: lipesticky (225377.00)
Seat 6: dowggabrie471 (127316.00)
Seat 7: rookie1609x (74925.00)
Seat 8: PJB999 (4337.00) is sitting out
vaicalhau posts ante 750.00
Winnerfsh posts ante 750.00
nickarnes posts ante 750.00
lipesticky posts ante 750.00
dowggabrie471 posts ante 750.00
rookie1609x posts ante 750.00
PJB999 posts ante 750.00
lipesticky posts the small blind 3000.00
dowggabrie471 posts the big blind 6000.00
*** HOLE CARDS ***
Main pot 5250.00
Dealt to lipesticky [Tc 5h]
rookie1609x folds
PJB999 folds
vaicalhau folds
Winnerfsh folds
nickarnes folds
lipesticky calls 3000.00
dowggabrie471 checks
*** FLOP *** [6h Jh 5d]
Main pot 17250.00
lipesticky checks
dowggabrie471 bets 9000.00
lipesticky calls 9000.00
*** TURN *** [6h Jh 5d] [9c]
Main pot 35250.00
lipesticky checks
dowggabrie471 bets 17625.00
lipesticky folds
Uncalled bet (17625.00) returned to dowggabrie471
dowggabrie471 does not show
*** SUMMARY ***
Total pot 35250.00
Board [6h Jh 5d 9c]
Seat 2: vaicalhau folded on the Pre-Flop and did not bet
Seat 3: Winnerfsh folded on the Pre-Flop and did not bet
Seat 4: nickarnes (button) folded on the Pre-Flop
Seat 5: lipesticky (small blind) folded on the Turn
Seat 6: dowggabrie471 did not show and won 35250.00
Seat 7: rookie1609x folded on the Pre-Flop and did not bet
Seat 8: PJB999 folded on the Pre-Flop and did not bet

Game Hand #2021564571 - Tournament #31163912 - Holdem (No Limit) - Level 17 (3000.00/6000.00)- 2024/02/08 22:53:50 UTC
Table '32' 8-max Seat #5 is the button
Seat 2: vaicalhau (350009.00)
Seat 3: Winnerfsh (315546.00)
Seat 4: nickarnes (280891.00)
Seat 5: lipesticky (209627.00)
Seat 6: dowggabrie471 (146816.00)
Seat 7: rookie1609x (74175.00)
Seat 8: PJB999 (3587.00) is sitting out
vaicalhau posts ante 750.00
Winnerfsh posts ante 750.00
nickarnes posts ante 750.00
lipesticky posts ante 750.00
dowggabrie471 posts ante 750.00
rookie1609x posts ante 750.00
PJB999 posts ante 750.00
dowggabrie471 posts the small blind 3000.00
rookie1609x posts the big blind 6000.00
*** HOLE CARDS ***
Main pot 5250.00
Dealt to lipesticky [Kd 5h]
PJB999 folds
vaicalhau folds
Winnerfsh calls 6000.00
nickarnes folds
lipesticky folds
dowggabrie471 folds
rookie1609x raises 18000.00 to 24000.00
Winnerfsh folds
Uncalled bet (18000.00) returned to rookie1609x
rookie1609x does not show
*** SUMMARY ***
Total pot 20250.00
Seat 2: vaicalhau folded on the Pre-Flop and did not bet
Seat 3: Winnerfsh folded on the Pre-Flop and did not bet
Seat 4: nickarnes folded on the Pre-Flop and did not bet
Seat 5: lipesticky (button) folded on the Pre-Flop
Seat 6: dowggabrie471 (small blind) folded on the Pre-Flop
Seat 7: rookie1609x did not show and won 20250.00
Seat 8: PJB999 folded on the Pre-Flop and did not bet

Game Hand #2021565032 - Tournament #31163912 - Holdem (No Limit) - Level 17 (3000.00/6000.00)- 2024/02/08 22:54:16 UTC
Table '32' 8-max Seat #6 is the button
Seat 2: vaicalhau (349259.00)
Seat 3: Winnerfsh (308796.00)
Seat 4: nickarnes (280141.00)
Seat 5: lipesticky (208877.00)
Seat 6: dowggabrie471 (143066.00)
Seat 7: rookie1609x (87675.00)
Seat 8: PJB999 (2837.00) is sitting out
vaicalhau posts ante 750.00
Winnerfsh posts ante 750.00
nickarnes posts ante 750.00
lipesticky posts ante 750.00
dowggabrie471 posts ante 750.00
rookie1609x posts ante 750.00
PJB999 posts ante 750.00
rookie1609x posts the small blind 3000.00
PJB999 posts the big blind 2087.00 and is all-in
*** HOLE CARDS ***
Main pot 5250.00
Dealt to lipesticky [5d Ks]
vaicalhau raises 12600.00 to 12600.00
Winnerfsh folds
nickarnes folds
lipesticky folds
dowggabrie471 folds
rookie1609x raises 83925.00 to 86925.00 and is all-in
vaicalhau folds
Uncalled bet (95351.00) returned to rookie1609x
*** FLOP *** [Kd 4h 3d]
Main pot 11511.00
*** TURN *** [Kd 4h 3d] [9h]
Main pot 11511.00
*** RIVER *** [Kd 4h 3d 9h] [Qs]
Main pot 11511.00
*** SHOW DOWN ***
Main pot 11511.00
rookie1609x shows [6h 6d] (a pair of Sixs [6h 6d Kd Qs 9h])
PJB999 shows [7s Ad] (a high card, Ace high [Ad Kd Qs 9h 7s])
rookie1609x collected 11511.00 from main pot
*** SUMMARY ***
Total pot 22024.00
Board [Kd 4h 3d 9h Qs]
Seat 2: vaicalhau folded on the Pre-Flop and did not bet
Seat 3: Winnerfsh folded on the Pre-Flop and did not bet
Seat 4: nickarnes folded on the Pre-Flop and did not bet
Seat 5: lipesticky folded on the Pre-Flop and did not bet
Seat 6: dowggabrie471 (button) folded on the Pre-Flop
Seat 7: rookie1609x (small blind) showed [6h 6d] and won 22024.00 with a pair of Sixs [6h 6d Kd Qs 9h]
Seat 8: PJB999 (big blind) showed [7s Ad] and lost with a high card, Ace high [Ad Kd Qs 9h 7s]

Game Hand #2021565716 - Tournament #31163912 - Holdem (No Limit) - Level 18 (3500.00/7000.00)- 2024/02/08 22:54:54 UTC
Table '32' 8-max Seat #7 is the button
Seat 2: vaicalhau (335909.00)
Seat 3: Winnerfsh (308046.00)
Seat 4: nickarnes (279391.00)
Seat 5: lipesticky (208127.00)
Seat 6: dowggabrie471 (142316.00)
Seat 7: rookie1609x (106862.00)
vaicalhau posts ante 875.00
Winnerfsh posts ante 875.00
nickarnes posts ante 875.00
lipesticky posts ante 875.00
dowggabrie471 posts ante 875.00
rookie1609x posts ante 875.00
vaicalhau posts the big blind 7000.00
*** HOLE CARDS ***
Main pot 5250.00
Dealt to lipesticky [Jd Ah]
Winnerfsh calls 7000.00
nickarnes folds
lipesticky raises 35000.00 to 35000.00
dowggabrie471 folds
rookie1609x folds
vaicalhau folds
Winnerfsh folds
Uncalled bet (28000.00) returned to lipesticky
lipesticky does not show
*** SUMMARY ***
Total pot 26250.00
Seat 2: vaicalhau (big blind) folded on the Pre-Flop
Seat 3: Winnerfsh folded on the Pre-Flop and did not bet
Seat 4: nickarnes folded on the Pre-Flop and did not bet
Seat 5: lipesticky did not show and won 26250.00
Seat 6: dowggabrie471 folded on the Pre-Flop and did not bet
Seat 7: rookie1609x (button) folded on the Pre-Flop

Game Hand #2021568744 - Tournament #31163912 - Holdem (No Limit) - Level 18 (3500.00/7000.00)- 2024/02/08 23:01:00 UTC
Table '32' 8-max Seat #8 is the button
Seat 1: chernis will be allowed to play after the button
Seat 2: vaicalhau (328034.00)
Seat 3: Winnerfsh (300171.00)
Seat 4: nickarnes (278516.00)
Seat 5: lipesticky (226502.00)
Seat 6: dowggabrie471 (141441.00)
Seat 7: rookie1609x (105987.00)
vaicalhau posts ante 875.00
Winnerfsh posts ante 875.00
nickarnes posts ante 875.00
lipesticky posts ante 875.00
dowggabrie471 posts ante 875.00
rookie1609x posts ante 875.00
vaicalhau posts the small blind 3500.00
Winnerfsh posts the big blind 7000.00
*** HOLE CARDS ***
Main pot 5250.00
Dealt to lipesticky [7h 4s]
nickarnes raises 15400.00 to 15400.00
lipesticky folds
dowggabrie471 folds
rookie1609x folds
vaicalhau folds
Winnerfsh calls 8400.00
*** FLOP *** [4c 3d 7c]
Main pot 39550.00
Winnerfsh checks
nickarnes bets 14910.00
Winnerfsh calls 14910.00
*** TURN *** [4c 3d 7c] [6c]
Main pot 69370.00
Winnerfsh checks
nickarnes checks
*** RIVER *** [4c 3d 7c 6c] [2c]
Main pot 69370.00
Winnerfsh checks
nickarnes bets 41654.00
Winnerfsh folds
Uncalled bet (41654.00) returned to nickarnes
nickarnes does not show
*** SUMMARY ***
Total pot 69370.00
Board [4c 3d 7c 6c 2c]
Seat 2: vaicalhau (small blind) folded on the Pre-Flop
Seat 3: Winnerfsh (big blind) folded on the River
Seat 4: nickarnes did not show and won 69370.00
Seat 5: lipesticky folded on the Pre-Flop and did not bet
Seat 6: dowggabrie471 folded on the Pre-Flop and did not bet
Seat 7: rookie1609x folded on the Pre-Flop and did not bet

Game Hand #2021569895 - Tournament #31163912 - Holdem (No Limit) - Level 18 (3500.00/7000.00)- 2024/02/08 23:02:14 UTC
Table '32' 8-max Seat #2 is the button
Seat 1: chernis (199344.00)
Seat 2: vaicalhau (323659.00)
Seat 3: Winnerfsh (268986.00)
Seat 4: nickarnes (316701.00)
Seat 5: lipesticky (225627.00)
Seat 6: dowggabrie471 (140566.00)
Seat 7: rookie1609x (105112.00)
chernis posts ante 875.00
vaicalhau posts ante 875.00
Winnerfsh posts ante 875.00
nickarnes posts ante 875.00
lipesticky posts ante 875.00
dowggabrie471 posts ante 875.00
rookie1609x posts ante 875.00
Winnerfsh posts the small blind 3500.00
nickarnes posts the big blind 7000.00
*** HOLE CARDS ***
Main pot 6125.00
Dealt to lipesticky [7h 8d]
lipesticky folds
dowggabrie471 folds
rookie1609x raises 14000.00 to 14000.00
chernis raises 35000.00 to 35000.00
vaicalhau folds
Winnerfsh folds
nickarnes folds
rookie1609x folds
Uncalled bet (21000.00) returned to chernis
chernis does not show
*** SUMMARY ***
Total pot 44625.00
Seat 1: chernis did not show and won 44625.00
Seat 2: vaicalhau (button) folded on the Pre-Flop
Seat 3: Winnerfsh (small blind) folded on the Pre-Flop
Seat 4: nickarnes (big blind) folded on the Pre-Flop
Seat 5: lipesticky folded on the Pre-Flop and did not bet
Seat 6: dowggabrie471 folded on the Pre-Flop and did not bet
Seat 7: rookie1609x folded on the Pre-Flop and did not bet

Game Hand #2021570434 - Tournament #31163912 - Holdem (No Limit) - Level 18 (3500.00/7000.00)- 2024/02/08 23:02:49 UTC
Table '32' 8-max Seat #3 is the button
Seat 1: chernis (229094.00)
Seat 2: vaicalhau (322784.00)
Seat 3: Winnerfsh (264611.00)
Seat 4: nickarnes (308826.00)
Seat 5: lipesticky (224752.00)
Seat 6: dowggabrie471 (139691.00)
Seat 7: rookie1609x (90237.00)
chernis posts ante 875.00
vaicalhau posts ante 875.00
Winnerfsh posts ante 875.00
nickarnes posts ante 875.00
lipesticky posts ante 875.00
dowggabrie471 posts ante 875.00
rookie1609x posts ante 875.00
nickarnes posts the small blind 3500.00
lipesticky posts the big blind 7000.00
*** HOLE CARDS ***
Main pot 6125.00
Dealt to lipesticky [7s As]
dowggabrie471 folds
rookie1609x folds
chernis folds
vaicalhau raises 14700.00 to 14700.00
Winnerfsh folds
nickarnes calls 11200.00
lipesticky calls 7700.00
*** FLOP *** [Qd Js 3c]
Main pot 50225.00
nickarnes checks
lipesticky checks
vaicalhau checks
*** TURN *** [Qd Js 3c] [6s]
Main pot 50225.00
nickarnes bets 10045.00
lipesticky raises 48718.00 to 48718.00
vaicalhau folds
nickarnes folds
Uncalled bet (38673.00) returned to lipesticky
lipesticky does not show
*** SUMMARY ***
Total pot 70315.00
Board [Qd Js 3c 6s]
Seat 1: chernis folded on the Pre-Flop and did not bet
Seat 2: vaicalhau folded on the Turn
Seat 3: Winnerfsh (button) folded on the Pre-Flop
Seat 4: nickarnes (small blind) folded on the Turn
Seat 5: lipesticky did not show and won 70315.00
Seat 6: dowggabrie471 folded on the Pre-Flop and did not bet
Seat 7: rookie1609x folded on the Pre-Flop and did not bet

Game Hand #2021571993 - Tournament #31163912 - Holdem (No Limit) - Level 18 (3500.00/7000.00)- 2024/02/08 23:04:31 UTC
Table '32' 8-max Seat #4 is the button
Seat 1: chernis (228219.00)
Seat 2: vaicalhau (307209.00)
Seat 3: Winnerfsh (263736.00)
Seat 4: nickarnes (283206.00)
Seat 5: lipesticky (269447.00)
Seat 6: dowggabrie471 (138816.00)
Seat 7: rookie1609x (89362.00)
Seat 8: Sindebi (165991.00)
chernis posts ante 875.00
vaicalhau posts ante 875.00
Winnerfsh posts ante 875.00
nickarnes posts ante 875.00
lipesticky posts ante 875.00
dowggabrie471 posts ante 875.00
rookie1609x posts ante 875.00
Sindebi posts ante 875.00
lipesticky posts the small blind 3500.00
dowggabrie471 posts the big blind 7000.00
*** HOLE CARDS ***
Main pot 7000.00
Dealt to lipesticky [Qh 4h]
rookie1609x folds
Sindebi folds
chernis folds
vaicalhau folds
Winnerfsh folds
nickarnes raises 16800.00 to 16800.00
lipesticky folds
dowggabrie471 folds
Uncalled bet (9800.00) returned to nickarnes
nickarnes does not show
*** SUMMARY ***
Total pot 24500.00
Seat 1: chernis folded on the Pre-Flop and did not bet
Seat 2: vaicalhau folded on the Pre-Flop and did not bet
Seat 3: Winnerfsh folded on the Pre-Flop and did not bet
Seat 4: nickarnes did not show and won 24500.00
Seat 5: lipesticky (small blind) folded on the Pre-Flop
Seat 6: dowggabrie471 (big blind) folded on the Pre-Flop
Seat 7: rookie1609x folded on the Pre-Flop and did not bet
Seat 8: Sindebi folded on the Pre-Flop and did not bet

Game Hand #2021572705 - Tournament #31163912 - Holdem (No Limit) - Level 18 (3500.00/7000.00)- 2024/02/08 23:05:17 UTC
Table '32' 8-max Seat #5 is the button
Seat 1: chernis (227344.00)
Seat 2: vaicalhau (306334.00)
Seat 3: Winnerfsh (262861.00)
Seat 4: nickarnes (299831.00)
Seat 5: lipesticky (265072.00)
Seat 6: dowggabrie471 (130941.00)
Seat 7: rookie1609x (88487.00)
Seat 8: Sindebi (165116.00)
chernis posts ante 875.00
vaicalhau posts ante 875.00
Winnerfsh posts ante 875.00
nickarnes posts ante 875.00
lipesticky posts ante 875.00
dowggabrie471 posts ante 875.00
rookie1609x posts ante 875.00
Sindebi posts ante 875.00
dowggabrie471 posts the small blind 3500.00
rookie1609x posts the big blind 7000.00
*** HOLE CARDS ***
Main pot 7000.00
Dealt to lipesticky [7d 9h]
Sindebi folds
chernis folds
vaicalhau raises 14700.00 to 14700.00
Winnerfsh raises 65100.00 to 65100.00
nickarnes folds
lipesticky folds
dowggabrie471 folds
rookie1609x folds
vaicalhau folds
Uncalled bet (50400.00) returned to Winnerfsh
Winnerfsh does not show
*** SUMMARY ***
Total pot 46900.00
Seat 1: chernis folded on the Pre-Flop and did not bet
Seat 2: vaicalhau folded on the Pre-Flop and did not bet
Seat 3: Winnerfsh did not show and won 46900.00
Seat 4: nickarnes folded on the Pre-Flop and did not bet
Seat 5: lipesticky (button) folded on the Pre-Flop
Seat 6: dowggabrie471 (small blind) folded on the Pre-Flop
Seat 7: rookie1609x (big blind) folded on the Pre-Flop
Seat 8: Sindebi folded on the Pre-Flop and did not bet

Game Hand #2021573450 - Tournament #31163912 - Holdem (No Limit) - Level 18 (3500.00/7000.00)- 2024/02/08 23:05:55 UTC
Table '32' 8-max Seat #6 is the button
Seat 1: chernis (226469.00)
Seat 2: vaicalhau (290759.00)
Seat 3: Winnerfsh (294186.00)
Seat 4: nickarnes (298956.00)
Seat 5: lipesticky (264197.00)
Seat 6: dowggabrie471 (126566.00)
Seat 7: rookie1609x (80612.00)
Seat 8: Sindebi (164241.00)
chernis posts ante 875.00
vaicalhau posts ante 875.00
Winnerfsh posts ante 875.00
nickarnes posts ante 875.00
lipesticky posts ante 875.00
dowggabrie471 posts ante 875.00
rookie1609x posts ante 875.00
Sindebi posts ante 875.00
rookie1609x posts the small blind 3500.00
Sindebi posts the big blind 7000.00
*** HOLE CARDS ***
Main pot 7000.00
Dealt to lipesticky [Td 4c]
chernis raises 14000.00 to 14000.00
vaicalhau folds
Winnerfsh folds
nickarnes raises 35000.00 to 35000.00
lipesticky folds
dowggabrie471 folds
rookie1609x folds
Sindebi folds
chernis folds
Uncalled bet (21000.00) returned to nickarnes
nickarnes does not show
*** SUMMARY ***
Total pot 45500.00
Seat 1: chernis folded on the Pre-Flop and did not bet
Seat 2: vaicalhau folded on the Pre-Flop and did not bet
Seat 3: Winnerfsh folded on the Pre-Flop and did not bet
Seat 4: nickarnes did not show and won 45500.00
Seat 5: lipesticky folded on the Pre-Flop and did not bet
Seat 6: dowggabrie471 (button) folded on the Pre-Flop
Seat 7: rookie1609x (small blind) folded on the Pre-Flop
Seat 8: Sindebi (big blind) folded on the Pre-Flop

Game Hand #2021573957 - Tournament #31163912 - Holdem (No Limit) - Level 18 (3500.00/7000.00)- 2024/02/08 23:06:25 UTC
Table '32' 8-max Seat #7 is the button
Seat 1: chernis (211594.00)
Seat 2: vaicalhau (289884.00)
Seat 3: Winnerfsh (293311.00)
Seat 4: nickarnes (329581.00)
Seat 5: lipesticky (263322.00)
Seat 6: dowggabrie471 (125691.00)
Seat 7: rookie1609x (76237.00)
Seat 8: Sindebi (156366.00)
chernis posts ante 875.00
vaicalhau posts ante 875.00
Winnerfsh posts ante 875.00
nickarnes posts ante 875.00
lipesticky posts ante 875.00
dowggabrie471 posts ante 875.00
rookie1609x posts ante 875.00
Sindebi posts ante 875.00
Sindebi posts the small blind 3500.00
chernis posts the big blind 7000.00
*** HOLE CARDS ***
Main pot 7000.00
Dealt to lipesticky [5s 7s]
vaicalhau folds
Winnerfsh folds
nickarnes folds
lipesticky folds
dowggabrie471 raises 14000.00 to 14000.00
rookie1609x folds
Sindebi folds
chernis folds
Uncalled bet (7000.00) returned to dowggabrie471
dowggabrie471 does not show
*** SUMMARY ***
Total pot 24500.00
Seat 1: chernis (big blind) folded on the Pre-Flop
Seat 2: vaicalhau folded on the Pre-Flop and did not bet
Seat 3: Winnerfsh folded on the Pre-Flop and did not bet
Seat 4: nickarnes folded on the Pre-Flop and did not bet
Seat 5: lipesticky folded on the Pre-Flop and did not bet
Seat 6: dowggabrie471 did not show and won 24500.00
Seat 7: rookie1609x (button) folded on the Pre-Flop
Seat 8: Sindebi (small blind) folded on the Pre-Flop

Game Hand #2021574712 - Tournament #31163912 - Holdem (No Limit) - Level 18 (3500.00/7000.00)- 2024/02/08 23:07:07 UTC
Table '32' 8-max Seat #8 is the button
Seat 1: chernis (203719.00)
Seat 2: vaicalhau (289009.00)
Seat 3: Winnerfsh (292436.00)
Seat 4: nickarnes (328706.00)
Seat 5: lipesticky (262447.00)
Seat 6: dowggabrie471 (142316.00)
Seat 7: rookie1609x (75362.00)
Seat 8: Sindebi (151991.00)
chernis posts ante 875.00
vaicalhau posts ante 875.00
Winnerfsh posts ante 875.00
nickarnes posts ante 875.00
lipesticky posts ante 875.00
dowggabrie471 posts ante 875.00
rookie1609x posts ante 875.00
Sindebi posts ante 875.00
chernis posts the small blind 3500.00
vaicalhau posts the big blind 7000.00
*** HOLE CARDS ***
Main pot 7000.00
Dealt to lipesticky [9s 5d]
Winnerfsh folds
nickarnes folds
lipesticky folds
dowggabrie471 folds
rookie1609x folds
Sindebi folds
chernis folds
vaicalhau does not show
*** SUMMARY ***
Total pot 17500.00
Seat 1: chernis (small blind) folded on the Pre-Flop
Seat 2: vaicalhau did not show and won 17500.00
Seat 3: Winnerfsh folded on the Pre-Flop and did not bet
Seat 4: nickarnes folded on the Pre-Flop and did not bet
Seat 5: lipesticky folded on the Pre-Flop and did not bet
Seat 6: dowggabrie471 folded on the Pre-Flop and did not bet
Seat 7: rookie1609x folded on the Pre-Flop and did not bet
Seat 8: Sindebi (button) folded on the Pre-Flop

Game Hand #2021575207 - Tournament #31163912 - Holdem (No Limit) - Level 18 (3500.00/7000.00)- 2024/02/08 23:07:34 UTC
Table '32' 8-max Seat #1 is the button
Seat 1: chernis (199344.00)
Seat 2: vaicalhau (298634.00)
Seat 3: Winnerfsh (291561.00)
Seat 4: nickarnes (327831.00)
Seat 5: lipesticky (261572.00)
Seat 6: dowggabrie471 (141441.00)
Seat 7: rookie1609x (74487.00)
Seat 8: Sindebi (151116.00)
chernis posts ante 875.00
vaicalhau posts ante 875.00
Winnerfsh posts ante 875.00
nickarnes posts ante 875.00
lipesticky posts ante 875.00
dowggabrie471 posts ante 875.00
rookie1609x posts ante 875.00
Sindebi posts ante 875.00
vaicalhau posts the small blind 3500.00
Winnerfsh posts the big blind 7000.00
*** HOLE CARDS ***
Main pot 7000.00
Dealt to lipesticky [Kd Kh]
nickarnes folds
lipesticky raises 14700.00 to 14700.00
dowggabrie471 folds
rookie1609x folds
Sindebi folds
chernis folds
vaicalhau folds
Winnerfsh folds
Uncalled bet (7700.00) returned to lipesticky
lipesticky does not show
*** SUMMARY ***
Total pot 24500.00
Seat 1: chernis (button) folded on the Pre-Flop
Seat 2: vaicalhau (small blind) folded on the Pre-Flop
Seat 3: Winnerfsh (big blind) folded on the Pre-Flop
Seat 4: nickarnes folded on the Pre-Flop and did not bet
Seat 5: lipesticky did not show and won 24500.00
Seat 6: dowggabrie471 folded on the Pre-Flop and did not bet
Seat 7: rookie1609x folded on the Pre-Flop and did not bet
Seat 8: Sindebi folded on the Pre-Flop and did not bet

Game Hand #2021575888 - Tournament #31163912 - Holdem (No Limit) - Level 18 (3500.00/7000.00)- 2024/02/08 23:08:10 UTC
Table '32' 8-max Seat #2 is the button
Seat 1: chernis (198469.00)
Seat 2: vaicalhau (294259.00)
Seat 3: Winnerfsh (283686.00)
Seat 4: nickarnes (326956.00)
Seat 5: lipesticky (278197.00)
Seat 6: dowggabrie471 (140566.00)
Seat 7: rookie1609x (73612.00)
Seat 8: Sindebi (150241.00)
chernis posts ante 875.00
vaicalhau posts ante 875.00
Winnerfsh posts ante 875.00
nickarnes posts ante 875.00
lipesticky posts ante 875.00
dowggabrie471 posts ante 875.00
rookie1609x posts ante 875.00
Sindebi posts ante 875.00
Winnerfsh posts the small blind 3500.00
nickarnes posts the big blind 7000.00
*** HOLE CARDS ***
Main pot 7000.00
Dealt to lipesticky [Th 4s]
lipesticky folds
dowggabrie471 folds
rookie1609x folds
Sindebi folds
chernis raises 14000.00 to 14000.00
vaicalhau folds
Winnerfsh folds
nickarnes folds
Uncalled bet (7000.00) returned to chernis
chernis does not show
*** SUMMARY ***
Total pot 24500.00
Seat 1: chernis did not show and won 24500.00
Seat 2: vaicalhau (button) folded on the Pre-Flop
Seat 3: Winnerfsh (small blind) folded on the Pre-Flop
Seat 4: nickarnes (big blind) folded on the Pre-Flop
Seat 5: lipesticky folded on the Pre-Flop and did not bet
Seat 6: dowggabrie471 folded on the Pre-Flop and did not bet
Seat 7: rookie1609x folded on the Pre-Flop and did not bet
Seat 8: Sindebi folded on the Pre-Flop and did not bet

Game Hand #2021576526 - Tournament #31163912 - Holdem (No Limit) - Level 19 (4000.00/8000.00)- 2024/02/08 23:08:44 UTC
Table '32' 8-max Seat #3 is the button
Seat 1: chernis (215094.00)
Seat 2: vaicalhau (293384.00)
Seat 3: Winnerfsh (279311.00)
Seat 4: nickarnes (319081.00)
Seat 5: lipesticky (277322.00)
Seat 6: dowggabrie471 (139691.00)
Seat 7: rookie1609x (72737.00)
Seat 8: Sindebi (149366.00)
chernis posts ante 1000.00
vaicalhau posts ante 1000.00
Winnerfsh posts ante 1000.00
nickarnes posts ante 1000.00
lipesticky posts ante 1000.00
dowggabrie471 posts ante 1000.00
rookie1609x posts ante 1000.00
Sindebi posts ante 1000.00
nickarnes posts the small blind 4000.00
lipesticky posts the big blind 8000.00
*** HOLE CARDS ***
Main pot 8000.00
Dealt to lipesticky [Th 2s]
dowggabrie471 folds
rookie1609x folds
Sindebi folds
chernis folds
vaicalhau folds
Winnerfsh calls 8000.00
nickarnes folds
lipesticky checks
*** FLOP *** [5s Qs 2c]
Main pot 28000.00
lipesticky checks
Winnerfsh bets 28000.00
lipesticky folds
Uncalled bet (28000.00) returned to Winnerfsh
Winnerfsh does not show
*** SUMMARY ***
Total pot 28000.00
Board [5s Qs 2c]
Seat 1: chernis folded on the Pre-Flop and did not bet
Seat 2: vaicalhau folded on the Pre-Flop and did not bet
Seat 3: Winnerfsh did not show and won 28000.00
Seat 4: nickarnes (small blind) folded on the Pre-Flop
Seat 5: lipesticky (big blind) folded on the Flop
Seat 6: dowggabrie471 folded on the Pre-Flop and did not bet
Seat 7: rookie1609x folded on the Pre-Flop and did not bet
Seat 8: Sindebi folded on the Pre-Flop and did not bet

Game Hand #2021577567 - Tournament #31163912 - Holdem (No Limit) - Level 19 (4000.00/8000.00)- 2024/02/08 23:09:39 UTC
Table '32' 8-max Seat #4 is the button
Seat 1: chernis (214094.00)
Seat 2: vaicalhau (292384.00)
Seat 3: Winnerfsh (298311.00)
Seat 4: nickarnes (314081.00)
Seat 5: lipesticky (268322.00)
Seat 6: dowggabrie471 (138691.00)
Seat 7: rookie1609x (71737.00)
Seat 8: Sindebi (148366.00)
chernis posts ante 1000.00
vaicalhau posts ante 1000.00
Winnerfsh posts ante 1000.00
nickarnes posts ante 1000.00
lipesticky posts ante 1000.00
dowggabrie471 posts ante 1000.00
rookie1609x posts ante 1000.00
Sindebi posts ante 1000.00
lipesticky posts the small blind 4000.00
dowggabrie471 posts the big blind 8000.00
*** HOLE CARDS ***
Main pot 8000.00
Dealt to lipesticky [6h 5d]
rookie1609x folds
Sindebi folds
chernis folds
vaicalhau folds
Winnerfsh calls 8000.00
nickarnes folds
lipesticky calls 4000.00
dowggabrie471 checks
*** FLOP *** [9d Qd 9h]
Main pot 32000.00
lipesticky checks
dowggabrie471 checks
Winnerfsh bets 32000.00
lipesticky folds
dowggabrie471 folds
Uncalled bet (32000.00) returned to Winnerfsh
Winnerfsh does not show
*** SUMMARY ***
Total pot 32000.00
Board [9d Qd 9h]
Seat 1: chernis folded on the Pre-Flop and did not bet
Seat 2: vaicalhau folded on the Pre-Flop and did not bet
Seat 3: Winnerfsh did not show and won 32000.00
Seat 4: nickarnes (button) folded on the Pre-Flop
Seat 5: lipesticky (small blind) folded on the Flop
Seat 6: dowggabrie471 (big blind) folded on the Flop
Seat 7: rookie1609x folded on the Pre-Flop and did not bet
Seat 8: Sindebi folded on the Pre-Flop and did not bet

Game Hand #2021578254 - Tournament #31163912 - Holdem (No Limit) - Level 19 (4000.00/8000.00)- 2024/02/08 23:10:17 UTC
Table '32' 8-max Seat #5 is the button
Seat 1: chernis (213094.00)
Seat 2: vaicalhau (291384.00)
Seat 3: Winnerfsh (321311.00)
Seat 4: nickarnes (313081.00)
Seat 5: lipesticky (259322.00)
Seat 6: dowggabrie471 (129691.00)
Seat 7: rookie1609x (70737.00)
Seat 8: Sindebi (147366.00)
chernis posts ante 1000.00
vaicalhau posts ante 1000.00
Winnerfsh posts ante 1000.00
nickarnes posts ante 1000.00
lipesticky posts ante 1000.00
dowggabrie471 posts ante 1000.00
rookie1609x posts ante 1000.00
Sindebi posts ante 1000.00
dowggabrie471 posts the small blind 4000.00
rookie1609x posts the big blind 8000.00
*** HOLE CARDS ***
Main pot 8000.00
Dealt to lipesticky [3s Jh]
Sindebi folds
chernis folds
vaicalhau folds
Winnerfsh calls 8000.00
nickarnes folds
lipesticky folds
dowggabrie471 folds
rookie1609x checks
*** FLOP *** [5c Qs 7s]
Main pot 28000.00
rookie1609x checks
Winnerfsh checks
*** TURN *** [5c Qs 7s] [3h]
Main pot 28000.00
rookie1609x bets 61737.00 and is all-in
Winnerfsh folds
Uncalled bet (61737.00) returned to rookie1609x
rookie1609x does not show
*** SUMMARY ***
Total pot 28000.00
Board [5c Qs 7s 3h]
Seat 1: chernis folded on the Pre-Flop and did not bet
Seat 2: vaicalhau folded on the Pre-Flop and did not bet
Seat 3: Winnerfsh folded on the Turn
Seat 4: nickarnes folded on the Pre-Flop and did not bet
Seat 5: lipesticky (button) folded on the Pre-Flop
Seat 6: dowggabrie471 (small blind) folded on the Pre-Flop
Seat 7: rookie1609x did not show and won 28000.00
Seat 8: Sindebi folded on the Pre-Flop and did not bet

Game Hand #2021579175 - Tournament #31163912 - Holdem (No Limit) - Level 19 (4000.00/8000.00)- 2024/02/08 23:11:05 UTC
Table '32' 8-max Seat #6 is the button
Seat 1: chernis (212094.00)
Seat 2: vaicalhau (290384.00)
Seat 3: Winnerfsh (312311.00)
Seat 4: nickarnes (312081.00)
Seat 5: lipesticky (258322.00)
Seat 6: dowggabrie471 (124691.00)
Seat 7: rookie1609x (89737.00)
Seat 8: Sindebi (146366.00)
chernis posts ante 1000.00
vaicalhau posts ante 1000.00
Winnerfsh posts ante 1000.00
nickarnes posts ante 1000.00
lipesticky posts ante 1000.00
dowggabrie471 posts ante 1000.00
rookie1609x posts ante 1000.00
Sindebi posts ante 1000.00
rookie1609x posts the small blind 4000.00
Sindebi posts the big blind 8000.00
*** HOLE CARDS ***
Main pot 8000.00
Dealt to lipesticky [Js 3s]
chernis raises 16000.00 to 16000.00
vaicalhau folds
Winnerfsh calls 16000.00
nickarnes folds
lipesticky folds
dowggabrie471 folds
rookie1609x folds
Sindebi calls 8000.00
*** FLOP *** [Ad 6s Qd]
Main pot 60000.00
Sindebi checks
chernis bets 19200.00
Winnerfsh calls 19200.00
Sindebi raises 46400.00 to 46400.00
chernis folds
Winnerfsh calls 27200.00
*** TURN *** [Ad 6s Qd] [7h]
Main pot 172000.00
Sindebi bets 82966.00 and is all-in
Winnerfsh calls 82966.00
*** RIVER *** [Ad 6s Qd 7h] [Jc]
Main pot 337932.00
*** SHOW DOWN ***
Main pot 337932.00
Winnerfsh shows [Ah 9h] (a pair of Aces [Ah Ad Qd Jc 9h])
Sindebi shows [4h As] (a pair of Aces [As Ad Qd Jc 7h])
Winnerfsh collected 337932.00 from main pot
*** SUMMARY ***
Total pot 337932.00
Board [Ad 6s Qd 7h Jc]
Seat 1: chernis folded on the Flop
Seat 2: vaicalhau folded on the Pre-Flop and did not bet
Seat 3: Winnerfsh showed [Ah 9h] and won 337932.00 with a pair of Aces [Ah Ad Qd Jc 9h] with the kicker Nine
Seat 4: nickarnes folded on the Pre-Flop and did not bet
Seat 5: lipesticky folded on the Pre-Flop and did not bet
Seat 6: dowggabrie471 (button) folded on the Pre-Flop
Seat 7: rookie1609x (small blind) folded on the Pre-Flop
Seat 8: Sindebi (big blind) showed [4h As] and lost with a pair of Aces [As Ad Qd Jc 7h]

Game Hand #2021580507 - Tournament #31163912 - Holdem (No Limit) - Level 19 (4000.00/8000.00)- 2024/02/08 23:12:17 UTC
Table '32' 8-max Seat #7 is the button
Seat 1: chernis (175894.00)
Seat 2: vaicalhau (289384.00)
Seat 3: Winnerfsh (503877.00)
Seat 4: nickarnes (311081.00)
Seat 5: lipesticky (257322.00)
Seat 6: dowggabrie471 (123691.00)
Seat 7: rookie1609x (84737.00)
chernis posts ante 1000.00
vaicalhau posts ante 1000.00
Winnerfsh posts ante 1000.00
nickarnes posts ante 1000.00
lipesticky posts ante 1000.00
dowggabrie471 posts ante 1000.00
rookie1609x posts ante 1000.00
chernis posts the big blind 8000.00
*** HOLE CARDS ***
Main pot 7000.00
Dealt to lipesticky [2c 4c]
vaicalhau folds
Winnerfsh calls 8000.00
nickarnes folds
lipesticky folds
dowggabrie471 folds
rookie1609x folds
chernis checks
*** FLOP *** [9d 6s 4h]
Main pot 23000.00
chernis checks
Winnerfsh bets 23000.00
chernis folds
Uncalled bet (23000.00) returned to Winnerfsh
Winnerfsh does not show
*** SUMMARY ***
Total pot 23000.00
Board [9d 6s 4h]
Seat 1: chernis (big blind) folded on the Flop
Seat 2: vaicalhau folded on the Pre-Flop and did not bet
Seat 3: Winnerfsh did not show and won 23000.00
Seat 4: nickarnes folded on the Pre-Flop and did not bet
Seat 5: lipesticky folded on the Pre-Flop and did not bet
Seat 6: dowggabrie471 folded on the Pre-Flop and did not bet
Seat 7: rookie1609x (button) folded on the Pre-Flop

Game Hand #2021581420 - Tournament #31163912 - Holdem (No Limit) - Level 19 (4000.00/8000.00)- 2024/02/08 23:13:07 UTC
Table '32' 8-max Seat #8 is the button
Seat 1: chernis (166894.00)
Seat 2: vaicalhau (288384.00)
Seat 3: Winnerfsh (517877.00)
Seat 4: nickarnes (310081.00)
Seat 5: lipesticky (256322.00)
Seat 6: dowggabrie471 (122691.00)
Seat 7: rookie1609x (83737.00)
chernis posts ante 1000.00
vaicalhau posts ante 1000.00
Winnerfsh posts ante 1000.00
nickarnes posts ante 1000.00
lipesticky posts ante 1000.00
dowggabrie471 posts ante 1000.00
rookie1609x posts ante 1000.00
chernis posts the small blind 4000.00
vaicalhau posts the big blind 8000.00
*** HOLE CARDS ***
Main pot 7000.00
Dealt to lipesticky [8h 6s]
Winnerfsh folds
nickarnes folds
lipesticky folds
dowggabrie471 folds
rookie1609x folds
chernis calls 4000.00
vaicalhau raises 16000.00 to 24000.00
chernis calls 16000.00
*** FLOP *** [Qh 2c 3c]
Main pot 55000.00
chernis checks
vaicalhau bets 13750.00
chernis folds
Uncalled bet (13750.00) returned to vaicalhau
vaicalhau does not show
*** SUMMARY ***
Total pot 55000.00
Board [Qh 2c 3c]
Seat 1: chernis (small blind) folded on the Flop
Seat 2: vaicalhau did not show and won 55000.00
Seat 3: Winnerfsh folded on the Pre-Flop and did not bet
Seat 4: nickarnes folded on the Pre-Flop and did not bet
Seat 5: lipesticky folded on the Pre-Flop and did not bet
Seat 6: dowggabrie471 folded on the Pre-Flop and did not bet
Seat 7: rookie1609x folded on the Pre-Flop and did not bet

Game Hand #2021582256 - Tournament #31163912 - Holdem (No Limit) - Level 19 (4000.00/8000.00)- 2024/02/08 23:13:51 UTC
Table '32' 8-max Seat #1 is the button
Seat 1: chernis (141894.00)
Seat 2: vaicalhau (318384.00)
Seat 3: Winnerfsh (516877.00)
Seat 4: nickarnes (309081.00)
Seat 5: lipesticky (255322.00)
Seat 6: dowggabrie471 (121691.00)
Seat 7: rookie1609x (82737.00)
chernis posts ante 1000.00
vaicalhau posts ante 1000.00
Winnerfsh posts ante 1000.00
nickarnes posts ante 1000.00
lipesticky posts ante 1000.00
dowggabrie471 posts ante 1000.00
rookie1609x posts ante 1000.00
vaicalhau posts the small blind 4000.00
Winnerfsh posts the big blind 8000.00
*** HOLE CARDS ***
Main pot 7000.00
Dealt to lipesticky [Jc 3h]
nickarnes folds
lipesticky folds
dowggabrie471 folds
rookie1609x folds
chernis raises 140894.00 to 140894.00 and is all-in
vaicalhau folds
Winnerfsh folds
Uncalled bet (132894.00) returned to chernis
chernis does not show
*** SUMMARY ***
Total pot 27000.00
Seat 1: chernis did not show and won 27000.00
Seat 2: vaicalhau (small blind) folded on the Pre-Flop
Seat 3: Winnerfsh (big blind) folded on the Pre-Flop
Seat 4: nickarnes folded on the Pre-Flop and did not bet
Seat 5: lipesticky folded on the Pre-Flop and did not bet
Seat 6: dowggabrie471 folded on the Pre-Flop and did not bet
Seat 7: rookie1609x folded on the Pre-Flop and did not bet

Game Hand #2021582822 - Tournament #31163912 - Holdem (No Limit) - Level 19 (4000.00/8000.00)- 2024/02/08 23:14:23 UTC
Table '32' 8-max Seat #2 is the button
Seat 1: chernis (159894.00)
Seat 2: vaicalhau (313384.00)
Seat 3: Winnerfsh (507877.00)
Seat 4: nickarnes (308081.00)
Seat 5: lipesticky (254322.00)
Seat 6: dowggabrie471 (120691.00)
Seat 7: rookie1609x (81737.00)
chernis posts ante 1000.00
vaicalhau posts ante 1000.00
Winnerfsh posts ante 1000.00
nickarnes posts ante 1000.00
lipesticky posts ante 1000.00
dowggabrie471 posts ante 1000.00
rookie1609x posts ante 1000.00
Winnerfsh posts the small blind 4000.00
nickarnes posts the big blind 8000.00
*** HOLE CARDS ***
Main pot 7000.00
Dealt to lipesticky [Ac Kh]
lipesticky raises 16800.00 to 16800.00
dowggabrie471 folds
rookie1609x folds
chernis folds
vaicalhau folds
Winnerfsh folds
nickarnes folds
Uncalled bet (8800.00) returned to lipesticky
lipesticky does not show
*** SUMMARY ***
Total pot 27000.00
Seat 1: chernis folded on the Pre-Flop and did not bet
Seat 2: vaicalhau (button) folded on the Pre-Flop
Seat 3: Winnerfsh (small blind) folded on the Pre-Flop
Seat 4: nickarnes (big blind) folded on the Pre-Flop
Seat 5: lipesticky did not show and won 27000.00
Seat 6: dowggabrie471 folded on the Pre-Flop and did not bet
Seat 7: rookie1609x folded on the Pre-Flop and did not bet

Game Hand #2021583265 - Tournament #31163912 - Holdem (No Limit) - Level 19 (4000.00/8000.00)- 2024/02/08 23:14:47 UTC
Table '32' 8-max Seat #3 is the button
Seat 1: chernis (158894.00)
Seat 2: vaicalhau (312384.00)
Seat 3: Winnerfsh (502877.00)
Seat 4: nickarnes (299081.00)
Seat 5: lipesticky (272322.00)
Seat 6: dowggabrie471 (119691.00)
Seat 7: rookie1609x (80737.00)
chernis posts ante 1000.00
vaicalhau posts ante 1000.00
Winnerfsh posts ante 1000.00
nickarnes posts ante 1000.00
lipesticky posts ante 1000.00
dowggabrie471 posts ante 1000.00
rookie1609x posts ante 1000.00
nickarnes posts the small blind 4000.00
lipesticky posts the big blind 8000.00
*** HOLE CARDS ***
Main pot 7000.00
Dealt to lipesticky [2c Jc]
dowggabrie471 folds
rookie1609x folds
chernis folds
vaicalhau folds
Winnerfsh calls 8000.00
nickarnes calls 4000.00
lipesticky checks
*** FLOP *** [9c Jd 8h]
Main pot 31000.00
nickarnes checks
lipesticky checks
Winnerfsh bets 31000.00
nickarnes folds
lipesticky calls 31000.00
*** TURN *** [9c Jd 8h] [3h]
Main pot 93000.00
lipesticky checks
Winnerfsh checks
*** RIVER *** [9c Jd 8h 3h] [Th]
Main pot 93000.00
lipesticky checks
Winnerfsh checks
*** SHOW DOWN ***
Main pot 93000.00
Winnerfsh shows [9d Kd] (a pair of Nines [9d 9c Kd Jd Th])
lipesticky shows [2c Jc] (a pair of Jacks [Jd Jc Th 9c 8h])
lipesticky collected 93000.00 from main pot
*** SUMMARY ***
Total pot 93000.00
Board [9c Jd 8h 3h Th]
Seat 1: chernis folded on the Pre-Flop and did not bet
Seat 2: vaicalhau folded on the Pre-Flop and did not bet
Seat 3: Winnerfsh (button) showed [9d Kd] and lost with a pair of Nines [9d 9c Kd Jd Th]
Seat 4: nickarnes (small blind) folded on the Flop
Seat 5: lipesticky (big blind) showed [2c Jc] and won 93000.00 with a pair of Jacks [Jd Jc Th 9c 8h]
Seat 6: dowggabrie471 folded on the Pre-Flop and did not bet
Seat 7: rookie1609x folded on the Pre-Flop and did not bet

Game Hand #2021584758 - Tournament #31163912 - Holdem (No Limit) - Level 19 (4000.00/8000.00)- 2024/02/08 23:16:11 UTC
Table '32' 8-max Seat #4 is the button
Seat 1: chernis (157894.00)
Seat 2: vaicalhau (311384.00)
Seat 3: Winnerfsh (462877.00)
Seat 4: nickarnes (290081.00)
Seat 5: lipesticky (325322.00)
Seat 6: dowggabrie471 (118691.00)
Seat 7: rookie1609x (79737.00)
chernis posts ante 1000.00
vaicalhau posts ante 1000.00
Winnerfsh posts ante 1000.00
nickarnes posts ante 1000.00
lipesticky posts ante 1000.00
dowggabrie471 posts ante 1000.00
rookie1609x posts ante 1000.00
lipesticky posts the small blind 4000.00
dowggabrie471 posts the big blind 8000.00
*** HOLE CARDS ***
Main pot 7000.00
Dealt to lipesticky [9h 8c]
rookie1609x folds
chernis folds
vaicalhau folds
Winnerfsh calls 8000.00
nickarnes folds
lipesticky calls 4000.00
dowggabrie471 raises 109691.00 to 117691.00 and is all-in
Winnerfsh folds
lipesticky folds
Uncalled bet (109691.00) returned to dowggabrie471
dowggabrie471 does not show
*** SUMMARY ***
Total pot 31000.00
Seat 1: chernis folded on the Pre-Flop and did not bet
Seat 2: vaicalhau folded on the Pre-Flop and did not bet
Seat 3: Winnerfsh folded on the Pre-Flop and did not bet
Seat 4: nickarnes (button) folded on the Pre-Flop
Seat 5: lipesticky (small blind) folded on the Pre-Flop
Seat 6: dowggabrie471 did not show and won 31000.00
Seat 7: rookie1609x folded on the Pre-Flop and did not bet

Game Hand #2021585394 - Tournament #31163912 - Holdem (No Limit) - Level 20 (5000.00/10000.00)- 2024/02/08 23:16:47 UTC
Table '32' 8-max Seat #5 is the button
Seat 1: chernis (156894.00)
Seat 2: vaicalhau (310384.00)
Seat 3: Winnerfsh (453877.00)
Seat 4: nickarnes (289081.00)
Seat 5: lipesticky (316322.00)
Seat 6: dowggabrie471 (140691.00)
Seat 7: rookie1609x (78737.00)
Seat 8: Paquito369 (146116.00)
chernis posts ante 1250.00
vaicalhau posts ante 1250.00
Winnerfsh posts ante 1250.00
nickarnes posts ante 1250.00
lipesticky posts ante 1250.00
dowggabrie471 posts ante 1250.00
rookie1609x posts ante 1250.00
Paquito369 posts ante 1250.00
dowggabrie471 posts the small blind 5000.00
rookie1609x posts the big blind 10000.00
*** HOLE CARDS ***
Main pot 10000.00
Dealt to lipesticky [6d 3s]
Paquito369 folds
chernis folds
vaicalhau folds
Winnerfsh raises 45000.00 to 45000.00
nickarnes folds
lipesticky folds
dowggabrie471 folds
rookie1609x folds
Uncalled bet (35000.00) returned to Winnerfsh
Winnerfsh does not show
*** SUMMARY ***
Total pot 35000.00
Seat 1: chernis folded on the Pre-Flop and did not bet
Seat 2: vaicalhau folded on the Pre-Flop and did not bet
Seat 3: Winnerfsh did not show and won 35000.00
Seat 4: nickarnes folded on the Pre-Flop and did not bet
Seat 5: lipesticky (button) folded on the Pre-Flop
Seat 6: dowggabrie471 (small blind) folded on the Pre-Flop
Seat 7: rookie1609x (big blind) folded on the Pre-Flop
Seat 8: Paquito369 folded on the Pre-Flop and did not bet

Game Hand #2021585910 - Tournament #31163912 - Holdem (No Limit) - Level 20 (5000.00/10000.00)- 2024/02/08 23:17:15 UTC
Table '32' 8-max Seat #6 is the button
Seat 1: chernis (155644.00)
Seat 2: vaicalhau (309134.00)
Seat 3: Winnerfsh (477627.00)
Seat 4: nickarnes (287831.00)
Seat 5: lipesticky (315072.00)
Seat 6: dowggabrie471 (134441.00)
Seat 7: rookie1609x (67487.00)
Seat 8: Paquito369 (144866.00)
chernis posts ante 1250.00
vaicalhau posts ante 1250.00
Winnerfsh posts ante 1250.00
nickarnes posts ante 1250.00
lipesticky posts ante 1250.00
dowggabrie471 posts ante 1250.00
rookie1609x posts ante 1250.00
Paquito369 posts ante 1250.00
rookie1609x posts the small blind 5000.00
Paquito369 posts the big blind 10000.00
*** HOLE CARDS ***
Main pot 10000.00
Dealt to lipesticky [9d Jc]
chernis folds
vaicalhau folds
Winnerfsh calls 10000.00
nickarnes folds
lipesticky folds
dowggabrie471 folds
rookie1609x folds
Paquito369 checks
*** FLOP *** [Ks Th 5d]
Main pot 35000.00
Paquito369 checks
Winnerfsh checks
*** TURN *** [Ks Th 5d] [Ah]
Main pot 35000.00
Paquito369 checks
Winnerfsh bets 17500.00
Paquito369 folds
Uncalled bet (17500.00) returned to Winnerfsh
Winnerfsh does not show
*** SUMMARY ***
Total pot 35000.00
Board [Ks Th 5d Ah]
Seat 1: chernis folded on the Pre-Flop and did not bet
Seat 2: vaicalhau folded on the Pre-Flop and did not bet
Seat 3: Winnerfsh did not show and won 35000.00
Seat 4: nickarnes folded on the Pre-Flop and did not bet
Seat 5: lipesticky folded on the Pre-Flop and did not bet
Seat 6: dowggabrie471 (button) folded on the Pre-Flop
Seat 7: rookie1609x (small blind) folded on the Pre-Flop
Seat 8: Paquito369 (big blind) folded on the Turn

Game Hand #2021586790 - Tournament #31163912 - Holdem (No Limit) - Level 20 (5000.00/10000.00)- 2024/02/08 23:18:02 UTC
Table '32' 8-max Seat #7 is the button
Seat 1: chernis (154394.00)
Seat 2: vaicalhau (307884.00)
Seat 3: Winnerfsh (501377.00)
Seat 4: nickarnes (286581.00)
Seat 5: lipesticky (313822.00)
Seat 6: dowggabrie471 (133191.00)
Seat 7: rookie1609x (61237.00)
Seat 8: Paquito369 (133616.00)
chernis posts ante 1250.00
vaicalhau posts ante 1250.00
Winnerfsh posts ante 1250.00
nickarnes posts ante 1250.00
lipesticky posts ante 1250.00
dowggabrie471 posts ante 1250.00
rookie1609x posts ante 1250.00
Paquito369 posts ante 1250.00
Paquito369 posts the small blind 5000.00
chernis posts the big blind 10000.00
*** HOLE CARDS ***
Main pot 10000.00
Dealt to lipesticky [4s 8c]
vaicalhau folds
Winnerfsh folds
nickarnes raises 22000.00 to 22000.00
lipesticky folds
dowggabrie471 raises 131941.00 to 131941.00 and is all-in
rookie1609x folds
Paquito369 folds
chernis folds
nickarnes calls 109941.00
*** FLOP *** [8d Ks Kd]
Main pot 288882.00
*** TURN *** [8d Ks Kd] [9h]
Main pot 288882.00
*** RIVER *** [8d Ks Kd 9h] [6d]
Main pot 288882.00
*** SHOW DOWN ***
Main pot 288882.00
nickarnes shows [7s 7h] (two pair, Kings and Sevens [Ks Kd 7s 7h 9h])
dowggabrie471 shows [Kh Qd] (three of a kind, Set of Kings [Ks Kh Kd Qd 9h])
dowggabrie471 collected 288882.00 from main pot
*** SUMMARY ***
Total pot 288882.00
Board [8d Ks Kd 9h 6d]
Seat 1: chernis (big blind) folded on the Pre-Flop
Seat 2: vaicalhau folded on the Pre-Flop and did not bet
Seat 3: Winnerfsh folded on the Pre-Flop and did not bet
Seat 4: nickarnes showed [7s 7h] and lost with two pair, Kings and Sevens [Ks Kd 7s 7h 9h]
Seat 5: lipesticky folded on the Pre-Flop and did not bet
Seat 6: dowggabrie471 showed [Kh Qd] and won 288882.00 with three of a kind, Set of Kings [Ks Kh Kd Qd 9h]
Seat 7: rookie1609x (button) folded on the Pre-Flop
Seat 8: Paquito369 (small blind) folded on the Pre-Flop

Game Hand #2021587482 - Tournament #31163912 - Holdem (No Limit) - Level 20 (5000.00/10000.00)- 2024/02/08 23:18:39 UTC
Table '32' 8-max Seat #8 is the button
Seat 1: chernis (143144.00)
Seat 2: vaicalhau (306634.00)
Seat 3: Winnerfsh (500127.00)
Seat 4: nickarnes (153390.00)
Seat 5: lipesticky (312572.00)
Seat 6: dowggabrie471 (288882.00)
Seat 7: rookie1609x (59987.00)
Seat 8: Paquito369 (127366.00)
chernis posts ante 1250.00
vaicalhau posts ante 1250.00
Winnerfsh posts ante 1250.00
nickarnes posts ante 1250.00
lipesticky posts ante 1250.00
dowggabrie471 posts ante 1250.00
rookie1609x posts ante 1250.00
Paquito369 posts ante 1250.00
chernis posts the small blind 5000.00
vaicalhau posts the big blind 10000.00
*** HOLE CARDS ***
Main pot 10000.00
Dealt to lipesticky [7c 8h]
Winnerfsh folds
nickarnes folds
lipesticky folds
dowggabrie471 raises 20000.00 to 20000.00
rookie1609x folds
Paquito369 folds
chernis folds
vaicalhau folds
Uncalled bet (10000.00) returned to dowggabrie471
dowggabrie471 does not show
*** SUMMARY ***
Total pot 35000.00
Seat 1: chernis (small blind) folded on the Pre-Flop
Seat 2: vaicalhau (big blind) folded on the Pre-Flop
Seat 3: Winnerfsh folded on the Pre-Flop and did not bet
Seat 4: nickarnes folded on the Pre-Flop and did not bet
Seat 5: lipesticky folded on the Pre-Flop and did not bet
Seat 6: dowggabrie471 did not show and won 35000.00
Seat 7: rookie1609x folded on the Pre-Flop and did not bet
Seat 8: Paquito369 (button) folded on the Pre-Flop

Game Hand #2021587987 - Tournament #31163912 - Holdem (No Limit) - Level 20 (5000.00/10000.00)- 2024/02/08 23:19:05 UTC
Table '32' 8-max Seat #1 is the button
Seat 1: chernis (136894.00)
Seat 2: vaicalhau (295384.00)
Seat 3: Winnerfsh (498877.00)
Seat 4: nickarnes (152140.00)
Seat 5: lipesticky (311322.00)
Seat 6: dowggabrie471 (312632.00)
Seat 7: rookie1609x (58737.00)
Seat 8: Paquito369 (126116.00)
chernis posts ante 1250.00
vaicalhau posts ante 1250.00
Winnerfsh posts ante 1250.00
nickarnes posts ante 1250.00
lipesticky posts ante 1250.00
dowggabrie471 posts ante 1250.00
rookie1609x posts ante 1250.00
Paquito369 posts ante 1250.00
vaicalhau posts the small blind 5000.00
Winnerfsh posts the big blind 10000.00
*** HOLE CARDS ***
Main pot 10000.00
Dealt to lipesticky [9h 3c]
nickarnes raises 22000.00 to 22000.00
lipesticky folds
dowggabrie471 folds
rookie1609x raises 57487.00 to 57487.00 and is all-in
Paquito369 folds
chernis folds
vaicalhau folds
Winnerfsh folds
nickarnes calls 35487.00
*** FLOP *** [9d As Kc]
Main pot 139974.00
*** TURN *** [9d As Kc] [Td]
Main pot 139974.00
*** RIVER *** [9d As Kc Td] [5h]
Main pot 139974.00
*** SHOW DOWN ***
Main pot 139974.00
nickarnes shows [9s Ah] (two pair, Aces and Nines [As Ah 9s 9d Kc])
rookie1609x shows [Ad Kh] (two pair, Aces and Kings [As Ad Kh Kc Td])
rookie1609x collected 139974.00 from main pot
*** SUMMARY ***
Total pot 139974.00
Board [9d As Kc Td 5h]
Seat 1: chernis (button) folded on the Pre-Flop
Seat 2: vaicalhau (small blind) folded on the Pre-Flop
Seat 3: Winnerfsh (big blind) folded on the Pre-Flop
Seat 4: nickarnes showed [9s Ah] and lost with two pair, Aces and Nines [As Ah 9s 9d Kc]
Seat 5: lipesticky folded on the Pre-Flop and did not bet
Seat 6: dowggabrie471 folded on the Pre-Flop and did not bet
Seat 7: rookie1609x showed [Ad Kh] and won 139974.00 with two pair, Aces and Kings [As Ad Kh Kc Td]
Seat 8: Paquito369 folded on the Pre-Flop and did not bet

Game Hand #2021588836 - Tournament #31163912 - Holdem (No Limit) - Level 20 (5000.00/10000.00)- 2024/02/08 23:19:52 UTC
Table '32' 8-max Seat #2 is the button
Seat 1: chernis (135644.00)
Seat 2: vaicalhau (289134.00)
Seat 3: Winnerfsh (487627.00)
Seat 4: nickarnes (93403.00)
Seat 5: lipesticky (310072.00)
Seat 6: dowggabrie471 (311382.00)
Seat 7: rookie1609x (139974.00)
Seat 8: Paquito369 (124866.00)
chernis posts ante 1250.00
vaicalhau posts ante 1250.00
Winnerfsh posts ante 1250.00
nickarnes posts ante 1250.00
lipesticky posts ante 1250.00
dowggabrie471 posts ante 1250.00
rookie1609x posts ante 1250.00
Paquito369 posts ante 1250.00
Winnerfsh posts the small blind 5000.00
nickarnes posts the big blind 10000.00
*** HOLE CARDS ***
Main pot 10000.00
Dealt to lipesticky [3d 5c]
lipesticky folds
dowggabrie471 folds
rookie1609x folds
Paquito369 folds
chernis folds
vaicalhau folds
Winnerfsh folds
nickarnes does not show
*** SUMMARY ***
Total pot 25000.00
Seat 1: chernis folded on the Pre-Flop and did not bet
Seat 2: vaicalhau (button) folded on the Pre-Flop
Seat 3: Winnerfsh (small blind) folded on the Pre-Flop
Seat 4: nickarnes did not show and won 25000.00
Seat 5: lipesticky folded on the Pre-Flop and did not bet
Seat 6: dowggabrie471 folded on the Pre-Flop and did not bet
Seat 7: rookie1609x folded on the Pre-Flop and did not bet
Seat 8: Paquito369 folded on the Pre-Flop and did not bet

Game Hand #2021589206 - Tournament #31163912 - Holdem (No Limit) - Level 20 (5000.00/10000.00)- 2024/02/08 23:20:12 UTC
Table '32' 8-max Seat #3 is the button
Seat 1: chernis (134394.00)
Seat 2: vaicalhau (287884.00)
Seat 3: Winnerfsh (481377.00)
Seat 4: nickarnes (107153.00)
Seat 5: lipesticky (308822.00)
Seat 6: dowggabrie471 (310132.00)
Seat 7: rookie1609x (138724.00)
Seat 8: Paquito369 (123616.00)
chernis posts ante 1250.00
vaicalhau posts ante 1250.00
Winnerfsh posts ante 1250.00
nickarnes posts ante 1250.00
lipesticky posts ante 1250.00
dowggabrie471 posts ante 1250.00
rookie1609x posts ante 1250.00
Paquito369 posts ante 1250.00
nickarnes posts the small blind 5000.00
lipesticky posts the big blind 10000.00
*** HOLE CARDS ***
Main pot 10000.00
Dealt to lipesticky [Kc 3s]
dowggabrie471 folds
rookie1609x folds
Paquito369 folds
chernis folds
vaicalhau folds
Winnerfsh folds
nickarnes raises 100903.00 to 105903.00 and is all-in
lipesticky calls 95903.00
*** FLOP *** [9d Kd 2s]
Main pot 221806.00
*** TURN *** [9d Kd 2s] [Td]
Main pot 221806.00
*** RIVER *** [9d Kd 2s Td] [4h]
Main pot 221806.00
*** SHOW DOWN ***
Main pot 221806.00
nickarnes shows [Ts As] (a pair of Tens [Ts Td As Kd 9d])
lipesticky shows [Kc 3s] (a pair of Kings [Kd Kc Td 9d 4h])
lipesticky collected 221806.00 from main pot
*** SUMMARY ***
Total pot 221806.00
Board [9d Kd 2s Td 4h]
Seat 1: chernis folded on the Pre-Flop and did not bet
Seat 2: vaicalhau folded on the Pre-Flop and did not bet
Seat 3: Winnerfsh (button) folded on the Pre-Flop
Seat 4: nickarnes (small blind) showed [Ts As] and lost with a pair of Tens [Ts Td As Kd 9d]
Seat 5: lipesticky (big blind) showed [Kc 3s] and won 221806.00 with a pair of Kings [Kd Kc Td 9d 4h]
Seat 6: dowggabrie471 folded on the Pre-Flop and did not bet
Seat 7: rookie1609x folded on the Pre-Flop and did not bet
Seat 8: Paquito369 folded on the Pre-Flop and did not bet

Game Hand #2021590208 - Tournament #31163912 - Holdem (No Limit) - Level 20 (5000.00/10000.00)- 2024/02/08 23:21:07 UTC
Table '32' 8-max Seat #4 is the button
Seat 1: chernis (133144.00)
Seat 2: vaicalhau (286634.00)
Seat 3: Winnerfsh (480127.00)
Seat 5: lipesticky (423475.00)
Seat 6: dowggabrie471 (308882.00)
Seat 7: rookie1609x (137474.00)
Seat 8: Paquito369 (122366.00)
chernis posts ante 1250.00
vaicalhau posts ante 1250.00
Winnerfsh posts ante 1250.00
lipesticky posts ante 1250.00
dowggabrie471 posts ante 1250.00
rookie1609x posts ante 1250.00
Paquito369 posts ante 1250.00
lipesticky posts the small blind 5000.00
dowggabrie471 posts the big blind 10000.00
*** HOLE CARDS ***
Main pot 8750.00
Dealt to lipesticky [4h Ks]
rookie1609x folds
Paquito369 raises 20000.00 to 20000.00
chernis folds
vaicalhau folds
Winnerfsh folds
lipesticky folds
dowggabrie471 folds
Uncalled bet (10000.00) returned to Paquito369
Paquito369 does not show
*** SUMMARY ***
Total pot 33750.00
Seat 1: chernis folded on the Pre-Flop and did not bet
Seat 2: vaicalhau folded on the Pre-Flop and did not bet
Seat 3: Winnerfsh folded on the Pre-Flop and did not bet
Seat 5: lipesticky (small blind) folded on the Pre-Flop
Seat 6: dowggabrie471 (big blind) folded on the Pre-Flop
Seat 7: rookie1609x folded on the Pre-Flop and did not bet
Seat 8: Paquito369 did not show and won 33750.00

Game Hand #2021590739 - Tournament #31163912 - Holdem (No Limit) - Level 20 (5000.00/10000.00)- 2024/02/08 23:21:35 UTC
Table '32' 8-max Seat #5 is the button
Seat 1: chernis (131894.00)
Seat 2: vaicalhau (285384.00)
Seat 3: Winnerfsh (478877.00)
Seat 5: lipesticky (417225.00)
Seat 6: dowggabrie471 (297632.00)
Seat 7: rookie1609x (136224.00)
Seat 8: Paquito369 (144866.00)
chernis posts ante 1250.00
vaicalhau posts ante 1250.00
Winnerfsh posts ante 1250.00
lipesticky posts ante 1250.00
dowggabrie471 posts ante 1250.00
rookie1609x posts ante 1250.00
Paquito369 posts ante 1250.00
dowggabrie471 posts the small blind 5000.00
rookie1609x posts the big blind 10000.00
*** HOLE CARDS ***
Main pot 8750.00
Dealt to lipesticky [Ts 7h]
Paquito369 folds
chernis raises 130644.00 to 130644.00 and is all-in
vaicalhau folds
Winnerfsh folds
lipesticky folds
dowggabrie471 folds
rookie1609x folds
Uncalled bet (120644.00) returned to chernis
chernis does not show
*** SUMMARY ***
Total pot 33750.00
Seat 1: chernis did not show and won 33750.00
Seat 2: vaicalhau folded on the Pre-Flop and did not bet
Seat 3: Winnerfsh folded on the Pre-Flop and did not bet
Seat 5: lipesticky (button) folded on the Pre-Flop
Seat 6: dowggabrie471 (small blind) folded on the Pre-Flop
Seat 7: rookie1609x (big blind) folded on the Pre-Flop
Seat 8: Paquito369 folded on the Pre-Flop and did not bet

Game Hand #2021592125 - Tournament #31163912 - Holdem (No Limit) - Level 20 (5000.00/10000.00)- 2024/02/08 23:22:50 UTC
Table '32' 8-max Seat #6 is the button
Seat 1: chernis (154394.00)
Seat 2: vaicalhau (284134.00)
Seat 3: Winnerfsh (477627.00)
Seat 5: lipesticky (415975.00)
Seat 6: dowggabrie471 (291382.00)
Seat 7: rookie1609x (124974.00)
Seat 8: Paquito369 (143616.00)
chernis posts ante 1250.00
vaicalhau posts ante 1250.00
Winnerfsh posts ante 1250.00
lipesticky posts ante 1250.00
dowggabrie471 posts ante 1250.00
rookie1609x posts ante 1250.00
Paquito369 posts ante 1250.00
rookie1609x posts the small blind 5000.00
Paquito369 posts the big blind 10000.00
*** HOLE CARDS ***
Main pot 8750.00
Dealt to lipesticky [Td 7d]
chernis folds
vaicalhau folds
Winnerfsh calls 10000.00
lipesticky calls 10000.00
dowggabrie471 folds
rookie1609x folds
Paquito369 checks
*** FLOP *** [As 2d Jc]
Main pot 43750.00
Paquito369 checks
Winnerfsh checks
lipesticky checks
*** TURN *** [As 2d Jc] [5d]
Main pot 43750.00
Paquito369 checks
Winnerfsh checks
lipesticky bets 24063.00
Paquito369 folds
Winnerfsh folds
Uncalled bet (24063.00) returned to lipesticky
lipesticky does not show
*** SUMMARY ***
Total pot 43750.00
Board [As 2d Jc 5d]
Seat 1: chernis folded on the Pre-Flop and did not bet
Seat 2: vaicalhau folded on the Pre-Flop and did not bet
Seat 3: Winnerfsh folded on the Turn
Seat 5: lipesticky did not show and won 43750.00
Seat 6: dowggabrie471 (button) folded on the Pre-Flop
Seat 7: rookie1609x (small blind) folded on the Pre-Flop
Seat 8: Paquito369 (big blind) folded on the Turn

