Game Hand #2021187115 - Tournament #31160455 - Holdem (No Limit) - Level 16 (1750.00/3500.00)- 2024/02/08 16:01:19 UTC
Table '39' 8-max Seat #1 is the button
Seat 1: lipesticky (35000.00)
Seat 2: Davidede (35000.00)
Seat 3: Nebur (35000.00)
Seat 4: TerraOfWeed (35000.00)
Seat 5: Mbappessimo (35000.00)
Seat 6: mamyna (35000.00)
Seat 7: MeninoIvo13 (35000.00)
Seat 8: Robsondan237 (35000.00)
lipesticky posts ante 450.00
Davidede posts ante 450.00
Nebur posts ante 450.00
TerraOfWeed posts ante 450.00
Mbappessimo posts ante 450.00
mamyna posts ante 450.00
MeninoIvo13 posts ante 450.00
Robsondan237 posts ante 450.00
Davidede posts the small blind 1750.00
Nebur posts the big blind 3500.00
*** HOLE CARDS ***
Main pot 3600.00
Dealt to lipesticky [Ad Kd]
TerraOfWeed folds
Mbappessimo folds
mamyna calls 3500.00
MeninoIvo13 folds
Robsondan237 folds
lipesticky raises 34550.00 to 34550.00 and is all-in
Davidede folds
Nebur calls 31050.00 and is all-in
mamyna calls 31050.00 and is all-in
*** FLOP *** [3h 6s Ks]
Main pot 109000.00
*** TURN *** [3h 6s Ks] [Qh]
Main pot 109000.00
*** RIVER *** [3h 6s Ks Qh] [9d]
Main pot 109000.00
*** SHOW DOWN ***
Main pot 109000.00
lipesticky shows [Ad Kd] (a pair of Kings [Ks Kd Ad Qh 9d])
Nebur shows [Ah 3s] (a pair of Threes [3s 3h Ah Ks Qh])
mamyna shows [Th Jc] (a straight, King high [Ks Qh Jc Th 9d])
mamyna collected 109000.00 from main pot
*** SUMMARY ***
Total pot 109000.00
Board [3h 6s Ks Qh 9d]
Seat 1: lipesticky (button) showed [Ad Kd] and lost with a pair of Kings [Ks Kd Ad Qh 9d]
Seat 2: Davidede (small blind) folded on the Pre-Flop
Seat 3: Nebur (big blind) showed [Ah 3s] and lost with a pair of Threes [3s 3h Ah Ks Qh]
Seat 4: TerraOfWeed folded on the Pre-Flop and did not bet
Seat 5: Mbappessimo folded on the Pre-Flop and did not bet
Seat 6: mamyna showed [Th Jc] and won 109000.00 with a straight, King high [Ks Qh Jc Th 9d]
Seat 7: MeninoIvo13 folded on the Pre-Flop and did not bet
Seat 8: Robsondan237 folded on the Pre-Flop and did not bet

