Game Hand #2020537174 - Tournament #31156503 - Holdem (No Limit) - Level 16 (2500.00/5000.00)- 2024/02/07 22:42:05 UTC
Table '31' 8-max Seat #5 is the button
Seat 1: frkkkk (92356.00)
Seat 2: vauxer (102021.00)
Seat 3: chelengolengo (309777.00)
Seat 4: slicknick64 (111269.00)
Seat 5: Golferboy30330 (70714.00)
Seat 6: playbadrungood1 (197587.00)
Seat 7: lipesticky (233841.00)
Seat 8: Sand shark (42200.00)
frkkkk posts ante 600.00
vauxer posts ante 600.00
chelengolengo posts ante 600.00
slicknick64 posts ante 600.00
Golferboy30330 posts ante 600.00
playbadrungood1 posts ante 600.00
lipesticky posts ante 600.00
Sand shark posts ante 600.00
playbadrungood1 posts the small blind 2500.00
lipesticky posts the big blind 5000.00
*** HOLE CARDS ***
Main pot 4800.00
Dealt to lipesticky [Jh 2d]
Sand shark folds
frkkkk folds
vauxer folds
chelengolengo raises 10000.00 to 10000.00
slicknick64 folds
Golferboy30330 folds
playbadrungood1 folds
lipesticky folds
Uncalled bet (5000.00) returned to chelengolengo
chelengolengo does not show
*** SUMMARY ***
Total pot 17300.00
Seat 1: frkkkk folded on the Pre-Flop and did not bet
Seat 2: vauxer folded on the Pre-Flop and did not bet
Seat 3: chelengolengo did not show and won 17300.00
Seat 4: slicknick64 folded on the Pre-Flop and did not bet
Seat 5: Golferboy30330 (button) folded on the Pre-Flop
Seat 6: playbadrungood1 (small blind) folded on the Pre-Flop
Seat 7: lipesticky (big blind) folded on the Pre-Flop
Seat 8: Sand shark folded on the Pre-Flop and did not bet

Game Hand #2020538302 - Tournament #31156503 - Holdem (No Limit) - Level 16 (2500.00/5000.00)- 2024/02/07 22:43:26 UTC
Table '38' 8-max Seat #6 is the button
Seat 1: bjornironside (167383.00)
Seat 2: double g 27 (121875.00)
Seat 3: lipesticky (228241.00)
Seat 5: PHISH22 (96376.00)
Seat 6: lillybraun (375389.00)
Seat 7: OnTheRunSon (40912.00)
Seat 8: JJpvasc (67000.00)
bjornironside posts ante 600.00
double g 27 posts ante 600.00
lipesticky posts ante 600.00
PHISH22 posts ante 600.00
lillybraun posts ante 600.00
OnTheRunSon posts ante 600.00
JJpvasc posts ante 600.00
OnTheRunSon posts the small blind 2500.00
JJpvasc posts the big blind 5000.00
*** HOLE CARDS ***
Main pot 4200.00
Dealt to lipesticky [5h 6d]
bjornironside folds
double g 27 folds
lipesticky folds
PHISH22 folds
lillybraun folds
OnTheRunSon folds
JJpvasc does not show
*** SUMMARY ***
Total pot 11700.00
Seat 1: bjornironside folded on the Pre-Flop and did not bet
Seat 2: double g 27 folded on the Pre-Flop and did not bet
Seat 3: lipesticky folded on the Pre-Flop and did not bet
Seat 5: PHISH22 folded on the Pre-Flop and did not bet
Seat 6: lillybraun (button) folded on the Pre-Flop
Seat 7: OnTheRunSon (small blind) folded on the Pre-Flop
Seat 8: JJpvasc did not show and won 11700.00

Game Hand #2020538720 - Tournament #31156503 - Holdem (No Limit) - Level 17 (3000.00/6000.00)- 2024/02/07 22:43:58 UTC
Table '38' 8-max Seat #7 is the button
Seat 1: bjornironside (166783.00)
Seat 2: double g 27 (121275.00)
Seat 3: lipesticky (227641.00)
Seat 5: PHISH22 (95776.00)
Seat 6: lillybraun (374789.00)
Seat 7: OnTheRunSon (37812.00)
Seat 8: JJpvasc (73100.00)
bjornironside posts ante 750.00
double g 27 posts ante 750.00
lipesticky posts ante 750.00
PHISH22 posts ante 750.00
lillybraun posts ante 750.00
OnTheRunSon posts ante 750.00
JJpvasc posts ante 750.00
JJpvasc posts the small blind 3000.00
bjornironside posts the big blind 6000.00
*** HOLE CARDS ***
Main pot 5250.00
Dealt to lipesticky [Jc Js]
double g 27 folds
lipesticky raises 12600.00 to 12600.00
PHISH22 folds
lillybraun calls 12600.00
OnTheRunSon folds
JJpvasc folds
bjornironside calls 6600.00
*** FLOP *** [2d 3s As]
Main pot 46050.00
bjornironside checks
lipesticky checks
lillybraun bets 39143.00
bjornironside folds
lipesticky folds
Uncalled bet (39143.00) returned to lillybraun
lillybraun does not show
*** SUMMARY ***
Total pot 46050.00
Board [2d 3s As]
Seat 1: bjornironside (big blind) folded on the Flop
Seat 2: double g 27 folded on the Pre-Flop and did not bet
Seat 3: lipesticky folded on the Flop
Seat 5: PHISH22 folded on the Pre-Flop and did not bet
Seat 6: lillybraun did not show and won 46050.00
Seat 7: OnTheRunSon (button) folded on the Pre-Flop
Seat 8: JJpvasc (small blind) folded on the Pre-Flop

Game Hand #2020539634 - Tournament #31156503 - Holdem (No Limit) - Level 17 (3000.00/6000.00)- 2024/02/07 22:45:03 UTC
Table '38' 8-max Seat #8 is the button
Seat 1: bjornironside (153433.00)
Seat 2: double g 27 (120525.00)
Seat 3: lipesticky (214291.00)
Seat 5: PHISH22 (95026.00)
Seat 6: lillybraun (407489.00)
Seat 7: OnTheRunSon (37062.00)
Seat 8: JJpvasc (69350.00)
bjornironside posts ante 750.00
double g 27 posts ante 750.00
lipesticky posts ante 750.00
PHISH22 posts ante 750.00
lillybraun posts ante 750.00
OnTheRunSon posts ante 750.00
JJpvasc posts ante 750.00
bjornironside posts the small blind 3000.00
double g 27 posts the big blind 6000.00
*** HOLE CARDS ***
Main pot 5250.00
Dealt to lipesticky [8s 5s]
lipesticky folds
PHISH22 folds
lillybraun folds
OnTheRunSon folds
JJpvasc folds
bjornironside calls 3000.00
double g 27 checks
*** FLOP *** [9d 5d Ad]
Main pot 17250.00
bjornironside bets 6000.00
double g 27 folds
Uncalled bet (6000.00) returned to bjornironside
bjornironside does not show
*** SUMMARY ***
Total pot 17250.00
Board [9d 5d Ad]
Seat 1: bjornironside did not show and won 17250.00
Seat 2: double g 27 (big blind) folded on the Flop
Seat 3: lipesticky folded on the Pre-Flop and did not bet
Seat 5: PHISH22 folded on the Pre-Flop and did not bet
Seat 6: lillybraun folded on the Pre-Flop and did not bet
Seat 7: OnTheRunSon folded on the Pre-Flop and did not bet
Seat 8: JJpvasc (button) folded on the Pre-Flop

Game Hand #2020540241 - Tournament #31156503 - Holdem (No Limit) - Level 17 (3000.00/6000.00)- 2024/02/07 22:45:46 UTC
Table '38' 8-max Seat #1 is the button
Seat 1: bjornironside (163933.00)
Seat 2: double g 27 (113775.00)
Seat 3: lipesticky (213541.00)
Seat 5: PHISH22 (94276.00)
Seat 6: lillybraun (406739.00)
Seat 7: OnTheRunSon (36312.00)
Seat 8: JJpvasc (68600.00)
bjornironside posts ante 750.00
double g 27 posts ante 750.00
lipesticky posts ante 750.00
PHISH22 posts ante 750.00
lillybraun posts ante 750.00
OnTheRunSon posts ante 750.00
JJpvasc posts ante 750.00
double g 27 posts the small blind 3000.00
lipesticky posts the big blind 6000.00
*** HOLE CARDS ***
Main pot 5250.00
Dealt to lipesticky [7h Kh]
PHISH22 folds
lillybraun folds
OnTheRunSon folds
JJpvasc raises 67850.00 to 67850.00 and is all-in
bjornironside folds
double g 27 folds
lipesticky folds
Uncalled bet (61850.00) returned to JJpvasc
JJpvasc does not show
*** SUMMARY ***
Total pot 20250.00
Seat 1: bjornironside (button) folded on the Pre-Flop
Seat 2: double g 27 (small blind) folded on the Pre-Flop
Seat 3: lipesticky (big blind) folded on the Pre-Flop
Seat 5: PHISH22 folded on the Pre-Flop and did not bet
Seat 6: lillybraun folded on the Pre-Flop and did not bet
Seat 7: OnTheRunSon folded on the Pre-Flop and did not bet
Seat 8: JJpvasc did not show and won 20250.00

Game Hand #2020541122 - Tournament #31156503 - Holdem (No Limit) - Level 17 (3000.00/6000.00)- 2024/02/07 22:46:49 UTC
Table '38' 8-max Seat #2 is the button
Seat 1: bjornironside (163183.00)
Seat 2: double g 27 (110025.00)
Seat 3: lipesticky (206791.00)
Seat 5: PHISH22 (93526.00)
Seat 6: lillybraun (405989.00)
Seat 7: OnTheRunSon (35562.00)
Seat 8: JJpvasc (82100.00)
bjornironside posts ante 750.00
double g 27 posts ante 750.00
lipesticky posts ante 750.00
PHISH22 posts ante 750.00
lillybraun posts ante 750.00
OnTheRunSon posts ante 750.00
JJpvasc posts ante 750.00
lipesticky posts the small blind 3000.00
PHISH22 posts the big blind 6000.00
*** HOLE CARDS ***
Main pot 5250.00
Dealt to lipesticky [Ac 5c]
lillybraun folds
OnTheRunSon folds
JJpvasc folds
bjornironside folds
double g 27 raises 109275.00 to 109275.00 and is all-in
lipesticky folds
PHISH22 folds
Uncalled bet (103275.00) returned to double g 27
double g 27 does not show
*** SUMMARY ***
Total pot 20250.00
Seat 1: bjornironside folded on the Pre-Flop and did not bet
Seat 2: double g 27 did not show and won 20250.00
Seat 3: lipesticky (small blind) folded on the Pre-Flop
Seat 5: PHISH22 (big blind) folded on the Pre-Flop
Seat 6: lillybraun folded on the Pre-Flop and did not bet
Seat 7: OnTheRunSon folded on the Pre-Flop and did not bet
Seat 8: JJpvasc folded on the Pre-Flop and did not bet

Game Hand #2020541707 - Tournament #31156503 - Holdem (No Limit) - Level 17 (3000.00/6000.00)- 2024/02/07 22:47:32 UTC
Table '38' 8-max Seat #3 is the button
Seat 1: bjornironside (162433.00)
Seat 2: double g 27 (123525.00)
Seat 3: lipesticky (203041.00)
Seat 5: PHISH22 (86776.00)
Seat 6: lillybraun (405239.00)
Seat 7: OnTheRunSon (34812.00)
Seat 8: JJpvasc (81350.00)
bjornironside posts ante 750.00
double g 27 posts ante 750.00
lipesticky posts ante 750.00
PHISH22 posts ante 750.00
lillybraun posts ante 750.00
OnTheRunSon posts ante 750.00
JJpvasc posts ante 750.00
PHISH22 posts the small blind 3000.00
lillybraun posts the big blind 6000.00
*** HOLE CARDS ***
Main pot 5250.00
Dealt to lipesticky [Jh 8s]
OnTheRunSon raises 34062.00 to 34062.00 and is all-in
JJpvasc folds
bjornironside folds
double g 27 folds
lipesticky folds
PHISH22 folds
lillybraun calls 28062.00
*** FLOP *** [4h 7c Qs]
Main pot 76374.00
*** TURN *** [4h 7c Qs] [Ts]
Main pot 76374.00
*** RIVER *** [4h 7c Qs Ts] [Qc]
Main pot 76374.00
*** SHOW DOWN ***
Main pot 76374.00
lillybraun shows [Kd Qh] (three of a kind, Set of Queens [Qs Qh Qc Kd Ts])
OnTheRunSon shows [2s 2h] (two pair, Queens and Deuces [Qs Qc 2s 2h Ts])
lillybraun collected 76374.00 from main pot
*** SUMMARY ***
Total pot 76374.00
Board [4h 7c Qs Ts Qc]
Seat 1: bjornironside folded on the Pre-Flop and did not bet
Seat 2: double g 27 folded on the Pre-Flop and did not bet
Seat 3: lipesticky (button) folded on the Pre-Flop
Seat 5: PHISH22 (small blind) folded on the Pre-Flop
Seat 6: lillybraun (big blind) showed [Kd Qh] and won 76374.00 with three of a kind, Set of Queens [Qs Qh Qc Kd Ts]
Seat 7: OnTheRunSon showed [2s 2h] and lost with two pair, Queens and Deuces [Qs Qc 2s 2h Ts]
Seat 8: JJpvasc folded on the Pre-Flop and did not bet

Game Hand #2020542220 - Tournament #31156503 - Holdem (No Limit) - Level 17 (3000.00/6000.00)- 2024/02/07 22:48:10 UTC
Table '38' 8-max Seat #5 is the button
Seat 1: bjornironside (161683.00)
Seat 2: double g 27 (122775.00)
Seat 3: lipesticky (202291.00)
Seat 5: PHISH22 (83026.00)
Seat 6: lillybraun (446801.00)
Seat 8: JJpvasc (80600.00)
bjornironside posts ante 750.00
double g 27 posts ante 750.00
lipesticky posts ante 750.00
PHISH22 posts ante 750.00
lillybraun posts ante 750.00
JJpvasc posts ante 750.00
lillybraun posts the small blind 3000.00
JJpvasc posts the big blind 6000.00
*** HOLE CARDS ***
Main pot 4500.00
Dealt to lipesticky [Qs 2d]
bjornironside folds
double g 27 folds
lipesticky folds
PHISH22 folds
lillybraun raises 443051.00 to 446051.00 and is all-in
JJpvasc folds
Uncalled bet (440051.00) returned to lillybraun
lillybraun does not show
*** SUMMARY ***
Total pot 16500.00
Seat 1: bjornironside folded on the Pre-Flop and did not bet
Seat 2: double g 27 folded on the Pre-Flop and did not bet
Seat 3: lipesticky folded on the Pre-Flop and did not bet
Seat 5: PHISH22 (button) folded on the Pre-Flop
Seat 6: lillybraun did not show and won 16500.00
Seat 8: JJpvasc (big blind) folded on the Pre-Flop

Game Hand #2020542598 - Tournament #31156503 - Holdem (No Limit) - Level 17 (3000.00/6000.00)- 2024/02/07 22:48:37 UTC
Table '38' 8-max Seat #6 is the button
Seat 1: bjornironside (160933.00)
Seat 2: double g 27 (122025.00)
Seat 3: lipesticky (201541.00)
Seat 4: Chalup (207360.00)
Seat 5: PHISH22 (82276.00)
Seat 6: lillybraun (456551.00)
Seat 8: JJpvasc (73850.00)
bjornironside posts ante 750.00
double g 27 posts ante 750.00
lipesticky posts ante 750.00
Chalup posts ante 750.00
PHISH22 posts ante 750.00
lillybraun posts ante 750.00
JJpvasc posts ante 750.00
JJpvasc posts the small blind 3000.00
bjornironside posts the big blind 6000.00
*** HOLE CARDS ***
Main pot 5250.00
Dealt to lipesticky [Jd 4c]
double g 27 folds
lipesticky folds
Chalup folds
PHISH22 folds
lillybraun raises 18600.00 to 18600.00
JJpvasc folds
bjornironside folds
Uncalled bet (12600.00) returned to lillybraun
lillybraun does not show
*** SUMMARY ***
Total pot 20250.00
Seat 1: bjornironside (big blind) folded on the Pre-Flop
Seat 2: double g 27 folded on the Pre-Flop and did not bet
Seat 3: lipesticky folded on the Pre-Flop and did not bet
Seat 4: Chalup folded on the Pre-Flop and did not bet
Seat 5: PHISH22 folded on the Pre-Flop and did not bet
Seat 6: lillybraun did not show and won 20250.00
Seat 8: JJpvasc (small blind) folded on the Pre-Flop

Game Hand #2020542998 - Tournament #31156503 - Holdem (No Limit) - Level 17 (3000.00/6000.00)- 2024/02/07 22:49:04 UTC
Table '38' 8-max Seat #8 is the button
Seat 1: bjornironside (154183.00)
Seat 2: double g 27 (121275.00)
Seat 3: lipesticky (200791.00)
Seat 4: Chalup (206610.00)
Seat 5: PHISH22 (81526.00)
Seat 6: lillybraun (470051.00)
Seat 8: JJpvasc (70100.00)
bjornironside posts ante 750.00
double g 27 posts ante 750.00
lipesticky posts ante 750.00
Chalup posts ante 750.00
PHISH22 posts ante 750.00
lillybraun posts ante 750.00
JJpvasc posts ante 750.00
bjornironside posts the small blind 3000.00
double g 27 posts the big blind 6000.00
*** HOLE CARDS ***
Main pot 5250.00
Dealt to lipesticky [7d 8d]
lipesticky folds
Chalup folds
PHISH22 folds
lillybraun raises 12000.00 to 12000.00
JJpvasc folds
bjornironside folds
double g 27 calls 6000.00
*** FLOP *** [3c 2c Kh]
Main pot 32250.00
double g 27 checks
lillybraun bets 32250.00
double g 27 folds
Uncalled bet (32250.00) returned to lillybraun
lillybraun does not show
*** SUMMARY ***
Total pot 32250.00
Board [3c 2c Kh]
Seat 1: bjornironside (small blind) folded on the Pre-Flop
Seat 2: double g 27 (big blind) folded on the Flop
Seat 3: lipesticky folded on the Pre-Flop and did not bet
Seat 4: Chalup folded on the Pre-Flop and did not bet
Seat 5: PHISH22 folded on the Pre-Flop and did not bet
Seat 6: lillybraun did not show and won 32250.00
Seat 8: JJpvasc (button) folded on the Pre-Flop

Game Hand #2020543726 - Tournament #31156503 - Holdem (No Limit) - Level 17 (3000.00/6000.00)- 2024/02/07 22:49:57 UTC
Table '38' 8-max Seat #1 is the button
Seat 1: bjornironside (150433.00)
Seat 2: double g 27 (108525.00)
Seat 3: lipesticky (200041.00)
Seat 4: Chalup (205860.00)
Seat 5: PHISH22 (80776.00)
Seat 6: lillybraun (489551.00)
Seat 7: Iamluckbox2 (149350.00)
Seat 8: JJpvasc (69350.00)
bjornironside posts ante 750.00
double g 27 posts ante 750.00
lipesticky posts ante 750.00
Chalup posts ante 750.00
PHISH22 posts ante 750.00
lillybraun posts ante 750.00
Iamluckbox2 posts ante 750.00
JJpvasc posts ante 750.00
double g 27 posts the small blind 3000.00
lipesticky posts the big blind 6000.00
*** HOLE CARDS ***
Main pot 6000.00
Dealt to lipesticky [6h Jh]
Chalup folds
PHISH22 folds
lillybraun raises 18600.00 to 18600.00
Iamluckbox2 folds
JJpvasc folds
bjornironside folds
double g 27 folds
lipesticky folds
Uncalled bet (12600.00) returned to lillybraun
lillybraun does not show
*** SUMMARY ***
Total pot 21000.00
Seat 1: bjornironside (button) folded on the Pre-Flop
Seat 2: double g 27 (small blind) folded on the Pre-Flop
Seat 3: lipesticky (big blind) folded on the Pre-Flop
Seat 4: Chalup folded on the Pre-Flop and did not bet
Seat 5: PHISH22 folded on the Pre-Flop and did not bet
Seat 6: lillybraun did not show and won 21000.00
Seat 7: Iamluckbox2 folded on the Pre-Flop and did not bet
Seat 8: JJpvasc folded on the Pre-Flop and did not bet

Game Hand #2020544388 - Tournament #31156503 - Holdem (No Limit) - Level 17 (3000.00/6000.00)- 2024/02/07 22:50:40 UTC
Table '38' 8-max Seat #2 is the button
Seat 1: bjornironside (149683.00)
Seat 2: double g 27 (104775.00)
Seat 3: lipesticky (193291.00)
Seat 4: Chalup (205110.00)
Seat 5: PHISH22 (80026.00)
Seat 6: lillybraun (503801.00)
Seat 7: Iamluckbox2 (148600.00)
Seat 8: JJpvasc (68600.00)
bjornironside posts ante 750.00
double g 27 posts ante 750.00
lipesticky posts ante 750.00
Chalup posts ante 750.00
PHISH22 posts ante 750.00
lillybraun posts ante 750.00
Iamluckbox2 posts ante 750.00
JJpvasc posts ante 750.00
lipesticky posts the small blind 3000.00
Chalup posts the big blind 6000.00
*** HOLE CARDS ***
Main pot 6000.00
Dealt to lipesticky [Qc 9s]
PHISH22 raises 79276.00 to 79276.00 and is all-in
lillybraun folds
Iamluckbox2 folds
JJpvasc folds
bjornironside folds
double g 27 folds
lipesticky folds
Chalup folds
Uncalled bet (73276.00) returned to PHISH22
PHISH22 does not show
*** SUMMARY ***
Total pot 21000.00
Seat 1: bjornironside folded on the Pre-Flop and did not bet
Seat 2: double g 27 (button) folded on the Pre-Flop
Seat 3: lipesticky (small blind) folded on the Pre-Flop
Seat 4: Chalup (big blind) folded on the Pre-Flop
Seat 5: PHISH22 did not show and won 21000.00
Seat 6: lillybraun folded on the Pre-Flop and did not bet
Seat 7: Iamluckbox2 folded on the Pre-Flop and did not bet
Seat 8: JJpvasc folded on the Pre-Flop and did not bet

Game Hand #2020544964 - Tournament #31156503 - Holdem (No Limit) - Level 17 (3000.00/6000.00)- 2024/02/07 22:51:17 UTC
Table '38' 8-max Seat #3 is the button
Seat 1: bjornironside (148933.00)
Seat 2: double g 27 (104025.00)
Seat 3: lipesticky (189541.00)
Seat 4: Chalup (198360.00)
Seat 5: PHISH22 (94276.00)
Seat 6: lillybraun (503051.00)
Seat 7: Iamluckbox2 (147850.00)
Seat 8: JJpvasc (67850.00)
bjornironside posts ante 750.00
double g 27 posts ante 750.00
lipesticky posts ante 750.00
Chalup posts ante 750.00
PHISH22 posts ante 750.00
lillybraun posts ante 750.00
Iamluckbox2 posts ante 750.00
JJpvasc posts ante 750.00
Chalup posts the small blind 3000.00
PHISH22 posts the big blind 6000.00
*** HOLE CARDS ***
Main pot 6000.00
Dealt to lipesticky [As 7h]
lillybraun raises 18600.00 to 18600.00
Iamluckbox2 folds
JJpvasc folds
bjornironside folds
double g 27 folds
lipesticky folds
Chalup folds
PHISH22 folds
Uncalled bet (12600.00) returned to lillybraun
lillybraun does not show
*** SUMMARY ***
Total pot 21000.00
Seat 1: bjornironside folded on the Pre-Flop and did not bet
Seat 2: double g 27 folded on the Pre-Flop and did not bet
Seat 3: lipesticky (button) folded on the Pre-Flop
Seat 4: Chalup (small blind) folded on the Pre-Flop
Seat 5: PHISH22 (big blind) folded on the Pre-Flop
Seat 6: lillybraun did not show and won 21000.00
Seat 7: Iamluckbox2 folded on the Pre-Flop and did not bet
Seat 8: JJpvasc folded on the Pre-Flop and did not bet

Game Hand #2020545426 - Tournament #31156503 - Holdem (No Limit) - Level 17 (3000.00/6000.00)- 2024/02/07 22:51:47 UTC
Table '38' 8-max Seat #4 is the button
Seat 1: bjornironside (148183.00)
Seat 2: double g 27 (103275.00)
Seat 3: lipesticky (188791.00)
Seat 4: Chalup (194610.00)
Seat 5: PHISH22 (87526.00)
Seat 6: lillybraun (517301.00)
Seat 7: Iamluckbox2 (147100.00)
Seat 8: JJpvasc (67100.00)
bjornironside posts ante 750.00
double g 27 posts ante 750.00
lipesticky posts ante 750.00
Chalup posts ante 750.00
PHISH22 posts ante 750.00
lillybraun posts ante 750.00
Iamluckbox2 posts ante 750.00
JJpvasc posts ante 750.00
PHISH22 posts the small blind 3000.00
lillybraun posts the big blind 6000.00
*** HOLE CARDS ***
Main pot 6000.00
Dealt to lipesticky [4c 6c]
Iamluckbox2 folds
JJpvasc folds
bjornironside folds
double g 27 folds
lipesticky folds
Chalup folds
PHISH22 folds
lillybraun does not show
*** SUMMARY ***
Total pot 15000.00
Seat 1: bjornironside folded on the Pre-Flop and did not bet
Seat 2: double g 27 folded on the Pre-Flop and did not bet
Seat 3: lipesticky folded on the Pre-Flop and did not bet
Seat 4: Chalup (button) folded on the Pre-Flop
Seat 5: PHISH22 (small blind) folded on the Pre-Flop
Seat 6: lillybraun did not show and won 15000.00
Seat 7: Iamluckbox2 folded on the Pre-Flop and did not bet
Seat 8: JJpvasc folded on the Pre-Flop and did not bet

Game Hand #2020545949 - Tournament #31156503 - Holdem (No Limit) - Level 18 (3500.00/7000.00)- 2024/02/07 22:52:20 UTC
Table '38' 8-max Seat #5 is the button
Seat 1: bjornironside (147433.00)
Seat 2: double g 27 (102525.00)
Seat 3: lipesticky (188041.00)
Seat 4: Chalup (193860.00)
Seat 5: PHISH22 (83776.00)
Seat 6: lillybraun (525551.00)
Seat 7: Iamluckbox2 (146350.00)
Seat 8: JJpvasc (66350.00)
bjornironside posts ante 875.00
double g 27 posts ante 875.00
lipesticky posts ante 875.00
Chalup posts ante 875.00
PHISH22 posts ante 875.00
lillybraun posts ante 875.00
Iamluckbox2 posts ante 875.00
JJpvasc posts ante 875.00
lillybraun posts the small blind 3500.00
Iamluckbox2 posts the big blind 7000.00
*** HOLE CARDS ***
Main pot 7000.00
Dealt to lipesticky [4h 7h]
JJpvasc folds
bjornironside folds
double g 27 folds
lipesticky folds
Chalup raises 14700.00 to 14700.00
PHISH22 folds
lillybraun folds
Iamluckbox2 folds
Uncalled bet (7700.00) returned to Chalup
Chalup does not show
*** SUMMARY ***
Total pot 24500.00
Seat 1: bjornironside folded on the Pre-Flop and did not bet
Seat 2: double g 27 folded on the Pre-Flop and did not bet
Seat 3: lipesticky folded on the Pre-Flop and did not bet
Seat 4: Chalup did not show and won 24500.00
Seat 5: PHISH22 (button) folded on the Pre-Flop
Seat 6: lillybraun (small blind) folded on the Pre-Flop
Seat 7: Iamluckbox2 (big blind) folded on the Pre-Flop
Seat 8: JJpvasc folded on the Pre-Flop and did not bet

Game Hand #2020546631 - Tournament #31156503 - Holdem (No Limit) - Level 18 (3500.00/7000.00)- 2024/02/07 22:53:03 UTC
Table '38' 8-max Seat #6 is the button
Seat 1: bjornironside (146558.00)
Seat 2: double g 27 (101650.00)
Seat 3: lipesticky (187166.00)
Seat 4: Chalup (210485.00)
Seat 5: PHISH22 (82901.00)
Seat 6: lillybraun (521176.00)
Seat 7: Iamluckbox2 (138475.00)
Seat 8: JJpvasc (65475.00)
bjornironside posts ante 875.00
double g 27 posts ante 875.00
lipesticky posts ante 875.00
Chalup posts ante 875.00
PHISH22 posts ante 875.00
lillybraun posts ante 875.00
Iamluckbox2 posts ante 875.00
JJpvasc posts ante 875.00
Iamluckbox2 posts the small blind 3500.00
JJpvasc posts the big blind 7000.00
*** HOLE CARDS ***
Main pot 7000.00
Dealt to lipesticky [9h 4d]
bjornironside folds
double g 27 folds
lipesticky folds
Chalup folds
PHISH22 folds
lillybraun folds
Iamluckbox2 raises 134100.00 to 137600.00 and is all-in
JJpvasc folds
Uncalled bet (130600.00) returned to Iamluckbox2
Iamluckbox2 does not show
*** SUMMARY ***
Total pot 21000.00
Seat 1: bjornironside folded on the Pre-Flop and did not bet
Seat 2: double g 27 folded on the Pre-Flop and did not bet
Seat 3: lipesticky folded on the Pre-Flop and did not bet
Seat 4: Chalup folded on the Pre-Flop and did not bet
Seat 5: PHISH22 folded on the Pre-Flop and did not bet
Seat 6: lillybraun (button) folded on the Pre-Flop
Seat 7: Iamluckbox2 did not show and won 21000.00
Seat 8: JJpvasc (big blind) folded on the Pre-Flop

Game Hand #2020547397 - Tournament #31156503 - Holdem (No Limit) - Level 18 (3500.00/7000.00)- 2024/02/07 22:53:51 UTC
Table '38' 8-max Seat #7 is the button
Seat 1: bjornironside (145683.00)
Seat 2: double g 27 (100775.00)
Seat 3: lipesticky (186291.00)
Seat 4: Chalup (209610.00)
Seat 5: PHISH22 (82026.00)
Seat 6: lillybraun (520301.00)
Seat 7: Iamluckbox2 (151600.00)
Seat 8: JJpvasc (57600.00)
bjornironside posts ante 875.00
double g 27 posts ante 875.00
lipesticky posts ante 875.00
Chalup posts ante 875.00
PHISH22 posts ante 875.00
lillybraun posts ante 875.00
Iamluckbox2 posts ante 875.00
JJpvasc posts ante 875.00
JJpvasc posts the small blind 3500.00
bjornironside posts the big blind 7000.00
*** HOLE CARDS ***
Main pot 7000.00
Dealt to lipesticky [Qc 2h]
double g 27 folds
lipesticky folds
Chalup folds
PHISH22 folds
lillybraun raises 14000.00 to 14000.00
Iamluckbox2 folds
JJpvasc folds
bjornironside calls 7000.00
*** FLOP *** [4s Ad Kc]
Main pot 38500.00
bjornironside checks
lillybraun bets 38500.00
bjornironside calls 38500.00
*** TURN *** [4s Ad Kc] [6c]
Main pot 115500.00
bjornironside checks
lillybraun checks
*** RIVER *** [4s Ad Kc 6c] [9c]
Main pot 115500.00
bjornironside checks
lillybraun checks
*** SHOW DOWN ***
Main pot 115500.00
bjornironside shows [3s As] (a pair of Aces [As Ad Kc 9c 6c])
lillybraun shows [9s Th] (a pair of Nines [9s 9c Ad Kc Th])
bjornironside collected 115500.00 from main pot
*** SUMMARY ***
Total pot 115500.00
Board [4s Ad Kc 6c 9c]
Seat 1: bjornironside (big blind) showed [3s As] and won 115500.00 with a pair of Aces [As Ad Kc 9c 6c]
Seat 2: double g 27 folded on the Pre-Flop and did not bet
Seat 3: lipesticky folded on the Pre-Flop and did not bet
Seat 4: Chalup folded on the Pre-Flop and did not bet
Seat 5: PHISH22 folded on the Pre-Flop and did not bet
Seat 6: lillybraun showed [9s Th] and lost with a pair of Nines [9s 9c Ad Kc Th]
Seat 7: Iamluckbox2 (button) folded on the Pre-Flop
Seat 8: JJpvasc (small blind) folded on the Pre-Flop

Game Hand #2020548293 - Tournament #31156503 - Holdem (No Limit) - Level 18 (3500.00/7000.00)- 2024/02/07 22:54:52 UTC
Table '38' 8-max Seat #8 is the button
Seat 1: bjornironside (207808.00)
Seat 2: double g 27 (99900.00)
Seat 3: lipesticky (185416.00)
Seat 4: Chalup (208735.00)
Seat 5: PHISH22 (81151.00)
Seat 6: lillybraun (466926.00)
Seat 7: Iamluckbox2 (150725.00)
Seat 8: JJpvasc (53225.00)
bjornironside posts ante 875.00
double g 27 posts ante 875.00
lipesticky posts ante 875.00
Chalup posts ante 875.00
PHISH22 posts ante 875.00
lillybraun posts ante 875.00
Iamluckbox2 posts ante 875.00
JJpvasc posts ante 875.00
bjornironside posts the small blind 3500.00
double g 27 posts the big blind 7000.00
*** HOLE CARDS ***
Main pot 7000.00
Dealt to lipesticky [Th 2s]
lipesticky folds
Chalup raises 14700.00 to 14700.00
PHISH22 folds
lillybraun folds
Iamluckbox2 folds
JJpvasc folds
bjornironside folds
double g 27 folds
Uncalled bet (7700.00) returned to Chalup
Chalup does not show
*** SUMMARY ***
Total pot 24500.00
Seat 1: bjornironside (small blind) folded on the Pre-Flop
Seat 2: double g 27 (big blind) folded on the Pre-Flop
Seat 3: lipesticky folded on the Pre-Flop and did not bet
Seat 4: Chalup did not show and won 24500.00
Seat 5: PHISH22 folded on the Pre-Flop and did not bet
Seat 6: lillybraun folded on the Pre-Flop and did not bet
Seat 7: Iamluckbox2 folded on the Pre-Flop and did not bet
Seat 8: JJpvasc (button) folded on the Pre-Flop

Game Hand #2020550505 - Tournament #31156503 - Holdem (No Limit) - Level 18 (3500.00/7000.00)- 2024/02/07 23:00:33 UTC
Table '38' 8-max Seat #1 is the button
Seat 1: bjornironside (203433.00)
Seat 2: double g 27 (92025.00)
Seat 3: lipesticky (184541.00)
Seat 4: Chalup (225360.00)
Seat 5: PHISH22 (80276.00)
Seat 6: lillybraun (466051.00)
Seat 7: Iamluckbox2 (149850.00)
Seat 8: JJpvasc (52350.00)
bjornironside posts ante 875.00
double g 27 posts ante 875.00
lipesticky posts ante 875.00
Chalup posts ante 875.00
PHISH22 posts ante 875.00
lillybraun posts ante 875.00
Iamluckbox2 posts ante 875.00
JJpvasc posts ante 875.00
double g 27 posts the small blind 3500.00
lipesticky posts the big blind 7000.00
*** HOLE CARDS ***
Main pot 7000.00
Dealt to lipesticky [5h Kh]
Chalup folds
PHISH22 folds
lillybraun folds
Iamluckbox2 folds
JJpvasc raises 49000.00 to 49000.00
bjornironside folds
double g 27 folds
lipesticky folds
Uncalled bet (42000.00) returned to JJpvasc
JJpvasc does not show
*** SUMMARY ***
Total pot 24500.00
Seat 1: bjornironside (button) folded on the Pre-Flop
Seat 2: double g 27 (small blind) folded on the Pre-Flop
Seat 3: lipesticky (big blind) folded on the Pre-Flop
Seat 4: Chalup folded on the Pre-Flop and did not bet
Seat 5: PHISH22 folded on the Pre-Flop and did not bet
Seat 6: lillybraun folded on the Pre-Flop and did not bet
Seat 7: Iamluckbox2 folded on the Pre-Flop and did not bet
Seat 8: JJpvasc did not show and won 24500.00

Game Hand #2020551572 - Tournament #31156503 - Holdem (No Limit) - Level 18 (3500.00/7000.00)- 2024/02/07 23:01:50 UTC
Table '38' 8-max Seat #2 is the button
Seat 1: bjornironside (202558.00)
Seat 2: double g 27 (87650.00)
Seat 3: lipesticky (176666.00)
Seat 4: Chalup (224485.00)
Seat 5: PHISH22 (79401.00)
Seat 6: lillybraun (465176.00)
Seat 7: Iamluckbox2 (148975.00)
Seat 8: JJpvasc (68975.00)
bjornironside posts ante 875.00
double g 27 posts ante 875.00
lipesticky posts ante 875.00
Chalup posts ante 875.00
PHISH22 posts ante 875.00
lillybraun posts ante 875.00
Iamluckbox2 posts ante 875.00
JJpvasc posts ante 875.00
lipesticky posts the small blind 3500.00
Chalup posts the big blind 7000.00
*** HOLE CARDS ***
Main pot 7000.00
Dealt to lipesticky [4d 4h]
PHISH22 folds
lillybraun folds
Iamluckbox2 raises 14000.00 to 14000.00
JJpvasc folds
bjornironside folds
double g 27 folds
lipesticky calls 10500.00
Chalup folds
*** FLOP *** [Tc 3d 5d]
Main pot 42000.00
lipesticky checks
Iamluckbox2 checks
*** TURN *** [Tc 3d 5d] [7d]
Main pot 42000.00
lipesticky bets 10360.00
Iamluckbox2 calls 10360.00
*** RIVER *** [Tc 3d 5d 7d] [As]
Main pot 62720.00
lipesticky checks
Iamluckbox2 checks
*** SHOW DOWN ***
Main pot 62720.00
lipesticky shows [4d 4h] (a pair of Fours [4h 4d As Tc 7d])
Iamluckbox2 shows [Ah Qh] (a pair of Aces [As Ah Qh Tc 7d])
Iamluckbox2 collected 62720.00 from main pot
*** SUMMARY ***
Total pot 62720.00
Board [Tc 3d 5d 7d As]
Seat 1: bjornironside folded on the Pre-Flop and did not bet
Seat 2: double g 27 (button) folded on the Pre-Flop
Seat 3: lipesticky (small blind) showed [4d 4h] and lost with a pair of Fours [4h 4d As Tc 7d]
Seat 4: Chalup (big blind) folded on the Pre-Flop
Seat 5: PHISH22 folded on the Pre-Flop and did not bet
Seat 6: lillybraun folded on the Pre-Flop and did not bet
Seat 7: Iamluckbox2 showed [Ah Qh] and won 62720.00 with a pair of Aces [As Ah Qh Tc 7d]
Seat 8: JJpvasc folded on the Pre-Flop and did not bet

Game Hand #2020553651 - Tournament #31156503 - Holdem (No Limit) - Level 18 (3500.00/7000.00)- 2024/02/07 23:04:09 UTC
Table '38' 8-max Seat #3 is the button
Seat 1: bjornironside (201683.00)
Seat 2: double g 27 (86775.00)
Seat 3: lipesticky (151431.00)
Seat 4: Chalup (216610.00)
Seat 5: PHISH22 (78526.00)
Seat 6: lillybraun (464301.00)
Seat 7: Iamluckbox2 (186460.00)
bjornironside posts ante 875.00
double g 27 posts ante 875.00
lipesticky posts ante 875.00
Chalup posts ante 875.00
PHISH22 posts ante 875.00
lillybraun posts ante 875.00
Iamluckbox2 posts ante 875.00
Chalup posts the small blind 3500.00
PHISH22 posts the big blind 7000.00
*** HOLE CARDS ***
Main pot 6125.00
Dealt to lipesticky [Ad 4s]
lillybraun raises 14000.00 to 14000.00
Iamluckbox2 folds
bjornironside folds
double g 27 folds
lipesticky folds
Chalup folds
PHISH22 calls 7000.00
*** FLOP *** [9d Ac 3s]
Main pot 37625.00
PHISH22 checks
lillybraun bets 9406.00
PHISH22 raises 63651.00 to 63651.00 and is all-in
lillybraun folds
Uncalled bet (54245.00) returned to PHISH22
PHISH22 shows [- 9s]
*** SUMMARY ***
Total pot 56437.00
Board [9d Ac 3s]
Seat 1: bjornironside folded on the Pre-Flop and did not bet
Seat 2: double g 27 folded on the Pre-Flop and did not bet
Seat 3: lipesticky (button) folded on the Pre-Flop
Seat 4: Chalup (small blind) folded on the Pre-Flop
Seat 5: PHISH22 (big blind) showed [- 9s] and won 56437.00
Seat 6: lillybraun folded on the Flop
Seat 7: Iamluckbox2 folded on the Pre-Flop and did not bet

Game Hand #2020554311 - Tournament #31156503 - Holdem (No Limit) - Level 18 (3500.00/7000.00)- 2024/02/07 23:04:51 UTC
Table '38' 8-max Seat #4 is the button
Seat 1: bjornironside (200808.00)
Seat 2: double g 27 (85900.00)
Seat 3: lipesticky (150556.00)
Seat 4: Chalup (212235.00)
Seat 5: PHISH22 (110682.00)
Seat 6: lillybraun (440020.00)
Seat 7: Iamluckbox2 (185585.00)
bjornironside posts ante 875.00
double g 27 posts ante 875.00
lipesticky posts ante 875.00
Chalup posts ante 875.00
PHISH22 posts ante 875.00
lillybraun posts ante 875.00
Iamluckbox2 posts ante 875.00
PHISH22 posts the small blind 3500.00
lillybraun posts the big blind 7000.00
*** HOLE CARDS ***
Main pot 6125.00
Dealt to lipesticky [Ks 4c]
Iamluckbox2 folds
bjornironside folds
double g 27 folds
lipesticky folds
Chalup folds
PHISH22 raises 106307.00 to 109807.00 and is all-in
lillybraun calls 102807.00
*** FLOP *** [3c 6c 3h]
Main pot 225739.00
*** TURN *** [3c 6c 3h] [3s]
Main pot 225739.00
*** RIVER *** [3c 6c 3h 3s] [5h]
Main pot 225739.00
*** SHOW DOWN ***
Main pot 225739.00
PHISH22 shows [9c As] (three of a kind, Set of Threes [3s 3h 3c As 9c])
lillybraun shows [Ac 8h] (three of a kind, Set of Threes [3s 3h 3c Ac 8h])
PHISH22 collected 225739.00 from main pot
*** SUMMARY ***
Total pot 225739.00
Board [3c 6c 3h 3s 5h]
Seat 1: bjornironside folded on the Pre-Flop and did not bet
Seat 2: double g 27 folded on the Pre-Flop and did not bet
Seat 3: lipesticky folded on the Pre-Flop and did not bet
Seat 4: Chalup (button) folded on the Pre-Flop
Seat 5: PHISH22 (small blind) showed [9c As] and won 225739.00 with three of a kind, Set of Threes [3s 3h 3c As 9c] with the kicker Nine
Seat 6: lillybraun (big blind) showed [Ac 8h] and lost with three of a kind, Set of Threes [3s 3h 3c Ac 8h]
Seat 7: Iamluckbox2 folded on the Pre-Flop and did not bet

Game Hand #2020554833 - Tournament #31156503 - Holdem (No Limit) - Level 19 (4000.00/8000.00)- 2024/02/07 23:05:26 UTC
Table '38' 8-max Seat #5 is the button
Seat 1: bjornironside (199933.00)
Seat 2: double g 27 (85025.00)
Seat 3: lipesticky (149681.00)
Seat 4: Chalup (211360.00)
Seat 5: PHISH22 (225739.00)
Seat 6: lillybraun (329338.00)
Seat 7: Iamluckbox2 (184710.00)
bjornironside posts ante 1000.00
double g 27 posts ante 1000.00
lipesticky posts ante 1000.00
Chalup posts ante 1000.00
PHISH22 posts ante 1000.00
lillybraun posts ante 1000.00
Iamluckbox2 posts ante 1000.00
lillybraun posts the small blind 4000.00
Iamluckbox2 posts the big blind 8000.00
*** HOLE CARDS ***
Main pot 7000.00
Dealt to lipesticky [Jc Ah]
bjornironside folds
double g 27 folds
lipesticky raises 16800.00 to 16800.00
Chalup folds
PHISH22 folds
lillybraun folds
Iamluckbox2 calls 8800.00
*** FLOP *** [3h 8c Kd]
Main pot 44600.00
Iamluckbox2 checks
lipesticky bets 10718.00
Iamluckbox2 raises 28800.00 to 28800.00
lipesticky calls 18082.00
*** TURN *** [3h 8c Kd] [9s]
Main pot 102200.00
Iamluckbox2 bets 33726.00
lipesticky folds
Uncalled bet (33726.00) returned to Iamluckbox2
Iamluckbox2 does not show
*** SUMMARY ***
Total pot 102200.00
Board [3h 8c Kd 9s]
Seat 1: bjornironside folded on the Pre-Flop and did not bet
Seat 2: double g 27 folded on the Pre-Flop and did not bet
Seat 3: lipesticky folded on the Turn
Seat 4: Chalup folded on the Pre-Flop and did not bet
Seat 5: PHISH22 (button) folded on the Pre-Flop
Seat 6: lillybraun (small blind) folded on the Pre-Flop
Seat 7: Iamluckbox2 did not show and won 102200.00

Game Hand #2020556641 - Tournament #31156503 - Holdem (No Limit) - Level 19 (4000.00/8000.00)- 2024/02/07 23:07:11 UTC
Table '38' 8-max Seat #6 is the button
Seat 1: bjornironside (198933.00)
Seat 2: double g 27 (84025.00)
Seat 3: lipesticky (103081.00)
Seat 4: Chalup (210360.00)
Seat 5: PHISH22 (224739.00)
Seat 6: lillybraun (324338.00)
Seat 7: Iamluckbox2 (240310.00)
Seat 8: Claytonpaz (63125.00)
bjornironside posts ante 1000.00
double g 27 posts ante 1000.00
lipesticky posts ante 1000.00
Chalup posts ante 1000.00
PHISH22 posts ante 1000.00
lillybraun posts ante 1000.00
Iamluckbox2 posts ante 1000.00
Claytonpaz posts ante 1000.00
Iamluckbox2 posts the small blind 4000.00
Claytonpaz posts the big blind 8000.00
*** HOLE CARDS ***
Main pot 8000.00
Dealt to lipesticky [5s Kc]
bjornironside folds
double g 27 folds
lipesticky folds
Chalup raises 16800.00 to 16800.00
PHISH22 folds
lillybraun folds
Iamluckbox2 folds
Claytonpaz raises 54125.00 to 62125.00 and is all-in
Chalup calls 45325.00
*** FLOP *** [Ac 3c Td]
Main pot 136250.00
*** TURN *** [Ac 3c Td] [8h]
Main pot 136250.00
*** RIVER *** [Ac 3c Td 8h] [Js]
Main pot 136250.00
*** SHOW DOWN ***
Main pot 136250.00
Chalup shows [8d Ad] (two pair, Aces and Eights [Ad Ac 8h 8d Js])
Claytonpaz shows [Th As] (two pair, Aces and Tens [As Ac Th Td Js])
Claytonpaz collected 136250.00 from main pot
*** SUMMARY ***
Total pot 136250.00
Board [Ac 3c Td 8h Js]
Seat 1: bjornironside folded on the Pre-Flop and did not bet
Seat 2: double g 27 folded on the Pre-Flop and did not bet
Seat 3: lipesticky folded on the Pre-Flop and did not bet
Seat 4: Chalup showed [8d Ad] and lost with two pair, Aces and Eights [Ad Ac 8h 8d Js]
Seat 5: PHISH22 folded on the Pre-Flop and did not bet
Seat 6: lillybraun (button) folded on the Pre-Flop
Seat 7: Iamluckbox2 (small blind) folded on the Pre-Flop
Seat 8: Claytonpaz (big blind) showed [Th As] and won 136250.00 with two pair, Aces and Tens [As Ac Th Td Js]

Game Hand #2020557613 - Tournament #31156503 - Holdem (No Limit) - Level 19 (4000.00/8000.00)- 2024/02/07 23:08:09 UTC
Table '38' 8-max Seat #7 is the button
Seat 1: bjornironside (197933.00)
Seat 2: double g 27 (83025.00)
Seat 3: lipesticky (102081.00)
Seat 4: Chalup (147235.00)
Seat 5: PHISH22 (223739.00)
Seat 6: lillybraun (323338.00)
Seat 7: Iamluckbox2 (235310.00)
Seat 8: Claytonpaz (136250.00)
bjornironside posts ante 1000.00
double g 27 posts ante 1000.00
lipesticky posts ante 1000.00
Chalup posts ante 1000.00
PHISH22 posts ante 1000.00
lillybraun posts ante 1000.00
Iamluckbox2 posts ante 1000.00
Claytonpaz posts ante 1000.00
Claytonpaz posts the small blind 4000.00
bjornironside posts the big blind 8000.00
*** HOLE CARDS ***
Main pot 8000.00
Dealt to lipesticky [Jd 6s]
double g 27 folds
lipesticky folds
Chalup folds
PHISH22 folds
lillybraun folds
Iamluckbox2 folds
Claytonpaz folds
bjornironside does not show
*** SUMMARY ***
Total pot 20000.00
Seat 1: bjornironside did not show and won 20000.00
Seat 2: double g 27 folded on the Pre-Flop and did not bet
Seat 3: lipesticky folded on the Pre-Flop and did not bet
Seat 4: Chalup folded on the Pre-Flop and did not bet
Seat 5: PHISH22 folded on the Pre-Flop and did not bet
Seat 6: lillybraun folded on the Pre-Flop and did not bet
Seat 7: Iamluckbox2 (button) folded on the Pre-Flop
Seat 8: Claytonpaz (small blind) folded on the Pre-Flop

Game Hand #2020558238 - Tournament #31156503 - Holdem (No Limit) - Level 19 (4000.00/8000.00)- 2024/02/07 23:08:44 UTC
Table '38' 8-max Seat #8 is the button
Seat 1: bjornironside (208933.00)
Seat 2: double g 27 (82025.00)
Seat 3: lipesticky (101081.00)
Seat 4: Chalup (146235.00)
Seat 5: PHISH22 (222739.00)
Seat 6: lillybraun (322338.00)
Seat 7: Iamluckbox2 (234310.00)
Seat 8: Claytonpaz (131250.00)
bjornironside posts ante 1000.00
double g 27 posts ante 1000.00
lipesticky posts ante 1000.00
Chalup posts ante 1000.00
PHISH22 posts ante 1000.00
lillybraun posts ante 1000.00
Iamluckbox2 posts ante 1000.00
Claytonpaz posts ante 1000.00
bjornironside posts the small blind 4000.00
double g 27 posts the big blind 8000.00
*** HOLE CARDS ***
Main pot 8000.00
Dealt to lipesticky [Ac 2h]
lipesticky folds
Chalup folds
PHISH22 raises 16000.00 to 16000.00
lillybraun folds
Iamluckbox2 folds
Claytonpaz folds
bjornironside folds
double g 27 folds
Uncalled bet (8000.00) returned to PHISH22
PHISH22 does not show
*** SUMMARY ***
Total pot 28000.00
Seat 1: bjornironside (small blind) folded on the Pre-Flop
Seat 2: double g 27 (big blind) folded on the Pre-Flop
Seat 3: lipesticky folded on the Pre-Flop and did not bet
Seat 4: Chalup folded on the Pre-Flop and did not bet
Seat 5: PHISH22 did not show and won 28000.00
Seat 6: lillybraun folded on the Pre-Flop and did not bet
Seat 7: Iamluckbox2 folded on the Pre-Flop and did not bet
Seat 8: Claytonpaz (button) folded on the Pre-Flop

Game Hand #2020558756 - Tournament #31156503 - Holdem (No Limit) - Level 19 (4000.00/8000.00)- 2024/02/07 23:09:16 UTC
Table '38' 8-max Seat #1 is the button
Seat 1: bjornironside (203933.00)
Seat 2: double g 27 (73025.00)
Seat 3: lipesticky (100081.00)
Seat 4: Chalup (145235.00)
Seat 5: PHISH22 (241739.00)
Seat 6: lillybraun (321338.00)
Seat 7: Iamluckbox2 (233310.00)
Seat 8: Claytonpaz (130250.00)
bjornironside posts ante 1000.00
double g 27 posts ante 1000.00
lipesticky posts ante 1000.00
Chalup posts ante 1000.00
PHISH22 posts ante 1000.00
lillybraun posts ante 1000.00
Iamluckbox2 posts ante 1000.00
Claytonpaz posts ante 1000.00
double g 27 posts the small blind 4000.00
lipesticky posts the big blind 8000.00
*** HOLE CARDS ***
Main pot 8000.00
Dealt to lipesticky [7d 8s]
Chalup raises 16800.00 to 16800.00
PHISH22 folds
lillybraun folds
Iamluckbox2 folds
Claytonpaz folds
bjornironside folds
double g 27 folds
lipesticky calls 8800.00
*** FLOP *** [3s 5d 8h]
Main pot 45600.00
lipesticky bets 82281.00 and is all-in
Chalup calls 82281.00
*** TURN *** [3s 5d 8h] [2h]
Main pot 210162.00
*** RIVER *** [3s 5d 8h 2h] [8d]
Main pot 210162.00
*** SHOW DOWN ***
Main pot 210162.00
lipesticky shows [7d 8s] (three of a kind, Set of Eights [8s 8h 8d 7d 5d])
Chalup shows [Tc Th] (two pair, Tens and Eights [Th Tc 8h 8d 5d])
lipesticky collected 210162.00 from main pot
*** SUMMARY ***
Total pot 210162.00
Board [3s 5d 8h 2h 8d]
Seat 1: bjornironside (button) folded on the Pre-Flop
Seat 2: double g 27 (small blind) folded on the Pre-Flop
Seat 3: lipesticky (big blind) showed [7d 8s] and won 210162.00 with three of a kind, Set of Eights [8s 8h 8d 7d 5d]
Seat 4: Chalup showed [Tc Th] and lost with two pair, Tens and Eights [Th Tc 8h 8d 5d]
Seat 5: PHISH22 folded on the Pre-Flop and did not bet
Seat 6: lillybraun folded on the Pre-Flop and did not bet
Seat 7: Iamluckbox2 folded on the Pre-Flop and did not bet
Seat 8: Claytonpaz folded on the Pre-Flop and did not bet

Game Hand #2020559692 - Tournament #31156503 - Holdem (No Limit) - Level 19 (4000.00/8000.00)- 2024/02/07 23:10:12 UTC
Table '38' 8-max Seat #2 is the button
Seat 1: bjornironside (202933.00)
Seat 2: double g 27 (68025.00)
Seat 3: lipesticky (210162.00)
Seat 4: Chalup (45154.00)
Seat 5: PHISH22 (240739.00)
Seat 6: lillybraun (320338.00)
Seat 7: Iamluckbox2 (232310.00)
Seat 8: Claytonpaz (129250.00)
bjornironside posts ante 1000.00
double g 27 posts ante 1000.00
lipesticky posts ante 1000.00
Chalup posts ante 1000.00
PHISH22 posts ante 1000.00
lillybraun posts ante 1000.00
Iamluckbox2 posts ante 1000.00
Claytonpaz posts ante 1000.00
lipesticky posts the small blind 4000.00
Chalup posts the big blind 8000.00
*** HOLE CARDS ***
Main pot 8000.00
Dealt to lipesticky [5s 5h]
PHISH22 raises 16000.00 to 16000.00
lillybraun folds
Iamluckbox2 folds
Claytonpaz folds
bjornironside folds
double g 27 folds
lipesticky calls 12000.00
Chalup calls 8000.00
*** FLOP *** [Qh 6s Th]
Main pot 56000.00
lipesticky checks
Chalup checks
PHISH22 checks
*** TURN *** [Qh 6s Th] [3h]
Main pot 56000.00
lipesticky checks
Chalup checks
PHISH22 checks
*** RIVER *** [Qh 6s Th 3h] [6h]
Main pot 56000.00
lipesticky checks
Chalup checks
PHISH22 bets 42000.00
lipesticky folds
Chalup folds
Uncalled bet (42000.00) returned to PHISH22
PHISH22 shows [Jc Kc]
*** SUMMARY ***
Total pot 56000.00
Board [Qh 6s Th 3h 6h]
Seat 1: bjornironside folded on the Pre-Flop and did not bet
Seat 2: double g 27 (button) folded on the Pre-Flop
Seat 3: lipesticky (small blind) folded on the River
Seat 4: Chalup (big blind) folded on the River
Seat 5: PHISH22 showed [Jc Kc] and won 56000.00
Seat 6: lillybraun folded on the Pre-Flop and did not bet
Seat 7: Iamluckbox2 folded on the Pre-Flop and did not bet
Seat 8: Claytonpaz folded on the Pre-Flop and did not bet

Game Hand #2020561414 - Tournament #31156503 - Holdem (No Limit) - Level 19 (4000.00/8000.00)- 2024/02/07 23:12:01 UTC
Table '38' 8-max Seat #3 is the button
Seat 1: bjornironside (201933.00)
Seat 2: double g 27 (67025.00)
Seat 3: lipesticky (193162.00)
Seat 4: Chalup (28154.00)
Seat 5: PHISH22 (279739.00)
Seat 6: lillybraun (319338.00)
Seat 7: Iamluckbox2 (231310.00)
Seat 8: Claytonpaz (128250.00)
bjornironside posts ante 1000.00
double g 27 posts ante 1000.00
lipesticky posts ante 1000.00
Chalup posts ante 1000.00
PHISH22 posts ante 1000.00
lillybraun posts ante 1000.00
Iamluckbox2 posts ante 1000.00
Claytonpaz posts ante 1000.00
Chalup posts the small blind 4000.00
PHISH22 posts the big blind 8000.00
*** HOLE CARDS ***
Main pot 8000.00
Dealt to lipesticky [Tc 5d]
lillybraun folds
Iamluckbox2 folds
Claytonpaz folds
bjornironside raises 16800.00 to 16800.00
double g 27 folds
lipesticky folds
Chalup folds
PHISH22 folds
Uncalled bet (8800.00) returned to bjornironside
bjornironside does not show
*** SUMMARY ***
Total pot 28000.00
Seat 1: bjornironside did not show and won 28000.00
Seat 2: double g 27 folded on the Pre-Flop and did not bet
Seat 3: lipesticky (button) folded on the Pre-Flop
Seat 4: Chalup (small blind) folded on the Pre-Flop
Seat 5: PHISH22 (big blind) folded on the Pre-Flop
Seat 6: lillybraun folded on the Pre-Flop and did not bet
Seat 7: Iamluckbox2 folded on the Pre-Flop and did not bet
Seat 8: Claytonpaz folded on the Pre-Flop and did not bet

Game Hand #2020561852 - Tournament #31156503 - Holdem (No Limit) - Level 19 (4000.00/8000.00)- 2024/02/07 23:12:27 UTC
Table '38' 8-max Seat #4 is the button
Seat 1: bjornironside (220933.00)
Seat 2: double g 27 (66025.00)
Seat 3: lipesticky (192162.00)
Seat 4: Chalup (23154.00)
Seat 5: PHISH22 (270739.00)
Seat 6: lillybraun (318338.00)
Seat 7: Iamluckbox2 (230310.00)
Seat 8: Claytonpaz (127250.00)
bjornironside posts ante 1000.00
double g 27 posts ante 1000.00
lipesticky posts ante 1000.00
Chalup posts ante 1000.00
PHISH22 posts ante 1000.00
lillybraun posts ante 1000.00
Iamluckbox2 posts ante 1000.00
Claytonpaz posts ante 1000.00
PHISH22 posts the small blind 4000.00
lillybraun posts the big blind 8000.00
*** HOLE CARDS ***
Main pot 8000.00
Dealt to lipesticky [8c 6c]
Iamluckbox2 raises 16000.00 to 16000.00
Claytonpaz folds
bjornironside folds
double g 27 folds
lipesticky folds
Chalup folds
PHISH22 folds
lillybraun folds
Uncalled bet (8000.00) returned to Iamluckbox2
Iamluckbox2 does not show
*** SUMMARY ***
Total pot 28000.00
Seat 1: bjornironside folded on the Pre-Flop and did not bet
Seat 2: double g 27 folded on the Pre-Flop and did not bet
Seat 3: lipesticky folded on the Pre-Flop and did not bet
Seat 4: Chalup (button) folded on the Pre-Flop
Seat 5: PHISH22 (small blind) folded on the Pre-Flop
Seat 6: lillybraun (big blind) folded on the Pre-Flop
Seat 7: Iamluckbox2 did not show and won 28000.00
Seat 8: Claytonpaz folded on the Pre-Flop and did not bet

Game Hand #2020562186 - Tournament #31156503 - Holdem (No Limit) - Level 19 (4000.00/8000.00)- 2024/02/07 23:12:48 UTC
Table '38' 8-max Seat #5 is the button
Seat 1: bjornironside (219933.00)
Seat 2: double g 27 (65025.00)
Seat 3: lipesticky (191162.00)
Seat 4: Chalup (22154.00)
Seat 6: lillybraun (309338.00)
Seat 7: Iamluckbox2 (249310.00)
Seat 8: Claytonpaz (126250.00)
bjornironside posts ante 1000.00
double g 27 posts ante 1000.00
lipesticky posts ante 1000.00
Chalup posts ante 1000.00
lillybraun posts ante 1000.00
Iamluckbox2 posts ante 1000.00
Claytonpaz posts ante 1000.00
lillybraun posts the small blind 4000.00
Iamluckbox2 posts the big blind 8000.00
*** HOLE CARDS ***
Main pot 7000.00
Dealt to lipesticky [6s Qc]
Claytonpaz folds
bjornironside folds
double g 27 folds
lipesticky folds
Chalup raises 21154.00 to 21154.00 and is all-in
lillybraun calls 17154.00
Iamluckbox2 calls 13154.00
*** FLOP *** [6c Qs Jh]
Main pot 70462.00
lillybraun checks
Iamluckbox2 checks
*** TURN *** [6c Qs Jh] [2c]
Main pot 70462.00
lillybraun bets 46505.00
Iamluckbox2 calls 46505.00
*** RIVER *** [6c Qs Jh 2c] [3c]
Main pot 70462.00
Side pot(1) 93010.00
lillybraun checks
Iamluckbox2 bets 51892.00
lillybraun folds
Uncalled bet (51892.00) returned to Iamluckbox2
*** SHOW DOWN ***
Main pot 70462.00
Side pot(1) 93010.00
Chalup shows [8d Ad] (a high card, Ace high [Ad Qs Jh 8d 6c])
Iamluckbox2 shows [3h Qd] (two pair, Queens and Threes [Qs Qd 3h 3c Jh])
Iamluckbox2 collected 70462.00 from main pot
Iamluckbox2 collected 93010.00 from side pot-1
*** SUMMARY ***
Total pot 163472.00
Board [6c Qs Jh 2c 3c]
Seat 1: bjornironside folded on the Pre-Flop and did not bet
Seat 2: double g 27 folded on the Pre-Flop and did not bet
Seat 3: lipesticky folded on the Pre-Flop and did not bet
Seat 4: Chalup showed [8d Ad] and lost with a high card, Ace high [Ad Qs Jh 8d 6c]
Seat 6: lillybraun (small blind) folded on the River
Seat 7: Iamluckbox2 (big blind) showed [3h Qd] and won 163472.00 with two pair, Queens and Threes [Qs Qd 3h 3c Jh]
Seat 8: Claytonpaz folded on the Pre-Flop and did not bet

Game Hand #2020563118 - Tournament #31156503 - Holdem (No Limit) - Level 20 (5000.00/10000.00)- 2024/02/07 23:13:47 UTC
Table '38' 8-max Seat #6 is the button
Seat 1: bjornironside (218933.00)
Seat 2: double g 27 (64025.00)
Seat 3: lipesticky (190162.00)
Seat 6: lillybraun (240679.00)
Seat 7: Iamluckbox2 (344123.00)
Seat 8: Claytonpaz (125250.00)
bjornironside posts ante 1250.00
double g 27 posts ante 1250.00
lipesticky posts ante 1250.00
lillybraun posts ante 1250.00
Iamluckbox2 posts ante 1250.00
Claytonpaz posts ante 1250.00
Iamluckbox2 posts the small blind 5000.00
Claytonpaz posts the big blind 10000.00
*** HOLE CARDS ***
Main pot 7500.00
Dealt to lipesticky [Qs 2h]
bjornironside folds
double g 27 folds
lipesticky folds
lillybraun folds
Iamluckbox2 raises 20000.00 to 25000.00
Claytonpaz raises 114000.00 to 124000.00 and is all-in
Iamluckbox2 folds
Uncalled bet (99000.00) returned to Claytonpaz
Claytonpaz does not show
*** SUMMARY ***
Total pot 57500.00
Seat 1: bjornironside folded on the Pre-Flop and did not bet
Seat 2: double g 27 folded on the Pre-Flop and did not bet
Seat 3: lipesticky folded on the Pre-Flop and did not bet
Seat 6: lillybraun (button) folded on the Pre-Flop
Seat 7: Iamluckbox2 (small blind) folded on the Pre-Flop
Seat 8: Claytonpaz did not show and won 57500.00

Game Hand #2020563913 - Tournament #31156503 - Holdem (No Limit) - Level 20 (5000.00/10000.00)- 2024/02/07 23:14:36 UTC
Table '38' 8-max Seat #7 is the button
Seat 1: bjornironside (217683.00)
Seat 2: double g 27 (62775.00)
Seat 3: lipesticky (188912.00)
Seat 4: chelengolengo (713494.00)
Seat 6: lillybraun (239429.00)
Seat 7: Iamluckbox2 (317873.00)
Seat 8: Claytonpaz (156500.00)
bjornironside posts ante 1250.00
double g 27 posts ante 1250.00
lipesticky posts ante 1250.00
chelengolengo posts ante 1250.00
lillybraun posts ante 1250.00
Iamluckbox2 posts ante 1250.00
Claytonpaz posts ante 1250.00
Claytonpaz posts the small blind 5000.00
bjornironside posts the big blind 10000.00
*** HOLE CARDS ***
Main pot 8750.00
Dealt to lipesticky [2s Qc]
double g 27 folds
lipesticky folds
chelengolengo raises 20000.00 to 20000.00
lillybraun raises 55000.00 to 55000.00
Iamluckbox2 raises 316623.00 to 316623.00 and is all-in
Claytonpaz folds
bjornironside folds
chelengolengo folds
lillybraun folds
Uncalled bet (261623.00) returned to Iamluckbox2
Iamluckbox2 does not show
*** SUMMARY ***
Total pot 153750.00
Seat 1: bjornironside (big blind) folded on the Pre-Flop
Seat 2: double g 27 folded on the Pre-Flop and did not bet
Seat 3: lipesticky folded on the Pre-Flop and did not bet
Seat 4: chelengolengo folded on the Pre-Flop and did not bet
Seat 6: lillybraun folded on the Pre-Flop and did not bet
Seat 7: Iamluckbox2 did not show and won 153750.00
Seat 8: Claytonpaz (small blind) folded on the Pre-Flop

Game Hand #2020564803 - Tournament #31156503 - Holdem (No Limit) - Level 20 (5000.00/10000.00)- 2024/02/07 23:15:30 UTC
Table '38' 8-max Seat #8 is the button
Seat 1: bjornironside (206433.00)
Seat 2: double g 27 (61525.00)
Seat 3: lipesticky (187662.00)
Seat 4: chelengolengo (692244.00)
Seat 6: lillybraun (183179.00)
Seat 7: Iamluckbox2 (415373.00)
Seat 8: Claytonpaz (150250.00)
bjornironside posts ante 1250.00
double g 27 posts ante 1250.00
lipesticky posts ante 1250.00
chelengolengo posts ante 1250.00
lillybraun posts ante 1250.00
Iamluckbox2 posts ante 1250.00
Claytonpaz posts ante 1250.00
bjornironside posts the small blind 5000.00
double g 27 posts the big blind 10000.00
*** HOLE CARDS ***
Main pot 8750.00
Dealt to lipesticky [9d 3s]
lipesticky folds
chelengolengo raises 20000.00 to 20000.00
lillybraun folds
Iamluckbox2 folds
Claytonpaz folds
bjornironside folds
double g 27 calls 10000.00
*** FLOP *** [3d 8s Js]
Main pot 53750.00
double g 27 checks
chelengolengo bets 45000.00
double g 27 folds
Uncalled bet (45000.00) returned to chelengolengo
chelengolengo does not show
*** SUMMARY ***
Total pot 53750.00
Board [3d 8s Js]
Seat 1: bjornironside (small blind) folded on the Pre-Flop
Seat 2: double g 27 (big blind) folded on the Flop
Seat 3: lipesticky folded on the Pre-Flop and did not bet
Seat 4: chelengolengo did not show and won 53750.00
Seat 6: lillybraun folded on the Pre-Flop and did not bet
Seat 7: Iamluckbox2 folded on the Pre-Flop and did not bet
Seat 8: Claytonpaz (button) folded on the Pre-Flop

Game Hand #2020565542 - Tournament #31156503 - Holdem (No Limit) - Level 20 (5000.00/10000.00)- 2024/02/07 23:16:16 UTC
Table '38' 8-max Seat #1 is the button
Seat 1: bjornironside (200183.00)
Seat 2: double g 27 (40275.00)
Seat 3: lipesticky (186412.00)
Seat 4: chelengolengo (724744.00)
Seat 6: lillybraun (181929.00)
Seat 7: Iamluckbox2 (414123.00)
Seat 8: Claytonpaz (149000.00)
bjornironside posts ante 1250.00
double g 27 posts ante 1250.00
lipesticky posts ante 1250.00
chelengolengo posts ante 1250.00
lillybraun posts ante 1250.00
Iamluckbox2 posts ante 1250.00
Claytonpaz posts ante 1250.00
double g 27 posts the small blind 5000.00
lipesticky posts the big blind 10000.00
*** HOLE CARDS ***
Main pot 8750.00
Dealt to lipesticky [9c Qd]
chelengolengo raises 20000.00 to 20000.00
lillybraun folds
Iamluckbox2 raises 55000.00 to 55000.00
Claytonpaz folds
bjornironside folds
double g 27 folds
lipesticky folds
chelengolengo folds
Uncalled bet (35000.00) returned to Iamluckbox2
Iamluckbox2 does not show
*** SUMMARY ***
Total pot 63750.00
Seat 1: bjornironside (button) folded on the Pre-Flop
Seat 2: double g 27 (small blind) folded on the Pre-Flop
Seat 3: lipesticky (big blind) folded on the Pre-Flop
Seat 4: chelengolengo folded on the Pre-Flop and did not bet
Seat 6: lillybraun folded on the Pre-Flop and did not bet
Seat 7: Iamluckbox2 did not show and won 63750.00
Seat 8: Claytonpaz folded on the Pre-Flop and did not bet

Game Hand #2020566183 - Tournament #31156503 - Holdem (No Limit) - Level 20 (5000.00/10000.00)- 2024/02/07 23:16:55 UTC
Table '38' 8-max Seat #2 is the button
Seat 1: bjornironside (198933.00)
Seat 2: double g 27 (34025.00)
Seat 3: lipesticky (175162.00)
Seat 4: chelengolengo (703494.00)
Seat 6: lillybraun (180679.00)
Seat 7: Iamluckbox2 (456623.00)
Seat 8: Claytonpaz (147750.00)
bjornironside posts ante 1250.00
double g 27 posts ante 1250.00
lipesticky posts ante 1250.00
chelengolengo posts ante 1250.00
lillybraun posts ante 1250.00
Iamluckbox2 posts ante 1250.00
Claytonpaz posts ante 1250.00
lipesticky posts the small blind 5000.00
chelengolengo posts the big blind 10000.00
*** HOLE CARDS ***
Main pot 8750.00
Dealt to lipesticky [6c 7d]
lillybraun raises 20000.00 to 20000.00
Iamluckbox2 raises 50000.00 to 50000.00
Claytonpaz folds
bjornironside raises 197683.00 to 197683.00 and is all-in
double g 27 folds
lipesticky folds
chelengolengo folds
lillybraun folds
Iamluckbox2 folds
Uncalled bet (147683.00) returned to bjornironside
bjornironside does not show
*** SUMMARY ***
Total pot 143750.00
Seat 1: bjornironside did not show and won 143750.00
Seat 2: double g 27 (button) folded on the Pre-Flop
Seat 3: lipesticky (small blind) folded on the Pre-Flop
Seat 4: chelengolengo (big blind) folded on the Pre-Flop
Seat 6: lillybraun folded on the Pre-Flop and did not bet
Seat 7: Iamluckbox2 folded on the Pre-Flop and did not bet
Seat 8: Claytonpaz folded on the Pre-Flop and did not bet

Game Hand #2020566862 - Tournament #31156503 - Holdem (No Limit) - Level 20 (5000.00/10000.00)- 2024/02/07 23:17:36 UTC
Table '38' 8-max Seat #3 is the button
Seat 1: bjornironside (291433.00)
Seat 2: double g 27 (32775.00)
Seat 3: lipesticky (168912.00)
Seat 4: chelengolengo (692244.00)
Seat 6: lillybraun (159429.00)
Seat 7: Iamluckbox2 (405373.00)
Seat 8: Claytonpaz (146500.00)
bjornironside posts ante 1250.00
double g 27 posts ante 1250.00
lipesticky posts ante 1250.00
chelengolengo posts ante 1250.00
lillybraun posts ante 1250.00
Iamluckbox2 posts ante 1250.00
Claytonpaz posts ante 1250.00
chelengolengo posts the small blind 5000.00
lillybraun posts the big blind 10000.00
*** HOLE CARDS ***
Main pot 8750.00
Dealt to lipesticky [Ah 8h]
Iamluckbox2 folds
Claytonpaz folds
bjornironside folds
double g 27 raises 31525.00 to 31525.00 and is all-in
lipesticky raises 167662.00 to 167662.00 and is all-in
chelengolengo folds
lillybraun calls 148179.00 and is all-in
Uncalled bet (9483.00) returned to lipesticky
*** FLOP *** [8c 8s 6d]
Main pot 108325.00
Side pot(1) 253308.00
*** TURN *** [8c 8s 6d] [Td]
Main pot 108325.00
Side pot(1) 253308.00
*** RIVER *** [8c 8s 6d Td] [Th]
Main pot 108325.00
Side pot(1) 253308.00
*** SHOW DOWN ***
Main pot 108325.00
Side pot(1) 253308.00
double g 27 shows [Qh 9d] (two pair, Tens and Eights [Th Td 8s 8c Qh])
lipesticky shows [Ah 8h] (a full house, Eights full of Tens [8s 8h 8c Th Td])
lillybraun shows [Qs As] (two pair, Tens and Eights [Th Td 8s 8c As])
lipesticky collected 108325.00 from main pot
lipesticky collected 253308.00 from side pot-1
*** SUMMARY ***
Total pot 361633.00
Board [8c 8s 6d Td Th]
Seat 1: bjornironside folded on the Pre-Flop and did not bet
Seat 2: double g 27 showed [Qh 9d] and lost with two pair, Tens and Eights [Th Td 8s 8c Qh]
Seat 3: lipesticky (button) showed [Ah 8h] and won 361633.00 with a full house, Eights full of Tens [8s 8h 8c Th Td]
Seat 4: chelengolengo (small blind) folded on the Pre-Flop
Seat 6: lillybraun (big blind) showed [Qs As] and lost with two pair, Tens and Eights [Th Td 8s 8c As]
Seat 7: Iamluckbox2 folded on the Pre-Flop and did not bet
Seat 8: Claytonpaz folded on the Pre-Flop and did not bet

