Game Hand #2021472100 - Tournament #31163912 - Holdem (No Limit) - Level 9 (800.00/1600.00)- 2024/02/08 21:20:45 UTC
Table '8' 8-max Seat #1 is the button
Seat 1: arthurms (61143.00)
Seat 2: rin1rus (95454.00)
Seat 3: ngolokante369 (21750.00)
Seat 4: Saaiii (22550.00)
Seat 5: lipesticky (25000.00)
Seat 6: Spreads (16588.00)
Seat 7: vaicalhau (22025.00)
Seat 8: aviciistomach (55226.00)
arthurms posts ante 200.00
rin1rus posts ante 200.00
ngolokante369 posts ante 200.00
Saaiii posts ante 200.00
lipesticky posts ante 200.00
Spreads posts ante 200.00
vaicalhau posts ante 200.00
aviciistomach posts ante 200.00
rin1rus posts the small blind 800.00
ngolokante369 posts the big blind 1600.00
*** HOLE CARDS ***
Main pot 1600.00
Dealt to lipesticky [2d 2c]
Saaiii raises 3200.00 to 3200.00
lipesticky folds
Spreads folds
vaicalhau folds
aviciistomach folds
arthurms folds
rin1rus folds
ngolokante369 calls 1600.00
*** FLOP *** [4c 3s Qd]
Main pot 8800.00
ngolokante369 checks
Saaiii bets 2200.00
ngolokante369 folds
Uncalled bet (2200.00) returned to Saaiii
Saaiii does not show
*** SUMMARY ***
Total pot 8800.00
Board [4c 3s Qd]
Seat 1: arthurms (button) folded on the Pre-Flop
Seat 2: rin1rus (small blind) folded on the Pre-Flop
Seat 3: ngolokante369 (big blind) folded on the Flop
Seat 4: Saaiii did not show and won 8800.00
Seat 5: lipesticky folded on the Pre-Flop and did not bet
Seat 6: Spreads folded on the Pre-Flop and did not bet
Seat 7: vaicalhau folded on the Pre-Flop and did not bet
Seat 8: aviciistomach folded on the Pre-Flop and did not bet

Game Hand #2021472794 - Tournament #31163912 - Holdem (No Limit) - Level 9 (800.00/1600.00)- 2024/02/08 21:21:25 UTC
Table '8' 8-max Seat #2 is the button
Seat 1: arthurms (60943.00)
Seat 2: rin1rus (94454.00)
Seat 3: ngolokante369 (18350.00)
Seat 4: Saaiii (27950.00)
Seat 5: lipesticky (24800.00)
Seat 6: Spreads (16388.00)
Seat 7: vaicalhau (21825.00)
Seat 8: aviciistomach (55026.00)
arthurms posts ante 200.00
rin1rus posts ante 200.00
ngolokante369 posts ante 200.00
Saaiii posts ante 200.00
lipesticky posts ante 200.00
Spreads posts ante 200.00
vaicalhau posts ante 200.00
aviciistomach posts ante 200.00
ngolokante369 posts the small blind 800.00
Saaiii posts the big blind 1600.00
*** HOLE CARDS ***
Main pot 1600.00
Dealt to lipesticky [3s Qs]
lipesticky folds
Spreads raises 16188.00 to 16188.00 and is all-in
vaicalhau folds
aviciistomach folds
arthurms folds
rin1rus folds
ngolokante369 folds
Saaiii folds
Uncalled bet (14588.00) returned to Spreads
Spreads does not show
*** SUMMARY ***
Total pot 5600.00
Seat 1: arthurms folded on the Pre-Flop and did not bet
Seat 2: rin1rus (button) folded on the Pre-Flop
Seat 3: ngolokante369 (small blind) folded on the Pre-Flop
Seat 4: Saaiii (big blind) folded on the Pre-Flop
Seat 5: lipesticky folded on the Pre-Flop and did not bet
Seat 6: Spreads did not show and won 5600.00
Seat 7: vaicalhau folded on the Pre-Flop and did not bet
Seat 8: aviciistomach folded on the Pre-Flop and did not bet

Game Hand #2021473477 - Tournament #31163912 - Holdem (No Limit) - Level 9 (800.00/1600.00)- 2024/02/08 21:22:05 UTC
Table '8' 8-max Seat #3 is the button
Seat 1: arthurms (60743.00)
Seat 2: rin1rus (94254.00)
Seat 3: ngolokante369 (17350.00)
Seat 4: Saaiii (26150.00)
Seat 5: lipesticky (24600.00)
Seat 6: Spreads (20188.00)
Seat 7: vaicalhau (21625.00)
Seat 8: aviciistomach (54826.00)
arthurms posts ante 200.00
rin1rus posts ante 200.00
ngolokante369 posts ante 200.00
Saaiii posts ante 200.00
lipesticky posts ante 200.00
Spreads posts ante 200.00
vaicalhau posts ante 200.00
aviciistomach posts ante 200.00
Saaiii posts the small blind 800.00
lipesticky posts the big blind 1600.00
*** HOLE CARDS ***
Main pot 1600.00
Dealt to lipesticky [3d 5h]
Spreads folds
vaicalhau folds
aviciistomach folds
arthurms folds
rin1rus folds
ngolokante369 folds
Saaiii raises 4000.00 to 4800.00
lipesticky folds
Uncalled bet (3200.00) returned to Saaiii
Saaiii does not show
*** SUMMARY ***
Total pot 4800.00
Seat 1: arthurms folded on the Pre-Flop and did not bet
Seat 2: rin1rus folded on the Pre-Flop and did not bet
Seat 3: ngolokante369 (button) folded on the Pre-Flop
Seat 4: Saaiii did not show and won 4800.00
Seat 5: lipesticky (big blind) folded on the Pre-Flop
Seat 6: Spreads folded on the Pre-Flop and did not bet
Seat 7: vaicalhau folded on the Pre-Flop and did not bet
Seat 8: aviciistomach folded on the Pre-Flop and did not bet

Game Hand #2021474008 - Tournament #31163912 - Holdem (No Limit) - Level 9 (800.00/1600.00)- 2024/02/08 21:22:37 UTC
Table '8' 8-max Seat #4 is the button
Seat 1: arthurms (60543.00)
Seat 2: rin1rus (94054.00)
Seat 3: ngolokante369 (17150.00)
Seat 4: Saaiii (29150.00)
Seat 5: lipesticky (22800.00)
Seat 6: Spreads (19988.00)
Seat 7: vaicalhau (21425.00)
Seat 8: aviciistomach (54626.00)
arthurms posts ante 200.00
rin1rus posts ante 200.00
ngolokante369 posts ante 200.00
Saaiii posts ante 200.00
lipesticky posts ante 200.00
Spreads posts ante 200.00
vaicalhau posts ante 200.00
aviciistomach posts ante 200.00
lipesticky posts the small blind 800.00
Spreads posts the big blind 1600.00
*** HOLE CARDS ***
Main pot 1600.00
Dealt to lipesticky [4d Ac]
vaicalhau folds
aviciistomach folds
arthurms folds
rin1rus folds
ngolokante369 raises 16150.00 to 16150.00
Saaiii folds
lipesticky folds
Spreads folds
Uncalled bet (14550.00) returned to ngolokante369
ngolokante369 shows [7s -]
*** SUMMARY ***
Total pot 5600.00
Seat 1: arthurms folded on the Pre-Flop and did not bet
Seat 2: rin1rus folded on the Pre-Flop and did not bet
Seat 3: ngolokante369 showed [7s -] and won 5600.00
Seat 4: Saaiii (button) folded on the Pre-Flop
Seat 5: lipesticky (small blind) folded on the Pre-Flop
Seat 6: Spreads (big blind) folded on the Pre-Flop
Seat 7: vaicalhau folded on the Pre-Flop and did not bet
Seat 8: aviciistomach folded on the Pre-Flop and did not bet

Game Hand #2021474948 - Tournament #31163912 - Holdem (No Limit) - Level 9 (800.00/1600.00)- 2024/02/08 21:23:32 UTC
Table '8' 8-max Seat #5 is the button
Seat 1: arthurms (60343.00)
Seat 2: rin1rus (93854.00)
Seat 3: ngolokante369 (20950.00)
Seat 4: Saaiii (28950.00)
Seat 5: lipesticky (21800.00)
Seat 6: Spreads (18188.00)
Seat 7: vaicalhau (21225.00)
Seat 8: aviciistomach (54426.00)
arthurms posts ante 200.00
rin1rus posts ante 200.00
ngolokante369 posts ante 200.00
Saaiii posts ante 200.00
lipesticky posts ante 200.00
Spreads posts ante 200.00
vaicalhau posts ante 200.00
aviciistomach posts ante 200.00
Spreads posts the small blind 800.00
vaicalhau posts the big blind 1600.00
*** HOLE CARDS ***
Main pot 1600.00
Dealt to lipesticky [6d 5c]
aviciistomach folds
arthurms folds
rin1rus folds
ngolokante369 folds
Saaiii folds
lipesticky folds
Spreads folds
vaicalhau does not show
*** SUMMARY ***
Total pot 4000.00
Seat 1: arthurms folded on the Pre-Flop and did not bet
Seat 2: rin1rus folded on the Pre-Flop and did not bet
Seat 3: ngolokante369 folded on the Pre-Flop and did not bet
Seat 4: Saaiii folded on the Pre-Flop and did not bet
Seat 5: lipesticky (button) folded on the Pre-Flop
Seat 6: Spreads (small blind) folded on the Pre-Flop
Seat 7: vaicalhau did not show and won 4000.00
Seat 8: aviciistomach folded on the Pre-Flop and did not bet

Game Hand #2021475277 - Tournament #31163912 - Holdem (No Limit) - Level 9 (800.00/1600.00)- 2024/02/08 21:23:53 UTC
Table '8' 8-max Seat #6 is the button
Seat 1: arthurms (60143.00)
Seat 2: rin1rus (93654.00)
Seat 5: lipesticky (21600.00)
Seat 7: vaicalhau (23425.00)
arthurms posts ante 200.00
rin1rus posts ante 200.00
lipesticky posts ante 200.00
vaicalhau posts ante 200.00
vaicalhau posts the small blind 800.00
arthurms posts the big blind 1600.00
*** HOLE CARDS ***
Main pot 800.00
Dealt to lipesticky [9d 4h]
rin1rus folds
lipesticky folds
vaicalhau folds
arthurms does not show
*** SUMMARY ***
Total pot 3200.00
Seat 1: arthurms did not show and won 3200.00
Seat 2: rin1rus folded on the Pre-Flop and did not bet
Seat 5: lipesticky folded on the Pre-Flop and did not bet
Seat 7: vaicalhau (small blind) folded on the Pre-Flop

Game Hand #2021475452 - Tournament #31163912 - Holdem (No Limit) - Level 9 (800.00/1600.00)- 2024/02/08 21:24:03 UTC
Table '8' 8-max Seat #7 is the button
Seat 1: arthurms (61543.00)
Seat 2: rin1rus (93454.00)
Seat 5: lipesticky (21400.00)
Seat 7: vaicalhau (22425.00)
arthurms posts ante 200.00
rin1rus posts ante 200.00
lipesticky posts ante 200.00
vaicalhau posts ante 200.00
arthurms posts the small blind 800.00
rin1rus posts the big blind 1600.00
*** HOLE CARDS ***
Main pot 800.00
Dealt to lipesticky [6d 9h]
lipesticky folds
vaicalhau raises 21425.00 to 21425.00
arthurms folds
rin1rus folds
Uncalled bet (19825.00) returned to vaicalhau
vaicalhau does not show
*** SUMMARY ***
Total pot 4800.00
Seat 1: arthurms (small blind) folded on the Pre-Flop
Seat 2: rin1rus (big blind) folded on the Pre-Flop
Seat 5: lipesticky folded on the Pre-Flop and did not bet
Seat 7: vaicalhau did not show and won 4800.00

Game Hand #2021475963 - Tournament #31163912 - Holdem (No Limit) - Level 9 (800.00/1600.00)- 2024/02/08 21:24:33 UTC
Table '8' 8-max Seat #1 is the button
Seat 1: arthurms (60543.00)
Seat 2: rin1rus (91654.00)
Seat 3: Koufontinas32 (73938.00)
Seat 4: Pinotchick (31025.00)
Seat 5: lipesticky (21200.00)
Seat 6: 1OutOliver (25000.00)
Seat 7: vaicalhau (25425.00)
arthurms posts ante 200.00
rin1rus posts ante 200.00
Koufontinas32 posts ante 200.00
Pinotchick posts ante 200.00
lipesticky posts ante 200.00
1OutOliver posts ante 200.00
vaicalhau posts ante 200.00
rin1rus posts the small blind 800.00
Koufontinas32 posts the big blind 1600.00
*** HOLE CARDS ***
Main pot 1400.00
Dealt to lipesticky [4h 6h]
Pinotchick folds
lipesticky folds
1OutOliver raises 3200.00 to 3200.00
vaicalhau raises 25225.00 to 25225.00 and is all-in
arthurms folds
rin1rus folds
Koufontinas32 folds
1OutOliver folds
Uncalled bet (22025.00) returned to vaicalhau
vaicalhau does not show
*** SUMMARY ***
Total pot 10200.00
Seat 1: arthurms (button) folded on the Pre-Flop
Seat 2: rin1rus (small blind) folded on the Pre-Flop
Seat 3: Koufontinas32 (big blind) folded on the Pre-Flop
Seat 4: Pinotchick folded on the Pre-Flop and did not bet
Seat 5: lipesticky folded on the Pre-Flop and did not bet
Seat 6: 1OutOliver folded on the Pre-Flop and did not bet
Seat 7: vaicalhau did not show and won 10200.00

Game Hand #2021476642 - Tournament #31163912 - Holdem (No Limit) - Level 9 (800.00/1600.00)- 2024/02/08 21:25:14 UTC
Table '8' 8-max Seat #2 is the button
Seat 1: arthurms (60343.00)
Seat 2: rin1rus (90654.00)
Seat 3: Koufontinas32 (72138.00)
Seat 4: Pinotchick (30825.00)
Seat 5: lipesticky (21000.00)
Seat 6: 1OutOliver (21600.00)
Seat 7: vaicalhau (32225.00)
arthurms posts ante 200.00
rin1rus posts ante 200.00
Koufontinas32 posts ante 200.00
Pinotchick posts ante 200.00
lipesticky posts ante 200.00
1OutOliver posts ante 200.00
vaicalhau posts ante 200.00
Koufontinas32 posts the small blind 800.00
Pinotchick posts the big blind 1600.00
*** HOLE CARDS ***
Main pot 1400.00
Dealt to lipesticky [Kh 6c]
lipesticky folds
1OutOliver folds
vaicalhau folds
arthurms folds
rin1rus folds
Koufontinas32 raises 3100.00 to 3900.00
Pinotchick folds
Uncalled bet (2300.00) returned to Koufontinas32
Koufontinas32 does not show
*** SUMMARY ***
Total pot 4600.00
Seat 1: arthurms folded on the Pre-Flop and did not bet
Seat 2: rin1rus (button) folded on the Pre-Flop
Seat 3: Koufontinas32 did not show and won 4600.00
Seat 4: Pinotchick (big blind) folded on the Pre-Flop
Seat 5: lipesticky folded on the Pre-Flop and did not bet
Seat 6: 1OutOliver folded on the Pre-Flop and did not bet
Seat 7: vaicalhau folded on the Pre-Flop and did not bet

Game Hand #2021477340 - Tournament #31163912 - Holdem (No Limit) - Level 9 (800.00/1600.00)- 2024/02/08 21:25:55 UTC
Table '8' 8-max Seat #3 is the button
Seat 1: arthurms (60143.00)
Seat 2: rin1rus (90454.00)
Seat 3: Koufontinas32 (74938.00)
Seat 4: Pinotchick (29025.00)
Seat 5: lipesticky (20800.00)
Seat 6: 1OutOliver (21400.00)
Seat 7: vaicalhau (32025.00)
Seat 8: fastpt97 (24800.00)
arthurms posts ante 200.00
rin1rus posts ante 200.00
Koufontinas32 posts ante 200.00
Pinotchick posts ante 200.00
lipesticky posts ante 200.00
1OutOliver posts ante 200.00
vaicalhau posts ante 200.00
fastpt97 posts ante 200.00
Pinotchick posts the small blind 800.00
lipesticky posts the big blind 1600.00
*** HOLE CARDS ***
Main pot 1600.00
Dealt to lipesticky [5d Ac]
1OutOliver folds
vaicalhau folds
fastpt97 folds
arthurms raises 3200.00 to 3200.00
rin1rus folds
Koufontinas32 folds
Pinotchick folds
lipesticky raises 19000.00 to 20600.00 and is all-in
arthurms calls 17400.00
*** FLOP *** [Kd 2d 5h]
Main pot 43600.00
*** TURN *** [Kd 2d 5h] [3c]
Main pot 43600.00
*** RIVER *** [Kd 2d 5h 3c] [Td]
Main pot 43600.00
*** SHOW DOWN ***
Main pot 43600.00
arthurms shows [8d Ad] (a flush, Ace high [Ad Kd Td 8d 2d])
lipesticky shows [5d Ac] (a pair of Fives [5h 5d Ac Kd Td])
arthurms collected 43600.00 from main pot
*** SUMMARY ***
Total pot 43600.00
Board [Kd 2d 5h 3c Td]
Seat 1: arthurms showed [8d Ad] and won 43600.00 with a flush, Ace high [Ad Kd Td 8d 2d]
Seat 2: rin1rus folded on the Pre-Flop and did not bet
Seat 3: Koufontinas32 (button) folded on the Pre-Flop
Seat 4: Pinotchick (small blind) folded on the Pre-Flop
Seat 5: lipesticky (big blind) showed [5d Ac] and lost with a pair of Fives [5h 5d Ac Kd Td]
Seat 6: 1OutOliver folded on the Pre-Flop and did not bet
Seat 7: vaicalhau folded on the Pre-Flop and did not bet
Seat 8: fastpt97 folded on the Pre-Flop and did not bet

