PokerStars Hand #257202569554: Tournament #3914011344, $10.27+$0.73 USD Hold'em No Limit - Level VII (100/200) - 2025/08/03 18:02:07 BRT [2025/08/03 17:02:07 ET]
Table '3914011344 3' 7-max Seat #4 is the button
Seat 1: Gabrielfs13 (5000 in chips) 
Seat 2: Iamcaraaa (2608 in chips) 
Seat 3: skt.97 (3907 in chips) 
Seat 4: SammaS777 (3261 in chips) 
Seat 5: Michi3366 (5870 in chips) 
Seat 6: wiars (15377 in chips) 
Seat 7: tigaio (5562 in chips) 
Gabrielfs13: posts the ante 50
Iamcaraaa: posts the ante 50
skt.97: posts the ante 50
SammaS777: posts the ante 50
Michi3366: posts the ante 50
wiars: posts the ante 50
tigaio: posts the ante 50
Michi3366: posts small blind 100
wiars: posts big blind 200
*** HOLE CARDS ***
Dealt to Gabrielfs13 [5d Jc]
tigaio: folds 
Gabrielfs13: folds 
Iamcaraaa: folds 
skt.97: folds 
SammaS777: folds 
Michi3366: raises 400 to 600
wiars: raises 14727 to 15327 and is all-in
Michi3366: folds 
Uncalled bet (14727) returned to wiars
wiars collected 1550 from pot
wiars: doesn't show hand 
*** SUMMARY ***
Total pot 1550 | Rake 0 
Seat 1: Gabrielfs13 folded before Flop (didn't bet)
Seat 2: Iamcaraaa folded before Flop (didn't bet)
Seat 3: skt.97 folded before Flop (didn't bet)
Seat 4: SammaS777 (button) folded before Flop (didn't bet)
Seat 5: Michi3366 (small blind) folded before Flop
Seat 6: wiars (big blind) collected (1550)
Seat 7: tigaio folded before Flop (didn't bet)



PokerStars Hand #257202587281: Tournament #3914011344, $10.27+$0.73 USD Hold'em No Limit - Level VIII (125/250) - 2025/08/03 18:03:09 BRT [2025/08/03 17:03:09 ET]
Table '3914011344 3' 7-max Seat #5 is the button
Seat 1: Gabrielfs13 (4950 in chips) 
Seat 2: Iamcaraaa (2558 in chips) 
Seat 3: skt.97 (3857 in chips) 
Seat 4: SammaS777 (3211 in chips) 
Seat 5: Michi3366 (5220 in chips) 
Seat 6: wiars (16277 in chips) 
Seat 7: tigaio (5512 in chips) 
Gabrielfs13: posts the ante 60
Iamcaraaa: posts the ante 60
skt.97: posts the ante 60
SammaS777: posts the ante 60
Michi3366: posts the ante 60
wiars: posts the ante 60
tigaio: posts the ante 60
wiars: posts small blind 125
tigaio: posts big blind 250
*** HOLE CARDS ***
Dealt to Gabrielfs13 [2c Jd]
Gabrielfs13: folds 
Iamcaraaa: raises 2248 to 2498 and is all-in
skt.97: folds 
SammaS777: raises 653 to 3151 and is all-in
Michi3366: folds 
wiars: folds 
tigaio: calls 2901
*** FLOP *** [7d Js 6d]
*** TURN *** [7d Js 6d] [Jh]
*** RIVER *** [7d Js 6d Jh] [8h]
*** SHOW DOWN ***
tigaio: shows [6c 7c] (two pair, Jacks and Sevens)
SammaS777: shows [As 8c] (two pair, Jacks and Eights)
SammaS777 collected 1306 from side pot
Iamcaraaa: shows [Jc 9c] (three of a kind, Jacks)
Iamcaraaa collected 8039 from main pot
*** SUMMARY ***
Total pot 9345 Main pot 8039. Side pot 1306. | Rake 0 
Board [7d Js 6d Jh 8h]
Seat 1: Gabrielfs13 folded before Flop (didn't bet)
Seat 2: Iamcaraaa showed [Jc 9c] and won (8039) with three of a kind, Jacks
Seat 3: skt.97 folded before Flop (didn't bet)
Seat 4: SammaS777 showed [As 8c] and won (1306) with two pair, Jacks and Eights
Seat 5: Michi3366 (button) folded before Flop (didn't bet)
Seat 6: wiars (small blind) folded before Flop
Seat 7: tigaio (big blind) showed [6c 7c] and lost with two pair, Jacks and Sevens



PokerStars Hand #257202600991: Tournament #3914011344, $10.27+$0.73 USD Hold'em No Limit - Level VIII (125/250) - 2025/08/03 18:03:57 BRT [2025/08/03 17:03:57 ET]
Table '3914011344 3' 7-max Seat #6 is the button
Seat 1: Gabrielfs13 (4890 in chips) 
Seat 2: Iamcaraaa (8039 in chips) 
Seat 3: skt.97 (3797 in chips) 
Seat 4: SammaS777 (1306 in chips) 
Seat 5: Michi3366 (5160 in chips) 
Seat 6: wiars (16092 in chips) 
Seat 7: tigaio (2301 in chips) 
Gabrielfs13: posts the ante 60
Iamcaraaa: posts the ante 60
skt.97: posts the ante 60
SammaS777: posts the ante 60
Michi3366: posts the ante 60
wiars: posts the ante 60
tigaio: posts the ante 60
tigaio: posts small blind 125
Gabrielfs13: posts big blind 250
*** HOLE CARDS ***
Dealt to Gabrielfs13 [6s 8s]
Iamcaraaa: folds 
skt.97: folds 
SammaS777: raises 996 to 1246 and is all-in
Michi3366: raises 3854 to 5100 and is all-in
wiars: folds 
tigaio: calls 2116 and is all-in
Gabrielfs13: folds 
Uncalled bet (2859) returned to Michi3366
*** FLOP *** [7d 7h 4h]
*** TURN *** [7d 7h 4h] [Kc]
*** RIVER *** [7d 7h 4h Kc] [3s]
*** SHOW DOWN ***
tigaio: shows [4s 4c] (a full house, Fours full of Sevens)
Michi3366: shows [Js Ks] (two pair, Kings and Sevens)
tigaio collected 1990 from side pot
SammaS777: shows [Tc 8d] (a pair of Sevens)
tigaio collected 4408 from main pot
SammaS777 finished the tournament
Broodmaker is disconnected 
*** SUMMARY ***
Total pot 6398 Main pot 4408. Side pot 1990. | Rake 0 
Board [7d 7h 4h Kc 3s]
Seat 1: Gabrielfs13 (big blind) folded before Flop
Seat 2: Iamcaraaa folded before Flop (didn't bet)
Seat 3: skt.97 folded before Flop (didn't bet)
Seat 4: SammaS777 showed [Tc 8d] and lost with a pair of Sevens
Seat 5: Michi3366 showed [Js Ks] and lost with two pair, Kings and Sevens
Seat 6: wiars (button) folded before Flop (didn't bet)
Seat 7: tigaio (small blind) showed [4s 4c] and won (6398) with a full house, Fours full of Sevens



PokerStars Hand #257202619168: Tournament #3914011344, $10.27+$0.73 USD Hold'em No Limit - Level VIII (125/250) - 2025/08/03 18:05:00 BRT [2025/08/03 17:05:00 ET]
Table '3914011344 3' 7-max Seat #7 is the button
Seat 1: Gabrielfs13 (4580 in chips) 
Seat 2: Iamcaraaa (7979 in chips) 
Seat 4: Broodmaker (3284 in chips) 
Seat 5: Michi3366 (2859 in chips) 
Seat 6: wiars (16032 in chips) 
Seat 7: tigaio (6398 in chips) 
Gabrielfs13: posts the ante 60
Iamcaraaa: posts the ante 60
Broodmaker: posts the ante 60
Michi3366: posts the ante 60
wiars: posts the ante 60
tigaio: posts the ante 60
Gabrielfs13: posts small blind 125
Iamcaraaa: posts big blind 250
*** HOLE CARDS ***
Dealt to Gabrielfs13 [As 9h]
Broodmaker: folds 
Michi3366: folds 
wiars: folds 
tigaio: raises 250 to 500
Gabrielfs13: raises 4020 to 4520 and is all-in
Iamcaraaa: folds 
tigaio: calls 4020
*** FLOP *** [4c 4h 3c]
*** TURN *** [4c 4h 3c] [3s]
*** RIVER *** [4c 4h 3c 3s] [Ac]
*** SHOW DOWN ***
Gabrielfs13: shows [As 9h] (two pair, Aces and Fours)
tigaio: shows [Ad Th] (two pair, Aces and Fours - Ten kicker)
tigaio collected 9650 from pot
Gabrielfs13 finished the tournament
*** SUMMARY ***
Total pot 9650 | Rake 0 
Board [4c 4h 3c 3s Ac]
Seat 1: Gabrielfs13 (small blind) showed [As 9h] and lost with two pair, Aces and Fours
Seat 2: Iamcaraaa (big blind) folded before Flop
Seat 4: Broodmaker folded before Flop (didn't bet)
Seat 5: Michi3366 folded before Flop (didn't bet)
Seat 6: wiars folded before Flop (didn't bet)
Seat 7: tigaio (button) showed [Ad Th] and won (9650) with two pair, Aces and Fours



