PokerStars Hand #257289731484: Tournament #3914634513, $10+$10+$2 USD Hold'em No Limit - Level I (25/50) - 2025/08/10 14:05:30 BRT [2025/08/10 13:05:30 ET]
Table '3914634513 131' 8-max Seat #4 is the button
Seat 1: Captainmb87 (8230 in chips, $10 bounty) 
Seat 2: KESHISHO (10185 in chips, $10 bounty) 
Seat 3: hopezACE (9785 in chips, $10 bounty) 
Seat 4: 1973martin (9740 in chips, $10 bounty) 
Seat 5: El Toledo 91 (9945 in chips, $10 bounty) 
Seat 6: Gabrielfs13 (10000 in chips, $10 bounty) 
Seat 8: IsoVega (10215 in chips, $10 bounty) 
Captainmb87: posts the ante 5
KESHISHO: posts the ante 5
hopezACE: posts the ante 5
1973martin: posts the ante 5
El Toledo 91: posts the ante 5
Gabrielfs13: posts the ante 5
IsoVega: posts the ante 5
El Toledo 91: posts small blind 25
Gabrielfs13: posts big blind 50
*** HOLE CARDS ***
Dealt to Gabrielfs13 [As Js]
IsoVega: folds 
Captainmb87: calls 50
KESHISHO: folds 
Jackpot_7789 is disconnected 
hopezACE: folds 
1973martin: calls 50
El Toledo 91: calls 25
Gabrielfs13: raises 275 to 325
Captainmb87: raises 425 to 750
1973martin: calls 700
El Toledo 91: folds 
Gabrielfs13: calls 425
*** FLOP *** [Kd 9h 6h]
Gabrielfs13: checks 
Captainmb87: bets 1168
1973martin: folds 
Gabrielfs13: folds 
Uncalled bet (1168) returned to Captainmb87
Captainmb87 collected 2335 from pot
*** SUMMARY ***
Total pot 2335 | Rake 0 
Board [Kd 9h 6h]
Seat 1: Captainmb87 collected (2335)
Seat 2: KESHISHO folded before Flop (didn't bet)
Seat 3: hopezACE folded before Flop (didn't bet)
Seat 4: 1973martin (button) folded on the Flop
Seat 5: El Toledo 91 (small blind) folded before Flop
Seat 6: Gabrielfs13 (big blind) folded on the Flop
Seat 8: IsoVega folded before Flop (didn't bet)



PokerStars Hand #257289747312: Tournament #3914634513, $10+$10+$2 USD Hold'em No Limit - Level I (25/50) - 2025/08/10 14:06:38 BRT [2025/08/10 13:06:38 ET]
Table '3914634513 131' 8-max Seat #5 is the button
Seat 1: Captainmb87 (9810 in chips, $10 bounty) 
Seat 2: KESHISHO (10180 in chips, $10 bounty) 
Seat 3: hopezACE (9780 in chips, $10 bounty) 
Seat 4: 1973martin (8985 in chips, $10 bounty) 
Seat 5: El Toledo 91 (9890 in chips, $10 bounty) 
Seat 6: Gabrielfs13 (9245 in chips, $10 bounty) 
Seat 7: Jackpot_7789 (10000 in chips, $10 bounty) 
Seat 8: IsoVega (10210 in chips, $10 bounty) 
Captainmb87: posts the ante 5
KESHISHO: posts the ante 5
hopezACE: posts the ante 5
1973martin: posts the ante 5
El Toledo 91: posts the ante 5
Gabrielfs13: posts the ante 5
Jackpot_7789: posts the ante 5
IsoVega: posts the ante 5
Gabrielfs13: posts small blind 25
Jackpot_7789: posts big blind 50
*** HOLE CARDS ***
Dealt to Gabrielfs13 [Qh Ts]
IsoVega: raises 50 to 100
Captainmb87: calls 100
KESHISHO: folds 
hopezACE: folds 
1973martin: folds 
El Toledo 91: folds 
Gabrielfs13: folds 
Jackpot_7789: calls 50
*** FLOP *** [7h Js 6s]
Jackpot_7789: checks 
IsoVega: checks 
Captainmb87: bets 150
Jackpot_7789: calls 150
IsoVega: folds 
*** TURN *** [7h Js 6s] [6c]
Jackpot_7789: bets 219
Captainmb87: calls 219
*** RIVER *** [7h Js 6s 6c] [5s]
Jackpot_7789: checks 
Captainmb87: checks 
*** SHOW DOWN ***
Jackpot_7789: shows [5d 7s] (two pair, Sevens and Sixes)
Captainmb87: shows [9c 9h] (two pair, Nines and Sixes)
Captainmb87 collected 1103 from pot
*** SUMMARY ***
Total pot 1103 | Rake 0 
Board [7h Js 6s 6c 5s]
Seat 1: Captainmb87 showed [9c 9h] and won (1103) with two pair, Nines and Sixes
Seat 2: KESHISHO folded before Flop (didn't bet)
Seat 3: hopezACE folded before Flop (didn't bet)
Seat 4: 1973martin folded before Flop (didn't bet)
Seat 5: El Toledo 91 (button) folded before Flop (didn't bet)
Seat 6: Gabrielfs13 (small blind) folded before Flop
Seat 7: Jackpot_7789 (big blind) showed [5d 7s] and lost with two pair, Sevens and Sixes
Seat 8: IsoVega folded on the Flop



PokerStars Hand #257289762891: Tournament #3914634513, $10+$10+$2 USD Hold'em No Limit - Level I (25/50) - 2025/08/10 14:07:45 BRT [2025/08/10 13:07:45 ET]
Table '3914634513 131' 8-max Seat #6 is the button
Seat 1: Captainmb87 (10439 in chips, $10 bounty) 
Seat 2: KESHISHO (10175 in chips, $10 bounty) 
Seat 3: hopezACE (9775 in chips, $10 bounty) 
Seat 4: 1973martin (8980 in chips, $10 bounty) 
Seat 5: El Toledo 91 (9885 in chips, $10 bounty) 
Seat 6: Gabrielfs13 (9215 in chips, $10 bounty) 
Seat 7: Jackpot_7789 (9526 in chips, $10 bounty) 
Seat 8: IsoVega (10105 in chips, $10 bounty) 
Captainmb87: posts the ante 5
KESHISHO: posts the ante 5
hopezACE: posts the ante 5
1973martin: posts the ante 5
El Toledo 91: posts the ante 5
Gabrielfs13: posts the ante 5
Jackpot_7789: posts the ante 5
IsoVega: posts the ante 5
Jackpot_7789: posts small blind 25
IsoVega: posts big blind 50
*** HOLE CARDS ***
Dealt to Gabrielfs13 [7h 2s]
Captainmb87: folds 
KESHISHO: folds 
hopezACE: folds 
1973martin: folds 
El Toledo 91: raises 50 to 100
Gabrielfs13: folds 
Jackpot_7789: folds 
IsoVega: calls 50
*** FLOP *** [Js Jd Jc]
IsoVega: checks 
El Toledo 91: bets 93
IsoVega: calls 93
*** TURN *** [Js Jd Jc] [2c]
IsoVega: checks 
El Toledo 91: checks 
*** RIVER *** [Js Jd Jc 2c] [Th]
IsoVega: bets 334
El Toledo 91: folds 
Uncalled bet (334) returned to IsoVega
IsoVega collected 451 from pot
IsoVega: doesn't show hand 
*** SUMMARY ***
Total pot 451 | Rake 0 
Board [Js Jd Jc 2c Th]
Seat 1: Captainmb87 folded before Flop (didn't bet)
Seat 2: KESHISHO folded before Flop (didn't bet)
Seat 3: hopezACE folded before Flop (didn't bet)
Seat 4: 1973martin folded before Flop (didn't bet)
Seat 5: El Toledo 91 folded on the River
Seat 6: Gabrielfs13 (button) folded before Flop (didn't bet)
Seat 7: Jackpot_7789 (small blind) folded before Flop
Seat 8: IsoVega (big blind) collected (451)



PokerStars Hand #257289779102: Tournament #3914634513, $10+$10+$2 USD Hold'em No Limit - Level I (25/50) - 2025/08/10 14:08:55 BRT [2025/08/10 13:08:55 ET]
Table '3914634513 131' 8-max Seat #7 is the button
Seat 1: Captainmb87 (10434 in chips, $10 bounty) 
Seat 2: KESHISHO (10170 in chips, $10 bounty) 
Seat 3: hopezACE (9770 in chips, $10 bounty) 
Seat 4: 1973martin (8975 in chips, $10 bounty) 
Seat 5: El Toledo 91 (9687 in chips, $10 bounty) 
Seat 6: Gabrielfs13 (9210 in chips, $10 bounty) 
Seat 7: Jackpot_7789 (9496 in chips, $10 bounty) 
Seat 8: IsoVega (10358 in chips, $10 bounty) 
Captainmb87: posts the ante 5
KESHISHO: posts the ante 5
hopezACE: posts the ante 5
1973martin: posts the ante 5
El Toledo 91: posts the ante 5
Gabrielfs13: posts the ante 5
Jackpot_7789: posts the ante 5
IsoVega: posts the ante 5
IsoVega: posts small blind 25
Captainmb87: posts big blind 50
*** HOLE CARDS ***
Dealt to Gabrielfs13 [Qc Ks]
KESHISHO: raises 100 to 150
hopezACE: folds 
1973martin: calls 150
El Toledo 91: folds 
Gabrielfs13: calls 150
Jackpot_7789: folds 
IsoVega: folds 
Captainmb87: calls 100
*** FLOP *** [2h Jh 9s]
Captainmb87: bets 150
KESHISHO: raises 647 to 797
1973martin: calls 797
Gabrielfs13: folds 
Captainmb87: raises 9482 to 10279 and is all-in
KESHISHO: calls 9218 and is all-in
1973martin: folds 
Uncalled bet (264) returned to Captainmb87
*** TURN *** [2h Jh 9s] [Qh]
*** RIVER *** [2h Jh 9s Qh] [4h]
*** SHOW DOWN ***
Captainmb87: shows [9d Js] (two pair, Jacks and Nines)
KESHISHO: shows [Jc Kd] (a pair of Jacks)
Captainmb87 collected 21492 from pot
Captainmb87 wins $5 for eliminating KESHISHO and their own bounty increases by $5 to $15
KESHISHO finished the tournament
*** SUMMARY ***
Total pot 21492 | Rake 0 
Board [2h Jh 9s Qh 4h]
Seat 1: Captainmb87 (big blind) showed [9d Js] and won (21492) with two pair, Jacks and Nines
Seat 2: KESHISHO showed [Jc Kd] and lost with a pair of Jacks
Seat 3: hopezACE folded before Flop (didn't bet)
Seat 4: 1973martin folded on the Flop
Seat 5: El Toledo 91 folded before Flop (didn't bet)
Seat 6: Gabrielfs13 folded on the Flop
Seat 7: Jackpot_7789 (button) folded before Flop (didn't bet)
Seat 8: IsoVega (small blind) folded before Flop



PokerStars Hand #257289803229: Tournament #3914634513, $10+$10+$2 USD Hold'em No Limit - Level II (30/60) - 2025/08/10 14:10:38 BRT [2025/08/10 13:10:38 ET]
Table '3914634513 131' 8-max Seat #8 is the button
Seat 1: Captainmb87 (21756 in chips, $15 bounty) 
Seat 2: eric_anka (10000 in chips, $10 bounty) 
Seat 3: hopezACE (9765 in chips, $10 bounty) 
Seat 4: 1973martin (8023 in chips, $10 bounty) 
Seat 5: El Toledo 91 (9682 in chips, $10 bounty) 
Seat 6: Gabrielfs13 (9055 in chips, $10 bounty) 
Seat 7: Jackpot_7789 (9491 in chips, $10 bounty) 
Seat 8: IsoVega (10328 in chips, $10 bounty) 
Captainmb87: posts the ante 6
eric_anka: posts the ante 6
hopezACE: posts the ante 6
1973martin: posts the ante 6
El Toledo 91: posts the ante 6
Gabrielfs13: posts the ante 6
Jackpot_7789: posts the ante 6
IsoVega: posts the ante 6
Captainmb87: posts small blind 30
eric_anka: posts big blind 60
*** HOLE CARDS ***
Dealt to Gabrielfs13 [2s 3d]
hopezACE: raises 90 to 150
1973martin: calls 150
El Toledo 91: folds 
Gabrielfs13: folds 
Jackpot_7789: folds 
IsoVega: folds 
Captainmb87: folds 
eric_anka: folds 
*** FLOP *** [Td 2d 2c]
hopezACE: checks 
1973martin: checks 
*** TURN *** [Td 2d 2c] [9d]
hopezACE: bets 298
1973martin: folds 
Uncalled bet (298) returned to hopezACE
hopezACE collected 438 from pot
hopezACE: doesn't show hand 
*** SUMMARY ***
Total pot 438 | Rake 0 
Board [Td 2d 2c 9d]
Seat 1: Captainmb87 (small blind) folded before Flop
Seat 2: eric_anka (big blind) folded before Flop
Seat 3: hopezACE collected (438)
Seat 4: 1973martin folded on the Turn
Seat 5: El Toledo 91 folded before Flop (didn't bet)
Seat 6: Gabrielfs13 folded before Flop (didn't bet)
Seat 7: Jackpot_7789 folded before Flop (didn't bet)
Seat 8: IsoVega (button) folded before Flop (didn't bet)



PokerStars Hand #257289818657: Tournament #3914634513, $10+$10+$2 USD Hold'em No Limit - Level II (30/60) - 2025/08/10 14:11:44 BRT [2025/08/10 13:11:44 ET]
Table '3914634513 131' 8-max Seat #1 is the button
Seat 1: Captainmb87 (21720 in chips, $15 bounty) 
Seat 2: eric_anka (9934 in chips, $10 bounty) 
Seat 3: hopezACE (10047 in chips, $10 bounty) 
Seat 4: 1973martin (7867 in chips, $10 bounty) 
Seat 5: El Toledo 91 (9676 in chips, $10 bounty) 
Seat 6: Gabrielfs13 (9049 in chips, $10 bounty) 
Seat 7: Jackpot_7789 (9485 in chips, $10 bounty) 
Seat 8: IsoVega (10322 in chips, $10 bounty) 
Captainmb87: posts the ante 6
eric_anka: posts the ante 6
hopezACE: posts the ante 6
1973martin: posts the ante 6
El Toledo 91: posts the ante 6
Gabrielfs13: posts the ante 6
Jackpot_7789: posts the ante 6
IsoVega: posts the ante 6
eric_anka: posts small blind 30
hopezACE: posts big blind 60
*** HOLE CARDS ***
Dealt to Gabrielfs13 [Th 4s]
1973martin: calls 60
El Toledo 91: folds 
Gabrielfs13: folds 
Jackpot_7789: folds 
IsoVega: folds 
Captainmb87: calls 60
eric_anka: folds 
hopezACE: checks 
*** FLOP *** [8s 3s As]
hopezACE: checks 
1973martin: checks 
Captainmb87: bets 120
hopezACE: folds 
1973martin: folds 
Uncalled bet (120) returned to Captainmb87
Captainmb87 collected 258 from pot
*** SUMMARY ***
Total pot 258 | Rake 0 
Board [8s 3s As]
Seat 1: Captainmb87 (button) collected (258)
Seat 2: eric_anka (small blind) folded before Flop
Seat 3: hopezACE (big blind) folded on the Flop
Seat 4: 1973martin folded on the Flop
Seat 5: El Toledo 91 folded before Flop (didn't bet)
Seat 6: Gabrielfs13 folded before Flop (didn't bet)
Seat 7: Jackpot_7789 folded before Flop (didn't bet)
Seat 8: IsoVega folded before Flop (didn't bet)



PokerStars Hand #257289839819: Tournament #3914634513, $10+$10+$2 USD Hold'em No Limit - Level II (30/60) - 2025/08/10 14:13:13 BRT [2025/08/10 13:13:13 ET]
Table '3914634513 131' 8-max Seat #2 is the button
Seat 1: Captainmb87 (21912 in chips, $15 bounty) 
Seat 2: eric_anka (9898 in chips, $10 bounty) 
Seat 3: hopezACE (9981 in chips, $10 bounty) 
Seat 4: 1973martin (7801 in chips, $10 bounty) 
Seat 5: El Toledo 91 (9670 in chips, $10 bounty) 
Seat 6: Gabrielfs13 (9043 in chips, $10 bounty) 
Seat 7: Jackpot_7789 (9479 in chips, $10 bounty) 
Seat 8: IsoVega (10316 in chips, $10 bounty) 
Captainmb87: posts the ante 6
eric_anka: posts the ante 6
hopezACE: posts the ante 6
1973martin: posts the ante 6
El Toledo 91: posts the ante 6
Gabrielfs13: posts the ante 6
Jackpot_7789: posts the ante 6
IsoVega: posts the ante 6
hopezACE: posts small blind 30
1973martin: posts big blind 60
*** HOLE CARDS ***
Dealt to Gabrielfs13 [9h Th]
El Toledo 91: folds 
Gabrielfs13: raises 60 to 120
Jackpot_7789: folds 
IsoVega: folds 
Captainmb87: calls 120
eric_anka: folds 
hopezACE: folds 
1973martin: calls 60
*** FLOP *** [6s Jd Td]
1973martin: checks 
Gabrielfs13: checks 
Captainmb87: bets 180
1973martin: folds 
Gabrielfs13: raises 360 to 540
Captainmb87: folds 
Uncalled bet (360) returned to Gabrielfs13
Gabrielfs13 collected 798 from pot
Gabrielfs13: doesn't show hand 
*** SUMMARY ***
Total pot 798 | Rake 0 
Board [6s Jd Td]
Seat 1: Captainmb87 folded on the Flop
Seat 2: eric_anka (button) folded before Flop (didn't bet)
Seat 3: hopezACE (small blind) folded before Flop
Seat 4: 1973martin (big blind) folded on the Flop
Seat 5: El Toledo 91 folded before Flop (didn't bet)
Seat 6: Gabrielfs13 collected (798)
Seat 7: Jackpot_7789 folded before Flop (didn't bet)
Seat 8: IsoVega folded before Flop (didn't bet)



PokerStars Hand #257289855912: Tournament #3914634513, $10+$10+$2 USD Hold'em No Limit - Level II (30/60) - 2025/08/10 14:14:22 BRT [2025/08/10 13:14:22 ET]
Table '3914634513 131' 8-max Seat #3 is the button
Seat 1: Captainmb87 (21606 in chips, $15 bounty) 
Seat 2: eric_anka (9892 in chips, $10 bounty) 
Seat 3: hopezACE (9945 in chips, $10 bounty) 
Seat 4: 1973martin (7675 in chips, $10 bounty) 
Seat 5: El Toledo 91 (9664 in chips, $10 bounty) 
Seat 6: Gabrielfs13 (9535 in chips, $10 bounty) 
Seat 7: Jackpot_7789 (9473 in chips, $10 bounty) 
Seat 8: IsoVega (10310 in chips, $10 bounty) 
Captainmb87: posts the ante 6
eric_anka: posts the ante 6
hopezACE: posts the ante 6
1973martin: posts the ante 6
El Toledo 91: posts the ante 6
Gabrielfs13: posts the ante 6
Jackpot_7789: posts the ante 6
IsoVega: posts the ante 6
1973martin: posts small blind 30
El Toledo 91: posts big blind 60
*** HOLE CARDS ***
Dealt to Gabrielfs13 [9h 3h]
Gabrielfs13: folds 
Jackpot_7789: raises 60 to 120
IsoVega: folds 
Captainmb87: calls 120
eric_anka: folds 
hopezACE: folds 
1973martin: calls 90
El Toledo 91: calls 60
*** FLOP *** [3d 3c Tc]
1973martin: checks 
El Toledo 91: checks 
Jackpot_7789: checks 
Captainmb87: checks 
*** TURN *** [3d 3c Tc] [4d]
1973martin: checks 
El Toledo 91: bets 240
Jackpot_7789: folds 
Captainmb87: calls 240
1973martin: folds 
*** RIVER *** [3d 3c Tc 4d] [Kc]
El Toledo 91: checks 
Captainmb87: bets 504
El Toledo 91: folds 
Uncalled bet (504) returned to Captainmb87
Captainmb87 collected 1008 from pot
*** SUMMARY ***
Total pot 1008 | Rake 0 
Board [3d 3c Tc 4d Kc]
Seat 1: Captainmb87 collected (1008)
Seat 2: eric_anka folded before Flop (didn't bet)
Seat 3: hopezACE (button) folded before Flop (didn't bet)
Seat 4: 1973martin (small blind) folded on the Turn
Seat 5: El Toledo 91 (big blind) folded on the River
Seat 6: Gabrielfs13 folded before Flop (didn't bet)
Seat 7: Jackpot_7789 folded on the Turn
Seat 8: IsoVega folded before Flop (didn't bet)



PokerStars Hand #257289883473: Tournament #3914634513, $10+$10+$2 USD Hold'em No Limit - Level II (30/60) - 2025/08/10 14:16:20 BRT [2025/08/10 13:16:20 ET]
Table '3914634513 131' 8-max Seat #4 is the button
Seat 1: Captainmb87 (22248 in chips, $15 bounty) 
Seat 2: eric_anka (9886 in chips, $10 bounty) 
Seat 3: hopezACE (9939 in chips, $10 bounty) 
Seat 4: 1973martin (7549 in chips, $10 bounty) 
Seat 5: El Toledo 91 (9298 in chips, $10 bounty) 
Seat 6: Gabrielfs13 (9529 in chips, $10 bounty) 
Seat 7: Jackpot_7789 (9347 in chips, $10 bounty) 
Seat 8: IsoVega (10304 in chips, $10 bounty) 
Captainmb87: posts the ante 6
eric_anka: posts the ante 6
hopezACE: posts the ante 6
1973martin: posts the ante 6
El Toledo 91: posts the ante 6
Gabrielfs13: posts the ante 6
Jackpot_7789: posts the ante 6
IsoVega: posts the ante 6
El Toledo 91: posts small blind 30
Gabrielfs13: posts big blind 60
*** HOLE CARDS ***
Dealt to Gabrielfs13 [Qc 2h]
Jackpot_7789: folds 
IsoVega: folds 
Captainmb87: folds 
eric_anka: folds 
hopezACE: raises 60 to 120
1973martin: folds 
El Toledo 91: folds 
Gabrielfs13: folds 
Uncalled bet (60) returned to hopezACE
hopezACE collected 198 from pot
hopezACE: doesn't show hand 
*** SUMMARY ***
Total pot 198 | Rake 0 
Seat 1: Captainmb87 folded before Flop (didn't bet)
Seat 2: eric_anka folded before Flop (didn't bet)
Seat 3: hopezACE collected (198)
Seat 4: 1973martin (button) folded before Flop (didn't bet)
Seat 5: El Toledo 91 (small blind) folded before Flop
Seat 6: Gabrielfs13 (big blind) folded before Flop
Seat 7: Jackpot_7789 folded before Flop (didn't bet)
Seat 8: IsoVega folded before Flop (didn't bet)



PokerStars Hand #257289893613: Tournament #3914634513, $10+$10+$2 USD Hold'em No Limit - Level II (30/60) - 2025/08/10 14:17:03 BRT [2025/08/10 13:17:03 ET]
Table '3914634513 131' 8-max Seat #5 is the button
Seat 1: Captainmb87 (22242 in chips, $15 bounty) 
Seat 2: eric_anka (9880 in chips, $10 bounty) 
Seat 3: hopezACE (10071 in chips, $10 bounty) 
Seat 4: 1973martin (7543 in chips, $10 bounty) 
Seat 5: El Toledo 91 (9262 in chips, $10 bounty) 
Seat 6: Gabrielfs13 (9463 in chips, $10 bounty) 
Seat 7: Jackpot_7789 (9341 in chips, $10 bounty) 
Seat 8: IsoVega (10298 in chips, $10 bounty) 
Captainmb87: posts the ante 6
eric_anka: posts the ante 6
hopezACE: posts the ante 6
1973martin: posts the ante 6
El Toledo 91: posts the ante 6
Gabrielfs13: posts the ante 6
Jackpot_7789: posts the ante 6
IsoVega: posts the ante 6
Gabrielfs13: posts small blind 30
Jackpot_7789: posts big blind 60
*** HOLE CARDS ***
Dealt to Gabrielfs13 [9d 8s]
IsoVega: raises 60 to 120
Captainmb87: calls 120
eric_anka: folds 
hopezACE: folds 
1973martin: folds 
El Toledo 91: calls 120
Gabrielfs13: folds 
Jackpot_7789: folds 
*** FLOP *** [2s As 7h]
IsoVega: bets 164
Captainmb87: calls 164
El Toledo 91: folds 
*** TURN *** [2s As 7h] [3d]
IsoVega: bets 207
Captainmb87: calls 207
*** RIVER *** [2s As 7h 3d] [2c]
IsoVega: checks 
Captainmb87: bets 420
IsoVega: folds 
Uncalled bet (420) returned to Captainmb87
Captainmb87 collected 1240 from pot
*** SUMMARY ***
Total pot 1240 | Rake 0 
Board [2s As 7h 3d 2c]
Seat 1: Captainmb87 collected (1240)
Seat 2: eric_anka folded before Flop (didn't bet)
Seat 3: hopezACE folded before Flop (didn't bet)
Seat 4: 1973martin folded before Flop (didn't bet)
Seat 5: El Toledo 91 (button) folded on the Flop
Seat 6: Gabrielfs13 (small blind) folded before Flop
Seat 7: Jackpot_7789 (big blind) folded before Flop
Seat 8: IsoVega folded on the River



PokerStars Hand #257289916728: Tournament #3914634513, $10+$10+$2 USD Hold'em No Limit - Level II (30/60) - 2025/08/10 14:18:42 BRT [2025/08/10 13:18:42 ET]
Table '3914634513 131' 8-max Seat #6 is the button
Seat 1: Captainmb87 (22985 in chips, $15 bounty) 
Seat 2: eric_anka (9874 in chips, $10 bounty) 
Seat 3: hopezACE (10065 in chips, $10 bounty) 
Seat 4: 1973martin (7537 in chips, $10 bounty) 
Seat 5: El Toledo 91 (9136 in chips, $10 bounty) 
Seat 6: Gabrielfs13 (9427 in chips, $10 bounty) 
Seat 7: Jackpot_7789 (9275 in chips, $10 bounty) 
Captainmb87: posts the ante 6
eric_anka: posts the ante 6
hopezACE: posts the ante 6
1973martin: posts the ante 6
El Toledo 91: posts the ante 6
Gabrielfs13: posts the ante 6
Jackpot_7789: posts the ante 6
Jackpot_7789: posts small blind 30
Captainmb87: posts big blind 60
*** HOLE CARDS ***
Dealt to Gabrielfs13 [7c 2h]
eric_anka: folds 
ellviissss91 is disconnected 
hopezACE: folds 
1973martin: raises 60 to 120
El Toledo 91: folds 
Gabrielfs13: folds 
Jackpot_7789: folds 
Captainmb87: calls 60
*** FLOP *** [Kc 3c Jh]
Captainmb87: checks 
1973martin: bets 218
Captainmb87: folds 
Uncalled bet (218) returned to 1973martin
1973martin collected 312 from pot
1973martin: doesn't show hand 
*** SUMMARY ***
Total pot 312 | Rake 0 
Board [Kc 3c Jh]
Seat 1: Captainmb87 (big blind) folded on the Flop
Seat 2: eric_anka folded before Flop (didn't bet)
Seat 3: hopezACE folded before Flop (didn't bet)
Seat 4: 1973martin collected (312)
Seat 5: El Toledo 91 folded before Flop (didn't bet)
Seat 6: Gabrielfs13 (button) folded before Flop (didn't bet)
Seat 7: Jackpot_7789 (small blind) folded before Flop



PokerStars Hand #257289927722: Tournament #3914634513, $10+$10+$2 USD Hold'em No Limit - Level II (30/60) - 2025/08/10 14:19:29 BRT [2025/08/10 13:19:29 ET]
Table '3914634513 131' 8-max Seat #7 is the button
Seat 1: Captainmb87 (22859 in chips, $15 bounty) 
Seat 3: hopezACE (10059 in chips, $10 bounty) 
Seat 4: 1973martin (7723 in chips, $10 bounty) 
Seat 5: El Toledo 91 (9130 in chips, $10 bounty) 
Seat 6: Gabrielfs13 (9421 in chips, $10 bounty) 
Seat 7: Jackpot_7789 (9239 in chips, $10 bounty) 
Seat 8: ellviissss91 (10000 in chips) out of hand (moved from another table into small blind)
ellviissss91 will be allowed to play after the button
Captainmb87: posts the ante 6
hopezACE: posts the ante 6
1973martin: posts the ante 6
El Toledo 91: posts the ante 6
Gabrielfs13: posts the ante 6
Jackpot_7789: posts the ante 6
Captainmb87: posts small blind 30
hopezACE: posts big blind 60
*** HOLE CARDS ***
Dealt to Gabrielfs13 [3d 9c]
1973martin: folds 
El Toledo 91: folds 
Gabrielfs13: folds 
cHeesy199 is disconnected 
Jackpot_7789: folds 
Captainmb87: calls 30
hopezACE: checks 
*** FLOP *** [Qs 6c 5c]
Captainmb87: bets 120
hopezACE: folds 
Uncalled bet (120) returned to Captainmb87
Captainmb87 collected 156 from pot
*** SUMMARY ***
Total pot 156 | Rake 0 
Board [Qs 6c 5c]
Seat 1: Captainmb87 (small blind) collected (156)
Seat 3: hopezACE (big blind) folded on the Flop
Seat 4: 1973martin folded before Flop (didn't bet)
Seat 5: El Toledo 91 folded before Flop (didn't bet)
Seat 6: Gabrielfs13 folded before Flop (didn't bet)
Seat 7: Jackpot_7789 (button) folded before Flop (didn't bet)



PokerStars Hand #257289937499: Tournament #3914634513, $10+$10+$2 USD Hold'em No Limit - Level III (40/80) - 2025/08/10 14:20:11 BRT [2025/08/10 13:20:11 ET]
Table '3914634513 131' 8-max Seat #1 is the button
Seat 1: Captainmb87 (22949 in chips, $15 bounty) 
Seat 2: cHeesy199 (10000 in chips) out of hand (moved from another table into small blind)
Seat 3: hopezACE (9993 in chips, $10 bounty) 
Seat 4: 1973martin (7717 in chips, $10 bounty) 
Seat 5: El Toledo 91 (9124 in chips, $10 bounty) 
Seat 6: Gabrielfs13 (9415 in chips, $10 bounty) 
Seat 7: Jackpot_7789 (9233 in chips, $10 bounty) 
Seat 8: ellviissss91 (10000 in chips, $10 bounty) 
cHeesy199 will be allowed to play after the button
Captainmb87: posts the ante 8
hopezACE: posts the ante 8
1973martin: posts the ante 8
El Toledo 91: posts the ante 8
Gabrielfs13: posts the ante 8
Jackpot_7789: posts the ante 8
ellviissss91: posts the ante 8
hopezACE: posts small blind 40
1973martin: posts big blind 80
*** HOLE CARDS ***
Dealt to Gabrielfs13 [Jh 8d]
El Toledo 91: folds 
Gabrielfs13: folds 
Jackpot_7789: raises 80 to 160
ellviissss91: folds 
Captainmb87: folds 
hopezACE: folds 
1973martin: calls 80
*** FLOP *** [Qc 5d Qh]
1973martin: checks 
Jackpot_7789: bets 104
1973martin: calls 104
*** TURN *** [Qc 5d Qh] [9c]
1973martin: bets 312
Jackpot_7789: calls 312
*** RIVER *** [Qc 5d Qh 9c] [3s]
1973martin: bets 624
Jackpot_7789: calls 624
*** SHOW DOWN ***
1973martin: shows [4s Qs] (three of a kind, Queens)
Jackpot_7789: mucks hand 
1973martin collected 2496 from pot
*** SUMMARY ***
Total pot 2496 | Rake 0 
Board [Qc 5d Qh 9c 3s]
Seat 1: Captainmb87 (button) folded before Flop (didn't bet)
Seat 3: hopezACE (small blind) folded before Flop
Seat 4: 1973martin (big blind) showed [4s Qs] and won (2496) with three of a kind, Queens
Seat 5: El Toledo 91 folded before Flop (didn't bet)
Seat 6: Gabrielfs13 folded before Flop (didn't bet)
Seat 7: Jackpot_7789 mucked [7h 9h]
Seat 8: ellviissss91 folded before Flop (didn't bet)



PokerStars Hand #257289954843: Tournament #3914634513, $10+$10+$2 USD Hold'em No Limit - Level III (40/80) - 2025/08/10 14:21:26 BRT [2025/08/10 13:21:26 ET]
Table '3914634513 131' 8-max Seat #3 is the button
Seat 1: Captainmb87 (22941 in chips, $15 bounty) 
Seat 2: cHeesy199 (10000 in chips, $10 bounty) 
Seat 3: hopezACE (9945 in chips, $10 bounty) 
Seat 4: 1973martin (9005 in chips, $10 bounty) 
Seat 5: El Toledo 91 (9116 in chips, $10 bounty) 
Seat 6: Gabrielfs13 (9407 in chips, $10 bounty) 
Seat 7: Jackpot_7789 (8025 in chips, $10 bounty) 
Seat 8: ellviissss91 (9992 in chips, $10 bounty) 
Captainmb87: posts the ante 8
cHeesy199: posts the ante 8
hopezACE: posts the ante 8
1973martin: posts the ante 8
El Toledo 91: posts the ante 8
Gabrielfs13: posts the ante 8
Jackpot_7789: posts the ante 8
ellviissss91: posts the ante 8
1973martin: posts small blind 40
El Toledo 91: posts big blind 80
*** HOLE CARDS ***
Dealt to Gabrielfs13 [2s 3h]
Gabrielfs13: folds 
Jackpot_7789: folds 
ellviissss91: folds 
Captainmb87: folds 
cHeesy199: folds 
hopezACE: folds 
1973martin: calls 40
El Toledo 91: checks 
*** FLOP *** [7d Ks Ah]
1973martin: checks 
El Toledo 91: checks 
*** TURN *** [7d Ks Ah] [8s]
1973martin: bets 112
El Toledo 91: raises 208 to 320
1973martin: folds 
Uncalled bet (208) returned to El Toledo 91
El Toledo 91 collected 448 from pot
El Toledo 91: doesn't show hand 
*** SUMMARY ***
Total pot 448 | Rake 0 
Board [7d Ks Ah 8s]
Seat 1: Captainmb87 folded before Flop (didn't bet)
Seat 2: cHeesy199 folded before Flop (didn't bet)
Seat 3: hopezACE (button) folded before Flop (didn't bet)
Seat 4: 1973martin (small blind) folded on the Turn
Seat 5: El Toledo 91 (big blind) collected (448)
Seat 6: Gabrielfs13 folded before Flop (didn't bet)
Seat 7: Jackpot_7789 folded before Flop (didn't bet)
Seat 8: ellviissss91 folded before Flop (didn't bet)



PokerStars Hand #257289968416: Tournament #3914634513, $10+$10+$2 USD Hold'em No Limit - Level III (40/80) - 2025/08/10 14:22:25 BRT [2025/08/10 13:22:25 ET]
Table '3914634513 131' 8-max Seat #4 is the button
Seat 1: Captainmb87 (22933 in chips, $15 bounty) 
Seat 2: cHeesy199 (9992 in chips, $10 bounty) 
Seat 3: hopezACE (9937 in chips, $10 bounty) 
Seat 4: 1973martin (8805 in chips, $10 bounty) 
Seat 5: El Toledo 91 (9364 in chips, $10 bounty) 
Seat 6: Gabrielfs13 (9399 in chips, $10 bounty) 
Seat 7: Jackpot_7789 (8017 in chips, $10 bounty) 
Seat 8: ellviissss91 (9984 in chips, $10 bounty) 
Captainmb87: posts the ante 8
cHeesy199: posts the ante 8
hopezACE: posts the ante 8
1973martin: posts the ante 8
El Toledo 91: posts the ante 8
Gabrielfs13: posts the ante 8
Jackpot_7789: posts the ante 8
ellviissss91: posts the ante 8
El Toledo 91: posts small blind 40
Gabrielfs13: posts big blind 80
*** HOLE CARDS ***
Dealt to Gabrielfs13 [3h Js]
Jackpot_7789: folds 
ellviissss91: folds 
Captainmb87: folds 
cHeesy199: folds 
hopezACE: folds 
1973martin: calls 80
El Toledo 91: calls 40
Gabrielfs13: checks 
*** FLOP *** [6d Ac Tc]
El Toledo 91: checks 
Gabrielfs13: checks 
1973martin: checks 
*** TURN *** [6d Ac Tc] [8c]
El Toledo 91: bets 182
Gabrielfs13: folds 
1973martin: calls 182
*** RIVER *** [6d Ac Tc 8c] [Kd]
El Toledo 91: bets 401
1973martin: calls 401
*** SHOW DOWN ***
El Toledo 91: shows [Td 8d] (two pair, Tens and Eights)
1973martin: mucks hand 
El Toledo 91 collected 1470 from pot
*** SUMMARY ***
Total pot 1470 | Rake 0 
Board [6d Ac Tc 8c Kd]
Seat 1: Captainmb87 folded before Flop (didn't bet)
Seat 2: cHeesy199 folded before Flop (didn't bet)
Seat 3: hopezACE folded before Flop (didn't bet)
Seat 4: 1973martin (button) mucked [Qc Ks]
Seat 5: El Toledo 91 (small blind) showed [Td 8d] and won (1470) with two pair, Tens and Eights
Seat 6: Gabrielfs13 (big blind) folded on the Turn
Seat 7: Jackpot_7789 folded before Flop (didn't bet)
Seat 8: ellviissss91 folded before Flop (didn't bet)



PokerStars Hand #257289984879: Tournament #3914634513, $10+$10+$2 USD Hold'em No Limit - Level III (40/80) - 2025/08/10 14:23:35 BRT [2025/08/10 13:23:35 ET]
Table '3914634513 131' 8-max Seat #5 is the button
Seat 1: Captainmb87 (22925 in chips, $15 bounty) 
Seat 2: cHeesy199 (9984 in chips, $10 bounty) 
Seat 3: hopezACE (9929 in chips, $10 bounty) 
Seat 4: 1973martin (8134 in chips, $10 bounty) 
Seat 5: El Toledo 91 (10163 in chips, $10 bounty) 
Seat 6: Gabrielfs13 (9311 in chips, $10 bounty) 
Seat 7: Jackpot_7789 (8009 in chips, $10 bounty) 
Seat 8: ellviissss91 (9976 in chips, $10 bounty) 
Captainmb87: posts the ante 8
cHeesy199: posts the ante 8
hopezACE: posts the ante 8
1973martin: posts the ante 8
El Toledo 91: posts the ante 8
Gabrielfs13: posts the ante 8
Jackpot_7789: posts the ante 8
ellviissss91: posts the ante 8
Gabrielfs13: posts small blind 40
Jackpot_7789: posts big blind 80
*** HOLE CARDS ***
Dealt to Gabrielfs13 [6c 8d]
ellviissss91: folds 
Captainmb87: folds 
cHeesy199: folds 
hopezACE: folds 
1973martin: folds 
El Toledo 91: folds 
Gabrielfs13: raises 120 to 200
Jackpot_7789: calls 120
*** FLOP *** [6s Kd As]
Gabrielfs13: checks 
Jackpot_7789: checks 
*** TURN *** [6s Kd As] [2d]
Gabrielfs13: checks 
Jackpot_7789: checks 
*** RIVER *** [6s Kd As 2d] [4s]
Gabrielfs13: checks 
Jackpot_7789: checks 
*** SHOW DOWN ***
Gabrielfs13: shows [6c 8d] (a pair of Sixes)
Jackpot_7789: mucks hand 
Gabrielfs13 collected 464 from pot
*** SUMMARY ***
Total pot 464 | Rake 0 
Board [6s Kd As 2d 4s]
Seat 1: Captainmb87 folded before Flop (didn't bet)
Seat 2: cHeesy199 folded before Flop (didn't bet)
Seat 3: hopezACE folded before Flop (didn't bet)
Seat 4: 1973martin folded before Flop (didn't bet)
Seat 5: El Toledo 91 (button) folded before Flop (didn't bet)
Seat 6: Gabrielfs13 (small blind) showed [6c 8d] and won (464) with a pair of Sixes
Seat 7: Jackpot_7789 (big blind) mucked [9h Jd]
Seat 8: ellviissss91 folded before Flop (didn't bet)



PokerStars Hand #257290007535: Tournament #3914634513, $10+$10+$2 USD Hold'em No Limit - Level III (40/80) - 2025/08/10 14:25:12 BRT [2025/08/10 13:25:12 ET]
Table '3914634513 131' 8-max Seat #6 is the button
Seat 1: Captainmb87 (22917 in chips, $15 bounty) 
Seat 2: cHeesy199 (9976 in chips, $10 bounty) 
Seat 3: hopezACE (9921 in chips, $10 bounty) 
Seat 4: 1973martin (8126 in chips, $10 bounty) 
Seat 5: El Toledo 91 (10155 in chips, $10 bounty) 
Seat 6: Gabrielfs13 (9567 in chips, $10 bounty) 
Seat 7: Jackpot_7789 (7801 in chips, $10 bounty) 
Seat 8: ellviissss91 (9968 in chips, $10 bounty) 
Captainmb87: posts the ante 8
cHeesy199: posts the ante 8
hopezACE: posts the ante 8
1973martin: posts the ante 8
El Toledo 91: posts the ante 8
Gabrielfs13: posts the ante 8
Jackpot_7789: posts the ante 8
ellviissss91: posts the ante 8
Jackpot_7789: posts small blind 40
ellviissss91: posts big blind 80
*** HOLE CARDS ***
Dealt to Gabrielfs13 [4h Js]
Captainmb87: folds 
cHeesy199: folds 
hopezACE: folds 
1973martin: calls 80
El Toledo 91: folds 
Gabrielfs13: folds 
Jackpot_7789: calls 40
ellviissss91: checks 
*** FLOP *** [5d 9s 8s]
Jackpot_7789: checks 
ellviissss91: checks 
1973martin: bets 213
Jackpot_7789: folds 
ellviissss91: calls 213
*** TURN *** [5d 9s 8s] [9c]
ellviissss91: bets 240
1973martin: raises 400 to 640
ellviissss91: calls 400
*** RIVER *** [5d 9s 8s 9c] [4c]
ellviissss91: checks 
1973martin: bets 1407
ellviissss91: folds 
Uncalled bet (1407) returned to 1973martin
1973martin collected 2010 from pot
1973martin: doesn't show hand 
*** SUMMARY ***
Total pot 2010 | Rake 0 
Board [5d 9s 8s 9c 4c]
Seat 1: Captainmb87 folded before Flop (didn't bet)
Seat 2: cHeesy199 folded before Flop (didn't bet)
Seat 3: hopezACE folded before Flop (didn't bet)
Seat 4: 1973martin collected (2010)
Seat 5: El Toledo 91 folded before Flop (didn't bet)
Seat 6: Gabrielfs13 (button) folded before Flop (didn't bet)
Seat 7: Jackpot_7789 (small blind) folded on the Flop
Seat 8: ellviissss91 (big blind) folded on the River



PokerStars Hand #257290025605: Tournament #3914634513, $10+$10+$2 USD Hold'em No Limit - Level III (40/80) - 2025/08/10 14:26:29 BRT [2025/08/10 13:26:29 ET]
Table '3914634513 131' 8-max Seat #7 is the button
Seat 1: Captainmb87 (22909 in chips, $15 bounty) 
Seat 2: cHeesy199 (9968 in chips, $10 bounty) 
Seat 3: hopezACE (9913 in chips, $10 bounty) 
Seat 4: 1973martin (9195 in chips, $10 bounty) 
Seat 5: El Toledo 91 (10147 in chips, $10 bounty) 
Seat 6: Gabrielfs13 (9559 in chips, $10 bounty) 
Seat 7: Jackpot_7789 (7713 in chips, $10 bounty) 
Seat 8: ellviissss91 (9027 in chips, $10 bounty) 
Captainmb87: posts the ante 8
cHeesy199: posts the ante 8
hopezACE: posts the ante 8
1973martin: posts the ante 8
El Toledo 91: posts the ante 8
Gabrielfs13: posts the ante 8
Jackpot_7789: posts the ante 8
ellviissss91: posts the ante 8
ellviissss91: posts small blind 40
Captainmb87: posts big blind 80
*** HOLE CARDS ***
Dealt to Gabrielfs13 [Jd As]
cHeesy199: folds 
hopezACE: folds 
1973martin: folds 
El Toledo 91: folds 
Gabrielfs13: raises 80 to 160
Jackpot_7789: calls 160
ellviissss91: folds 
Captainmb87: folds 
*** FLOP *** [Jc Ac 2h]
Gabrielfs13: checks 
Jackpot_7789: bets 383
Gabrielfs13: raises 457 to 840
Jackpot_7789: folds 
Uncalled bet (457) returned to Gabrielfs13
Gabrielfs13 collected 1270 from pot
Gabrielfs13: doesn't show hand 
*** SUMMARY ***
Total pot 1270 | Rake 0 
Board [Jc Ac 2h]
Seat 1: Captainmb87 (big blind) folded before Flop
Seat 2: cHeesy199 folded before Flop (didn't bet)
Seat 3: hopezACE folded before Flop (didn't bet)
Seat 4: 1973martin folded before Flop (didn't bet)
Seat 5: El Toledo 91 folded before Flop (didn't bet)
Seat 6: Gabrielfs13 collected (1270)
Seat 7: Jackpot_7789 (button) folded on the Flop
Seat 8: ellviissss91 (small blind) folded before Flop



PokerStars Hand #257290042301: Tournament #3914634513, $10+$10+$2 USD Hold'em No Limit - Level III (40/80) - 2025/08/10 14:27:40 BRT [2025/08/10 13:27:40 ET]
Table '3914634513 131' 8-max Seat #8 is the button
Seat 1: Captainmb87 (22821 in chips, $15 bounty) 
Seat 2: cHeesy199 (9960 in chips, $10 bounty) 
Seat 3: hopezACE (9905 in chips, $10 bounty) 
Seat 4: 1973martin (9187 in chips, $10 bounty) 
Seat 5: El Toledo 91 (10139 in chips, $10 bounty) 
Seat 6: Gabrielfs13 (10278 in chips, $10 bounty) 
Seat 7: Jackpot_7789 (7162 in chips, $10 bounty) 
Seat 8: ellviissss91 (8979 in chips, $10 bounty) 
Captainmb87: posts the ante 8
cHeesy199: posts the ante 8
hopezACE: posts the ante 8
1973martin: posts the ante 8
El Toledo 91: posts the ante 8
Gabrielfs13: posts the ante 8
Jackpot_7789: posts the ante 8
ellviissss91: posts the ante 8
Captainmb87: posts small blind 40
cHeesy199: posts big blind 80
*** HOLE CARDS ***
Dealt to Gabrielfs13 [8h Js]
hopezACE: folds 
1973martin: calls 80
El Toledo 91: folds 
Gabrielfs13: folds 
Jackpot_7789: raises 200 to 280
ellviissss91: folds 
Captainmb87: folds 
cHeesy199: folds 
1973martin: calls 200
*** FLOP *** [8c Kc 9s]
1973martin: checks 
Jackpot_7789: bets 283
1973martin: folds 
Uncalled bet (283) returned to Jackpot_7789
Jackpot_7789 collected 744 from pot
*** SUMMARY ***
Total pot 744 | Rake 0 
Board [8c Kc 9s]
Seat 1: Captainmb87 (small blind) folded before Flop
Seat 2: cHeesy199 (big blind) folded before Flop
Seat 3: hopezACE folded before Flop (didn't bet)
Seat 4: 1973martin folded on the Flop
Seat 5: El Toledo 91 folded before Flop (didn't bet)
Seat 6: Gabrielfs13 folded before Flop (didn't bet)
Seat 7: Jackpot_7789 collected (744)
Seat 8: ellviissss91 (button) folded before Flop (didn't bet)



PokerStars Hand #257290054484: Tournament #3914634513, $10+$10+$2 USD Hold'em No Limit - Level III (40/80) - 2025/08/10 14:28:32 BRT [2025/08/10 13:28:32 ET]
Table '3914634513 131' 8-max Seat #1 is the button
Seat 1: Captainmb87 (22773 in chips, $15 bounty) 
Seat 2: cHeesy199 (9872 in chips, $10 bounty) 
Seat 3: hopezACE (9897 in chips, $10 bounty) 
Seat 4: 1973martin (8899 in chips, $10 bounty) 
Seat 5: El Toledo 91 (10131 in chips, $10 bounty) 
Seat 6: Gabrielfs13 (10270 in chips, $10 bounty) 
Seat 7: Jackpot_7789 (7618 in chips, $10 bounty) 
Seat 8: ellviissss91 (8971 in chips, $10 bounty) 
Captainmb87: posts the ante 8
cHeesy199: posts the ante 8
hopezACE: posts the ante 8
1973martin: posts the ante 8
El Toledo 91: posts the ante 8
Gabrielfs13: posts the ante 8
Jackpot_7789: posts the ante 8
ellviissss91: posts the ante 8
cHeesy199: posts small blind 40
hopezACE: posts big blind 80
*** HOLE CARDS ***
Dealt to Gabrielfs13 [6c Qd]
1973martin: folds 
El Toledo 91: folds 
Gabrielfs13: folds 
Jackpot_7789: folds 
ellviissss91: folds 
Captainmb87: raises 80 to 160
cHeesy199: folds 
hopezACE: calls 80
*** FLOP *** [4c Ad 9d]
hopezACE: checks 
Captainmb87: bets 240
hopezACE: folds 
Uncalled bet (240) returned to Captainmb87
Captainmb87 collected 424 from pot
*** SUMMARY ***
Total pot 424 | Rake 0 
Board [4c Ad 9d]
Seat 1: Captainmb87 (button) collected (424)
Seat 2: cHeesy199 (small blind) folded before Flop
Seat 3: hopezACE (big blind) folded on the Flop
Seat 4: 1973martin folded before Flop (didn't bet)
Seat 5: El Toledo 91 folded before Flop (didn't bet)
Seat 6: Gabrielfs13 folded before Flop (didn't bet)
Seat 7: Jackpot_7789 folded before Flop (didn't bet)
Seat 8: ellviissss91 folded before Flop (didn't bet)



PokerStars Hand #257290074547: Tournament #3914634513, $10+$10+$2 USD Hold'em No Limit - Level III (40/80) - 2025/08/10 14:29:58 BRT [2025/08/10 13:29:58 ET]
Table '3914634513 131' 8-max Seat #2 is the button
Seat 1: Captainmb87 (23029 in chips, $15 bounty) 
Seat 2: cHeesy199 (9824 in chips, $10 bounty) 
Seat 3: hopezACE (9729 in chips, $10 bounty) 
Seat 4: 1973martin (8891 in chips, $10 bounty) 
Seat 5: El Toledo 91 (10123 in chips, $10 bounty) 
Seat 6: Gabrielfs13 (10262 in chips, $10 bounty) 
Seat 7: Jackpot_7789 (7610 in chips, $10 bounty) 
Seat 8: ellviissss91 (8963 in chips, $10 bounty) 
Captainmb87: posts the ante 8
cHeesy199: posts the ante 8
hopezACE: posts the ante 8
1973martin: posts the ante 8
El Toledo 91: posts the ante 8
Gabrielfs13: posts the ante 8
Jackpot_7789: posts the ante 8
ellviissss91: posts the ante 8
hopezACE: posts small blind 40
1973martin: posts big blind 80
*** HOLE CARDS ***
Dealt to Gabrielfs13 [4c Td]
El Toledo 91: raises 80 to 160
Gabrielfs13: folds 
Jackpot_7789: folds 
ellviissss91: raises 480 to 640
Captainmb87: folds 
cHeesy199: folds 
hopezACE: folds 
1973martin: calls 560
El Toledo 91: calls 480
*** FLOP *** [5c Qs 9h]
1973martin: bets 810
El Toledo 91: folds 
ellviissss91: folds 
Uncalled bet (810) returned to 1973martin
1973martin collected 2024 from pot
1973martin: doesn't show hand 
*** SUMMARY ***
Total pot 2024 | Rake 0 
Board [5c Qs 9h]
Seat 1: Captainmb87 folded before Flop (didn't bet)
Seat 2: cHeesy199 (button) folded before Flop (didn't bet)
Seat 3: hopezACE (small blind) folded before Flop
Seat 4: 1973martin (big blind) collected (2024)
Seat 5: El Toledo 91 folded on the Flop
Seat 6: Gabrielfs13 folded before Flop (didn't bet)
Seat 7: Jackpot_7789 folded before Flop (didn't bet)
Seat 8: ellviissss91 folded on the Flop



PokerStars Hand #257290088040: Tournament #3914634513, $10+$10+$2 USD Hold'em No Limit - Level IV (50/100) - 2025/08/10 14:30:55 BRT [2025/08/10 13:30:55 ET]
Table '3914634513 131' 8-max Seat #3 is the button
Seat 1: Captainmb87 (23021 in chips, $15 bounty) 
Seat 2: cHeesy199 (9816 in chips, $10 bounty) 
Seat 3: hopezACE (9681 in chips, $10 bounty) 
Seat 4: 1973martin (10267 in chips, $10 bounty) 
Seat 5: El Toledo 91 (9475 in chips, $10 bounty) 
Seat 6: Gabrielfs13 (10254 in chips, $10 bounty) 
Seat 7: Jackpot_7789 (7602 in chips, $10 bounty) 
Seat 8: ellviissss91 (8315 in chips, $10 bounty) 
Captainmb87: posts the ante 10
cHeesy199: posts the ante 10
hopezACE: posts the ante 10
1973martin: posts the ante 10
El Toledo 91: posts the ante 10
Gabrielfs13: posts the ante 10
Jackpot_7789: posts the ante 10
ellviissss91: posts the ante 10
1973martin: posts small blind 50
El Toledo 91: posts big blind 100
*** HOLE CARDS ***
Dealt to Gabrielfs13 [4d 3c]
Gabrielfs13: folds 
Jackpot_7789: raises 100 to 200
ellviissss91: folds 
Captainmb87: calls 200
cHeesy199: folds 
hopezACE: folds 
1973martin: calls 150
El Toledo 91: folds 
*** FLOP *** [9h 7s Qs]
1973martin: bets 312
Jackpot_7789: calls 312
Captainmb87: folds 
*** TURN *** [9h 7s Qs] [5d]
1973martin: bets 562
Jackpot_7789: folds 
Uncalled bet (562) returned to 1973martin
1973martin collected 1404 from pot
1973martin: doesn't show hand 
*** SUMMARY ***
Total pot 1404 | Rake 0 
Board [9h 7s Qs 5d]
Seat 1: Captainmb87 folded on the Flop
Seat 2: cHeesy199 folded before Flop (didn't bet)
Seat 3: hopezACE (button) folded before Flop (didn't bet)
Seat 4: 1973martin (small blind) collected (1404)
Seat 5: El Toledo 91 (big blind) folded before Flop
Seat 6: Gabrielfs13 folded before Flop (didn't bet)
Seat 7: Jackpot_7789 folded on the Turn
Seat 8: ellviissss91 folded before Flop (didn't bet)



PokerStars Hand #257290103917: Tournament #3914634513, $10+$10+$2 USD Hold'em No Limit - Level IV (50/100) - 2025/08/10 14:32:01 BRT [2025/08/10 13:32:01 ET]
Table '3914634513 131' 8-max Seat #4 is the button
Seat 1: Captainmb87 (22811 in chips, $15 bounty) 
Seat 2: cHeesy199 (9806 in chips, $10 bounty) 
Seat 3: hopezACE (9671 in chips, $10 bounty) 
Seat 4: 1973martin (11149 in chips, $10 bounty) 
Seat 5: El Toledo 91 (9365 in chips, $10 bounty) 
Seat 6: Gabrielfs13 (10244 in chips, $10 bounty) 
Seat 7: Jackpot_7789 (7080 in chips, $10 bounty) 
Seat 8: ellviissss91 (8305 in chips, $10 bounty) 
Captainmb87: posts the ante 10
cHeesy199: posts the ante 10
hopezACE: posts the ante 10
1973martin: posts the ante 10
El Toledo 91: posts the ante 10
Gabrielfs13: posts the ante 10
Jackpot_7789: posts the ante 10
ellviissss91: posts the ante 10
El Toledo 91: posts small blind 50
Gabrielfs13: posts big blind 100
*** HOLE CARDS ***
Dealt to Gabrielfs13 [6s 6c]
Jackpot_7789: raises 100 to 200
ellviissss91: folds 
Captainmb87: folds 
cHeesy199: folds 
hopezACE: folds 
1973martin: folds 
El Toledo 91: folds 
Gabrielfs13: calls 100
*** FLOP *** [Ts 4d 8s]
Gabrielfs13: checks 
Jackpot_7789: bets 175
Gabrielfs13: calls 175
*** TURN *** [Ts 4d 8s] [5c]
Gabrielfs13: checks 
Jackpot_7789: bets 449
Gabrielfs13: calls 449
*** RIVER *** [Ts 4d 8s 5c] [3c]
Gabrielfs13: checks 
Jackpot_7789: checks 
*** SHOW DOWN ***
Gabrielfs13: shows [6s 6c] (a pair of Sixes)
Jackpot_7789: shows [7s 7h] (a pair of Sevens)
Jackpot_7789 collected 1778 from pot
*** SUMMARY ***
Total pot 1778 | Rake 0 
Board [Ts 4d 8s 5c 3c]
Seat 1: Captainmb87 folded before Flop (didn't bet)
Seat 2: cHeesy199 folded before Flop (didn't bet)
Seat 3: hopezACE folded before Flop (didn't bet)
Seat 4: 1973martin (button) folded before Flop (didn't bet)
Seat 5: El Toledo 91 (small blind) folded before Flop
Seat 6: Gabrielfs13 (big blind) showed [6s 6c] and lost with a pair of Sixes
Seat 7: Jackpot_7789 showed [7s 7h] and won (1778) with a pair of Sevens
Seat 8: ellviissss91 folded before Flop (didn't bet)



PokerStars Hand #257290123067: Tournament #3914634513, $10+$10+$2 USD Hold'em No Limit - Level IV (50/100) - 2025/08/10 14:33:21 BRT [2025/08/10 13:33:21 ET]
Table '3914634513 131' 8-max Seat #5 is the button
Seat 1: Captainmb87 (22801 in chips, $15 bounty) 
Seat 2: cHeesy199 (9796 in chips, $10 bounty) 
Seat 3: hopezACE (9661 in chips, $10 bounty) 
Seat 4: 1973martin (11139 in chips, $10 bounty) 
Seat 5: El Toledo 91 (9305 in chips, $10 bounty) 
Seat 6: Gabrielfs13 (9410 in chips, $10 bounty) 
Seat 7: Jackpot_7789 (8024 in chips, $10 bounty) 
Seat 8: ellviissss91 (8295 in chips, $10 bounty) 
Captainmb87: posts the ante 10
cHeesy199: posts the ante 10
hopezACE: posts the ante 10
1973martin: posts the ante 10
El Toledo 91: posts the ante 10
Gabrielfs13: posts the ante 10
Jackpot_7789: posts the ante 10
ellviissss91: posts the ante 10
Gabrielfs13: posts small blind 50
Jackpot_7789: posts big blind 100
*** HOLE CARDS ***
Dealt to Gabrielfs13 [As Ah]
ellviissss91: folds 
Captainmb87: folds 
cHeesy199: folds 
hopezACE: folds 
1973martin: folds 
El Toledo 91: folds 
Gabrielfs13: raises 200 to 300
Jackpot_7789: calls 200
*** FLOP *** [7s 2d 7d]
Gabrielfs13: bets 340
Jackpot_7789: folds 
Uncalled bet (340) returned to Gabrielfs13
Gabrielfs13 collected 680 from pot
Gabrielfs13: doesn't show hand 
*** SUMMARY ***
Total pot 680 | Rake 0 
Board [7s 2d 7d]
Seat 1: Captainmb87 folded before Flop (didn't bet)
Seat 2: cHeesy199 folded before Flop (didn't bet)
Seat 3: hopezACE folded before Flop (didn't bet)
Seat 4: 1973martin folded before Flop (didn't bet)
Seat 5: El Toledo 91 (button) folded before Flop (didn't bet)
Seat 6: Gabrielfs13 (small blind) collected (680)
Seat 7: Jackpot_7789 (big blind) folded on the Flop
Seat 8: ellviissss91 folded before Flop (didn't bet)



PokerStars Hand #257290131367: Tournament #3914634513, $10+$10+$2 USD Hold'em No Limit - Level IV (50/100) - 2025/08/10 14:33:55 BRT [2025/08/10 13:33:55 ET]
Table '3914634513 131' 8-max Seat #6 is the button
Seat 1: Captainmb87 (22791 in chips, $15 bounty) 
Seat 2: cHeesy199 (9786 in chips, $10 bounty) 
Seat 3: hopezACE (9651 in chips, $10 bounty) 
Seat 4: 1973martin (11129 in chips, $10 bounty) 
Seat 5: El Toledo 91 (9295 in chips, $10 bounty) 
Seat 6: Gabrielfs13 (9780 in chips, $10 bounty) 
Seat 7: Jackpot_7789 (7714 in chips, $10 bounty) 
Seat 8: ellviissss91 (8285 in chips, $10 bounty) 
Captainmb87: posts the ante 10
cHeesy199: posts the ante 10
hopezACE: posts the ante 10
1973martin: posts the ante 10
El Toledo 91: posts the ante 10
Gabrielfs13: posts the ante 10
Jackpot_7789: posts the ante 10
ellviissss91: posts the ante 10
Jackpot_7789: posts small blind 50
ellviissss91: posts big blind 100
*** HOLE CARDS ***
Dealt to Gabrielfs13 [Td Jd]
Captainmb87: folds 
cHeesy199: folds 
hopezACE: folds 
1973martin: raises 100 to 200
El Toledo 91: folds 
Gabrielfs13: raises 450 to 650
Jackpot_7789: folds 
ellviissss91: folds 
1973martin: calls 450
*** FLOP *** [8c Tc 7d]
1973martin: checks 
Gabrielfs13: checks 
*** TURN *** [8c Tc 7d] [6h]
1973martin: bets 612
Gabrielfs13: calls 612
*** RIVER *** [8c Tc 7d 6h] [7h]
1973martin: checks 
Gabrielfs13: checks 
*** SHOW DOWN ***
1973martin: shows [Qs Qc] (two pair, Queens and Sevens)
Gabrielfs13: mucks hand 
1973martin collected 2754 from pot
*** SUMMARY ***
Total pot 2754 | Rake 0 
Board [8c Tc 7d 6h 7h]
Seat 1: Captainmb87 folded before Flop (didn't bet)
Seat 2: cHeesy199 folded before Flop (didn't bet)
Seat 3: hopezACE folded before Flop (didn't bet)
Seat 4: 1973martin showed [Qs Qc] and won (2754) with two pair, Queens and Sevens
Seat 5: El Toledo 91 folded before Flop (didn't bet)
Seat 6: Gabrielfs13 (button) mucked [Td Jd]
Seat 7: Jackpot_7789 (small blind) folded before Flop
Seat 8: ellviissss91 (big blind) folded before Flop



PokerStars Hand #257290146456: Tournament #3914634513, $10+$10+$2 USD Hold'em No Limit - Level IV (50/100) - 2025/08/10 14:34:58 BRT [2025/08/10 13:34:58 ET]
Table '3914634513 131' 8-max Seat #7 is the button
Seat 1: Captainmb87 (22781 in chips, $15 bounty) 
Seat 2: cHeesy199 (9776 in chips, $10 bounty) 
Seat 3: hopezACE (9641 in chips, $10 bounty) 
Seat 4: 1973martin (12611 in chips, $10 bounty) 
Seat 5: El Toledo 91 (9285 in chips, $10 bounty) 
Seat 6: Gabrielfs13 (8508 in chips, $10 bounty) 
Seat 7: Jackpot_7789 (7654 in chips, $10 bounty) 
Seat 8: ellviissss91 (8175 in chips, $10 bounty) 
Captainmb87: posts the ante 10
cHeesy199: posts the ante 10
hopezACE: posts the ante 10
1973martin: posts the ante 10
El Toledo 91: posts the ante 10
Gabrielfs13: posts the ante 10
Jackpot_7789: posts the ante 10
ellviissss91: posts the ante 10
ellviissss91: posts small blind 50
Captainmb87: posts big blind 100
*** HOLE CARDS ***
Dealt to Gabrielfs13 [7h Js]
cHeesy199: folds 
hopezACE: raises 100 to 200
1973martin: folds 
El Toledo 91: folds 
Gabrielfs13: folds 
Jackpot_7789: folds 
ellviissss91: folds 
Captainmb87: calls 100
*** FLOP *** [Jd 2c Td]
Captainmb87: bets 100
hopezACE: raises 596 to 696
Captainmb87: folds 
Uncalled bet (596) returned to hopezACE
hopezACE collected 730 from pot
hopezACE: doesn't show hand 
*** SUMMARY ***
Total pot 730 | Rake 0 
Board [Jd 2c Td]
Seat 1: Captainmb87 (big blind) folded on the Flop
Seat 2: cHeesy199 folded before Flop (didn't bet)
Seat 3: hopezACE collected (730)
Seat 4: 1973martin folded before Flop (didn't bet)
Seat 5: El Toledo 91 folded before Flop (didn't bet)
Seat 6: Gabrielfs13 folded before Flop (didn't bet)
Seat 7: Jackpot_7789 (button) folded before Flop (didn't bet)
Seat 8: ellviissss91 (small blind) folded before Flop



PokerStars Hand #257290162003: Tournament #3914634513, $10+$10+$2 USD Hold'em No Limit - Level IV (50/100) - 2025/08/10 14:36:03 BRT [2025/08/10 13:36:03 ET]
Table '3914634513 131' 8-max Seat #8 is the button
Seat 1: Captainmb87 (22471 in chips, $15 bounty) 
Seat 2: cHeesy199 (9766 in chips, $10 bounty) 
Seat 3: hopezACE (10061 in chips, $10 bounty) 
Seat 4: 1973martin (12601 in chips, $10 bounty) 
Seat 5: El Toledo 91 (9275 in chips, $10 bounty) 
Seat 6: Gabrielfs13 (8498 in chips, $10 bounty) 
Seat 7: Jackpot_7789 (7644 in chips, $10 bounty) 
Seat 8: ellviissss91 (8115 in chips, $10 bounty) 
Captainmb87: posts the ante 10
cHeesy199: posts the ante 10
hopezACE: posts the ante 10
1973martin: posts the ante 10
El Toledo 91: posts the ante 10
Gabrielfs13: posts the ante 10
Jackpot_7789: posts the ante 10
ellviissss91: posts the ante 10
Captainmb87: posts small blind 50
cHeesy199: posts big blind 100
*** HOLE CARDS ***
Dealt to Gabrielfs13 [Jc Tc]
hopezACE: folds 
1973martin: folds 
El Toledo 91: raises 100 to 200
Gabrielfs13: raises 400 to 600
Jackpot_7789: folds 
ellviissss91: folds 
Captainmb87: folds 
cHeesy199: folds 
El Toledo 91: calls 400
*** FLOP *** [Ah 4s 7s]
El Toledo 91: checks 
Gabrielfs13: bets 450
El Toledo 91: folds 
Uncalled bet (450) returned to Gabrielfs13
Gabrielfs13 collected 1430 from pot
Gabrielfs13: doesn't show hand 
*** SUMMARY ***
Total pot 1430 | Rake 0 
Board [Ah 4s 7s]
Seat 1: Captainmb87 (small blind) folded before Flop
Seat 2: cHeesy199 (big blind) folded before Flop
Seat 3: hopezACE folded before Flop (didn't bet)
Seat 4: 1973martin folded before Flop (didn't bet)
Seat 5: El Toledo 91 folded on the Flop
Seat 6: Gabrielfs13 collected (1430)
Seat 7: Jackpot_7789 folded before Flop (didn't bet)
Seat 8: ellviissss91 (button) folded before Flop (didn't bet)



PokerStars Hand #257290170342: Tournament #3914634513, $10+$10+$2 USD Hold'em No Limit - Level IV (50/100) - 2025/08/10 14:36:38 BRT [2025/08/10 13:36:38 ET]
Table '3914634513 131' 8-max Seat #1 is the button
Seat 1: Captainmb87 (22411 in chips, $15 bounty) 
Seat 2: cHeesy199 (9656 in chips, $10 bounty) 
Seat 3: hopezACE (10051 in chips, $10 bounty) 
Seat 4: 1973martin (12591 in chips, $10 bounty) 
Seat 5: El Toledo 91 (8665 in chips, $10 bounty) 
Seat 6: Gabrielfs13 (9318 in chips, $10 bounty) 
Seat 7: Jackpot_7789 (7634 in chips, $10 bounty) 
Seat 8: ellviissss91 (8105 in chips, $10 bounty) 
Captainmb87: posts the ante 10
cHeesy199: posts the ante 10
hopezACE: posts the ante 10
1973martin: posts the ante 10
El Toledo 91: posts the ante 10
Gabrielfs13: posts the ante 10
Jackpot_7789: posts the ante 10
ellviissss91: posts the ante 10
cHeesy199: posts small blind 50
hopezACE: posts big blind 100
*** HOLE CARDS ***
Dealt to Gabrielfs13 [8c 6s]
1973martin: raises 100 to 200
El Toledo 91: folds 
Gabrielfs13: folds 
Jackpot_7789: folds 
ellviissss91: folds 
Captainmb87: calls 200
cHeesy199: folds 
hopezACE: folds 
*** FLOP *** [Qh 4h Jd]
1973martin: checks 
Captainmb87: bets 200
1973martin: calls 200
*** TURN *** [Qh 4h Jd] [9h]
1973martin: checks 
Captainmb87: bets 500
1973martin: folds 
Uncalled bet (500) returned to Captainmb87
Captainmb87 collected 1030 from pot
*** SUMMARY ***
Total pot 1030 | Rake 0 
Board [Qh 4h Jd 9h]
Seat 1: Captainmb87 (button) collected (1030)
Seat 2: cHeesy199 (small blind) folded before Flop
Seat 3: hopezACE (big blind) folded before Flop
Seat 4: 1973martin folded on the Turn
Seat 5: El Toledo 91 folded before Flop (didn't bet)
Seat 6: Gabrielfs13 folded before Flop (didn't bet)
Seat 7: Jackpot_7789 folded before Flop (didn't bet)
Seat 8: ellviissss91 folded before Flop (didn't bet)



PokerStars Hand #257290182481: Tournament #3914634513, $10+$10+$2 USD Hold'em No Limit - Level IV (50/100) - 2025/08/10 14:37:28 BRT [2025/08/10 13:37:28 ET]
Table '3914634513 131' 8-max Seat #2 is the button
Seat 1: Captainmb87 (23031 in chips, $15 bounty) 
Seat 2: cHeesy199 (9596 in chips, $10 bounty) 
Seat 3: hopezACE (9941 in chips, $10 bounty) 
Seat 4: 1973martin (12181 in chips, $10 bounty) 
Seat 5: El Toledo 91 (8655 in chips, $10 bounty) 
Seat 6: Gabrielfs13 (9308 in chips, $10 bounty) 
Seat 7: Jackpot_7789 (7624 in chips, $10 bounty) 
Seat 8: ellviissss91 (8095 in chips, $10 bounty) 
Captainmb87: posts the ante 10
cHeesy199: posts the ante 10
hopezACE: posts the ante 10
1973martin: posts the ante 10
El Toledo 91: posts the ante 10
Gabrielfs13: posts the ante 10
Jackpot_7789: posts the ante 10
ellviissss91: posts the ante 10
hopezACE: posts small blind 50
1973martin: posts big blind 100
*** HOLE CARDS ***
Dealt to Gabrielfs13 [9d 8h]
El Toledo 91: folds 
Gabrielfs13: folds 
Jackpot_7789: raises 100 to 200
ellviissss91: raises 600 to 800
Captainmb87: folds 
cHeesy199: folds 
hopezACE: folds 
1973martin: folds 
Jackpot_7789: calls 600
*** FLOP *** [2h 4c 5h]
Jackpot_7789: checks 
ellviissss91: bets 1473
Jackpot_7789: folds 
Uncalled bet (1473) returned to ellviissss91
ellviissss91 collected 1830 from pot
ellviissss91: doesn't show hand 
*** SUMMARY ***
Total pot 1830 | Rake 0 
Board [2h 4c 5h]
Seat 1: Captainmb87 folded before Flop (didn't bet)
Seat 2: cHeesy199 (button) folded before Flop (didn't bet)
Seat 3: hopezACE (small blind) folded before Flop
Seat 4: 1973martin (big blind) folded before Flop
Seat 5: El Toledo 91 folded before Flop (didn't bet)
Seat 6: Gabrielfs13 folded before Flop (didn't bet)
Seat 7: Jackpot_7789 folded on the Flop
Seat 8: ellviissss91 collected (1830)



PokerStars Hand #257290196245: Tournament #3914634513, $10+$10+$2 USD Hold'em No Limit - Level IV (50/100) - 2025/08/10 14:38:25 BRT [2025/08/10 13:38:25 ET]
Table '3914634513 131' 8-max Seat #3 is the button
Seat 1: Captainmb87 (23021 in chips, $15 bounty) 
Seat 2: cHeesy199 (9586 in chips, $10 bounty) 
Seat 3: hopezACE (9881 in chips, $10 bounty) 
Seat 4: 1973martin (12071 in chips, $10 bounty) 
Seat 5: El Toledo 91 (8645 in chips, $10 bounty) 
Seat 6: Gabrielfs13 (9298 in chips, $10 bounty) 
Seat 7: Jackpot_7789 (6814 in chips, $10 bounty) 
Seat 8: ellviissss91 (9115 in chips, $10 bounty) 
Captainmb87: posts the ante 10
cHeesy199: posts the ante 10
hopezACE: posts the ante 10
1973martin: posts the ante 10
El Toledo 91: posts the ante 10
Gabrielfs13: posts the ante 10
Jackpot_7789: posts the ante 10
ellviissss91: posts the ante 10
1973martin: posts small blind 50
El Toledo 91: posts big blind 100
*** HOLE CARDS ***
Dealt to Gabrielfs13 [4s Td]
Gabrielfs13: folds 
Jackpot_7789: folds 
ellviissss91: folds 
Captainmb87: raises 200 to 300
cHeesy199: raises 700 to 1000
hopezACE: folds 
1973martin: folds 
El Toledo 91: folds 
Captainmb87: folds 
Uncalled bet (700) returned to cHeesy199
cHeesy199 collected 830 from pot
cHeesy199: doesn't show hand 
*** SUMMARY ***
Total pot 830 | Rake 0 
Seat 1: Captainmb87 folded before Flop
Seat 2: cHeesy199 collected (830)
Seat 3: hopezACE (button) folded before Flop (didn't bet)
Seat 4: 1973martin (small blind) folded before Flop
Seat 5: El Toledo 91 (big blind) folded before Flop
Seat 6: Gabrielfs13 folded before Flop (didn't bet)
Seat 7: Jackpot_7789 folded before Flop (didn't bet)
Seat 8: ellviissss91 folded before Flop (didn't bet)



PokerStars Hand #257290207773: Tournament #3914634513, $10+$10+$2 USD Hold'em No Limit - Level IV (50/100) - 2025/08/10 14:39:12 BRT [2025/08/10 13:39:12 ET]
Table '3914634513 131' 8-max Seat #4 is the button
Seat 1: Captainmb87 (22711 in chips, $15 bounty) 
Seat 2: cHeesy199 (10106 in chips, $10 bounty) 
Seat 3: hopezACE (9871 in chips, $10 bounty) 
Seat 4: 1973martin (12011 in chips, $10 bounty) 
Seat 5: El Toledo 91 (8535 in chips, $10 bounty) 
Seat 6: Gabrielfs13 (9288 in chips, $10 bounty) 
Seat 7: Jackpot_7789 (6804 in chips, $10 bounty) 
Seat 8: ellviissss91 (9105 in chips, $10 bounty) 
Captainmb87: posts the ante 10
cHeesy199: posts the ante 10
hopezACE: posts the ante 10
1973martin: posts the ante 10
El Toledo 91: posts the ante 10
Gabrielfs13: posts the ante 10
Jackpot_7789: posts the ante 10
ellviissss91: posts the ante 10
El Toledo 91: posts small blind 50
Gabrielfs13: posts big blind 100
*** HOLE CARDS ***
Dealt to Gabrielfs13 [Kc 3h]
Jackpot_7789: folds 
ellviissss91: folds 
Captainmb87: calls 100
cHeesy199: folds 
hopezACE: folds 
1973martin: calls 100
El Toledo 91: folds 
Gabrielfs13: checks 
*** FLOP *** [9d 4h Ks]
Gabrielfs13: checks 
Captainmb87: checks 
1973martin: bets 172
Gabrielfs13: calls 172
Captainmb87: folds 
*** TURN *** [9d 4h Ks] [3s]
Gabrielfs13: bets 511
1973martin: folds 
Uncalled bet (511) returned to Gabrielfs13
Gabrielfs13 collected 774 from pot
Gabrielfs13: doesn't show hand 
*** SUMMARY ***
Total pot 774 | Rake 0 
Board [9d 4h Ks 3s]
Seat 1: Captainmb87 folded on the Flop
Seat 2: cHeesy199 folded before Flop (didn't bet)
Seat 3: hopezACE folded before Flop (didn't bet)
Seat 4: 1973martin (button) folded on the Turn
Seat 5: El Toledo 91 (small blind) folded before Flop
Seat 6: Gabrielfs13 (big blind) collected (774)
Seat 7: Jackpot_7789 folded before Flop (didn't bet)
Seat 8: ellviissss91 folded before Flop (didn't bet)



PokerStars Hand #257290225714: Tournament #3914634513, $10+$10+$2 USD Hold'em No Limit - Level V (60/120) - 2025/08/10 14:40:26 BRT [2025/08/10 13:40:26 ET]
Table '3914634513 131' 8-max Seat #5 is the button
Seat 1: Captainmb87 (22601 in chips, $15 bounty) 
Seat 2: cHeesy199 (10096 in chips, $10 bounty) 
Seat 3: hopezACE (9861 in chips, $10 bounty) 
Seat 4: 1973martin (11729 in chips, $10 bounty) 
Seat 5: El Toledo 91 (8475 in chips, $10 bounty) 
Seat 6: Gabrielfs13 (9780 in chips, $10 bounty) 
Seat 7: Jackpot_7789 (6794 in chips, $10 bounty) 
Seat 8: ellviissss91 (9095 in chips, $10 bounty) 
Captainmb87: posts the ante 12
cHeesy199: posts the ante 12
hopezACE: posts the ante 12
1973martin: posts the ante 12
El Toledo 91: posts the ante 12
Gabrielfs13: posts the ante 12
Jackpot_7789: posts the ante 12
ellviissss91: posts the ante 12
Gabrielfs13: posts small blind 60
Jackpot_7789: posts big blind 120
*** HOLE CARDS ***
Dealt to Gabrielfs13 [3d 7c]
ellviissss91: folds 
Captainmb87: raises 120 to 240
cHeesy199: folds 
hopezACE: folds 
1973martin: folds 
El Toledo 91: folds 
Gabrielfs13: folds 
Jackpot_7789: calls 120
*** FLOP *** [9h Kd 4d]
Jackpot_7789: checks 
Captainmb87: bets 360
Jackpot_7789: calls 360
*** TURN *** [9h Kd 4d] [Ts]
Jackpot_7789: checks 
Captainmb87: bets 480
Jackpot_7789: folds 
Uncalled bet (480) returned to Captainmb87
Captainmb87 collected 1356 from pot
*** SUMMARY ***
Total pot 1356 | Rake 0 
Board [9h Kd 4d Ts]
Seat 1: Captainmb87 collected (1356)
Seat 2: cHeesy199 folded before Flop (didn't bet)
Seat 3: hopezACE folded before Flop (didn't bet)
Seat 4: 1973martin folded before Flop (didn't bet)
Seat 5: El Toledo 91 (button) folded before Flop (didn't bet)
Seat 6: Gabrielfs13 (small blind) folded before Flop
Seat 7: Jackpot_7789 (big blind) folded on the Turn
Seat 8: ellviissss91 folded before Flop (didn't bet)



PokerStars Hand #257290238417: Tournament #3914634513, $10+$10+$2 USD Hold'em No Limit - Level V (60/120) - 2025/08/10 14:41:19 BRT [2025/08/10 13:41:19 ET]
Table '3914634513 131' 8-max Seat #6 is the button
Seat 1: Captainmb87 (23345 in chips, $15 bounty) 
Seat 2: cHeesy199 (10084 in chips, $10 bounty) 
Seat 3: hopezACE (9849 in chips, $10 bounty) 
Seat 4: 1973martin (11717 in chips, $10 bounty) 
Seat 5: El Toledo 91 (8463 in chips, $10 bounty) 
Seat 6: Gabrielfs13 (9708 in chips, $10 bounty) 
Seat 7: Jackpot_7789 (6182 in chips, $10 bounty) 
Seat 8: ellviissss91 (9083 in chips, $10 bounty) 
Captainmb87: posts the ante 12
cHeesy199: posts the ante 12
hopezACE: posts the ante 12
1973martin: posts the ante 12
El Toledo 91: posts the ante 12
Gabrielfs13: posts the ante 12
Jackpot_7789: posts the ante 12
ellviissss91: posts the ante 12
Jackpot_7789: posts small blind 60
ellviissss91: posts big blind 120
*** HOLE CARDS ***
Dealt to Gabrielfs13 [Kc 9d]
Captainmb87: folds 
cHeesy199: folds 
hopezACE: folds 
1973martin: calls 120
El Toledo 91: raises 240 to 360
Gabrielfs13: folds 
Jackpot_7789: raises 1080 to 1440
ellviissss91: folds 
1973martin: folds 
El Toledo 91: calls 1080
*** FLOP *** [3h 8c 3c]
Jackpot_7789: bets 804
El Toledo 91: raises 1476 to 2280
Jackpot_7789: raises 2450 to 4730 and is all-in
El Toledo 91: calls 2450
*** TURN *** [3h 8c 3c] [6h]
*** RIVER *** [3h 8c 3c 6h] [8s]
*** SHOW DOWN ***
Jackpot_7789: shows [Qh Ah] (two pair, Eights and Threes)
El Toledo 91: shows [Qc Tc] (two pair, Eights and Threes - lower kicker)
Jackpot_7789 collected 12676 from pot
*** SUMMARY ***
Total pot 12676 | Rake 0 
Board [3h 8c 3c 6h 8s]
Seat 1: Captainmb87 folded before Flop (didn't bet)
Seat 2: cHeesy199 folded before Flop (didn't bet)
Seat 3: hopezACE folded before Flop (didn't bet)
Seat 4: 1973martin folded before Flop
Seat 5: El Toledo 91 showed [Qc Tc] and lost with two pair, Eights and Threes
Seat 6: Gabrielfs13 (button) folded before Flop (didn't bet)
Seat 7: Jackpot_7789 (small blind) showed [Qh Ah] and won (12676) with two pair, Eights and Threes
Seat 8: ellviissss91 (big blind) folded before Flop



PokerStars Hand #257290264516: Tournament #3914634513, $10+$10+$2 USD Hold'em No Limit - Level V (60/120) - 2025/08/10 14:43:08 BRT [2025/08/10 13:43:08 ET]
Table '3914634513 131' 8-max Seat #7 is the button
Seat 1: Captainmb87 (23333 in chips, $15 bounty) 
Seat 2: cHeesy199 (10072 in chips, $10 bounty) 
Seat 3: hopezACE (9837 in chips, $10 bounty) 
Seat 4: 1973martin (11585 in chips, $10 bounty) 
Seat 5: El Toledo 91 (2281 in chips, $10 bounty) 
Seat 6: Gabrielfs13 (9696 in chips, $10 bounty) 
Seat 7: Jackpot_7789 (12676 in chips, $10 bounty) 
Seat 8: ellviissss91 (8951 in chips, $10 bounty) 
Captainmb87: posts the ante 12
cHeesy199: posts the ante 12
hopezACE: posts the ante 12
1973martin: posts the ante 12
El Toledo 91: posts the ante 12
Gabrielfs13: posts the ante 12
Jackpot_7789: posts the ante 12
ellviissss91: posts the ante 12
ellviissss91: posts small blind 60
Captainmb87: posts big blind 120
*** HOLE CARDS ***
Dealt to Gabrielfs13 [8s 6d]
cHeesy199: folds 
hopezACE: folds 
1973martin: folds 
El Toledo 91: folds 
Gabrielfs13: folds 
Jackpot_7789: raises 120 to 240
ellviissss91: folds 
Captainmb87 is disconnected 
Captainmb87 is connected 
Captainmb87 is disconnected 
Captainmb87 is connected 
Captainmb87: calls 120
*** FLOP *** [Jh 2c 9d]
Captainmb87: checks 
Jackpot_7789: bets 159
Captainmb87: folds 
Uncalled bet (159) returned to Jackpot_7789
Jackpot_7789 collected 636 from pot
*** SUMMARY ***
Total pot 636 | Rake 0 
Board [Jh 2c 9d]
Seat 1: Captainmb87 (big blind) folded on the Flop
Seat 2: cHeesy199 folded before Flop (didn't bet)
Seat 3: hopezACE folded before Flop (didn't bet)
Seat 4: 1973martin folded before Flop (didn't bet)
Seat 5: El Toledo 91 folded before Flop (didn't bet)
Seat 6: Gabrielfs13 folded before Flop (didn't bet)
Seat 7: Jackpot_7789 (button) collected (636)
Seat 8: ellviissss91 (small blind) folded before Flop



PokerStars Hand #257290278225: Tournament #3914634513, $10+$10+$2 USD Hold'em No Limit - Level V (60/120) - 2025/08/10 14:44:05 BRT [2025/08/10 13:44:05 ET]
Table '3914634513 131' 8-max Seat #8 is the button
Seat 1: Captainmb87 (23081 in chips, $15 bounty) 
Seat 2: cHeesy199 (10060 in chips, $10 bounty) 
Seat 3: hopezACE (9825 in chips, $10 bounty) 
Seat 4: 1973martin (11573 in chips, $10 bounty) 
Seat 5: El Toledo 91 (2269 in chips, $10 bounty) 
Seat 6: Gabrielfs13 (9684 in chips, $10 bounty) 
Seat 7: Jackpot_7789 (13060 in chips, $10 bounty) 
Seat 8: ellviissss91 (8879 in chips, $10 bounty) 
Captainmb87: posts the ante 12
cHeesy199: posts the ante 12
hopezACE: posts the ante 12
1973martin: posts the ante 12
El Toledo 91: posts the ante 12
Gabrielfs13: posts the ante 12
Jackpot_7789: posts the ante 12
ellviissss91: posts the ante 12
Captainmb87: posts small blind 60
cHeesy199: posts big blind 120
*** HOLE CARDS ***
Dealt to Gabrielfs13 [2h Ad]
hopezACE: folds 
1973martin: folds 
El Toledo 91: folds 
Gabrielfs13: folds 
Jackpot_7789: folds 
ellviissss91: folds 
Captainmb87: raises 120 to 240
cHeesy199: calls 120
*** FLOP *** [Jh 5c 5d]
Captainmb87: bets 120
cHeesy199: raises 204 to 324
Captainmb87: folds 
Uncalled bet (204) returned to cHeesy199
cHeesy199 collected 816 from pot
cHeesy199: doesn't show hand 
*** SUMMARY ***
Total pot 816 | Rake 0 
Board [Jh 5c 5d]
Seat 1: Captainmb87 (small blind) folded on the Flop
Seat 2: cHeesy199 (big blind) collected (816)
Seat 3: hopezACE folded before Flop (didn't bet)
Seat 4: 1973martin folded before Flop (didn't bet)
Seat 5: El Toledo 91 folded before Flop (didn't bet)
Seat 6: Gabrielfs13 folded before Flop (didn't bet)
Seat 7: Jackpot_7789 folded before Flop (didn't bet)
Seat 8: ellviissss91 (button) folded before Flop (didn't bet)



PokerStars Hand #257290292804: Tournament #3914634513, $10+$10+$2 USD Hold'em No Limit - Level V (60/120) - 2025/08/10 14:45:05 BRT [2025/08/10 13:45:05 ET]
Table '3914634513 131' 8-max Seat #1 is the button
Seat 1: Captainmb87 (22709 in chips, $15 bounty) 
Seat 2: cHeesy199 (10504 in chips, $10 bounty) 
Seat 3: hopezACE (9813 in chips, $10 bounty) 
Seat 4: 1973martin (11561 in chips, $10 bounty) 
Seat 5: El Toledo 91 (2257 in chips, $10 bounty) 
Seat 6: Gabrielfs13 (9672 in chips, $10 bounty) 
Seat 7: Jackpot_7789 (13048 in chips, $10 bounty) 
Seat 8: ellviissss91 (8867 in chips, $10 bounty) 
Captainmb87: posts the ante 12
cHeesy199: posts the ante 12
hopezACE: posts the ante 12
1973martin: posts the ante 12
El Toledo 91: posts the ante 12
Gabrielfs13: posts the ante 12
Jackpot_7789: posts the ante 12
ellviissss91: posts the ante 12
cHeesy199: posts small blind 60
hopezACE: posts big blind 120
*** HOLE CARDS ***
Dealt to Gabrielfs13 [Jh Tc]
1973martin: folds 
El Toledo 91: folds 
Gabrielfs13: folds 
Jackpot_7789: folds 
ellviissss91: folds 
Captainmb87: calls 120
cHeesy199: calls 60
hopezACE: checks 
*** FLOP *** [7s 2s 8c]
cHeesy199: checks 
hopezACE: checks 
Captainmb87: checks 
*** TURN *** [7s 2s 8c] [4s]
cHeesy199: checks 
hopezACE: checks 
Captainmb87: checks 
*** RIVER *** [7s 2s 8c 4s] [5c]
cHeesy199: checks 
hopezACE: bets 233
Captainmb87: raises 473 to 706
cHeesy199: folds 
hopezACE: folds 
Uncalled bet (473) returned to Captainmb87
Captainmb87 collected 922 from pot
*** SUMMARY ***
Total pot 922 | Rake 0 
Board [7s 2s 8c 4s 5c]
Seat 1: Captainmb87 (button) collected (922)
Seat 2: cHeesy199 (small blind) folded on the River
Seat 3: hopezACE (big blind) folded on the River
Seat 4: 1973martin folded before Flop (didn't bet)
Seat 5: El Toledo 91 folded before Flop (didn't bet)
Seat 6: Gabrielfs13 folded before Flop (didn't bet)
Seat 7: Jackpot_7789 folded before Flop (didn't bet)
Seat 8: ellviissss91 folded before Flop (didn't bet)



PokerStars Hand #257290311502: Tournament #3914634513, $10+$10+$2 USD Hold'em No Limit - Level V (60/120) - 2025/08/10 14:46:22 BRT [2025/08/10 13:46:22 ET]
Table '3914634513 131' 8-max Seat #2 is the button
Seat 1: Captainmb87 (23266 in chips, $15 bounty) 
Seat 2: cHeesy199 (10372 in chips, $10 bounty) 
Seat 3: hopezACE (9448 in chips, $10 bounty) 
Seat 4: 1973martin (11549 in chips, $10 bounty) 
Seat 5: El Toledo 91 (2245 in chips, $10 bounty) 
Seat 6: Gabrielfs13 (9660 in chips, $10 bounty) 
Seat 7: Jackpot_7789 (13036 in chips, $10 bounty) 
Seat 8: ellviissss91 (8855 in chips, $10 bounty) 
Captainmb87: posts the ante 12
cHeesy199: posts the ante 12
hopezACE: posts the ante 12
1973martin: posts the ante 12
El Toledo 91: posts the ante 12
Gabrielfs13: posts the ante 12
Jackpot_7789: posts the ante 12
ellviissss91: posts the ante 12
hopezACE: posts small blind 60
1973martin: posts big blind 120
*** HOLE CARDS ***
Dealt to Gabrielfs13 [9c Jh]
El Toledo 91: folds 
Gabrielfs13: folds 
Jackpot_7789: folds 
ellviissss91: folds 
Captainmb87: folds 
cHeesy199: folds 
hopezACE: calls 60
1973martin: checks 
*** FLOP *** [Tc 4c 6s]
hopezACE: checks 
1973martin: checks 
*** TURN *** [Tc 4c 6s] [3c]
hopezACE: bets 228
1973martin: folds 
Uncalled bet (228) returned to hopezACE
hopezACE collected 336 from pot
hopezACE: doesn't show hand 
*** SUMMARY ***
Total pot 336 | Rake 0 
Board [Tc 4c 6s 3c]
Seat 1: Captainmb87 folded before Flop (didn't bet)
Seat 2: cHeesy199 (button) folded before Flop (didn't bet)
Seat 3: hopezACE (small blind) collected (336)
Seat 4: 1973martin (big blind) folded on the Turn
Seat 5: El Toledo 91 folded before Flop (didn't bet)
Seat 6: Gabrielfs13 folded before Flop (didn't bet)
Seat 7: Jackpot_7789 folded before Flop (didn't bet)
Seat 8: ellviissss91 folded before Flop (didn't bet)



PokerStars Hand #257290322176: Tournament #3914634513, $10+$10+$2 USD Hold'em No Limit - Level V (60/120) - 2025/08/10 14:47:06 BRT [2025/08/10 13:47:06 ET]
Table '3914634513 131' 8-max Seat #3 is the button
Seat 1: Captainmb87 (23254 in chips, $15 bounty) 
Seat 2: cHeesy199 (10360 in chips, $10 bounty) 
Seat 3: hopezACE (9652 in chips, $10 bounty) 
Seat 4: 1973martin (11417 in chips, $10 bounty) 
Seat 5: El Toledo 91 (2233 in chips, $10 bounty) 
Seat 6: Gabrielfs13 (9648 in chips, $10 bounty) 
Seat 7: Jackpot_7789 (13024 in chips, $10 bounty) 
Seat 8: ellviissss91 (8843 in chips, $10 bounty) 
Captainmb87: posts the ante 12
cHeesy199: posts the ante 12
hopezACE: posts the ante 12
1973martin: posts the ante 12
El Toledo 91: posts the ante 12
Gabrielfs13: posts the ante 12
Jackpot_7789: posts the ante 12
ellviissss91: posts the ante 12
1973martin: posts small blind 60
El Toledo 91: posts big blind 120
*** HOLE CARDS ***
Dealt to Gabrielfs13 [4s Ts]
Gabrielfs13: folds 
Jackpot_7789: folds 
ellviissss91: folds 
Captainmb87: folds 
cHeesy199: raises 132 to 252
hopezACE: folds 
1973martin: calls 192
El Toledo 91: folds 
*** FLOP *** [Th 5h Jh]
1973martin: checks 
cHeesy199: bets 180
1973martin: folds 
Uncalled bet (180) returned to cHeesy199
cHeesy199 collected 720 from pot
cHeesy199: doesn't show hand 
*** SUMMARY ***
Total pot 720 | Rake 0 
Board [Th 5h Jh]
Seat 1: Captainmb87 folded before Flop (didn't bet)
Seat 2: cHeesy199 collected (720)
Seat 3: hopezACE (button) folded before Flop (didn't bet)
Seat 4: 1973martin (small blind) folded on the Flop
Seat 5: El Toledo 91 (big blind) folded before Flop
Seat 6: Gabrielfs13 folded before Flop (didn't bet)
Seat 7: Jackpot_7789 folded before Flop (didn't bet)
Seat 8: ellviissss91 folded before Flop (didn't bet)



PokerStars Hand #257290331210: Tournament #3914634513, $10+$10+$2 USD Hold'em No Limit - Level V (60/120) - 2025/08/10 14:47:43 BRT [2025/08/10 13:47:43 ET]
Table '3914634513 131' 8-max Seat #4 is the button
Seat 1: Captainmb87 (23242 in chips, $15 bounty) 
Seat 2: cHeesy199 (10816 in chips, $10 bounty) 
Seat 3: hopezACE (9640 in chips, $10 bounty) 
Seat 4: 1973martin (11153 in chips, $10 bounty) 
Seat 5: El Toledo 91 (2101 in chips, $10 bounty) 
Seat 6: Gabrielfs13 (9636 in chips, $10 bounty) 
Seat 7: Jackpot_7789 (13012 in chips, $10 bounty) 
Seat 8: ellviissss91 (8831 in chips, $10 bounty) 
Captainmb87: posts the ante 12
cHeesy199: posts the ante 12
hopezACE: posts the ante 12
1973martin: posts the ante 12
El Toledo 91: posts the ante 12
Gabrielfs13: posts the ante 12
Jackpot_7789: posts the ante 12
ellviissss91: posts the ante 12
El Toledo 91: posts small blind 60
Gabrielfs13: posts big blind 120
*** HOLE CARDS ***
Dealt to Gabrielfs13 [6h Jh]
Jackpot_7789: folds 
ellviissss91: folds 
Captainmb87: folds 
cHeesy199: folds 
hopezACE: folds 
1973martin: calls 120
El Toledo 91: folds 
Gabrielfs13: checks 
*** FLOP *** [Js 9s 3d]
Gabrielfs13: checks 
1973martin: checks 
*** TURN *** [Js 9s 3d] [Ad]
Gabrielfs13: checks 
1973martin: bets 158
Gabrielfs13: calls 158
*** RIVER *** [Js 9s 3d Ad] [7c]
Gabrielfs13: checks 
1973martin: bets 285
Gabrielfs13: calls 285
*** SHOW DOWN ***
1973martin: shows [5d Ah] (a pair of Aces)
Gabrielfs13: mucks hand 
1973martin collected 1282 from pot
*** SUMMARY ***
Total pot 1282 | Rake 0 
Board [Js 9s 3d Ad 7c]
Seat 1: Captainmb87 folded before Flop (didn't bet)
Seat 2: cHeesy199 folded before Flop (didn't bet)
Seat 3: hopezACE folded before Flop (didn't bet)
Seat 4: 1973martin (button) showed [5d Ah] and won (1282) with a pair of Aces
Seat 5: El Toledo 91 (small blind) folded before Flop
Seat 6: Gabrielfs13 (big blind) mucked [6h Jh]
Seat 7: Jackpot_7789 folded before Flop (didn't bet)
Seat 8: ellviissss91 folded before Flop (didn't bet)



PokerStars Hand #257290346369: Tournament #3914634513, $10+$10+$2 USD Hold'em No Limit - Level V (60/120) - 2025/08/10 14:48:45 BRT [2025/08/10 13:48:45 ET]
Table '3914634513 131' 8-max Seat #5 is the button
Seat 1: Captainmb87 (23230 in chips, $15 bounty) 
Seat 2: cHeesy199 (10804 in chips, $10 bounty) 
Seat 3: hopezACE (9628 in chips, $10 bounty) 
Seat 4: 1973martin (11860 in chips, $10 bounty) 
Seat 5: El Toledo 91 (2029 in chips, $10 bounty) 
Seat 6: Gabrielfs13 (9061 in chips, $10 bounty) 
Seat 7: Jackpot_7789 (13000 in chips, $10 bounty) 
Seat 8: ellviissss91 (8819 in chips, $10 bounty) 
Captainmb87: posts the ante 12
cHeesy199: posts the ante 12
hopezACE: posts the ante 12
1973martin: posts the ante 12
El Toledo 91: posts the ante 12
Gabrielfs13: posts the ante 12
Jackpot_7789: posts the ante 12
ellviissss91: posts the ante 12
Gabrielfs13: posts small blind 60
Jackpot_7789: posts big blind 120
*** HOLE CARDS ***
Dealt to Gabrielfs13 [8s 2c]
ellviissss91: folds 
Captainmb87: folds 
cHeesy199: folds 
hopezACE: folds 
1973martin: calls 120
El Toledo 91: folds 
Gabrielfs13: folds 
Jackpot_7789: checks 
*** FLOP *** [7c 3h 7s]
Jackpot_7789: checks 
1973martin: checks 
*** TURN *** [7c 3h 7s] [4d]
Jackpot_7789: bets 261
1973martin: folds 
Uncalled bet (261) returned to Jackpot_7789
Jackpot_7789 collected 396 from pot
*** SUMMARY ***
Total pot 396 | Rake 0 
Board [7c 3h 7s 4d]
Seat 1: Captainmb87 folded before Flop (didn't bet)
Seat 2: cHeesy199 folded before Flop (didn't bet)
Seat 3: hopezACE folded before Flop (didn't bet)
Seat 4: 1973martin folded on the Turn
Seat 5: El Toledo 91 (button) folded before Flop (didn't bet)
Seat 6: Gabrielfs13 (small blind) folded before Flop
Seat 7: Jackpot_7789 (big blind) collected (396)
Seat 8: ellviissss91 folded before Flop (didn't bet)



PokerStars Hand #257290356627: Tournament #3914634513, $10+$10+$2 USD Hold'em No Limit - Level V (60/120) - 2025/08/10 14:49:27 BRT [2025/08/10 13:49:27 ET]
Table '3914634513 131' 8-max Seat #6 is the button
Seat 1: Captainmb87 (23218 in chips, $15 bounty) 
Seat 2: cHeesy199 (10792 in chips, $10 bounty) 
Seat 3: hopezACE (9616 in chips, $10 bounty) 
Seat 4: 1973martin (11728 in chips, $10 bounty) 
Seat 5: El Toledo 91 (2017 in chips, $10 bounty) 
Seat 6: Gabrielfs13 (8989 in chips, $10 bounty) 
Seat 7: Jackpot_7789 (13264 in chips, $10 bounty) 
Seat 8: ellviissss91 (8807 in chips, $10 bounty) 
Captainmb87: posts the ante 12
cHeesy199: posts the ante 12
hopezACE: posts the ante 12
1973martin: posts the ante 12
El Toledo 91: posts the ante 12
Gabrielfs13: posts the ante 12
Jackpot_7789: posts the ante 12
ellviissss91: posts the ante 12
Jackpot_7789: posts small blind 60
ellviissss91: posts big blind 120
*** HOLE CARDS ***
Dealt to Gabrielfs13 [3c Jc]
Captainmb87: folds 
cHeesy199: folds 
hopezACE: folds 
1973martin: calls 120
El Toledo 91: folds 
Gabrielfs13: folds 
Jackpot_7789: calls 60
ellviissss91: checks 
*** FLOP *** [2d 3h Ac]
Jackpot_7789: checks 
ellviissss91: bets 146
1973martin: folds 
Jackpot_7789: calls 146
*** TURN *** [2d 3h Ac] [7s]
Jackpot_7789: checks 
ellviissss91: bets 240
Jackpot_7789: calls 240
*** RIVER *** [2d 3h Ac 7s] [5h]
Jackpot_7789: checks 
ellviissss91: checks 
*** SHOW DOWN ***
Jackpot_7789: shows [Qd 8s] (high card Ace)
ellviissss91: shows [5s Kd] (a pair of Fives)
ellviissss91 collected 1228 from pot
*** SUMMARY ***
Total pot 1228 | Rake 0 
Board [2d 3h Ac 7s 5h]
Seat 1: Captainmb87 folded before Flop (didn't bet)
Seat 2: cHeesy199 folded before Flop (didn't bet)
Seat 3: hopezACE folded before Flop (didn't bet)
Seat 4: 1973martin folded on the Flop
Seat 5: El Toledo 91 folded before Flop (didn't bet)
Seat 6: Gabrielfs13 (button) folded before Flop (didn't bet)
Seat 7: Jackpot_7789 (small blind) showed [Qd 8s] and lost with high card Ace
Seat 8: ellviissss91 (big blind) showed [5s Kd] and won (1228) with a pair of Fives



PokerStars Hand #257290372323: Tournament #3914634513, $10+$10+$2 USD Hold'em No Limit - Level VI (80/160) - 2025/08/10 14:50:33 BRT [2025/08/10 13:50:33 ET]
Table '3914634513 131' 8-max Seat #7 is the button
Seat 1: Captainmb87 (23206 in chips, $15 bounty) 
Seat 2: cHeesy199 (10780 in chips, $10 bounty) 
Seat 3: hopezACE (9604 in chips, $10 bounty) 
Seat 4: 1973martin (11596 in chips, $10 bounty) 
Seat 5: El Toledo 91 (2005 in chips, $10 bounty) 
Seat 6: Gabrielfs13 (8977 in chips, $10 bounty) 
Seat 7: Jackpot_7789 (12746 in chips, $10 bounty) 
Seat 8: ellviissss91 (9517 in chips, $10 bounty) 
Captainmb87: posts the ante 16
cHeesy199: posts the ante 16
hopezACE: posts the ante 16
1973martin: posts the ante 16
El Toledo 91: posts the ante 16
Gabrielfs13: posts the ante 16
Jackpot_7789: posts the ante 16
ellviissss91: posts the ante 16
ellviissss91: posts small blind 80
Captainmb87: posts big blind 160
*** HOLE CARDS ***
Dealt to Gabrielfs13 [Ks 6d]
cHeesy199: folds 
hopezACE: folds 
1973martin: folds 
El Toledo 91: folds 
Gabrielfs13: raises 160 to 320
Jackpot_7789: raises 960 to 1280
ellviissss91: raises 1600 to 2880
Captainmb87: folds 
Gabrielfs13: folds 
Jackpot_7789: folds 
Uncalled bet (1600) returned to ellviissss91
ellviissss91 collected 3168 from pot
ellviissss91: doesn't show hand 
*** SUMMARY ***
Total pot 3168 | Rake 0 
Seat 1: Captainmb87 (big blind) folded before Flop
Seat 2: cHeesy199 folded before Flop (didn't bet)
Seat 3: hopezACE folded before Flop (didn't bet)
Seat 4: 1973martin folded before Flop (didn't bet)
Seat 5: El Toledo 91 folded before Flop (didn't bet)
Seat 6: Gabrielfs13 folded before Flop
Seat 7: Jackpot_7789 (button) folded before Flop
Seat 8: ellviissss91 (small blind) collected (3168)



PokerStars Hand #257290383319: Tournament #3914634513, $10+$10+$2 USD Hold'em No Limit - Level VI (80/160) - 2025/08/10 14:51:19 BRT [2025/08/10 13:51:19 ET]
Table '3914634513 131' 8-max Seat #8 is the button
Seat 1: Captainmb87 (23030 in chips, $15 bounty) 
Seat 2: cHeesy199 (10764 in chips, $10 bounty) 
Seat 3: hopezACE (9588 in chips, $10 bounty) 
Seat 4: 1973martin (11580 in chips, $10 bounty) 
Seat 5: El Toledo 91 (1989 in chips, $10 bounty) 
Seat 6: Gabrielfs13 (8641 in chips, $10 bounty) 
Seat 7: Jackpot_7789 (11450 in chips, $10 bounty) 
Seat 8: ellviissss91 (11389 in chips, $10 bounty) 
Captainmb87: posts the ante 16
cHeesy199: posts the ante 16
hopezACE: posts the ante 16
1973martin: posts the ante 16
El Toledo 91: posts the ante 16
Gabrielfs13: posts the ante 16
Jackpot_7789: posts the ante 16
ellviissss91: posts the ante 16
Captainmb87: posts small blind 80
cHeesy199: posts big blind 160
*** HOLE CARDS ***
Dealt to Gabrielfs13 [As 3s]
hopezACE: folds 
1973martin: folds 
El Toledo 91: folds 
Gabrielfs13: raises 160 to 320
Jackpot_7789: folds 
ellviissss91: folds 
Captainmb87: calls 240
cHeesy199: calls 160
*** FLOP *** [Qd Th 7h]
Captainmb87: checks 
cHeesy199: checks 
Gabrielfs13: bets 272
Captainmb87: folds 
cHeesy199: folds 
Uncalled bet (272) returned to Gabrielfs13
Gabrielfs13 collected 1088 from pot
Gabrielfs13: doesn't show hand 
*** SUMMARY ***
Total pot 1088 | Rake 0 
Board [Qd Th 7h]
Seat 1: Captainmb87 (small blind) folded on the Flop
Seat 2: cHeesy199 (big blind) folded on the Flop
Seat 3: hopezACE folded before Flop (didn't bet)
Seat 4: 1973martin folded before Flop (didn't bet)
Seat 5: El Toledo 91 folded before Flop (didn't bet)
Seat 6: Gabrielfs13 collected (1088)
Seat 7: Jackpot_7789 folded before Flop (didn't bet)
Seat 8: ellviissss91 (button) folded before Flop (didn't bet)



PokerStars Hand #257290394256: Tournament #3914634513, $10+$10+$2 USD Hold'em No Limit - Level VI (80/160) - 2025/08/10 14:52:04 BRT [2025/08/10 13:52:04 ET]
Table '3914634513 131' 8-max Seat #1 is the button
Seat 1: Captainmb87 (22694 in chips, $15 bounty) 
Seat 2: cHeesy199 (10428 in chips, $10 bounty) 
Seat 3: hopezACE (9572 in chips, $10 bounty) 
Seat 4: 1973martin (11564 in chips, $10 bounty) 
Seat 5: El Toledo 91 (1973 in chips, $10 bounty) 
Seat 6: Gabrielfs13 (9393 in chips, $10 bounty) 
Seat 7: Jackpot_7789 (11434 in chips, $10 bounty) 
Seat 8: ellviissss91 (11373 in chips, $10 bounty) 
Captainmb87: posts the ante 16
cHeesy199: posts the ante 16
hopezACE: posts the ante 16
1973martin: posts the ante 16
El Toledo 91: posts the ante 16
Gabrielfs13: posts the ante 16
Jackpot_7789: posts the ante 16
ellviissss91: posts the ante 16
cHeesy199: posts small blind 80
hopezACE: posts big blind 160
*** HOLE CARDS ***
Dealt to Gabrielfs13 [Qs 6s]
1973martin: calls 160
El Toledo 91: raises 1797 to 1957 and is all-in
Gabrielfs13: folds 
Jackpot_7789: folds 
ellviissss91: folds 
Captainmb87: folds 
cHeesy199: folds 
hopezACE: folds 
1973martin: calls 1797
*** FLOP *** [9c Ad Tc]
*** TURN *** [9c Ad Tc] [Td]
*** RIVER *** [9c Ad Tc Td] [Ts]
*** SHOW DOWN ***
1973martin: shows [Js Th] (four of a kind, Tens)
El Toledo 91: shows [Jd Qh] (three of a kind, Tens)
1973martin collected 4282 from pot
1973martin wins $5 for eliminating El Toledo 91 and their own bounty increases by $5 to $15
El Toledo 91 finished the tournament
*** SUMMARY ***
Total pot 4282 | Rake 0 
Board [9c Ad Tc Td Ts]
Seat 1: Captainmb87 (button) folded before Flop (didn't bet)
Seat 2: cHeesy199 (small blind) folded before Flop
Seat 3: hopezACE (big blind) folded before Flop
Seat 4: 1973martin showed [Js Th] and won (4282) with four of a kind, Tens
Seat 5: El Toledo 91 showed [Jd Qh] and lost with three of a kind, Tens
Seat 6: Gabrielfs13 folded before Flop (didn't bet)
Seat 7: Jackpot_7789 folded before Flop (didn't bet)
Seat 8: ellviissss91 folded before Flop (didn't bet)



PokerStars Hand #257290410727: Tournament #3914634513, $10+$10+$2 USD Hold'em No Limit - Level VI (80/160) - 2025/08/10 14:53:13 BRT [2025/08/10 13:53:13 ET]
Table '3914634513 131' 8-max Seat #2 is the button
Seat 1: Captainmb87 (22678 in chips, $15 bounty) 
Seat 2: cHeesy199 (10332 in chips, $10 bounty) 
Seat 3: hopezACE (9396 in chips, $10 bounty) 
Seat 4: 1973martin (13873 in chips, $15 bounty) 
Seat 6: Gabrielfs13 (9377 in chips, $10 bounty) 
Seat 7: Jackpot_7789 (11418 in chips, $10 bounty) 
Seat 8: ellviissss91 (11357 in chips, $10 bounty) 
Captainmb87: posts the ante 16
cHeesy199: posts the ante 16
hopezACE: posts the ante 16
1973martin: posts the ante 16
Gabrielfs13: posts the ante 16
Jackpot_7789: posts the ante 16
ellviissss91: posts the ante 16
hopezACE: posts small blind 80
1973martin: posts big blind 160
*** HOLE CARDS ***
Dealt to Gabrielfs13 [Js 7d]
tickmeneses is disconnected 
Gabrielfs13: folds 
Jackpot_7789: folds 
ellviissss91: folds 
Captainmb87: folds 
cHeesy199: folds 
hopezACE: calls 80
1973martin: checks 
*** FLOP *** [7c Ts Tc]
hopezACE: checks 
1973martin: checks 
*** TURN *** [7c Ts Tc] [8d]
hopezACE: checks 
1973martin: bets 302
hopezACE: calls 302
*** RIVER *** [7c Ts Tc 8d] [6d]
hopezACE: checks 
1973martin: bets 414
hopezACE: calls 414
*** SHOW DOWN ***
1973martin: shows [6h 9h] (a straight, Six to Ten)
hopezACE: mucks hand 
1973martin collected 1864 from pot
*** SUMMARY ***
Total pot 1864 | Rake 0 
Board [7c Ts Tc 8d 6d]
Seat 1: Captainmb87 folded before Flop (didn't bet)
Seat 2: cHeesy199 (button) folded before Flop (didn't bet)
Seat 3: hopezACE (small blind) mucked [7s Kc]
Seat 4: 1973martin (big blind) showed [6h 9h] and won (1864) with a straight, Six to Ten
Seat 6: Gabrielfs13 folded before Flop (didn't bet)
Seat 7: Jackpot_7789 folded before Flop (didn't bet)
Seat 8: ellviissss91 folded before Flop (didn't bet)



PokerStars Hand #257290435596: Tournament #3914634513, $10+$10+$2 USD Hold'em No Limit - Level VI (80/160) - 2025/08/10 14:54:58 BRT [2025/08/10 13:54:58 ET]
Table '3914634513 131' 8-max Seat #3 is the button
Seat 1: Captainmb87 (22662 in chips, $15 bounty) 
Seat 2: cHeesy199 (10316 in chips, $10 bounty) 
Seat 3: hopezACE (8504 in chips, $10 bounty) 
Seat 4: 1973martin (14845 in chips, $15 bounty) 
Seat 5: tickmeneses (10000 in chips, $10 bounty) 
Seat 6: Gabrielfs13 (9361 in chips, $10 bounty) 
Seat 7: Jackpot_7789 (11402 in chips, $10 bounty) 
Seat 8: ellviissss91 (11341 in chips, $10 bounty) 
Captainmb87: posts the ante 16
cHeesy199: posts the ante 16
hopezACE: posts the ante 16
1973martin: posts the ante 16
tickmeneses: posts the ante 16
Gabrielfs13: posts the ante 16
Jackpot_7789: posts the ante 16
ellviissss91: posts the ante 16
1973martin: posts small blind 80
tickmeneses: posts big blind 160
*** HOLE CARDS ***
Dealt to Gabrielfs13 [Qs Tc]
Gabrielfs13: folds 
Jackpot_7789: folds 
ellviissss91: raises 160 to 320
Captainmb87: folds 
cHeesy199: folds 
hopezACE: folds 
1973martin: folds 
tickmeneses: calls 160
*** FLOP *** [2d Ac Td]
tickmeneses: checks 
ellviissss91: bets 560
tickmeneses: calls 560
*** TURN *** [2d Ac Td] [8s]
tickmeneses: checks 
ellviissss91: bets 2436
tickmeneses: folds 
Uncalled bet (2436) returned to ellviissss91
ellviissss91 collected 1968 from pot
*** SUMMARY ***
Total pot 1968 | Rake 0 
Board [2d Ac Td 8s]
Seat 1: Captainmb87 folded before Flop (didn't bet)
Seat 2: cHeesy199 folded before Flop (didn't bet)
Seat 3: hopezACE (button) folded before Flop (didn't bet)
Seat 4: 1973martin (small blind) folded before Flop
Seat 5: tickmeneses (big blind) folded on the Turn
Seat 6: Gabrielfs13 folded before Flop (didn't bet)
Seat 7: Jackpot_7789 folded before Flop (didn't bet)
Seat 8: ellviissss91 collected (1968)



PokerStars Hand #257290500303: Tournament #3914634513, $10+$10+$2 USD Hold'em No Limit - Level VI (80/160) - 2025/08/10 15:01:58 BRT [2025/08/10 14:01:58 ET]
Table '3914634513 292' 8-max Seat #1 is the button
Seat 1: Gabrielfs13 (9345 in chips, $10 bounty) 
Seat 2: SteLane97 (10000 in chips, $10 bounty) 
Seat 3: pieroborges (10000 in chips, $10 bounty) 
Seat 4: BigStan11 (8916 in chips, $10 bounty) 
Seat 5: C0sm0 M!nd (17249 in chips, $10 bounty) 
Seat 6: BenBrogan12 (10000 in chips, $10 bounty) 
Seat 7: bartijoker11 (18020 in chips, $10 bounty) 
Seat 8: StormGoesEnorm (10000 in chips, $10 bounty) 
Gabrielfs13: posts the ante 16
SteLane97: posts the ante 16
pieroborges: posts the ante 16
BigStan11: posts the ante 16
C0sm0 M!nd: posts the ante 16
BenBrogan12: posts the ante 16
bartijoker11: posts the ante 16
StormGoesEnorm: posts the ante 16
SteLane97: posts small blind 80
pieroborges: posts big blind 160
*** HOLE CARDS ***
Dealt to Gabrielfs13 [Ts 4d]
BigStan11: folds 
C0sm0 M!nd: folds 
BenBrogan12: folds 
bartijoker11: raises 320 to 480
StormGoesEnorm: folds 
Gabrielfs13: folds 
SteLane97: folds 
pieroborges: calls 320
*** FLOP *** [3c 3d 7c]
pieroborges: checks 
bartijoker11: checks 
*** TURN *** [3c 3d 7c] [Kd]
pieroborges: checks 
bartijoker11: bets 640
pieroborges: calls 640
*** RIVER *** [3c 3d 7c Kd] [Td]
pieroborges: checks 
bartijoker11: checks 
*** SHOW DOWN ***
pieroborges: shows [2c Kh] (two pair, Kings and Threes)
bartijoker11: mucks hand 
pieroborges collected 2448 from pot
*** SUMMARY ***
Total pot 2448 | Rake 0 
Board [3c 3d 7c Kd Td]
Seat 1: Gabrielfs13 (button) folded before Flop (didn't bet)
Seat 2: SteLane97 (small blind) folded before Flop
Seat 3: pieroborges (big blind) showed [2c Kh] and won (2448) with two pair, Kings and Threes
Seat 4: BigStan11 folded before Flop (didn't bet)
Seat 5: C0sm0 M!nd folded before Flop (didn't bet)
Seat 6: BenBrogan12 folded before Flop (didn't bet)
Seat 7: bartijoker11 mucked [4c Ah]
Seat 8: StormGoesEnorm folded before Flop (didn't bet)



PokerStars Hand #257290523400: Tournament #3914634513, $10+$10+$2 USD Hold'em No Limit - Level VI (80/160) - 2025/08/10 15:03:34 BRT [2025/08/10 14:03:34 ET]
Table '3914634513 292' 8-max Seat #2 is the button
Seat 1: Gabrielfs13 (9329 in chips, $10 bounty) 
Seat 2: SteLane97 (9904 in chips, $10 bounty) 
Seat 3: pieroborges (11312 in chips, $10 bounty) 
Seat 4: BigStan11 (8900 in chips, $10 bounty) 
Seat 5: C0sm0 M!nd (17233 in chips, $10 bounty) 
Seat 6: BenBrogan12 (9984 in chips, $10 bounty) 
Seat 7: bartijoker11 (16884 in chips, $10 bounty) 
Seat 8: StormGoesEnorm (9984 in chips, $10 bounty) 
Gabrielfs13: posts the ante 16
SteLane97: posts the ante 16
pieroborges: posts the ante 16
BigStan11: posts the ante 16
C0sm0 M!nd: posts the ante 16
BenBrogan12: posts the ante 16
bartijoker11: posts the ante 16
StormGoesEnorm: posts the ante 16
pieroborges: posts small blind 80
BigStan11: posts big blind 160
*** HOLE CARDS ***
Dealt to Gabrielfs13 [8h Kc]
C0sm0 M!nd has timed out
C0sm0 M!nd: folds 
C0sm0 M!nd is sitting out
C0sm0 M!nd has returned
BenBrogan12: raises 192 to 352
bartijoker11: folds 
StormGoesEnorm: calls 352
Gabrielfs13: folds 
SteLane97: folds 
pieroborges: folds 
BigStan11: calls 192
*** FLOP *** [Jd 2h Js]
BigStan11: checks 
BenBrogan12: checks 
StormGoesEnorm: bets 417
BigStan11: folds 
BenBrogan12: folds 
Uncalled bet (417) returned to StormGoesEnorm
StormGoesEnorm collected 1264 from pot
StormGoesEnorm: doesn't show hand 
*** SUMMARY ***
Total pot 1264 | Rake 0 
Board [Jd 2h Js]
Seat 1: Gabrielfs13 folded before Flop (didn't bet)
Seat 2: SteLane97 (button) folded before Flop (didn't bet)
Seat 3: pieroborges (small blind) folded before Flop
Seat 4: BigStan11 (big blind) folded on the Flop
Seat 5: C0sm0 M!nd folded before Flop (didn't bet)
Seat 6: BenBrogan12 folded on the Flop
Seat 7: bartijoker11 folded before Flop (didn't bet)
Seat 8: StormGoesEnorm collected (1264)



PokerStars Hand #257290545495: Tournament #3914634513, $10+$10+$2 USD Hold'em No Limit - Level VI (80/160) - 2025/08/10 15:05:04 BRT [2025/08/10 14:05:04 ET]
Table '3914634513 292' 8-max Seat #3 is the button
Seat 1: Gabrielfs13 (9313 in chips, $10 bounty) 
Seat 2: SteLane97 (9888 in chips, $10 bounty) 
Seat 3: pieroborges (11216 in chips, $10 bounty) 
Seat 4: BigStan11 (8532 in chips, $10 bounty) 
Seat 5: C0sm0 M!nd (17217 in chips, $10 bounty) 
Seat 6: BenBrogan12 (9616 in chips, $10 bounty) 
Seat 7: bartijoker11 (16868 in chips, $10 bounty) 
Seat 8: StormGoesEnorm (10880 in chips, $10 bounty) 
Gabrielfs13: posts the ante 16
SteLane97: posts the ante 16
pieroborges: posts the ante 16
BigStan11: posts the ante 16
C0sm0 M!nd: posts the ante 16
BenBrogan12: posts the ante 16
bartijoker11: posts the ante 16
StormGoesEnorm: posts the ante 16
BigStan11: posts small blind 80
C0sm0 M!nd: posts big blind 160
*** HOLE CARDS ***
Dealt to Gabrielfs13 [Kh 6d]
BenBrogan12: folds 
bartijoker11: raises 320 to 480
StormGoesEnorm: folds 
Gabrielfs13: folds 
SteLane97: folds 
pieroborges: folds 
BigStan11: folds 
C0sm0 M!nd: folds 
Uncalled bet (320) returned to bartijoker11
bartijoker11 collected 528 from pot
bartijoker11: doesn't show hand 
*** SUMMARY ***
Total pot 528 | Rake 0 
Seat 1: Gabrielfs13 folded before Flop (didn't bet)
Seat 2: SteLane97 folded before Flop (didn't bet)
Seat 3: pieroborges (button) folded before Flop (didn't bet)
Seat 4: BigStan11 (small blind) folded before Flop
Seat 5: C0sm0 M!nd (big blind) folded before Flop
Seat 6: BenBrogan12 folded before Flop (didn't bet)
Seat 7: bartijoker11 collected (528)
Seat 8: StormGoesEnorm folded before Flop (didn't bet)



PokerStars Hand #257290556564: Tournament #3914634513, $10+$10+$2 USD Hold'em No Limit - Level VI (80/160) - 2025/08/10 15:05:49 BRT [2025/08/10 14:05:49 ET]
Table '3914634513 292' 8-max Seat #4 is the button
Seat 1: Gabrielfs13 (9297 in chips, $10 bounty) 
Seat 2: SteLane97 (9872 in chips, $10 bounty) 
Seat 3: pieroborges (11200 in chips, $10 bounty) 
Seat 4: BigStan11 (8436 in chips, $10 bounty) 
Seat 5: C0sm0 M!nd (17041 in chips, $10 bounty) 
Seat 6: BenBrogan12 (9600 in chips, $10 bounty) 
Seat 7: bartijoker11 (17220 in chips, $10 bounty) 
Seat 8: StormGoesEnorm (10864 in chips, $10 bounty) 
Gabrielfs13: posts the ante 16
SteLane97: posts the ante 16
pieroborges: posts the ante 16
BigStan11: posts the ante 16
C0sm0 M!nd: posts the ante 16
BenBrogan12: posts the ante 16
bartijoker11: posts the ante 16
StormGoesEnorm: posts the ante 16
C0sm0 M!nd: posts small blind 80
BenBrogan12: posts big blind 160
*** HOLE CARDS ***
Dealt to Gabrielfs13 [As Js]
bartijoker11: folds 
StormGoesEnorm: calls 160
Gabrielfs13: raises 320 to 480
SteLane97: folds 
pieroborges: folds 
BigStan11: folds 
C0sm0 M!nd: raises 1280 to 1760
BenBrogan12: folds 
StormGoesEnorm: folds 
Gabrielfs13: calls 1280
*** FLOP *** [6h 8d 3h]
C0sm0 M!nd: bets 1585
Gabrielfs13: folds 
Uncalled bet (1585) returned to C0sm0 M!nd
C0sm0 M!nd collected 3968 from pot
C0sm0 M!nd: doesn't show hand 
*** SUMMARY ***
Total pot 3968 | Rake 0 
Board [6h 8d 3h]
Seat 1: Gabrielfs13 folded on the Flop
Seat 2: SteLane97 folded before Flop (didn't bet)
Seat 3: pieroborges folded before Flop (didn't bet)
Seat 4: BigStan11 (button) folded before Flop (didn't bet)
Seat 5: C0sm0 M!nd (small blind) collected (3968)
Seat 6: BenBrogan12 (big blind) folded before Flop
Seat 7: bartijoker11 folded before Flop (didn't bet)
Seat 8: StormGoesEnorm folded before Flop



PokerStars Hand #257290581713: Tournament #3914634513, $10+$10+$2 USD Hold'em No Limit - Level VII (100/200) - 2025/08/10 15:07:32 BRT [2025/08/10 14:07:32 ET]
Table '3914634513 292' 8-max Seat #5 is the button
Seat 1: Gabrielfs13 (7521 in chips, $10 bounty) 
Seat 2: SteLane97 (9856 in chips, $10 bounty) 
Seat 3: pieroborges (11184 in chips, $10 bounty) 
Seat 4: BigStan11 (8420 in chips, $10 bounty) 
Seat 5: C0sm0 M!nd (19233 in chips, $10 bounty) 
Seat 6: BenBrogan12 (9424 in chips, $10 bounty) 
Seat 7: bartijoker11 (17204 in chips, $10 bounty) 
Seat 8: StormGoesEnorm (10688 in chips, $10 bounty) 
Gabrielfs13: posts the ante 20
SteLane97: posts the ante 20
pieroborges: posts the ante 20
BigStan11: posts the ante 20
C0sm0 M!nd: posts the ante 20
BenBrogan12: posts the ante 20
bartijoker11: posts the ante 20
StormGoesEnorm: posts the ante 20
BenBrogan12: posts small blind 100
bartijoker11: posts big blind 200
*** HOLE CARDS ***
Dealt to Gabrielfs13 [Qd 5c]
StormGoesEnorm: folds 
Gabrielfs13: folds 
SteLane97: folds 
pieroborges: folds 
BigStan11: raises 200 to 400
C0sm0 M!nd: folds 
BenBrogan12: folds 
bartijoker11: folds 
Uncalled bet (200) returned to BigStan11
BigStan11 collected 660 from pot
BigStan11: doesn't show hand 
*** SUMMARY ***
Total pot 660 | Rake 0 
Seat 1: Gabrielfs13 folded before Flop (didn't bet)
Seat 2: SteLane97 folded before Flop (didn't bet)
Seat 3: pieroborges folded before Flop (didn't bet)
Seat 4: BigStan11 collected (660)
Seat 5: C0sm0 M!nd (button) folded before Flop (didn't bet)
Seat 6: BenBrogan12 (small blind) folded before Flop
Seat 7: bartijoker11 (big blind) folded before Flop
Seat 8: StormGoesEnorm folded before Flop (didn't bet)



PokerStars Hand #257290592428: Tournament #3914634513, $10+$10+$2 USD Hold'em No Limit - Level VII (100/200) - 2025/08/10 15:08:17 BRT [2025/08/10 14:08:17 ET]
Table '3914634513 292' 8-max Seat #6 is the button
Seat 1: Gabrielfs13 (7501 in chips, $10 bounty) 
Seat 2: SteLane97 (9836 in chips, $10 bounty) 
Seat 3: pieroborges (11164 in chips, $10 bounty) 
Seat 4: BigStan11 (8860 in chips, $10 bounty) 
Seat 5: C0sm0 M!nd (19213 in chips, $10 bounty) 
Seat 6: BenBrogan12 (9304 in chips, $10 bounty) 
Seat 7: bartijoker11 (16984 in chips, $10 bounty) 
Seat 8: StormGoesEnorm (10668 in chips, $10 bounty) 
Gabrielfs13: posts the ante 20
SteLane97: posts the ante 20
pieroborges: posts the ante 20
BigStan11: posts the ante 20
C0sm0 M!nd: posts the ante 20
BenBrogan12: posts the ante 20
bartijoker11: posts the ante 20
StormGoesEnorm: posts the ante 20
bartijoker11: posts small blind 100
StormGoesEnorm: posts big blind 200
*** HOLE CARDS ***
Dealt to Gabrielfs13 [Kd 4d]
Gabrielfs13: folds 
SteLane97: raises 300 to 500
pieroborges: folds 
BigStan11: folds 
C0sm0 M!nd: folds 
BenBrogan12: folds 
bartijoker11: calls 400
StormGoesEnorm: calls 300
*** FLOP *** [Kh 8s 6d]
bartijoker11: checks 
StormGoesEnorm: checks 
SteLane97: checks 
*** TURN *** [Kh 8s 6d] [8h]
bartijoker11: checks 
StormGoesEnorm: bets 548
SteLane97: calls 548
bartijoker11: calls 548
*** RIVER *** [Kh 8s 6d 8h] [9s]
bartijoker11: checks 
StormGoesEnorm: bets 2277
SteLane97: raises 6491 to 8768 and is all-in
bartijoker11: folds 
StormGoesEnorm: calls 6491
*** SHOW DOWN ***
SteLane97: shows [6s 6c] (a full house, Sixes full of Eights)
StormGoesEnorm: shows [9d Ks] (two pair, Kings and Nines)
SteLane97 collected 20840 from pot
*** SUMMARY ***
Total pot 20840 | Rake 0 
Board [Kh 8s 6d 8h 9s]
Seat 1: Gabrielfs13 folded before Flop (didn't bet)
Seat 2: SteLane97 showed [6s 6c] and won (20840) with a full house, Sixes full of Eights
Seat 3: pieroborges folded before Flop (didn't bet)
Seat 4: BigStan11 folded before Flop (didn't bet)
Seat 5: C0sm0 M!nd folded before Flop (didn't bet)
Seat 6: BenBrogan12 (button) folded before Flop (didn't bet)
Seat 7: bartijoker11 (small blind) folded on the River
Seat 8: StormGoesEnorm (big blind) showed [9d Ks] and lost with two pair, Kings and Nines



PokerStars Hand #257290634399: Tournament #3914634513, $10+$10+$2 USD Hold'em No Limit - Level VII (100/200) - 2025/08/10 15:11:08 BRT [2025/08/10 14:11:08 ET]
Table '3914634513 292' 8-max Seat #7 is the button
Seat 1: Gabrielfs13 (7481 in chips, $10 bounty) 
Seat 2: SteLane97 (20840 in chips, $10 bounty) 
Seat 3: pieroborges (11144 in chips, $10 bounty) 
Seat 4: BigStan11 (8840 in chips, $10 bounty) 
Seat 5: C0sm0 M!nd (19193 in chips, $10 bounty) 
Seat 6: BenBrogan12 (9284 in chips, $10 bounty) 
Seat 7: bartijoker11 (15916 in chips, $10 bounty) 
Seat 8: StormGoesEnorm (832 in chips, $10 bounty) 
Gabrielfs13: posts the ante 20
SteLane97: posts the ante 20
pieroborges: posts the ante 20
BigStan11: posts the ante 20
C0sm0 M!nd: posts the ante 20
BenBrogan12: posts the ante 20
bartijoker11: posts the ante 20
StormGoesEnorm: posts the ante 20
StormGoesEnorm: posts small blind 100
Gabrielfs13: posts big blind 200
*** HOLE CARDS ***
Dealt to Gabrielfs13 [7c 3s]
SteLane97: raises 300 to 500
pieroborges: raises 900 to 1400
BigStan11: folds 
C0sm0 M!nd: folds 
BenBrogan12: folds 
bartijoker11: calls 1400
StormGoesEnorm: folds 
Gabrielfs13: folds 
SteLane97: calls 900
*** FLOP *** [6s 7d Tc]
SteLane97: checks 
pieroborges: bets 1400
bartijoker11: calls 1400
SteLane97: folds 
*** TURN *** [6s 7d Tc] [3d]
pieroborges: checks 
bartijoker11: bets 4000
pieroborges: raises 4324 to 8324 and is all-in
bartijoker11: calls 4324
*** RIVER *** [6s 7d Tc 3d] [Th]
*** SHOW DOWN ***
pieroborges: shows [9d 9h] (two pair, Tens and Nines)
bartijoker11: shows [9c 8s] (a straight, Six to Ten)
bartijoker11 collected 24108 from pot
bartijoker11 wins $5 for eliminating pieroborges and their own bounty increases by $5 to $15
pieroborges finished the tournament
*** SUMMARY ***
Total pot 24108 | Rake 0 
Board [6s 7d Tc 3d Th]
Seat 1: Gabrielfs13 (big blind) folded before Flop
Seat 2: SteLane97 folded on the Flop
Seat 3: pieroborges showed [9d 9h] and lost with two pair, Tens and Nines
Seat 4: BigStan11 folded before Flop (didn't bet)
Seat 5: C0sm0 M!nd folded before Flop (didn't bet)
Seat 6: BenBrogan12 folded before Flop (didn't bet)
Seat 7: bartijoker11 (button) showed [9c 8s] and won (24108) with a straight, Six to Ten
Seat 8: StormGoesEnorm (small blind) folded before Flop



PokerStars Hand #257290659740: Tournament #3914634513, $10+$10+$2 USD Hold'em No Limit - Level VII (100/200) - 2025/08/10 15:12:51 BRT [2025/08/10 14:12:51 ET]
Table '3914634513 292' 8-max Seat #8 is the button
Seat 1: Gabrielfs13 (7261 in chips, $10 bounty) 
Seat 2: SteLane97 (19420 in chips, $10 bounty) 
Seat 4: BigStan11 (8820 in chips, $10 bounty) 
Seat 5: C0sm0 M!nd (19173 in chips, $10 bounty) 
Seat 6: BenBrogan12 (9264 in chips, $10 bounty) 
Seat 7: bartijoker11 (28880 in chips, $15 bounty) 
Seat 8: StormGoesEnorm (712 in chips, $10 bounty) 
Gabrielfs13: posts the ante 20
SteLane97: posts the ante 20
BigStan11: posts the ante 20
C0sm0 M!nd: posts the ante 20
BenBrogan12: posts the ante 20
bartijoker11: posts the ante 20
StormGoesEnorm: posts the ante 20
Gabrielfs13: posts small blind 100
SteLane97: posts big blind 200
*** HOLE CARDS ***
Dealt to Gabrielfs13 [Kh 7d]
BigStan11: folds 
C0sm0 M!nd: folds 
BenBrogan12: raises 220 to 420
bartijoker11: calls 420
StormGoesEnorm: folds 
Gabrielfs13: folds 
SteLane97: calls 220
*** FLOP *** [As Tc 9c]
SteLane97: checks 
BenBrogan12: bets 400
bartijoker11: folds 
SteLane97: calls 400
*** TURN *** [As Tc 9c] [Ah]
SteLane97: checks 
BenBrogan12: checks 
*** RIVER *** [As Tc 9c Ah] [Kc]
SteLane97: checks 
BenBrogan12: bets 900
SteLane97: folds 
Uncalled bet (900) returned to BenBrogan12
BenBrogan12 collected 2300 from pot
BenBrogan12: doesn't show hand 
*** SUMMARY ***
Total pot 2300 | Rake 0 
Board [As Tc 9c Ah Kc]
Seat 1: Gabrielfs13 (small blind) folded before Flop
Seat 2: SteLane97 (big blind) folded on the River
Seat 4: BigStan11 folded before Flop (didn't bet)
Seat 5: C0sm0 M!nd folded before Flop (didn't bet)
Seat 6: BenBrogan12 collected (2300)
Seat 7: bartijoker11 folded on the Flop
Seat 8: StormGoesEnorm (button) folded before Flop (didn't bet)



PokerStars Hand #257290690959: Tournament #3914634513, $10+$10+$2 USD Hold'em No Limit - Level VII (100/200) - 2025/08/10 15:14:56 BRT [2025/08/10 14:14:56 ET]
Table '3914634513 292' 8-max Seat #1 is the button
Seat 1: Gabrielfs13 (7141 in chips, $10 bounty) 
Seat 2: SteLane97 (18580 in chips, $10 bounty) 
Seat 3: VaFadrian (10000 in chips, $10 bounty) 
Seat 4: BigStan11 (8800 in chips, $10 bounty) 
Seat 5: C0sm0 M!nd (19153 in chips, $10 bounty) 
Seat 6: BenBrogan12 (10724 in chips, $10 bounty) 
Seat 7: bartijoker11 (28440 in chips, $15 bounty) 
Seat 8: StormGoesEnorm (692 in chips, $10 bounty) 
Gabrielfs13: posts the ante 20
SteLane97: posts the ante 20
VaFadrian: posts the ante 20
BigStan11: posts the ante 20
C0sm0 M!nd: posts the ante 20
BenBrogan12: posts the ante 20
bartijoker11: posts the ante 20
StormGoesEnorm: posts the ante 20
SteLane97: posts small blind 100
VaFadrian: posts big blind 200
*** HOLE CARDS ***
Dealt to Gabrielfs13 [9h Kh]
BigStan11: raises 200 to 400
C0sm0 M!nd: calls 400
BenBrogan12: folds 
bartijoker11: calls 400
StormGoesEnorm: raises 272 to 672 and is all-in
Gabrielfs13: calls 672
SteLane97: calls 572
VaFadrian: folds 
BigStan11: raises 8108 to 8780 and is all-in
C0sm0 M!nd: folds 
bartijoker11: folds 
Gabrielfs13: folds 
SteLane97: folds 
Uncalled bet (8108) returned to BigStan11
*** FLOP *** [4d 8d Qs]
*** TURN *** [4d 8d Qs] [Ac]
*** RIVER *** [4d 8d Qs Ac] [6d]
*** SHOW DOWN ***
BigStan11: shows [8s 9s] (a pair of Eights)
StormGoesEnorm: shows [Ks As] (a pair of Aces)
StormGoesEnorm collected 3848 from pot
*** SUMMARY ***
Total pot 3848 | Rake 0 
Board [4d 8d Qs Ac 6d]
Seat 1: Gabrielfs13 (button) folded before Flop
Seat 2: SteLane97 (small blind) folded before Flop
Seat 3: VaFadrian (big blind) folded before Flop
Seat 4: BigStan11 showed [8s 9s] and lost with a pair of Eights
Seat 5: C0sm0 M!nd folded before Flop
Seat 6: BenBrogan12 folded before Flop (didn't bet)
Seat 7: bartijoker11 folded before Flop
Seat 8: StormGoesEnorm showed [Ks As] and won (3848) with a pair of Aces



PokerStars Hand #257290713120: Tournament #3914634513, $10+$10+$2 USD Hold'em No Limit - Level VII (100/200) - 2025/08/10 15:16:24 BRT [2025/08/10 14:16:24 ET]
Table '3914634513 292' 8-max Seat #2 is the button
Seat 1: Gabrielfs13 (6449 in chips, $10 bounty) 
Seat 2: SteLane97 (17888 in chips, $10 bounty) 
Seat 3: VaFadrian (9780 in chips, $10 bounty) 
Seat 4: BigStan11 (8108 in chips, $10 bounty) 
Seat 5: C0sm0 M!nd (18733 in chips, $10 bounty) 
Seat 6: BenBrogan12 (10704 in chips, $10 bounty) 
Seat 7: bartijoker11 (28020 in chips, $15 bounty) 
Seat 8: StormGoesEnorm (3848 in chips, $10 bounty) 
Gabrielfs13: posts the ante 20
SteLane97: posts the ante 20
VaFadrian: posts the ante 20
BigStan11: posts the ante 20
C0sm0 M!nd: posts the ante 20
BenBrogan12: posts the ante 20
bartijoker11: posts the ante 20
StormGoesEnorm: posts the ante 20
VaFadrian: posts small blind 100
BigStan11: posts big blind 200
*** HOLE CARDS ***
Dealt to Gabrielfs13 [2d As]
C0sm0 M!nd: folds 
BenBrogan12: raises 220 to 420
bartijoker11: folds 
StormGoesEnorm: folds 
Gabrielfs13: folds 
SteLane97: folds 
VaFadrian: folds 
BigStan11: calls 220
*** FLOP *** [8c 7s 5d]
BigStan11: checks 
BenBrogan12: bets 346
BigStan11: raises 754 to 1100
BenBrogan12: folds 
Uncalled bet (754) returned to BigStan11
BigStan11 collected 1792 from pot
BigStan11: doesn't show hand 
*** SUMMARY ***
Total pot 1792 | Rake 0 
Board [8c 7s 5d]
Seat 1: Gabrielfs13 folded before Flop (didn't bet)
Seat 2: SteLane97 (button) folded before Flop (didn't bet)
Seat 3: VaFadrian (small blind) folded before Flop
Seat 4: BigStan11 (big blind) collected (1792)
Seat 5: C0sm0 M!nd folded before Flop (didn't bet)
Seat 6: BenBrogan12 folded on the Flop
Seat 7: bartijoker11 folded before Flop (didn't bet)
Seat 8: StormGoesEnorm folded before Flop (didn't bet)



PokerStars Hand #257290735086: Tournament #3914634513, $10+$10+$2 USD Hold'em No Limit - Level VIII (125/250) - 2025/08/10 15:17:51 BRT [2025/08/10 14:17:51 ET]
Table '3914634513 292' 8-max Seat #3 is the button
Seat 1: Gabrielfs13 (6429 in chips, $10 bounty) 
Seat 2: SteLane97 (17868 in chips, $10 bounty) 
Seat 3: VaFadrian (9660 in chips, $10 bounty) 
Seat 4: BigStan11 (9114 in chips, $10 bounty) 
Seat 5: C0sm0 M!nd (18713 in chips, $10 bounty) 
Seat 6: BenBrogan12 (9918 in chips, $10 bounty) 
Seat 7: bartijoker11 (28000 in chips, $15 bounty) 
Seat 8: StormGoesEnorm (3828 in chips, $10 bounty) 
Gabrielfs13: posts the ante 25
SteLane97: posts the ante 25
VaFadrian: posts the ante 25
BigStan11: posts the ante 25
C0sm0 M!nd: posts the ante 25
BenBrogan12: posts the ante 25
bartijoker11: posts the ante 25
StormGoesEnorm: posts the ante 25
BigStan11: posts small blind 125
C0sm0 M!nd: posts big blind 250
*** HOLE CARDS ***
Dealt to Gabrielfs13 [7s 8c]
BenBrogan12: raises 275 to 525
bartijoker11: folds 
StormGoesEnorm: folds 
Gabrielfs13: folds 
SteLane97: folds 
VaFadrian: folds 
BigStan11: folds 
C0sm0 M!nd: calls 275
*** FLOP *** [Qh As Ac]
C0sm0 M!nd: checks 
BenBrogan12: bets 430
C0sm0 M!nd: folds 
Uncalled bet (430) returned to BenBrogan12
BenBrogan12 collected 1375 from pot
BenBrogan12: doesn't show hand 
*** SUMMARY ***
Total pot 1375 | Rake 0 
Board [Qh As Ac]
Seat 1: Gabrielfs13 folded before Flop (didn't bet)
Seat 2: SteLane97 folded before Flop (didn't bet)
Seat 3: VaFadrian (button) folded before Flop (didn't bet)
Seat 4: BigStan11 (small blind) folded before Flop
Seat 5: C0sm0 M!nd (big blind) folded on the Flop
Seat 6: BenBrogan12 collected (1375)
Seat 7: bartijoker11 folded before Flop (didn't bet)
Seat 8: StormGoesEnorm folded before Flop (didn't bet)



PokerStars Hand #257290755056: Tournament #3914634513, $10+$10+$2 USD Hold'em No Limit - Level VIII (125/250) - 2025/08/10 15:19:10 BRT [2025/08/10 14:19:10 ET]
Table '3914634513 292' 8-max Seat #4 is the button
Seat 1: Gabrielfs13 (6404 in chips, $10 bounty) 
Seat 2: SteLane97 (17843 in chips, $10 bounty) 
Seat 3: VaFadrian (9635 in chips, $10 bounty) 
Seat 4: BigStan11 (8964 in chips, $10 bounty) 
Seat 5: C0sm0 M!nd (18163 in chips, $10 bounty) 
Seat 6: BenBrogan12 (10743 in chips, $10 bounty) 
Seat 7: bartijoker11 (27975 in chips, $15 bounty) 
Seat 8: StormGoesEnorm (3803 in chips, $10 bounty) 
Gabrielfs13: posts the ante 25
SteLane97: posts the ante 25
VaFadrian: posts the ante 25
BigStan11: posts the ante 25
C0sm0 M!nd: posts the ante 25
BenBrogan12: posts the ante 25
bartijoker11: posts the ante 25
StormGoesEnorm: posts the ante 25
C0sm0 M!nd: posts small blind 125
BenBrogan12: posts big blind 250
*** HOLE CARDS ***
Dealt to Gabrielfs13 [4d Kc]
bartijoker11: folds 
StormGoesEnorm: folds 
Gabrielfs13: folds 
SteLane97: folds 
VaFadrian: folds 
BigStan11: raises 250 to 500
C0sm0 M!nd: folds 
BenBrogan12: folds 
Uncalled bet (250) returned to BigStan11
BigStan11 collected 825 from pot
BigStan11: doesn't show hand 
*** SUMMARY ***
Total pot 825 | Rake 0 
Seat 1: Gabrielfs13 folded before Flop (didn't bet)
Seat 2: SteLane97 folded before Flop (didn't bet)
Seat 3: VaFadrian folded before Flop (didn't bet)
Seat 4: BigStan11 (button) collected (825)
Seat 5: C0sm0 M!nd (small blind) folded before Flop
Seat 6: BenBrogan12 (big blind) folded before Flop
Seat 7: bartijoker11 folded before Flop (didn't bet)
Seat 8: StormGoesEnorm folded before Flop (didn't bet)



PokerStars Hand #257290763119: Tournament #3914634513, $10+$10+$2 USD Hold'em No Limit - Level VIII (125/250) - 2025/08/10 15:19:42 BRT [2025/08/10 14:19:42 ET]
Table '3914634513 292' 8-max Seat #5 is the button
Seat 1: Gabrielfs13 (6379 in chips, $10 bounty) 
Seat 2: SteLane97 (17818 in chips, $10 bounty) 
Seat 3: VaFadrian (9610 in chips, $10 bounty) 
Seat 4: BigStan11 (9514 in chips, $10 bounty) 
Seat 5: C0sm0 M!nd (18013 in chips, $10 bounty) 
Seat 6: BenBrogan12 (10468 in chips, $10 bounty) 
Seat 7: bartijoker11 (27950 in chips, $15 bounty) 
Seat 8: StormGoesEnorm (3778 in chips, $10 bounty) 
Gabrielfs13: posts the ante 25
SteLane97: posts the ante 25
VaFadrian: posts the ante 25
BigStan11: posts the ante 25
C0sm0 M!nd: posts the ante 25
BenBrogan12: posts the ante 25
bartijoker11: posts the ante 25
StormGoesEnorm: posts the ante 25
BenBrogan12: posts small blind 125
bartijoker11: posts big blind 250
*** HOLE CARDS ***
Dealt to Gabrielfs13 [Tc 3h]
StormGoesEnorm: folds 
Gabrielfs13: folds 
SteLane97: folds 
VaFadrian: raises 275 to 525
BigStan11: raises 975 to 1500
C0sm0 M!nd: folds 
BenBrogan12: raises 8943 to 10443 and is all-in
bartijoker11: folds 
VaFadrian: calls 9060 and is all-in
BigStan11: folds 
Uncalled bet (858) returned to BenBrogan12
*** FLOP *** [5h 8h Kc]
*** TURN *** [5h 8h Kc] [3c]
*** RIVER *** [5h 8h Kc 3c] [Jc]
*** SHOW DOWN ***
BenBrogan12: shows [Ks Kh] (three of a kind, Kings)
VaFadrian: shows [Qh Qs] (a pair of Queens)
BenBrogan12 collected 21120 from pot
BenBrogan12 wins $5 for eliminating VaFadrian and their own bounty increases by $5 to $15
VaFadrian finished the tournament
*** SUMMARY ***
Total pot 21120 | Rake 0 
Board [5h 8h Kc 3c Jc]
Seat 1: Gabrielfs13 folded before Flop (didn't bet)
Seat 2: SteLane97 folded before Flop (didn't bet)
Seat 3: VaFadrian showed [Qh Qs] and lost with a pair of Queens
Seat 4: BigStan11 folded before Flop
Seat 5: C0sm0 M!nd (button) folded before Flop (didn't bet)
Seat 6: BenBrogan12 (small blind) showed [Ks Kh] and won (21120) with three of a kind, Kings
Seat 7: bartijoker11 (big blind) folded before Flop
Seat 8: StormGoesEnorm folded before Flop (didn't bet)



PokerStars Hand #257290779909: Tournament #3914634513, $10+$10+$2 USD Hold'em No Limit - Level VIII (125/250) - 2025/08/10 15:20:48 BRT [2025/08/10 14:20:48 ET]
Table '3914634513 292' 8-max Seat #6 is the button
Seat 1: Gabrielfs13 (6354 in chips, $10 bounty) 
Seat 2: SteLane97 (17793 in chips, $10 bounty) 
Seat 4: BigStan11 (7989 in chips, $10 bounty) 
Seat 5: C0sm0 M!nd (17988 in chips, $10 bounty) 
Seat 6: BenBrogan12 (21978 in chips, $15 bounty) 
Seat 7: bartijoker11 (27675 in chips, $15 bounty) 
Seat 8: StormGoesEnorm (3753 in chips, $10 bounty) 
Gabrielfs13: posts the ante 25
SteLane97: posts the ante 25
BigStan11: posts the ante 25
C0sm0 M!nd: posts the ante 25
BenBrogan12: posts the ante 25
bartijoker11: posts the ante 25
StormGoesEnorm: posts the ante 25
bartijoker11: posts small blind 125
StormGoesEnorm: posts big blind 250
*** HOLE CARDS ***
Dealt to Gabrielfs13 [5c 7h]
Gabrielfs13: folds 
SteLane97: folds 
BigStan11: folds 
C0sm0 M!nd: raises 250 to 500
BenBrogan12: folds 
bartijoker11: folds 
StormGoesEnorm: folds 
Uncalled bet (250) returned to C0sm0 M!nd
C0sm0 M!nd collected 800 from pot
C0sm0 M!nd: doesn't show hand 
*** SUMMARY ***
Total pot 800 | Rake 0 
Seat 1: Gabrielfs13 folded before Flop (didn't bet)
Seat 2: SteLane97 folded before Flop (didn't bet)
Seat 4: BigStan11 folded before Flop (didn't bet)
Seat 5: C0sm0 M!nd collected (800)
Seat 6: BenBrogan12 (button) folded before Flop (didn't bet)
Seat 7: bartijoker11 (small blind) folded before Flop
Seat 8: StormGoesEnorm (big blind) folded before Flop



PokerStars Hand #257290790919: Tournament #3914634513, $10+$10+$2 USD Hold'em No Limit - Level VIII (125/250) - 2025/08/10 15:21:32 BRT [2025/08/10 14:21:32 ET]
Table '3914634513 292' 8-max Seat #7 is the button
Seat 1: Gabrielfs13 (6329 in chips, $10 bounty) 
Seat 2: SteLane97 (17768 in chips, $10 bounty) 
Seat 4: BigStan11 (7964 in chips, $10 bounty) 
Seat 5: C0sm0 M!nd (18513 in chips, $10 bounty) 
Seat 6: BenBrogan12 (21953 in chips, $15 bounty) 
Seat 7: bartijoker11 (27525 in chips, $15 bounty) 
Seat 8: StormGoesEnorm (3478 in chips, $10 bounty) 
Gabrielfs13: posts the ante 25
SteLane97: posts the ante 25
BigStan11: posts the ante 25
C0sm0 M!nd: posts the ante 25
BenBrogan12: posts the ante 25
bartijoker11: posts the ante 25
StormGoesEnorm: posts the ante 25
StormGoesEnorm: posts small blind 125
Gabrielfs13: posts big blind 250
*** HOLE CARDS ***
Dealt to Gabrielfs13 [8s Ks]
guihayashi09 is disconnected 
SteLane97: folds 
BigStan11: folds 
C0sm0 M!nd: folds 
BenBrogan12: folds 
bartijoker11: folds 
StormGoesEnorm: raises 3203 to 3453 and is all-in
Gabrielfs13: calls 3203
*** FLOP *** [2s 6d 7h]
*** TURN *** [2s 6d 7h] [8h]
*** RIVER *** [2s 6d 7h 8h] [Qd]
*** SHOW DOWN ***
StormGoesEnorm: shows [Ad 9c] (high card Ace)
Gabrielfs13: shows [8s Ks] (a pair of Eights)
Gabrielfs13 collected 7081 from pot
Gabrielfs13 wins $5 for eliminating StormGoesEnorm and their own bounty increases by $5 to $15
StormGoesEnorm finished the tournament
*** SUMMARY ***
Total pot 7081 | Rake 0 
Board [2s 6d 7h 8h Qd]
Seat 1: Gabrielfs13 (big blind) showed [8s Ks] and won (7081) with a pair of Eights
Seat 2: SteLane97 folded before Flop (didn't bet)
Seat 4: BigStan11 folded before Flop (didn't bet)
Seat 5: C0sm0 M!nd folded before Flop (didn't bet)
Seat 6: BenBrogan12 folded before Flop (didn't bet)
Seat 7: bartijoker11 (button) folded before Flop (didn't bet)
Seat 8: StormGoesEnorm (small blind) showed [Ad 9c] and lost with high card Ace



PokerStars Hand #257290803921: Tournament #3914634513, $10+$10+$2 USD Hold'em No Limit - Level VIII (125/250) - 2025/08/10 15:22:23 BRT [2025/08/10 14:22:23 ET]
Table '3914634513 292' 8-max Seat #1 is the button
Seat 1: Gabrielfs13 (9932 in chips, $15 bounty) 
Seat 2: SteLane97 (17743 in chips, $10 bounty) 
Seat 3: guihayashi09 (10000 in chips, $10 bounty) 
Seat 4: BigStan11 (7939 in chips, $10 bounty) 
Seat 5: C0sm0 M!nd (18488 in chips, $10 bounty) 
Seat 6: BenBrogan12 (21928 in chips, $15 bounty) 
Seat 7: bartijoker11 (27500 in chips, $15 bounty) 
Gabrielfs13: posts the ante 25
SteLane97: posts the ante 25
guihayashi09: posts the ante 25
BigStan11: posts the ante 25
C0sm0 M!nd: posts the ante 25
BenBrogan12: posts the ante 25
bartijoker11: posts the ante 25
SteLane97: posts small blind 125
guihayashi09: posts big blind 250
*** HOLE CARDS ***
Dealt to Gabrielfs13 [Qd Tc]
DominicanMaster is disconnected 
BigStan11: folds 
C0sm0 M!nd: folds 
BenBrogan12: folds 
bartijoker11: folds 
Gabrielfs13: raises 250 to 500
SteLane97: folds 
guihayashi09: calls 250
*** FLOP *** [2s 4d Qc]
guihayashi09: checks 
Gabrielfs13: bets 429
guihayashi09: calls 429
*** TURN *** [2s 4d Qc] [5h]
guihayashi09: checks 
Gabrielfs13: bets 1424
guihayashi09: folds 
Uncalled bet (1424) returned to Gabrielfs13
Gabrielfs13 collected 2158 from pot
Gabrielfs13: doesn't show hand 
*** SUMMARY ***
Total pot 2158 | Rake 0 
Board [2s 4d Qc 5h]
Seat 1: Gabrielfs13 (button) collected (2158)
Seat 2: SteLane97 (small blind) folded before Flop
Seat 3: guihayashi09 (big blind) folded on the Turn
Seat 4: BigStan11 folded before Flop (didn't bet)
Seat 5: C0sm0 M!nd folded before Flop (didn't bet)
Seat 6: BenBrogan12 folded before Flop (didn't bet)
Seat 7: bartijoker11 folded before Flop (didn't bet)



PokerStars Hand #257290827445: Tournament #3914634513, $10+$10+$2 USD Hold'em No Limit - Level VIII (125/250) - 2025/08/10 15:23:56 BRT [2025/08/10 14:23:56 ET]
Table '3914634513 292' 8-max Seat #2 is the button
Seat 1: Gabrielfs13 (11136 in chips, $15 bounty) 
Seat 2: SteLane97 (17593 in chips, $10 bounty) 
Seat 3: guihayashi09 (9046 in chips, $10 bounty) 
Seat 4: BigStan11 (7914 in chips, $10 bounty) 
Seat 5: C0sm0 M!nd (18463 in chips, $10 bounty) 
Seat 6: BenBrogan12 (21903 in chips, $15 bounty) 
Seat 7: bartijoker11 (27475 in chips, $15 bounty) 
Seat 8: DominicanMaster (10000 in chips, $10 bounty) 
Gabrielfs13: posts the ante 25
SteLane97: posts the ante 25
guihayashi09: posts the ante 25
BigStan11: posts the ante 25
C0sm0 M!nd: posts the ante 25
BenBrogan12: posts the ante 25
bartijoker11: posts the ante 25
DominicanMaster: posts the ante 25
guihayashi09: posts small blind 125
BigStan11: posts big blind 250
*** HOLE CARDS ***
Dealt to Gabrielfs13 [7s Qs]
C0sm0 M!nd: folds 
BenBrogan12: folds 
bartijoker11: folds 
DominicanMaster: folds 
Gabrielfs13: raises 250 to 500
SteLane97: folds 
guihayashi09: folds 
BigStan11: calls 250
*** FLOP *** [7c 2c 9h]
BigStan11: checks 
Gabrielfs13: bets 375
BigStan11: calls 375
*** TURN *** [7c 2c 9h] [Qh]
BigStan11: checks 
Gabrielfs13: bets 1370
BigStan11: raises 5644 to 7014 and is all-in
Gabrielfs13: calls 5644
*** RIVER *** [7c 2c 9h Qh] [Td]
*** SHOW DOWN ***
BigStan11: shows [6s 8d] (a straight, Six to Ten)
Gabrielfs13: shows [7s Qs] (two pair, Queens and Sevens)
BigStan11 collected 16103 from pot
*** SUMMARY ***
Total pot 16103 | Rake 0 
Board [7c 2c 9h Qh Td]
Seat 1: Gabrielfs13 showed [7s Qs] and lost with two pair, Queens and Sevens
Seat 2: SteLane97 (button) folded before Flop (didn't bet)
Seat 3: guihayashi09 (small blind) folded before Flop
Seat 4: BigStan11 (big blind) showed [6s 8d] and won (16103) with a straight, Six to Ten
Seat 5: C0sm0 M!nd folded before Flop (didn't bet)
Seat 6: BenBrogan12 folded before Flop (didn't bet)
Seat 7: bartijoker11 folded before Flop (didn't bet)
Seat 8: DominicanMaster folded before Flop (didn't bet)



PokerStars Hand #257290855128: Tournament #3914634513, $10+$10+$2 USD Hold'em No Limit - Level VIII (125/250) - 2025/08/10 15:25:46 BRT [2025/08/10 14:25:46 ET]
Table '3914634513 292' 8-max Seat #3 is the button
Seat 1: Gabrielfs13 (3222 in chips, $15 bounty) 
Seat 2: SteLane97 (17568 in chips, $10 bounty) 
Seat 3: guihayashi09 (8896 in chips, $10 bounty) 
Seat 4: BigStan11 (16103 in chips, $10 bounty) 
Seat 5: C0sm0 M!nd (18438 in chips, $10 bounty) 
Seat 6: BenBrogan12 (21878 in chips, $15 bounty) 
Seat 7: bartijoker11 (27450 in chips, $15 bounty) 
Seat 8: DominicanMaster (9975 in chips, $10 bounty) 
Gabrielfs13: posts the ante 25
SteLane97: posts the ante 25
guihayashi09: posts the ante 25
BigStan11: posts the ante 25
C0sm0 M!nd: posts the ante 25
BenBrogan12: posts the ante 25
bartijoker11: posts the ante 25
DominicanMaster: posts the ante 25
BigStan11: posts small blind 125
C0sm0 M!nd: posts big blind 250
*** HOLE CARDS ***
Dealt to Gabrielfs13 [Jd Kc]
BenBrogan12: folds 
bartijoker11: raises 500 to 750
DominicanMaster: folds 
Gabrielfs13: raises 2447 to 3197 and is all-in
SteLane97: folds 
guihayashi09: raises 5674 to 8871 and is all-in
BigStan11: folds 
C0sm0 M!nd: folds 
bartijoker11: calls 8121
*** FLOP *** [4d Ah Qc]
*** TURN *** [4d Ah Qc] [9d]
*** RIVER *** [4d Ah Qc 9d] [8c]
*** SHOW DOWN ***
bartijoker11: shows [Js Qh] (a pair of Queens)
guihayashi09: shows [7s 7h] (a pair of Sevens)
bartijoker11 collected 11348 from side pot
Gabrielfs13: shows [Jd Kc] (high card Ace)
bartijoker11 collected 10166 from main pot
bartijoker11 wins $7.50 for eliminating Gabrielfs13 and their own bounty increases by $7.50 to $22.50
bartijoker11 wins $5 for eliminating guihayashi09 and their own bounty increases by $5 to $27.50
guihayashi09 finished the tournament
Gabrielfs13 finished the tournament
*** SUMMARY ***
Total pot 21514 Main pot 10166. Side pot 11348. | Rake 0 
Board [4d Ah Qc 9d 8c]
Seat 1: Gabrielfs13 showed [Jd Kc] and lost with high card Ace
Seat 2: SteLane97 folded before Flop (didn't bet)
Seat 3: guihayashi09 (button) showed [7s 7h] and lost with a pair of Sevens
Seat 4: BigStan11 (small blind) folded before Flop
Seat 5: C0sm0 M!nd (big blind) folded before Flop
Seat 6: BenBrogan12 folded before Flop (didn't bet)
Seat 7: bartijoker11 showed [Js Qh] and won (21514) with a pair of Queens
Seat 8: DominicanMaster folded before Flop (didn't bet)



PokerStars Hand #257290891631: Tournament #3914634513, $10+$10+$2 USD Hold'em No Limit - Level IX (150/300) - 2025/08/10 15:28:09 BRT [2025/08/10 14:28:09 ET]
Table '3914634513 292' 8-max Seat #5 is the button
Seat 1: Gabrielfs13 (10000 in chips, $10 bounty) 
Seat 2: SteLane97 (17518 in chips, $10 bounty) 
Seat 3: krakas (19557 in chips, $15 bounty) 
Seat 4: BigStan11 (15928 in chips, $10 bounty) 
Seat 5: C0sm0 M!nd (18013 in chips, $10 bounty) 
Seat 6: BenBrogan12 (21578 in chips, $15 bounty) 
Seat 7: bartijoker11 (40043 in chips, $27.50 bounty) 
Seat 8: DominicanMaster (9175 in chips, $10 bounty) 
Gabrielfs13: posts the ante 30
SteLane97: posts the ante 30
krakas: posts the ante 30
BigStan11: posts the ante 30
C0sm0 M!nd: posts the ante 30
BenBrogan12: posts the ante 30
bartijoker11: posts the ante 30
DominicanMaster: posts the ante 30
BenBrogan12: posts small blind 150
bartijoker11: posts big blind 300
*** HOLE CARDS ***
Dealt to Gabrielfs13 [8d 3h]
DominicanMaster: folds 
Gabrielfs13: folds 
SteLane97: folds 
krakas: raises 300 to 600
BigStan11: folds 
C0sm0 M!nd: folds 
BenBrogan12: folds 
bartijoker11: calls 300
*** FLOP *** [Qc 2s 8s]
bartijoker11: checks 
krakas: checks 
*** TURN *** [Qc 2s 8s] [9s]
bartijoker11: bets 900
krakas: calls 900
*** RIVER *** [Qc 2s 8s 9s] [3d]
bartijoker11: checks 
krakas: checks 
*** SHOW DOWN ***
bartijoker11: shows [7d Ac] (high card Ace)
krakas: shows [9c 7s] (a pair of Nines)
krakas collected 3390 from pot
*** SUMMARY ***
Total pot 3390 | Rake 0 
Board [Qc 2s 8s 9s 3d]
Seat 1: Gabrielfs13 folded before Flop (didn't bet)
Seat 2: SteLane97 folded before Flop (didn't bet)
Seat 3: krakas showed [9c 7s] and won (3390) with a pair of Nines
Seat 4: BigStan11 folded before Flop (didn't bet)
Seat 5: C0sm0 M!nd (button) folded before Flop (didn't bet)
Seat 6: BenBrogan12 (small blind) folded before Flop
Seat 7: bartijoker11 (big blind) showed [7d Ac] and lost with high card Ace
Seat 8: DominicanMaster folded before Flop (didn't bet)



PokerStars Hand #257290907481: Tournament #3914634513, $10+$10+$2 USD Hold'em No Limit - Level IX (150/300) - 2025/08/10 15:29:12 BRT [2025/08/10 14:29:12 ET]
Table '3914634513 292' 8-max Seat #6 is the button
Seat 1: Gabrielfs13 (9970 in chips, $10 bounty) 
Seat 2: SteLane97 (17488 in chips, $10 bounty) 
Seat 3: krakas (21417 in chips, $15 bounty) 
Seat 4: BigStan11 (15898 in chips, $10 bounty) 
Seat 5: C0sm0 M!nd (17983 in chips, $10 bounty) 
Seat 6: BenBrogan12 (21398 in chips, $15 bounty) 
Seat 7: bartijoker11 (38513 in chips, $27.50 bounty) 
Seat 8: DominicanMaster (9145 in chips, $10 bounty) 
Gabrielfs13: posts the ante 30
SteLane97: posts the ante 30
krakas: posts the ante 30
BigStan11: posts the ante 30
C0sm0 M!nd: posts the ante 30
BenBrogan12: posts the ante 30
bartijoker11: posts the ante 30
DominicanMaster: posts the ante 30
bartijoker11: posts small blind 150
DominicanMaster: posts big blind 300
*** HOLE CARDS ***
Dealt to Gabrielfs13 [5h 5s]
Gabrielfs13: folds 
SteLane97: raises 450 to 750
krakas: folds 
BigStan11: folds 
C0sm0 M!nd: folds 
BenBrogan12: folds 
bartijoker11: folds 
DominicanMaster: folds 
Uncalled bet (450) returned to SteLane97
SteLane97 collected 990 from pot
*** SUMMARY ***
Total pot 990 | Rake 0 
Seat 1: Gabrielfs13 folded before Flop (didn't bet)
Seat 2: SteLane97 collected (990)
Seat 3: krakas folded before Flop (didn't bet)
Seat 4: BigStan11 folded before Flop (didn't bet)
Seat 5: C0sm0 M!nd folded before Flop (didn't bet)
Seat 6: BenBrogan12 (button) folded before Flop (didn't bet)
Seat 7: bartijoker11 (small blind) folded before Flop
Seat 8: DominicanMaster (big blind) folded before Flop



PokerStars Hand #257290916333: Tournament #3914634513, $10+$10+$2 USD Hold'em No Limit - Level IX (150/300) - 2025/08/10 15:29:47 BRT [2025/08/10 14:29:47 ET]
Table '3914634513 292' 8-max Seat #7 is the button
Seat 1: Gabrielfs13 (9940 in chips, $10 bounty) 
Seat 2: SteLane97 (18148 in chips, $10 bounty) 
Seat 3: krakas (21387 in chips, $15 bounty) 
Seat 4: BigStan11 (15868 in chips, $10 bounty) 
Seat 5: C0sm0 M!nd (17953 in chips, $10 bounty) 
Seat 6: BenBrogan12 (21368 in chips, $15 bounty) 
Seat 7: bartijoker11 (38333 in chips, $27.50 bounty) 
Seat 8: DominicanMaster (8815 in chips, $10 bounty) 
Gabrielfs13: posts the ante 30
SteLane97: posts the ante 30
krakas: posts the ante 30
BigStan11: posts the ante 30
C0sm0 M!nd: posts the ante 30
BenBrogan12: posts the ante 30
bartijoker11: posts the ante 30
DominicanMaster: posts the ante 30
DominicanMaster: posts small blind 150
Gabrielfs13: posts big blind 300
*** HOLE CARDS ***
Dealt to Gabrielfs13 [Ks 8h]
SteLane97: folds 
krakas: raises 600 to 900
BigStan11: folds 
C0sm0 M!nd: folds 
BenBrogan12: folds 
bartijoker11: calls 900
DominicanMaster: folds 
Gabrielfs13: folds 
*** FLOP *** [5d Ad Jh]
krakas: bets 1245
bartijoker11: calls 1245
*** TURN *** [5d Ad Jh] [3d]
krakas: checks 
bartijoker11: checks 
*** RIVER *** [5d Ad Jh 3d] [Tc]
krakas: bets 2490
bartijoker11: calls 2490
*** SHOW DOWN ***
krakas: shows [Ts As] (two pair, Aces and Tens)
bartijoker11: mucks hand 
krakas collected 9960 from pot
*** SUMMARY ***
Total pot 9960 | Rake 0 
Board [5d Ad Jh 3d Tc]
Seat 1: Gabrielfs13 (big blind) folded before Flop
Seat 2: SteLane97 folded before Flop (didn't bet)
Seat 3: krakas showed [Ts As] and won (9960) with two pair, Aces and Tens
Seat 4: BigStan11 folded before Flop (didn't bet)
Seat 5: C0sm0 M!nd folded before Flop (didn't bet)
Seat 6: BenBrogan12 folded before Flop (didn't bet)
Seat 7: bartijoker11 (button) mucked [Ah 9d]
Seat 8: DominicanMaster (small blind) folded before Flop



PokerStars Hand #257290934688: Tournament #3914634513, $10+$10+$2 USD Hold'em No Limit - Level IX (150/300) - 2025/08/10 15:30:59 BRT [2025/08/10 14:30:59 ET]
Table '3914634513 292' 8-max Seat #8 is the button
Seat 1: Gabrielfs13 (9610 in chips, $10 bounty) 
Seat 2: SteLane97 (18118 in chips, $10 bounty) 
Seat 3: krakas (26682 in chips, $15 bounty) 
Seat 4: BigStan11 (15838 in chips, $10 bounty) 
Seat 5: C0sm0 M!nd (17923 in chips, $10 bounty) 
Seat 6: BenBrogan12 (21338 in chips, $15 bounty) 
Seat 7: bartijoker11 (33668 in chips, $27.50 bounty) 
Seat 8: DominicanMaster (8635 in chips, $10 bounty) 
Gabrielfs13: posts the ante 30
SteLane97: posts the ante 30
krakas: posts the ante 30
BigStan11: posts the ante 30
C0sm0 M!nd: posts the ante 30
BenBrogan12: posts the ante 30
bartijoker11: posts the ante 30
DominicanMaster: posts the ante 30
Gabrielfs13: posts small blind 150
SteLane97: posts big blind 300
*** HOLE CARDS ***
Dealt to Gabrielfs13 [Ts Qs]
krakas: folds 
BigStan11: folds 
C0sm0 M!nd: folds 
BenBrogan12: raises 300 to 600
bartijoker11: folds 
DominicanMaster: calls 600
Gabrielfs13: calls 450
SteLane97: folds 
*** FLOP *** [Th 8c Ah]
Gabrielfs13: checks 
BenBrogan12: checks 
DominicanMaster: bets 1170
Gabrielfs13: calls 1170
BenBrogan12: folds 
*** TURN *** [Th 8c Ah] [3c]
Gabrielfs13: checks 
DominicanMaster: bets 6835 and is all-in
Gabrielfs13: calls 6835
*** RIVER *** [Th 8c Ah 3c] [9h]
*** SHOW DOWN ***
Gabrielfs13: shows [Ts Qs] (a pair of Tens)
DominicanMaster: shows [7c Ac] (a pair of Aces)
DominicanMaster collected 18350 from pot
*** SUMMARY ***
Total pot 18350 | Rake 0 
Board [Th 8c Ah 3c 9h]
Seat 1: Gabrielfs13 (small blind) showed [Ts Qs] and lost with a pair of Tens
Seat 2: SteLane97 (big blind) folded before Flop
Seat 3: krakas folded before Flop (didn't bet)
Seat 4: BigStan11 folded before Flop (didn't bet)
Seat 5: C0sm0 M!nd folded before Flop (didn't bet)
Seat 6: BenBrogan12 folded on the Flop
Seat 7: bartijoker11 folded before Flop (didn't bet)
Seat 8: DominicanMaster (button) showed [7c Ac] and won (18350) with a pair of Aces



PokerStars Hand #257290963438: Tournament #3914634513, $10+$10+$2 USD Hold'em No Limit - Level IX (150/300) - 2025/08/10 15:32:52 BRT [2025/08/10 14:32:52 ET]
Table '3914634513 292' 8-max Seat #1 is the button
Seat 1: Gabrielfs13 (975 in chips, $10 bounty) 
Seat 2: SteLane97 (17788 in chips, $10 bounty) 
Seat 3: krakas (26652 in chips, $15 bounty) 
Seat 4: BigStan11 (15808 in chips, $10 bounty) 
Seat 5: C0sm0 M!nd (17893 in chips, $10 bounty) 
Seat 6: BenBrogan12 (20708 in chips, $15 bounty) 
Seat 7: bartijoker11 (33638 in chips, $27.50 bounty) 
Seat 8: DominicanMaster (18350 in chips, $10 bounty) 
Gabrielfs13: posts the ante 30
SteLane97: posts the ante 30
krakas: posts the ante 30
BigStan11: posts the ante 30
C0sm0 M!nd: posts the ante 30
BenBrogan12: posts the ante 30
bartijoker11: posts the ante 30
DominicanMaster: posts the ante 30
SteLane97: posts small blind 150
krakas: posts big blind 300
*** HOLE CARDS ***
Dealt to Gabrielfs13 [5s 8c]
BigStan11: folds 
C0sm0 M!nd: folds 
BenBrogan12: folds 
bartijoker11: raises 900 to 1200
DominicanMaster: folds 
Gabrielfs13: folds 
SteLane97: folds 
krakas: calls 900
*** FLOP *** [6c As 4c]
krakas: checks 
bartijoker11: bets 1500
krakas: folds 
Uncalled bet (1500) returned to bartijoker11
bartijoker11 collected 2790 from pot
bartijoker11: doesn't show hand 
*** SUMMARY ***
Total pot 2790 | Rake 0 
Board [6c As 4c]
Seat 1: Gabrielfs13 (button) folded before Flop (didn't bet)
Seat 2: SteLane97 (small blind) folded before Flop
Seat 3: krakas (big blind) folded on the Flop
Seat 4: BigStan11 folded before Flop (didn't bet)
Seat 5: C0sm0 M!nd folded before Flop (didn't bet)
Seat 6: BenBrogan12 folded before Flop (didn't bet)
Seat 7: bartijoker11 collected (2790)
Seat 8: DominicanMaster folded before Flop (didn't bet)



PokerStars Hand #257290975213: Tournament #3914634513, $10+$10+$2 USD Hold'em No Limit - Level IX (150/300) - 2025/08/10 15:33:37 BRT [2025/08/10 14:33:37 ET]
Table '3914634513 292' 8-max Seat #2 is the button
Seat 1: Gabrielfs13 (945 in chips, $10 bounty) 
Seat 2: SteLane97 (17608 in chips, $10 bounty) 
Seat 3: krakas (25422 in chips, $15 bounty) 
Seat 4: BigStan11 (15778 in chips, $10 bounty) 
Seat 5: C0sm0 M!nd (17863 in chips, $10 bounty) 
Seat 6: BenBrogan12 (20678 in chips, $15 bounty) 
Seat 7: bartijoker11 (35198 in chips, $27.50 bounty) 
Seat 8: DominicanMaster (18320 in chips, $10 bounty) 
Gabrielfs13: posts the ante 30
SteLane97: posts the ante 30
krakas: posts the ante 30
BigStan11: posts the ante 30
C0sm0 M!nd: posts the ante 30
BenBrogan12: posts the ante 30
bartijoker11: posts the ante 30
DominicanMaster: posts the ante 30
krakas: posts small blind 150
BigStan11: posts big blind 300
*** HOLE CARDS ***
Dealt to Gabrielfs13 [9d As]
C0sm0 M!nd: folds 
BenBrogan12: folds 
bartijoker11: raises 600 to 900
DominicanMaster: folds 
Gabrielfs13: folds 
SteLane97: calls 900
krakas: folds 
BigStan11: folds 
*** FLOP *** [9h 3s 5h]
bartijoker11: checks 
SteLane97: bets 900
bartijoker11: folds 
Uncalled bet (900) returned to SteLane97
SteLane97 collected 2490 from pot
*** SUMMARY ***
Total pot 2490 | Rake 0 
Board [9h 3s 5h]
Seat 1: Gabrielfs13 folded before Flop (didn't bet)
Seat 2: SteLane97 (button) collected (2490)
Seat 3: krakas (small blind) folded before Flop
Seat 4: BigStan11 (big blind) folded before Flop
Seat 5: C0sm0 M!nd folded before Flop (didn't bet)
Seat 6: BenBrogan12 folded before Flop (didn't bet)
Seat 7: bartijoker11 folded on the Flop
Seat 8: DominicanMaster folded before Flop (didn't bet)



PokerStars Hand #257290996848: Tournament #3914634513, $10+$10+$2 USD Hold'em No Limit - Level IX (150/300) - 2025/08/10 15:35:02 BRT [2025/08/10 14:35:02 ET]
Table '3914634513 292' 8-max Seat #3 is the button
Seat 1: Gabrielfs13 (915 in chips, $10 bounty) 
Seat 2: SteLane97 (19168 in chips, $10 bounty) 
Seat 3: krakas (25242 in chips, $15 bounty) 
Seat 4: BigStan11 (15448 in chips, $10 bounty) 
Seat 5: C0sm0 M!nd (17833 in chips, $10 bounty) 
Seat 6: BenBrogan12 (20648 in chips, $15 bounty) 
Seat 7: bartijoker11 (34268 in chips, $27.50 bounty) 
Seat 8: DominicanMaster (18290 in chips, $10 bounty) 
Gabrielfs13: posts the ante 30
SteLane97: posts the ante 30
krakas: posts the ante 30
BigStan11: posts the ante 30
C0sm0 M!nd: posts the ante 30
BenBrogan12: posts the ante 30
bartijoker11: posts the ante 30
DominicanMaster: posts the ante 30
BigStan11: posts small blind 150
C0sm0 M!nd: posts big blind 300
*** HOLE CARDS ***
Dealt to Gabrielfs13 [2h 3s]
BenBrogan12: raises 360 to 660
bartijoker11: folds 
DominicanMaster: folds 
Gabrielfs13: folds 
SteLane97: raises 1320 to 1980
krakas: folds 
BigStan11: folds 
C0sm0 M!nd: folds 
BenBrogan12: calls 1320
*** FLOP *** [7s Ts Ad]
BenBrogan12: checks 
SteLane97: bets 2040
BenBrogan12: folds 
Uncalled bet (2040) returned to SteLane97
SteLane97 collected 4650 from pot
*** SUMMARY ***
Total pot 4650 | Rake 0 
Board [7s Ts Ad]
Seat 1: Gabrielfs13 folded before Flop (didn't bet)
Seat 2: SteLane97 collected (4650)
Seat 3: krakas (button) folded before Flop (didn't bet)
Seat 4: BigStan11 (small blind) folded before Flop
Seat 5: C0sm0 M!nd (big blind) folded before Flop
Seat 6: BenBrogan12 folded on the Flop
Seat 7: bartijoker11 folded before Flop (didn't bet)
Seat 8: DominicanMaster folded before Flop (didn't bet)



PokerStars Hand #257291017239: Tournament #3914634513, $10+$10+$2 USD Hold'em No Limit - Level IX (150/300) - 2025/08/10 15:36:22 BRT [2025/08/10 14:36:22 ET]
Table '3914634513 292' 8-max Seat #4 is the button
Seat 1: Gabrielfs13 (885 in chips, $10 bounty) 
Seat 2: SteLane97 (21808 in chips, $10 bounty) 
Seat 3: krakas (25212 in chips, $15 bounty) 
Seat 4: BigStan11 (15268 in chips, $10 bounty) 
Seat 5: C0sm0 M!nd (17503 in chips, $10 bounty) 
Seat 6: BenBrogan12 (18638 in chips, $15 bounty) 
Seat 7: bartijoker11 (34238 in chips, $27.50 bounty) 
Seat 8: DominicanMaster (18260 in chips, $10 bounty) 
Gabrielfs13: posts the ante 30
SteLane97: posts the ante 30
krakas: posts the ante 30
BigStan11: posts the ante 30
C0sm0 M!nd: posts the ante 30
BenBrogan12: posts the ante 30
bartijoker11: posts the ante 30
DominicanMaster: posts the ante 30
C0sm0 M!nd: posts small blind 150
BenBrogan12: posts big blind 300
*** HOLE CARDS ***
Dealt to Gabrielfs13 [2c Ks]
bartijoker11: raises 600 to 900
DominicanMaster: folds 
Gabrielfs13: calls 855 and is all-in
SteLane97: raises 2655 to 3555
krakas: calls 3555
BigStan11: folds 
C0sm0 M!nd: folds 
BenBrogan12: folds 
bartijoker11: raises 30653 to 34208 and is all-in
SteLane97: folds 
krakas: calls 21627 and is all-in
Uncalled bet (9026) returned to bartijoker11
*** FLOP *** [3s Qs 6h]
*** TURN *** [3s Qs 6h] [5c]
*** RIVER *** [3s Qs 6h 5c] [Qh]
*** SHOW DOWN ***
bartijoker11: shows [Tc Th] (two pair, Queens and Tens)
krakas: shows [Jc Jd] (two pair, Queens and Jacks)
krakas collected 51354 from side pot
Gabrielfs13: shows [2c Ks] (a pair of Queens)
krakas collected 4110 from main pot
krakas wins $5 for eliminating Gabrielfs13 and their own bounty increases by $5 to $20
Gabrielfs13 finished the tournament
*** SUMMARY ***
Total pot 55464 Main pot 4110. Side pot 51354. | Rake 0 
Board [3s Qs 6h 5c Qh]
Seat 1: Gabrielfs13 showed [2c Ks] and lost with a pair of Queens
Seat 2: SteLane97 folded before Flop
Seat 3: krakas showed [Jc Jd] and won (55464) with two pair, Queens and Jacks
Seat 4: BigStan11 (button) folded before Flop (didn't bet)
Seat 5: C0sm0 M!nd (small blind) folded before Flop
Seat 6: BenBrogan12 (big blind) folded before Flop
Seat 7: bartijoker11 showed [Tc Th] and lost with two pair, Queens and Tens
Seat 8: DominicanMaster folded before Flop (didn't bet)



PokerStars Hand #257291054156: Tournament #3914634513, $10+$10+$2 USD Hold'em No Limit - Level X (175/350) - 2025/08/10 15:38:47 BRT [2025/08/10 14:38:47 ET]
Table '3914634513 189' 8-max Seat #7 is the button
Seat 1: Gabrielfs13 (10000 in chips, $10 bounty) 
Seat 2: paltarovich (4487 in chips, $10 bounty) 
Seat 3: TOPTeg (8932 in chips, $10 bounty) 
Seat 4: jsergio321 (65872 in chips, $30 bounty) 
Seat 5: UpScaleLife (8172 in chips, $10 bounty) 
Seat 6: zhenyabookv (14469 in chips, $10 bounty) 
Seat 7: guix2x (18345 in chips, $10 bounty) 
Seat 8: RRONNEY (3388 in chips, $10 bounty) 
Gabrielfs13: posts the ante 35
paltarovich: posts the ante 35
TOPTeg: posts the ante 35
jsergio321: posts the ante 35
UpScaleLife: posts the ante 35
zhenyabookv: posts the ante 35
guix2x: posts the ante 35
RRONNEY: posts the ante 35
RRONNEY: posts small blind 175
Gabrielfs13: posts big blind 350
*** HOLE CARDS ***
Dealt to Gabrielfs13 [Jc 2d]
paltarovich: folds 
TOPTeg: folds 
jsergio321: raises 350 to 700
UpScaleLife: folds 
zhenyabookv: folds 
guix2x: calls 700
RRONNEY: folds 
Gabrielfs13: folds 
*** FLOP *** [8s Jd 7s]
jsergio321: checks 
guix2x: bets 684
jsergio321: raises 2358 to 3042
guix2x: raises 2358 to 5400
jsergio321: raises 59737 to 65137 and is all-in
guix2x: calls 12210 and is all-in
Uncalled bet (47527) returned to jsergio321
*** TURN *** [8s Jd 7s] [4d]
*** RIVER *** [8s Jd 7s 4d] [Ts]
*** SHOW DOWN ***
jsergio321: shows [Js Jh] (three of a kind, Jacks)
guix2x: shows [Ks 9s] (a flush, King high)
guix2x collected 37425 from pot
*** SUMMARY ***
Total pot 37425 | Rake 0 
Board [8s Jd 7s 4d Ts]
Seat 1: Gabrielfs13 (big blind) folded before Flop
Seat 2: paltarovich folded before Flop (didn't bet)
Seat 3: TOPTeg folded before Flop (didn't bet)
Seat 4: jsergio321 showed [Js Jh] and lost with three of a kind, Jacks
Seat 5: UpScaleLife folded before Flop (didn't bet)
Seat 6: zhenyabookv folded before Flop (didn't bet)
Seat 7: guix2x (button) showed [Ks 9s] and won (37425) with a flush, King high
Seat 8: RRONNEY (small blind) folded before Flop



PokerStars Hand #257291076428: Tournament #3914634513, $10+$10+$2 USD Hold'em No Limit - Level X (175/350) - 2025/08/10 15:40:14 BRT [2025/08/10 14:40:14 ET]
Table '3914634513 189' 8-max Seat #8 is the button
Seat 1: Gabrielfs13 (9615 in chips, $10 bounty) 
Seat 2: paltarovich (4452 in chips, $10 bounty) 
Seat 3: TOPTeg (8897 in chips, $10 bounty) 
Seat 4: jsergio321 (47527 in chips, $30 bounty) 
Seat 5: UpScaleLife (8137 in chips, $10 bounty) 
Seat 6: zhenyabookv (14434 in chips, $10 bounty) 
Seat 7: guix2x (37425 in chips, $10 bounty) 
Seat 8: RRONNEY (3178 in chips, $10 bounty) 
Gabrielfs13: posts the ante 35
paltarovich: posts the ante 35
TOPTeg: posts the ante 35
jsergio321: posts the ante 35
UpScaleLife: posts the ante 35
zhenyabookv: posts the ante 35
guix2x: posts the ante 35
RRONNEY: posts the ante 35
Gabrielfs13: posts small blind 175
paltarovich: posts big blind 350
*** HOLE CARDS ***
Dealt to Gabrielfs13 [6c 3d]
TOPTeg: folds 
jsergio321: folds 
UpScaleLife: folds 
zhenyabookv: folds 
guix2x: raises 350 to 700
RRONNEY: folds 
Gabrielfs13: folds 
paltarovich: folds 
Uncalled bet (350) returned to guix2x
guix2x collected 1155 from pot
guix2x: doesn't show hand 
*** SUMMARY ***
Total pot 1155 | Rake 0 
Seat 1: Gabrielfs13 (small blind) folded before Flop
Seat 2: paltarovich (big blind) folded before Flop
Seat 3: TOPTeg folded before Flop (didn't bet)
Seat 4: jsergio321 folded before Flop (didn't bet)
Seat 5: UpScaleLife folded before Flop (didn't bet)
Seat 6: zhenyabookv folded before Flop (didn't bet)
Seat 7: guix2x collected (1155)
Seat 8: RRONNEY (button) folded before Flop (didn't bet)



PokerStars Hand #257291089976: Tournament #3914634513, $10+$10+$2 USD Hold'em No Limit - Level X (175/350) - 2025/08/10 15:41:07 BRT [2025/08/10 14:41:07 ET]
Table '3914634513 189' 8-max Seat #1 is the button
Seat 1: Gabrielfs13 (9405 in chips, $10 bounty) 
Seat 2: paltarovich (4067 in chips, $10 bounty) 
Seat 3: TOPTeg (8862 in chips, $10 bounty) 
Seat 4: jsergio321 (47492 in chips, $30 bounty) 
Seat 5: UpScaleLife (8102 in chips, $10 bounty) 
Seat 6: zhenyabookv (14399 in chips, $10 bounty) 
Seat 7: guix2x (38195 in chips, $10 bounty) 
Seat 8: RRONNEY (3143 in chips, $10 bounty) 
Gabrielfs13: posts the ante 35
paltarovich: posts the ante 35
TOPTeg: posts the ante 35
jsergio321: posts the ante 35
UpScaleLife: posts the ante 35
zhenyabookv: posts the ante 35
guix2x: posts the ante 35
RRONNEY: posts the ante 35
paltarovich: posts small blind 175
TOPTeg: posts big blind 350
*** HOLE CARDS ***
Dealt to Gabrielfs13 [6s 2c]
jsergio321: raises 350 to 700
UpScaleLife: folds 
zhenyabookv: folds 
guix2x: folds 
RRONNEY: folds 
Gabrielfs13: folds 
paltarovich: folds 
TOPTeg: folds 
Uncalled bet (350) returned to jsergio321
jsergio321 collected 1155 from pot
jsergio321: doesn't show hand 
*** SUMMARY ***
Total pot 1155 | Rake 0 
Seat 1: Gabrielfs13 (button) folded before Flop (didn't bet)
Seat 2: paltarovich (small blind) folded before Flop
Seat 3: TOPTeg (big blind) folded before Flop
Seat 4: jsergio321 collected (1155)
Seat 5: UpScaleLife folded before Flop (didn't bet)
Seat 6: zhenyabookv folded before Flop (didn't bet)
Seat 7: guix2x folded before Flop (didn't bet)
Seat 8: RRONNEY folded before Flop (didn't bet)



PokerStars Hand #257291100009: Tournament #3914634513, $10+$10+$2 USD Hold'em No Limit - Level X (175/350) - 2025/08/10 15:41:46 BRT [2025/08/10 14:41:46 ET]
Table '3914634513 189' 8-max Seat #2 is the button
Seat 1: Gabrielfs13 (9370 in chips, $10 bounty) 
Seat 2: paltarovich (3857 in chips, $10 bounty) 
Seat 3: TOPTeg (8477 in chips, $10 bounty) 
Seat 4: jsergio321 (48262 in chips, $30 bounty) 
Seat 5: UpScaleLife (8067 in chips, $10 bounty) 
Seat 6: zhenyabookv (14364 in chips, $10 bounty) 
Seat 7: guix2x (38160 in chips, $10 bounty) 
Seat 8: RRONNEY (3108 in chips, $10 bounty) 
Gabrielfs13: posts the ante 35
paltarovich: posts the ante 35
TOPTeg: posts the ante 35
jsergio321: posts the ante 35
UpScaleLife: posts the ante 35
zhenyabookv: posts the ante 35
guix2x: posts the ante 35
RRONNEY: posts the ante 35
TOPTeg: posts small blind 175
jsergio321: posts big blind 350
*** HOLE CARDS ***
Dealt to Gabrielfs13 [Jh Tc]
UpScaleLife: raises 350 to 700
zhenyabookv: calls 700
guix2x: folds 
RRONNEY: folds 
Gabrielfs13: folds 
paltarovich: calls 700
TOPTeg: folds 
jsergio321: calls 350
*** FLOP *** [5c 6h Ah]
jsergio321: checks 
UpScaleLife: checks 
zhenyabookv: checks 
paltarovich: bets 651
jsergio321: calls 651
UpScaleLife: calls 651
zhenyabookv: calls 651
*** TURN *** [5c 6h Ah] [3s]
jsergio321: bets 1465
UpScaleLife: folds 
zhenyabookv: calls 1465
paltarovich: raises 1006 to 2471 and is all-in
jsergio321: calls 1006
zhenyabookv: calls 1006
*** RIVER *** [5c 6h Ah 3s] [Th]
jsergio321: checks 
zhenyabookv: checks 
*** SHOW DOWN ***
jsergio321: shows [4h 6d] (a pair of Sixes)
zhenyabookv: shows [7c 7s] (a pair of Sevens)
paltarovich: shows [Ad 5d] (two pair, Aces and Fives)
paltarovich collected 13272 from pot
*** SUMMARY ***
Total pot 13272 | Rake 0 
Board [5c 6h Ah 3s Th]
Seat 1: Gabrielfs13 folded before Flop (didn't bet)
Seat 2: paltarovich (button) showed [Ad 5d] and won (13272) with two pair, Aces and Fives
Seat 3: TOPTeg (small blind) folded before Flop
Seat 4: jsergio321 (big blind) showed [4h 6d] and lost with a pair of Sixes
Seat 5: UpScaleLife folded on the Turn
Seat 6: zhenyabookv showed [7c 7s] and lost with a pair of Sevens
Seat 7: guix2x folded before Flop (didn't bet)
Seat 8: RRONNEY folded before Flop (didn't bet)



PokerStars Hand #257291130082: Tournament #3914634513, $10+$10+$2 USD Hold'em No Limit - Level X (175/350) - 2025/08/10 15:43:44 BRT [2025/08/10 14:43:44 ET]
Table '3914634513 189' 8-max Seat #3 is the button
Seat 1: Gabrielfs13 (9335 in chips, $10 bounty) 
Seat 2: paltarovich (13272 in chips, $10 bounty) 
Seat 3: TOPTeg (8267 in chips, $10 bounty) 
Seat 4: jsergio321 (44405 in chips, $30 bounty) 
Seat 5: UpScaleLife (6681 in chips, $10 bounty) 
Seat 6: zhenyabookv (10507 in chips, $10 bounty) 
Seat 7: guix2x (38125 in chips, $10 bounty) 
Seat 8: RRONNEY (3073 in chips, $10 bounty) 
Gabrielfs13: posts the ante 35
paltarovich: posts the ante 35
TOPTeg: posts the ante 35
jsergio321: posts the ante 35
UpScaleLife: posts the ante 35
zhenyabookv: posts the ante 35
guix2x: posts the ante 35
RRONNEY: posts the ante 35
jsergio321: posts small blind 175
UpScaleLife: posts big blind 350
*** HOLE CARDS ***
Dealt to Gabrielfs13 [6d 2c]
zhenyabookv: folds 
guix2x: folds 
RRONNEY: folds 
Gabrielfs13: folds 
paltarovich: folds 
TOPTeg: folds 
jsergio321: calls 175
UpScaleLife: checks 
*** FLOP *** [Tc 9s Jh]
jsergio321: bets 350
UpScaleLife: folds 
Uncalled bet (350) returned to jsergio321
jsergio321 collected 980 from pot
jsergio321: doesn't show hand 
*** SUMMARY ***
Total pot 980 | Rake 0 
Board [Tc 9s Jh]
Seat 1: Gabrielfs13 folded before Flop (didn't bet)
Seat 2: paltarovich folded before Flop (didn't bet)
Seat 3: TOPTeg (button) folded before Flop (didn't bet)
Seat 4: jsergio321 (small blind) collected (980)
Seat 5: UpScaleLife (big blind) folded on the Flop
Seat 6: zhenyabookv folded before Flop (didn't bet)
Seat 7: guix2x folded before Flop (didn't bet)
Seat 8: RRONNEY folded before Flop (didn't bet)



PokerStars Hand #257291147319: Tournament #3914634513, $10+$10+$2 USD Hold'em No Limit - Level X (175/350) - 2025/08/10 15:44:53 BRT [2025/08/10 14:44:53 ET]
Table '3914634513 189' 8-max Seat #4 is the button
Seat 1: Gabrielfs13 (9300 in chips, $10 bounty) 
Seat 2: paltarovich (13237 in chips, $10 bounty) 
Seat 3: TOPTeg (8232 in chips, $10 bounty) 
Seat 4: jsergio321 (45000 in chips, $30 bounty) 
Seat 5: UpScaleLife (6296 in chips, $10 bounty) 
Seat 6: zhenyabookv (10472 in chips, $10 bounty) 
Seat 7: guix2x (38090 in chips, $10 bounty) 
Seat 8: RRONNEY (3038 in chips, $10 bounty) 
Gabrielfs13: posts the ante 35
paltarovich: posts the ante 35
TOPTeg: posts the ante 35
jsergio321: posts the ante 35
UpScaleLife: posts the ante 35
zhenyabookv: posts the ante 35
guix2x: posts the ante 35
RRONNEY: posts the ante 35
UpScaleLife: posts small blind 175
zhenyabookv: posts big blind 350
*** HOLE CARDS ***
Dealt to Gabrielfs13 [5s 5d]
guix2x: raises 350 to 700
RRONNEY: folds 
Gabrielfs13: calls 700
paltarovich: raises 12502 to 13202 and is all-in
TOPTeg: folds 
jsergio321: folds 
UpScaleLife: folds 
zhenyabookv: folds 
guix2x: folds 
Gabrielfs13: calls 8565 and is all-in
Uncalled bet (3937) returned to paltarovich
*** FLOP *** [Ac 7d 2c]
*** TURN *** [Ac 7d 2c] [6h]
*** RIVER *** [Ac 7d 2c 6h] [2s]
*** SHOW DOWN ***
Gabrielfs13: shows [5s 5d] (two pair, Fives and Deuces)
paltarovich: shows [9c 9h] (two pair, Nines and Deuces)
paltarovich collected 20035 from pot
paltarovich wins $5 for eliminating Gabrielfs13 and their own bounty increases by $5 to $15
Gabrielfs13 finished the tournament
*** SUMMARY ***
Total pot 20035 | Rake 0 
Board [Ac 7d 2c 6h 2s]
Seat 1: Gabrielfs13 showed [5s 5d] and lost with two pair, Fives and Deuces
Seat 2: paltarovich showed [9c 9h] and won (20035) with two pair, Nines and Deuces
Seat 3: TOPTeg folded before Flop (didn't bet)
Seat 4: jsergio321 (button) folded before Flop (didn't bet)
Seat 5: UpScaleLife (small blind) folded before Flop
Seat 6: zhenyabookv (big blind) folded before Flop
Seat 7: guix2x folded before Flop
Seat 8: RRONNEY folded before Flop (didn't bet)



