PokerStars Hand #257329391137: Tournament #3916850522, $3.92+$0.48 USD Hold'em No Limit - Level XI (150/300) - 2025/08/13 15:12:35 BRT [2025/08/13 14:12:35 ET]
Table '3916850522 12' 8-max Seat #3 is the button
Seat 1: BenBrogan12 (5387 in chips) 
Seat 2: Joseefh (11495 in chips) 
Seat 3: Arun4z (9279 in chips) 
Seat 4: jokeerr66 (3495 in chips) 
Seat 5: Gabrielfs13 (5000 in chips) 
Seat 6: jonathannens (10427 in chips) 
Seat 7: kyivfan (6668 in chips) 
Seat 8: janphi1 (4920 in chips) 
BenBrogan12: posts the ante 40
Joseefh: posts the ante 40
Arun4z: posts the ante 40
jokeerr66: posts the ante 40
Gabrielfs13: posts the ante 40
jonathannens: posts the ante 40
kyivfan: posts the ante 40
janphi1: posts the ante 40
jokeerr66: posts small blind 150
Gabrielfs13: posts big blind 300
*** HOLE CARDS ***
Dealt to Gabrielfs13 [9d 2s]
jonathannens: folds 
kyivfan: raises 366 to 666
janphi1: folds 
BenBrogan12: folds 
Joseefh: folds 
Arun4z: calls 666
jokeerr66: folds 
Gabrielfs13: folds 
*** FLOP *** [Th Ks Kd]
kyivfan: bets 523
Arun4z: calls 523
*** TURN *** [Th Ks Kd] [7s]
kyivfan: bets 1050
Arun4z: folds 
Uncalled bet (1050) returned to kyivfan
kyivfan collected 3148 from pot
kyivfan: doesn't show hand 
*** SUMMARY ***
Total pot 3148 | Rake 0 
Board [Th Ks Kd 7s]
Seat 1: BenBrogan12 folded before Flop (didn't bet)
Seat 2: Joseefh folded before Flop (didn't bet)
Seat 3: Arun4z (button) folded on the Turn
Seat 4: jokeerr66 (small blind) folded before Flop
Seat 5: Gabrielfs13 (big blind) folded before Flop
Seat 6: jonathannens folded before Flop (didn't bet)
Seat 7: kyivfan collected (3148)
Seat 8: janphi1 folded before Flop (didn't bet)



PokerStars Hand #257329403986: Tournament #3916850522, $3.92+$0.48 USD Hold'em No Limit - Level XI (150/300) - 2025/08/13 15:13:36 BRT [2025/08/13 14:13:36 ET]
Table '3916850522 12' 8-max Seat #4 is the button
Seat 1: BenBrogan12 (5347 in chips) 
Seat 2: Joseefh (11455 in chips) 
Seat 3: Arun4z (8050 in chips) 
Seat 4: jokeerr66 (3305 in chips) 
Seat 5: Gabrielfs13 (4660 in chips) 
Seat 6: jonathannens (10387 in chips) 
Seat 7: kyivfan (8587 in chips) 
BenBrogan12: posts the ante 40
Joseefh: posts the ante 40
Arun4z: posts the ante 40
jokeerr66: posts the ante 40
Gabrielfs13: posts the ante 40
jonathannens: posts the ante 40
kyivfan: posts the ante 40
Gabrielfs13: posts small blind 150
jonathannens: posts big blind 300
*** HOLE CARDS ***
Dealt to Gabrielfs13 [4h 7c]
kyivfan: folds 
BenBrogan12: folds 
Joseefh: folds 
Arun4z: folds 
jokeerr66: folds 
Gabrielfs13: calls 150
jonathannens: raises 600 to 900
Gabrielfs13: calls 600
*** FLOP *** [8c 2h 9c]
Gabrielfs13: checks 
jonathannens: bets 900
Gabrielfs13: folds 
Uncalled bet (900) returned to jonathannens
jonathannens collected 2080 from pot
jonathannens: doesn't show hand 
*** SUMMARY ***
Total pot 2080 | Rake 0 
Board [8c 2h 9c]
Seat 1: BenBrogan12 folded before Flop (didn't bet)
Seat 2: Joseefh folded before Flop (didn't bet)
Seat 3: Arun4z folded before Flop (didn't bet)
Seat 4: jokeerr66 (button) folded before Flop (didn't bet)
Seat 5: Gabrielfs13 (small blind) folded on the Flop
Seat 6: jonathannens (big blind) collected (2080)
Seat 7: kyivfan folded before Flop (didn't bet)



PokerStars Hand #257329412165: Tournament #3916850522, $3.92+$0.48 USD Hold'em No Limit - Level XI (150/300) - 2025/08/13 15:14:16 BRT [2025/08/13 14:14:16 ET]
Table '3916850522 12' 8-max Seat #5 is the button
Seat 1: BenBrogan12 (5307 in chips) 
Seat 2: Joseefh (11415 in chips) 
Seat 3: Arun4z (8010 in chips) 
Seat 4: jokeerr66 (3265 in chips) 
Seat 5: Gabrielfs13 (3720 in chips) 
Seat 6: jonathannens (11527 in chips) 
Seat 7: kyivfan (8547 in chips) 
Seat 8: Tekosilvabhk (5000 in chips) 
BenBrogan12: posts the ante 40
Joseefh: posts the ante 40
Arun4z: posts the ante 40
jokeerr66: posts the ante 40
Gabrielfs13: posts the ante 40
jonathannens: posts the ante 40
kyivfan: posts the ante 40
Tekosilvabhk: posts the ante 40
jonathannens: posts small blind 150
kyivfan: posts big blind 300
*** HOLE CARDS ***
Dealt to Gabrielfs13 [Ts 2h]
Tekosilvabhk: calls 300
BenBrogan12: folds 
Joseefh: folds 
Arun4z: raises 450 to 750
jokeerr66: folds 
Gabrielfs13: folds 
jonathannens: folds 
kyivfan: calls 450
Tekosilvabhk: calls 450
*** FLOP *** [Qh 7s Ad]
kyivfan: checks 
Tekosilvabhk: checks 
Arun4z: bets 898
kyivfan: folds 
Tekosilvabhk: calls 898
*** TURN *** [Qh 7s Ad] [4h]
Tekosilvabhk: checks 
Arun4z: bets 1950
Tekosilvabhk: folds 
Uncalled bet (1950) returned to Arun4z
Arun4z collected 4516 from pot
Arun4z: doesn't show hand 
*** SUMMARY ***
Total pot 4516 | Rake 0 
Board [Qh 7s Ad 4h]
Seat 1: BenBrogan12 folded before Flop (didn't bet)
Seat 2: Joseefh folded before Flop (didn't bet)
Seat 3: Arun4z collected (4516)
Seat 4: jokeerr66 folded before Flop (didn't bet)
Seat 5: Gabrielfs13 (button) folded before Flop (didn't bet)
Seat 6: jonathannens (small blind) folded before Flop
Seat 7: kyivfan (big blind) folded on the Flop
Seat 8: Tekosilvabhk folded on the Turn



PokerStars Hand #257329426100: Tournament #3916850522, $3.92+$0.48 USD Hold'em No Limit - Level XI (150/300) - 2025/08/13 15:15:23 BRT [2025/08/13 14:15:23 ET]
Table '3916850522 12' 8-max Seat #6 is the button
Seat 1: BenBrogan12 (5267 in chips) 
Seat 2: Joseefh (11375 in chips) 
Seat 3: Arun4z (10838 in chips) 
Seat 4: jokeerr66 (3225 in chips) 
Seat 5: Gabrielfs13 (3680 in chips) 
Seat 6: jonathannens (11337 in chips) 
Seat 7: kyivfan (7757 in chips) 
Seat 8: Tekosilvabhk (3312 in chips) 
BenBrogan12: posts the ante 40
Joseefh: posts the ante 40
Arun4z: posts the ante 40
jokeerr66: posts the ante 40
Gabrielfs13: posts the ante 40
jonathannens: posts the ante 40
kyivfan: posts the ante 40
Tekosilvabhk: posts the ante 40
kyivfan: posts small blind 150
Tekosilvabhk: posts big blind 300
*** HOLE CARDS ***
Dealt to Gabrielfs13 [4s 7d]
BenBrogan12 has timed out
BenBrogan12: folds 
BenBrogan12 is sitting out
Joseefh: raises 360 to 660
Arun4z: folds 
jokeerr66: folds 
BenBrogan12 has returned
Gabrielfs13: folds 
jonathannens: raises 1140 to 1800
kyivfan: folds 
Tekosilvabhk: folds 
Joseefh: calls 1140
*** FLOP *** [7s Kd Ts]
Joseefh: checks 
jonathannens: checks 
*** TURN *** [7s Kd Ts] [6d]
Joseefh: checks 
jonathannens: bets 1800
Joseefh: calls 1800
*** RIVER *** [7s Kd Ts 6d] [4h]
Joseefh: checks 
jonathannens: checks 
*** SHOW DOWN ***
Joseefh: shows [9h 9d] (a pair of Nines)
jonathannens: mucks hand 
Joseefh collected 7970 from pot
*** SUMMARY ***
Total pot 7970 | Rake 0 
Board [7s Kd Ts 6d 4h]
Seat 1: BenBrogan12 folded before Flop (didn't bet)
Seat 2: Joseefh showed [9h 9d] and won (7970) with a pair of Nines
Seat 3: Arun4z folded before Flop (didn't bet)
Seat 4: jokeerr66 folded before Flop (didn't bet)
Seat 5: Gabrielfs13 folded before Flop (didn't bet)
Seat 6: jonathannens (button) mucked [Qd Ah]
Seat 7: kyivfan (small blind) folded before Flop
Seat 8: Tekosilvabhk (big blind) folded before Flop



PokerStars Hand #257329439260: Tournament #3916850522, $3.92+$0.48 USD Hold'em No Limit - Level XII (200/400) - 2025/08/13 15:16:25 BRT [2025/08/13 14:16:25 ET]
Table '3916850522 12' 8-max Seat #7 is the button
Seat 1: BenBrogan12 (5227 in chips) 
Seat 2: Joseefh (15705 in chips) 
Seat 3: Arun4z (10798 in chips) 
Seat 4: jokeerr66 (3185 in chips) 
Seat 5: Gabrielfs13 (3640 in chips) 
Seat 6: jonathannens (7697 in chips) 
Seat 7: kyivfan (7567 in chips) 
Seat 8: Tekosilvabhk (2972 in chips) 
BenBrogan12: posts the ante 50
Joseefh: posts the ante 50
Arun4z: posts the ante 50
jokeerr66: posts the ante 50
Gabrielfs13: posts the ante 50
jonathannens: posts the ante 50
kyivfan: posts the ante 50
Tekosilvabhk: posts the ante 50
Tekosilvabhk: posts small blind 200
BenBrogan12: posts big blind 400
*** HOLE CARDS ***
Dealt to Gabrielfs13 [9s Ac]
Joseefh: folds 
Arun4z: folds 
jokeerr66: folds 
Gabrielfs13: raises 3190 to 3590 and is all-in
jonathannens: raises 4057 to 7647 and is all-in
kyivfan: folds 
Tekosilvabhk: folds 
BenBrogan12: folds 
Uncalled bet (4057) returned to jonathannens
*** FLOP *** [5h 3s 8c]
*** TURN *** [5h 3s 8c] [2c]
*** RIVER *** [5h 3s 8c 2c] [7c]
*** SHOW DOWN ***
Gabrielfs13: shows [9s Ac] (high card Ace)
jonathannens: shows [Jd Kh] (high card King)
Gabrielfs13 collected 8180 from pot
*** SUMMARY ***
Total pot 8180 | Rake 0 
Board [5h 3s 8c 2c 7c]
Seat 1: BenBrogan12 (big blind) folded before Flop
Seat 2: Joseefh folded before Flop (didn't bet)
Seat 3: Arun4z folded before Flop (didn't bet)
Seat 4: jokeerr66 folded before Flop (didn't bet)
Seat 5: Gabrielfs13 showed [9s Ac] and won (8180) with high card Ace
Seat 6: jonathannens showed [Jd Kh] and lost with high card King
Seat 7: kyivfan (button) folded before Flop (didn't bet)
Seat 8: Tekosilvabhk (small blind) folded before Flop



PokerStars Hand #257329446114: Tournament #3916850522, $3.92+$0.48 USD Hold'em No Limit - Level XII (200/400) - 2025/08/13 15:16:57 BRT [2025/08/13 14:16:57 ET]
Table '3916850522 12' 8-max Seat #8 is the button
Seat 1: BenBrogan12 (4777 in chips) 
Seat 2: Joseefh (15655 in chips) 
Seat 3: Arun4z (10748 in chips) 
Seat 4: jokeerr66 (3135 in chips) 
Seat 5: Gabrielfs13 (8180 in chips) 
Seat 6: jonathannens (4057 in chips) 
Seat 7: kyivfan (7517 in chips) 
Seat 8: Tekosilvabhk (2722 in chips) 
BenBrogan12: posts the ante 50
Joseefh: posts the ante 50
Arun4z: posts the ante 50
jokeerr66: posts the ante 50
Gabrielfs13: posts the ante 50
jonathannens: posts the ante 50
kyivfan: posts the ante 50
Tekosilvabhk: posts the ante 50
BenBrogan12: posts small blind 200
Joseefh: posts big blind 400
*** HOLE CARDS ***
Dealt to Gabrielfs13 [5s 2d]
Arun4z: folds 
jokeerr66: raises 2685 to 3085 and is all-in
Gabrielfs13: folds 
jonathannens: raises 922 to 4007 and is all-in
kyivfan: folds 
Tekosilvabhk: calls 2672 and is all-in
BenBrogan12: folds 
Joseefh: folds 
Uncalled bet (922) returned to jonathannens
*** FLOP *** [6d Kc 7d]
*** TURN *** [6d Kc 7d] [8h]
*** RIVER *** [6d Kc 7d 8h] [5d]
*** SHOW DOWN ***
jokeerr66: shows [9h 9s] (a straight, Five to Nine)
jonathannens: shows [Ts 7s] (a pair of Sevens)
jokeerr66 collected 826 from side pot
Tekosilvabhk: shows [Ks 4s] (a straight, Four to Eight)
jokeerr66 collected 9016 from main pot
Tekosilvabhk finished the tournament in 224th place
*** SUMMARY ***
Total pot 9842 Main pot 9016. Side pot 826. | Rake 0 
Board [6d Kc 7d 8h 5d]
Seat 1: BenBrogan12 (small blind) folded before Flop
Seat 2: Joseefh (big blind) folded before Flop
Seat 3: Arun4z folded before Flop (didn't bet)
Seat 4: jokeerr66 showed [9h 9s] and won (9842) with a straight, Five to Nine
Seat 5: Gabrielfs13 folded before Flop (didn't bet)
Seat 6: jonathannens showed [Ts 7s] and lost with a pair of Sevens
Seat 7: kyivfan folded before Flop (didn't bet)
Seat 8: Tekosilvabhk (button) showed [Ks 4s] and lost with a straight, Four to Eight



PokerStars Hand #257329456820: Tournament #3916850522, $3.92+$0.48 USD Hold'em No Limit - Level XII (200/400) - 2025/08/13 15:17:48 BRT [2025/08/13 14:17:48 ET]
Table '3916850522 12' 8-max Seat #1 is the button
Seat 1: BenBrogan12 (4527 in chips) 
Seat 2: Joseefh (15205 in chips) 
Seat 3: Arun4z (10698 in chips) 
Seat 4: jokeerr66 (9842 in chips) 
Seat 5: Gabrielfs13 (8130 in chips) 
Seat 6: jonathannens (922 in chips) 
Seat 7: kyivfan (7467 in chips) 
BenBrogan12: posts the ante 50
Joseefh: posts the ante 50
Arun4z: posts the ante 50
jokeerr66: posts the ante 50
Gabrielfs13: posts the ante 50
jonathannens: posts the ante 50
kyivfan: posts the ante 50
Joseefh: posts small blind 200
Arun4z: posts big blind 400
*** HOLE CARDS ***
Dealt to Gabrielfs13 [Ts Ac]
jokeerr66: raises 400 to 800
Gabrielfs13: folds 
jonathannens: folds 
kyivfan: folds 
BenBrogan12: folds 
Joseefh: folds 
Arun4z: folds 
Uncalled bet (400) returned to jokeerr66
jokeerr66 collected 1350 from pot
jokeerr66: doesn't show hand 
*** SUMMARY ***
Total pot 1350 | Rake 0 
Seat 1: BenBrogan12 (button) folded before Flop (didn't bet)
Seat 2: Joseefh (small blind) folded before Flop
Seat 3: Arun4z (big blind) folded before Flop
Seat 4: jokeerr66 collected (1350)
Seat 5: Gabrielfs13 folded before Flop (didn't bet)
Seat 6: jonathannens folded before Flop (didn't bet)
Seat 7: kyivfan folded before Flop (didn't bet)



PokerStars Hand #257329466166: Tournament #3916850522, $3.92+$0.48 USD Hold'em No Limit - Level XII (200/400) - 2025/08/13 15:18:32 BRT [2025/08/13 14:18:32 ET]
Table '3916850522 12' 8-max Seat #2 is the button
Seat 1: BenBrogan12 (4477 in chips) 
Seat 2: Joseefh (14955 in chips) 
Seat 3: Arun4z (10248 in chips) 
Seat 4: jokeerr66 (10742 in chips) 
Seat 5: Gabrielfs13 (8080 in chips) 
Seat 6: jonathannens (872 in chips) 
Seat 7: kyivfan (7417 in chips) 
BenBrogan12: posts the ante 50
Joseefh: posts the ante 50
Arun4z: posts the ante 50
jokeerr66: posts the ante 50
Gabrielfs13: posts the ante 50
jonathannens: posts the ante 50
kyivfan: posts the ante 50
Arun4z: posts small blind 200
jokeerr66: posts big blind 400
*** HOLE CARDS ***
Dealt to Gabrielfs13 [3s As]
Gabrielfs13: raises 400 to 800
jonathannens: folds 
kyivfan: folds 
BenBrogan12: folds 
Géniedelas is disconnected 
Joseefh: raises 1600 to 2400
Arun4z: folds 
jokeerr66: folds 
Gabrielfs13: folds 
Uncalled bet (1600) returned to Joseefh
Joseefh collected 2550 from pot
Joseefh: doesn't show hand 
*** SUMMARY ***
Total pot 2550 | Rake 0 
Seat 1: BenBrogan12 folded before Flop (didn't bet)
Seat 2: Joseefh (button) collected (2550)
Seat 3: Arun4z (small blind) folded before Flop
Seat 4: jokeerr66 (big blind) folded before Flop
Seat 5: Gabrielfs13 folded before Flop
Seat 6: jonathannens folded before Flop (didn't bet)
Seat 7: kyivfan folded before Flop (didn't bet)



PokerStars Hand #257329477408: Tournament #3916850522, $3.92+$0.48 USD Hold'em No Limit - Level XII (200/400) - 2025/08/13 15:19:25 BRT [2025/08/13 14:19:25 ET]
Table '3916850522 12' 8-max Seat #3 is the button
Seat 1: BenBrogan12 (4427 in chips) 
Seat 2: Joseefh (16655 in chips) 
Seat 3: Arun4z (9998 in chips) 
Seat 4: jokeerr66 (10292 in chips) 
Seat 5: Gabrielfs13 (7230 in chips) 
Seat 6: jonathannens (822 in chips) 
Seat 7: kyivfan (7367 in chips) 
Seat 8: Géniedelas (19103 in chips) 
BenBrogan12: posts the ante 50
Joseefh: posts the ante 50
Arun4z: posts the ante 50
jokeerr66: posts the ante 50
Gabrielfs13: posts the ante 50
jonathannens: posts the ante 50
kyivfan: posts the ante 50
Géniedelas: posts the ante 50
jokeerr66: posts small blind 200
Gabrielfs13: posts big blind 400
*** HOLE CARDS ***
Dealt to Gabrielfs13 [7h 8c]
jonathannens: folds 
kyivfan: raises 6917 to 7317 and is all-in
Géniedelas: folds 
BenBrogan12: folds 
Joseefh: folds 
Arun4z: folds 
jokeerr66: folds 
Gabrielfs13: folds 
Uncalled bet (6917) returned to kyivfan
kyivfan collected 1400 from pot
kyivfan: doesn't show hand 
*** SUMMARY ***
Total pot 1400 | Rake 0 
Seat 1: BenBrogan12 folded before Flop (didn't bet)
Seat 2: Joseefh folded before Flop (didn't bet)
Seat 3: Arun4z (button) folded before Flop (didn't bet)
Seat 4: jokeerr66 (small blind) folded before Flop
Seat 5: Gabrielfs13 (big blind) folded before Flop
Seat 6: jonathannens folded before Flop (didn't bet)
Seat 7: kyivfan collected (1400)
Seat 8: Géniedelas folded before Flop (didn't bet)



PokerStars Hand #257329482642: Tournament #3916850522, $3.92+$0.48 USD Hold'em No Limit - Level XII (200/400) - 2025/08/13 15:19:49 BRT [2025/08/13 14:19:49 ET]
Table '3916850522 12' 8-max Seat #4 is the button
Seat 1: BenBrogan12 (4377 in chips) 
Seat 2: Joseefh (16605 in chips) 
Seat 3: Arun4z (9948 in chips) 
Seat 4: jokeerr66 (10042 in chips) 
Seat 5: Gabrielfs13 (6780 in chips) 
Seat 6: jonathannens (772 in chips) 
Seat 7: kyivfan (8317 in chips) 
Seat 8: Géniedelas (19053 in chips) 
BenBrogan12: posts the ante 50
Joseefh: posts the ante 50
Arun4z: posts the ante 50
jokeerr66: posts the ante 50
Gabrielfs13: posts the ante 50
jonathannens: posts the ante 50
kyivfan: posts the ante 50
Géniedelas: posts the ante 50
Gabrielfs13: posts small blind 200
jonathannens: posts big blind 400
*** HOLE CARDS ***
Dealt to Gabrielfs13 [9c 7s]
kyivfan: folds 
Géniedelas: raises 1200 to 1600
BenBrogan12: folds 
Joseefh: raises 14955 to 16555 and is all-in
Arun4z: folds 
jokeerr66: folds 
Gabrielfs13: folds 
jonathannens: folds 
Géniedelas: folds 
Uncalled bet (14955) returned to Joseefh
Joseefh collected 4200 from pot
Joseefh: doesn't show hand 
*** SUMMARY ***
Total pot 4200 | Rake 0 
Seat 1: BenBrogan12 folded before Flop (didn't bet)
Seat 2: Joseefh collected (4200)
Seat 3: Arun4z folded before Flop (didn't bet)
Seat 4: jokeerr66 (button) folded before Flop (didn't bet)
Seat 5: Gabrielfs13 (small blind) folded before Flop
Seat 6: jonathannens (big blind) folded before Flop
Seat 7: kyivfan folded before Flop (didn't bet)
Seat 8: Géniedelas folded before Flop



PokerStars Hand #257329489768: Tournament #3916850522, $3.92+$0.48 USD Hold'em No Limit - Level XII (200/400) - 2025/08/13 15:20:22 BRT [2025/08/13 14:20:22 ET]
Table '3916850522 12' 8-max Seat #5 is the button
Seat 1: BenBrogan12 (4327 in chips) 
Seat 2: Joseefh (19155 in chips) 
Seat 3: Arun4z (9898 in chips) 
Seat 4: jokeerr66 (9992 in chips) 
Seat 5: Gabrielfs13 (6530 in chips) 
Seat 6: jonathannens (322 in chips) 
Seat 7: kyivfan (8267 in chips) 
Seat 8: Géniedelas (17403 in chips) 
BenBrogan12: posts the ante 50
Joseefh: posts the ante 50
Arun4z: posts the ante 50
jokeerr66: posts the ante 50
Gabrielfs13: posts the ante 50
jonathannens: posts the ante 50
kyivfan: posts the ante 50
Géniedelas: posts the ante 50
jonathannens: posts small blind 200
kyivfan: posts big blind 400
*** HOLE CARDS ***
Dealt to Gabrielfs13 [9c 9h]
Géniedelas: calls 400
BenBrogan12: folds 
Joseefh: folds 
Arun4z: raises 440 to 840
jokeerr66: folds 
Gabrielfs13: raises 5640 to 6480 and is all-in
jonathannens: calls 72 and is all-in
kyivfan: folds 
Géniedelas: folds 
Arun4z: folds 
Uncalled bet (5640) returned to Gabrielfs13
*** FLOP *** [4c Qc Jc]
*** TURN *** [4c Qc Jc] [Tc]
*** RIVER *** [4c Qc Jc Tc] [4h]
*** SHOW DOWN ***
Gabrielfs13: shows [9c 9h] (a flush, Queen high)
Gabrielfs13 collected 1392 from side pot
jonathannens: shows [4d Ad] (three of a kind, Fours)
Gabrielfs13 collected 1760 from main pot
jonathannens finished the tournament in 189th place
*** SUMMARY ***
Total pot 3152 Main pot 1760. Side pot 1392. | Rake 0 
Board [4c Qc Jc Tc 4h]
Seat 1: BenBrogan12 folded before Flop (didn't bet)
Seat 2: Joseefh folded before Flop (didn't bet)
Seat 3: Arun4z folded before Flop
Seat 4: jokeerr66 folded before Flop (didn't bet)
Seat 5: Gabrielfs13 (button) showed [9c 9h] and won (3152) with a flush, Queen high
Seat 6: jonathannens (small blind) showed [4d Ad] and lost with three of a kind, Fours
Seat 7: kyivfan (big blind) folded before Flop
Seat 8: Géniedelas folded before Flop



PokerStars Hand #257329513221: Tournament #3916850522, $3.92+$0.48 USD Hold'em No Limit - Level XIII (250/500) - 2025/08/13 15:22:11 BRT [2025/08/13 14:22:11 ET]
Table '3916850522 12' 8-max Seat #7 is the button
Seat 1: BenBrogan12 (4277 in chips) 
Seat 2: Joseefh (19105 in chips) 
Seat 3: Arun4z (9008 in chips) 
Seat 4: jokeerr66 (9942 in chips) 
Seat 5: Gabrielfs13 (8792 in chips) 
Seat 7: kyivfan (7817 in chips) 
Seat 8: Géniedelas (16953 in chips) 
BenBrogan12: posts the ante 65
Joseefh: posts the ante 65
Arun4z: posts the ante 65
jokeerr66: posts the ante 65
Gabrielfs13: posts the ante 65
kyivfan: posts the ante 65
Géniedelas: posts the ante 65
Géniedelas: posts small blind 250
BenBrogan12: posts big blind 500
*** HOLE CARDS ***
Dealt to Gabrielfs13 [Qs Jd]
Joseefh: folds 
Arun4z: raises 500 to 1000
jokeerr66: folds 
Gabrielfs13: folds 
kyivfan: folds 
crka32 is disconnected 
Géniedelas: raises 2500 to 3500
BenBrogan12: folds 
Arun4z: folds 
Uncalled bet (2500) returned to Géniedelas
Géniedelas collected 2955 from pot
*** SUMMARY ***
Total pot 2955 | Rake 0 
Seat 1: BenBrogan12 (big blind) folded before Flop
Seat 2: Joseefh folded before Flop (didn't bet)
Seat 3: Arun4z folded before Flop
Seat 4: jokeerr66 folded before Flop (didn't bet)
Seat 5: Gabrielfs13 folded before Flop (didn't bet)
Seat 7: kyivfan (button) folded before Flop (didn't bet)
Seat 8: Géniedelas (small blind) collected (2955)



PokerStars Hand #257329526338: Tournament #3916850522, $3.92+$0.48 USD Hold'em No Limit - Level XIII (250/500) - 2025/08/13 15:23:12 BRT [2025/08/13 14:23:12 ET]
Table '3916850522 12' 8-max Seat #8 is the button
Seat 1: BenBrogan12 (3712 in chips) 
Seat 2: Joseefh (19040 in chips) 
Seat 3: Arun4z (7943 in chips) 
Seat 4: jokeerr66 (9877 in chips) 
Seat 5: Gabrielfs13 (8727 in chips) 
Seat 6: crka32 (4051 in chips) 
Seat 7: kyivfan (7752 in chips) 
Seat 8: Géniedelas (18843 in chips) 
BenBrogan12: posts the ante 65
Joseefh: posts the ante 65
Arun4z: posts the ante 65
jokeerr66: posts the ante 65
Gabrielfs13: posts the ante 65
crka32: posts the ante 65
kyivfan: posts the ante 65
Géniedelas: posts the ante 65
BenBrogan12: posts small blind 250
Joseefh: posts big blind 500
*** HOLE CARDS ***
Dealt to Gabrielfs13 [8d 4d]
Arun4z: folds 
jokeerr66: raises 500 to 1000
Gabrielfs13: folds 
crka32: folds 
kyivfan: folds 
Géniedelas: folds 
BenBrogan12: folds 
Joseefh: calls 500
*** FLOP *** [3d 8s 2d]
Joseefh: checks 
jokeerr66: checks 
*** TURN *** [3d 8s 2d] [4c]
Joseefh: checks 
jokeerr66: checks 
*** RIVER *** [3d 8s 2d 4c] [3s]
Joseefh: checks 
jokeerr66: bets 1939
Joseefh: folds 
Uncalled bet (1939) returned to jokeerr66
jokeerr66 collected 2770 from pot
jokeerr66: doesn't show hand 
*** SUMMARY ***
Total pot 2770 | Rake 0 
Board [3d 8s 2d 4c 3s]
Seat 1: BenBrogan12 (small blind) folded before Flop
Seat 2: Joseefh (big blind) folded on the River
Seat 3: Arun4z folded before Flop (didn't bet)
Seat 4: jokeerr66 collected (2770)
Seat 5: Gabrielfs13 folded before Flop (didn't bet)
Seat 6: crka32 folded before Flop (didn't bet)
Seat 7: kyivfan folded before Flop (didn't bet)
Seat 8: Géniedelas (button) folded before Flop (didn't bet)



PokerStars Hand #257329544148: Tournament #3916850522, $3.92+$0.48 USD Hold'em No Limit - Level XIII (250/500) - 2025/08/13 15:24:34 BRT [2025/08/13 14:24:34 ET]
Table '3916850522 12' 8-max Seat #1 is the button
Seat 1: BenBrogan12 (3397 in chips) 
Seat 2: Joseefh (17975 in chips) 
Seat 3: Arun4z (7878 in chips) 
Seat 4: jokeerr66 (11582 in chips) 
Seat 5: Gabrielfs13 (8662 in chips) 
Seat 6: crka32 (3986 in chips) 
Seat 7: kyivfan (7687 in chips) 
Seat 8: Géniedelas (18778 in chips) 
BenBrogan12: posts the ante 65
Joseefh: posts the ante 65
Arun4z: posts the ante 65
jokeerr66: posts the ante 65
Gabrielfs13: posts the ante 65
crka32: posts the ante 65
kyivfan: posts the ante 65
Géniedelas: posts the ante 65
Joseefh: posts small blind 250
Arun4z: posts big blind 500
*** HOLE CARDS ***
Dealt to Gabrielfs13 [Th 7d]
jokeerr66: folds 
Gabrielfs13: folds 
crka32: raises 3421 to 3921 and is all-in
kyivfan: folds 
Géniedelas: folds 
BenBrogan12: folds 
Joseefh: folds 
Arun4z: folds 
Uncalled bet (3421) returned to crka32
crka32 collected 1770 from pot
crka32: doesn't show hand 
*** SUMMARY ***
Total pot 1770 | Rake 0 
Seat 1: BenBrogan12 (button) folded before Flop (didn't bet)
Seat 2: Joseefh (small blind) folded before Flop
Seat 3: Arun4z (big blind) folded before Flop
Seat 4: jokeerr66 folded before Flop (didn't bet)
Seat 5: Gabrielfs13 folded before Flop (didn't bet)
Seat 6: crka32 collected (1770)
Seat 7: kyivfan folded before Flop (didn't bet)
Seat 8: Géniedelas folded before Flop (didn't bet)



PokerStars Hand #257329551668: Tournament #3916850522, $3.92+$0.48 USD Hold'em No Limit - Level XIII (250/500) - 2025/08/13 15:25:09 BRT [2025/08/13 14:25:09 ET]
Table '3916850522 12' 8-max Seat #2 is the button
Seat 1: BenBrogan12 (3332 in chips) 
Seat 2: Joseefh (17660 in chips) 
Seat 3: Arun4z (7313 in chips) 
Seat 4: jokeerr66 (11517 in chips) 
Seat 5: Gabrielfs13 (8597 in chips) 
Seat 6: crka32 (5191 in chips) 
Seat 7: kyivfan (7622 in chips) 
Seat 8: Géniedelas (18713 in chips) 
BenBrogan12: posts the ante 65
Joseefh: posts the ante 65
Arun4z: posts the ante 65
jokeerr66: posts the ante 65
Gabrielfs13: posts the ante 65
crka32: posts the ante 65
kyivfan: posts the ante 65
Géniedelas: posts the ante 65
Arun4z: posts small blind 250
jokeerr66: posts big blind 500
*** HOLE CARDS ***
Dealt to Gabrielfs13 [9s Kh]
Gabrielfs13: folds 
crka32: folds 
kyivfan: raises 1000 to 1500
Géniedelas: folds 
BenBrogan12: folds 
Joseefh: folds 
Arun4z: folds 
jokeerr66: folds 
Uncalled bet (1000) returned to kyivfan
kyivfan collected 1770 from pot
kyivfan: doesn't show hand 
*** SUMMARY ***
Total pot 1770 | Rake 0 
Seat 1: BenBrogan12 folded before Flop (didn't bet)
Seat 2: Joseefh (button) folded before Flop (didn't bet)
Seat 3: Arun4z (small blind) folded before Flop
Seat 4: jokeerr66 (big blind) folded before Flop
Seat 5: Gabrielfs13 folded before Flop (didn't bet)
Seat 6: crka32 folded before Flop (didn't bet)
Seat 7: kyivfan collected (1770)
Seat 8: Géniedelas folded before Flop (didn't bet)



PokerStars Hand #257329559145: Tournament #3916850522, $3.92+$0.48 USD Hold'em No Limit - Level XIII (250/500) - 2025/08/13 15:25:44 BRT [2025/08/13 14:25:44 ET]
Table '3916850522 12' 8-max Seat #3 is the button
Seat 1: BenBrogan12 (3267 in chips) 
Seat 2: Joseefh (17595 in chips) 
Seat 3: Arun4z (6998 in chips) 
Seat 4: jokeerr66 (10952 in chips) 
Seat 5: Gabrielfs13 (8532 in chips) 
Seat 6: crka32 (5126 in chips) 
Seat 7: kyivfan (8827 in chips) 
Seat 8: Géniedelas (18648 in chips) 
BenBrogan12: posts the ante 65
Joseefh: posts the ante 65
Arun4z: posts the ante 65
jokeerr66: posts the ante 65
Gabrielfs13: posts the ante 65
crka32: posts the ante 65
kyivfan: posts the ante 65
Géniedelas: posts the ante 65
jokeerr66: posts small blind 250
Gabrielfs13: posts big blind 500
*** HOLE CARDS ***
Dealt to Gabrielfs13 [Kc 2s]
crka32: folds 
kyivfan: folds 
Géniedelas: folds 
BenBrogan12: folds 
Joseefh: folds 
Arun4z: folds 
jokeerr66: calls 250
Gabrielfs13: raises 7967 to 8467 and is all-in
jokeerr66: folds 
Uncalled bet (7967) returned to Gabrielfs13
Gabrielfs13 collected 1520 from pot
Gabrielfs13: doesn't show hand 
*** SUMMARY ***
Total pot 1520 | Rake 0 
Seat 1: BenBrogan12 folded before Flop (didn't bet)
Seat 2: Joseefh folded before Flop (didn't bet)
Seat 3: Arun4z (button) folded before Flop (didn't bet)
Seat 4: jokeerr66 (small blind) folded before Flop
Seat 5: Gabrielfs13 (big blind) collected (1520)
Seat 6: crka32 folded before Flop (didn't bet)
Seat 7: kyivfan folded before Flop (didn't bet)
Seat 8: Géniedelas folded before Flop (didn't bet)



PokerStars Hand #257329568963: Tournament #3916850522, $3.92+$0.48 USD Hold'em No Limit - Level XIV (300/600) - 2025/08/13 15:26:31 BRT [2025/08/13 14:26:31 ET]
Table '3916850522 12' 8-max Seat #4 is the button
Seat 1: BenBrogan12 (3202 in chips) 
Seat 2: Joseefh (17530 in chips) 
Seat 3: Arun4z (6933 in chips) 
Seat 4: jokeerr66 (10387 in chips) 
Seat 5: Gabrielfs13 (9487 in chips) 
Seat 6: crka32 (5061 in chips) 
Seat 7: kyivfan (8762 in chips) 
Seat 8: Géniedelas (18583 in chips) 
BenBrogan12: posts the ante 75
Joseefh: posts the ante 75
Arun4z: posts the ante 75
jokeerr66: posts the ante 75
Gabrielfs13: posts the ante 75
crka32: posts the ante 75
kyivfan: posts the ante 75
Géniedelas: posts the ante 75
Gabrielfs13: posts small blind 300
crka32: posts big blind 600
*** HOLE CARDS ***
Dealt to Gabrielfs13 [Qd 7d]
kyivfan: folds 
Géniedelas: folds 
BenBrogan12: folds 
Joseefh: folds 
Arun4z: folds 
jokeerr66: folds 
Gabrielfs13 is disconnected 
Gabrielfs13 is connected 
Gabrielfs13 is connected 
Gabrielfs13: raises 8812 to 9412 and is all-in
crka32: calls 4386 and is all-in
Uncalled bet (4426) returned to Gabrielfs13
*** FLOP *** [8s 3d Qs]
*** TURN *** [8s 3d Qs] [7h]
*** RIVER *** [8s 3d Qs 7h] [Qc]
*** SHOW DOWN ***
Gabrielfs13: shows [Qd 7d] (a full house, Queens full of Sevens)
crka32: shows [8d 9s] (two pair, Queens and Eights)
Gabrielfs13 collected 10572 from pot
crka32 finished the tournament in 154th place
*** SUMMARY ***
Total pot 10572 | Rake 0 
Board [8s 3d Qs 7h Qc]
Seat 1: BenBrogan12 folded before Flop (didn't bet)
Seat 2: Joseefh folded before Flop (didn't bet)
Seat 3: Arun4z folded before Flop (didn't bet)
Seat 4: jokeerr66 (button) folded before Flop (didn't bet)
Seat 5: Gabrielfs13 (small blind) showed [Qd 7d] and won (10572) with a full house, Queens full of Sevens
Seat 6: crka32 (big blind) showed [8d 9s] and lost with two pair, Queens and Eights
Seat 7: kyivfan folded before Flop (didn't bet)
Seat 8: Géniedelas folded before Flop (didn't bet)



PokerStars Hand #257329584903: Tournament #3916850522, $3.92+$0.48 USD Hold'em No Limit - Level XIV (300/600) - 2025/08/13 15:27:46 BRT [2025/08/13 14:27:46 ET]
Table '3916850522 12' 8-max Seat #5 is the button
Seat 1: BenBrogan12 (3127 in chips) 
Seat 2: Joseefh (17455 in chips) 
Seat 3: Arun4z (6858 in chips) 
Seat 4: jokeerr66 (10312 in chips) 
Seat 5: Gabrielfs13 (14998 in chips) 
Seat 7: kyivfan (8687 in chips) 
Seat 8: Géniedelas (18508 in chips) 
BenBrogan12: posts the ante 75
Joseefh: posts the ante 75
Arun4z: posts the ante 75
jokeerr66: posts the ante 75
Gabrielfs13: posts the ante 75
kyivfan: posts the ante 75
Géniedelas: posts the ante 75
kyivfan: posts small blind 300
Géniedelas: posts big blind 600
*** HOLE CARDS ***
Dealt to Gabrielfs13 [9c 5d]
armdwithaces is disconnected 
BenBrogan12: raises 2452 to 3052 and is all-in
Joseefh: folds 
Arun4z: folds 
jokeerr66: folds 
Gabrielfs13: folds 
kyivfan: folds 
Géniedelas: calls 2452
*** FLOP *** [Qh Kd Qs]
*** TURN *** [Qh Kd Qs] [Kh]
*** RIVER *** [Qh Kd Qs Kh] [2c]
*** SHOW DOWN ***
Géniedelas: shows [5c Qd] (a full house, Queens full of Kings)
BenBrogan12: shows [Js Ac] (two pair, Kings and Queens)
Géniedelas collected 6929 from pot
BenBrogan12 finished the tournament in 147th place
*** SUMMARY ***
Total pot 6929 | Rake 0 
Board [Qh Kd Qs Kh 2c]
Seat 1: BenBrogan12 showed [Js Ac] and lost with two pair, Kings and Queens
Seat 2: Joseefh folded before Flop (didn't bet)
Seat 3: Arun4z folded before Flop (didn't bet)
Seat 4: jokeerr66 folded before Flop (didn't bet)
Seat 5: Gabrielfs13 (button) folded before Flop (didn't bet)
Seat 7: kyivfan (small blind) folded before Flop
Seat 8: Géniedelas (big blind) showed [5c Qd] and won (6929) with a full house, Queens full of Kings



PokerStars Hand #257329595433: Tournament #3916850522, $3.92+$0.48 USD Hold'em No Limit - Level XIV (300/600) - 2025/08/13 15:28:35 BRT [2025/08/13 14:28:35 ET]
Table '3916850522 12' 8-max Seat #7 is the button
Seat 2: Joseefh (17380 in chips) 
Seat 3: Arun4z (6783 in chips) 
Seat 4: jokeerr66 (10237 in chips) 
Seat 5: Gabrielfs13 (14923 in chips) 
Seat 6: armdwithaces (23194 in chips) 
Seat 7: kyivfan (8312 in chips) 
Seat 8: Géniedelas (22310 in chips) 
Joseefh: posts the ante 75
Arun4z: posts the ante 75
jokeerr66: posts the ante 75
Gabrielfs13: posts the ante 75
armdwithaces: posts the ante 75
kyivfan: posts the ante 75
Géniedelas: posts the ante 75
Géniedelas: posts small blind 300
Joseefh: posts big blind 600
*** HOLE CARDS ***
Dealt to Gabrielfs13 [Kc Jh]
Arun4z: folds 
jokeerr66: folds 
Gabrielfs13: raises 600 to 1200
Matslav44 is disconnected 
armdwithaces: raises 1920 to 3120
kyivfan: folds 
Géniedelas: calls 2820
Joseefh: folds 
Gabrielfs13: folds 
*** FLOP *** [Qh 5d 8d]
Géniedelas: checks 
armdwithaces: bets 2998
Géniedelas: folds 
Uncalled bet (2998) returned to armdwithaces
armdwithaces collected 8565 from pot
armdwithaces: doesn't show hand 
*** SUMMARY ***
Total pot 8565 | Rake 0 
Board [Qh 5d 8d]
Seat 2: Joseefh (big blind) folded before Flop
Seat 3: Arun4z folded before Flop (didn't bet)
Seat 4: jokeerr66 folded before Flop (didn't bet)
Seat 5: Gabrielfs13 folded before Flop
Seat 6: armdwithaces collected (8565)
Seat 7: kyivfan (button) folded before Flop (didn't bet)
Seat 8: Géniedelas (small blind) folded on the Flop



PokerStars Hand #257329612849: Tournament #3916850522, $3.92+$0.48 USD Hold'em No Limit - Level XIV (300/600) - 2025/08/13 15:29:57 BRT [2025/08/13 14:29:57 ET]
Table '3916850522 12' 8-max Seat #8 is the button
Seat 1: Matslav44 (9014 in chips) out of hand (moved from another table into small blind)
Seat 2: Joseefh (16705 in chips) 
Seat 3: Arun4z (6708 in chips) 
Seat 4: jokeerr66 (10162 in chips) 
Seat 5: Gabrielfs13 (13648 in chips) 
Seat 6: armdwithaces (28564 in chips) 
Seat 7: kyivfan (8237 in chips) 
Seat 8: Géniedelas (19115 in chips) 
Matslav44 will be allowed to play after the button
Joseefh: posts the ante 75
Arun4z: posts the ante 75
jokeerr66: posts the ante 75
Gabrielfs13: posts the ante 75
armdwithaces: posts the ante 75
kyivfan: posts the ante 75
Géniedelas: posts the ante 75
Joseefh: posts small blind 300
Arun4z: posts big blind 600
*** HOLE CARDS ***
Dealt to Gabrielfs13 [2s 5s]
jokeerr66: folds 
Gabrielfs13: folds 
armdwithaces: folds 
kyivfan: raises 7562 to 8162 and is all-in
Géniedelas: folds 
Joseefh: raises 8468 to 16630 and is all-in
Arun4z: folds 
Uncalled bet (8468) returned to Joseefh
*** FLOP *** [Jc 2c Qs]
*** TURN *** [Jc 2c Qs] [7s]
*** RIVER *** [Jc 2c Qs 7s] [7h]
*** SHOW DOWN ***
Joseefh: shows [Kd Ah] (a pair of Sevens)
kyivfan: shows [Kc Qh] (two pair, Queens and Sevens)
kyivfan collected 17449 from pot
*** SUMMARY ***
Total pot 17449 | Rake 0 
Board [Jc 2c Qs 7s 7h]
Seat 2: Joseefh (small blind) showed [Kd Ah] and lost with a pair of Sevens
Seat 3: Arun4z (big blind) folded before Flop
Seat 4: jokeerr66 folded before Flop (didn't bet)
Seat 5: Gabrielfs13 folded before Flop (didn't bet)
Seat 6: armdwithaces folded before Flop (didn't bet)
Seat 7: kyivfan showed [Kc Qh] and won (17449) with two pair, Queens and Sevens
Seat 8: Géniedelas (button) folded before Flop (didn't bet)



PokerStars Hand #257329621575: Tournament #3916850522, $3.92+$0.48 USD Hold'em No Limit - Level XIV (300/600) - 2025/08/13 15:30:38 BRT [2025/08/13 14:30:38 ET]
Table '3916850522 12' 8-max Seat #2 is the button
Seat 1: Matslav44 (9014 in chips) 
Seat 2: Joseefh (8468 in chips) 
Seat 3: Arun4z (6033 in chips) 
Seat 4: jokeerr66 (10087 in chips) 
Seat 5: Gabrielfs13 (13573 in chips) 
Seat 6: armdwithaces (28489 in chips) 
Seat 7: kyivfan (17449 in chips) 
Seat 8: Géniedelas (19040 in chips) 
Matslav44: posts the ante 75
Joseefh: posts the ante 75
Arun4z: posts the ante 75
jokeerr66: posts the ante 75
Gabrielfs13: posts the ante 75
armdwithaces: posts the ante 75
kyivfan: posts the ante 75
Géniedelas: posts the ante 75
Arun4z: posts small blind 300
jokeerr66: posts big blind 600
*** HOLE CARDS ***
Dealt to Gabrielfs13 [5h Jd]
Gabrielfs13: folds 
armdwithaces: folds 
kyivfan: folds 
Géniedelas: folds 
Matslav44: folds 
Joseefh: raises 600 to 1200
Arun4z: raises 4758 to 5958 and is all-in
jokeerr66: folds 
Joseefh: calls 4758
*** FLOP *** [9h 3h 8h]
*** TURN *** [9h 3h 8h] [9s]
*** RIVER *** [9h 3h 8h 9s] [6d]
*** SHOW DOWN ***
Arun4z: shows [Ac Td] (a pair of Nines)
Joseefh: shows [7h Kh] (a flush, King high)
Joseefh collected 13116 from pot
Arun4z finished the tournament in 132nd place
*** SUMMARY ***
Total pot 13116 | Rake 0 
Board [9h 3h 8h 9s 6d]
Seat 1: Matslav44 folded before Flop (didn't bet)
Seat 2: Joseefh (button) showed [7h Kh] and won (13116) with a flush, King high
Seat 3: Arun4z (small blind) showed [Ac Td] and lost with a pair of Nines
Seat 4: jokeerr66 (big blind) folded before Flop
Seat 5: Gabrielfs13 folded before Flop (didn't bet)
Seat 6: armdwithaces folded before Flop (didn't bet)
Seat 7: kyivfan folded before Flop (didn't bet)
Seat 8: Géniedelas folded before Flop (didn't bet)



PokerStars Hand #257329632768: Tournament #3916850522, $3.92+$0.48 USD Hold'em No Limit - Level XV (350/700) - 2025/08/13 15:31:30 BRT [2025/08/13 14:31:30 ET]
Table '3916850522 12' 8-max Seat #4 is the button
Seat 1: Matslav44 (8939 in chips) 
Seat 2: Joseefh (15551 in chips) 
Seat 4: jokeerr66 (9412 in chips) 
Seat 5: Gabrielfs13 (13498 in chips) 
Seat 6: armdwithaces (28414 in chips) 
Seat 7: kyivfan (17374 in chips) 
Seat 8: Géniedelas (18965 in chips) 
Matslav44: posts the ante 90
Joseefh: posts the ante 90
jokeerr66: posts the ante 90
Gabrielfs13: posts the ante 90
armdwithaces: posts the ante 90
kyivfan: posts the ante 90
Géniedelas: posts the ante 90
Gabrielfs13: posts small blind 350
armdwithaces: posts big blind 700
*** HOLE CARDS ***
Dealt to Gabrielfs13 [9s 3d]
kyivfan: folds 
Géniedelas: raises 700 to 1400
Matslav44: folds 
Joseefh: folds 
jokeerr66: folds 
Gabrielfs13: folds 
armdwithaces: calls 700
*** FLOP *** [6h 3s 4s]
armdwithaces: checks 
Géniedelas: checks 
*** TURN *** [6h 3s 4s] [8s]
armdwithaces: checks 
Géniedelas: bets 1890
armdwithaces: folds 
Uncalled bet (1890) returned to Géniedelas
Géniedelas collected 3780 from pot
*** SUMMARY ***
Total pot 3780 | Rake 0 
Board [6h 3s 4s 8s]
Seat 1: Matslav44 folded before Flop (didn't bet)
Seat 2: Joseefh folded before Flop (didn't bet)
Seat 4: jokeerr66 (button) folded before Flop (didn't bet)
Seat 5: Gabrielfs13 (small blind) folded before Flop
Seat 6: armdwithaces (big blind) folded on the Turn
Seat 7: kyivfan folded before Flop (didn't bet)
Seat 8: Géniedelas collected (3780)



PokerStars Hand #257329645582: Tournament #3916850522, $3.92+$0.48 USD Hold'em No Limit - Level XV (350/700) - 2025/08/13 15:32:31 BRT [2025/08/13 14:32:31 ET]
Table '3916850522 12' 8-max Seat #5 is the button
Seat 1: Matslav44 (8849 in chips) 
Seat 2: Joseefh (15461 in chips) 
Seat 4: jokeerr66 (9322 in chips) 
Seat 5: Gabrielfs13 (13058 in chips) 
Seat 6: armdwithaces (26924 in chips) 
Seat 7: kyivfan (17284 in chips) 
Seat 8: Géniedelas (21255 in chips) 
Matslav44: posts the ante 90
Joseefh: posts the ante 90
jokeerr66: posts the ante 90
Gabrielfs13: posts the ante 90
armdwithaces: posts the ante 90
kyivfan: posts the ante 90
Géniedelas: posts the ante 90
armdwithaces: posts small blind 350
kyivfan: posts big blind 700
*** HOLE CARDS ***
Dealt to Gabrielfs13 [4d Kc]
Géniedelas: folds 
Matslav44: folds 
Joseefh: folds 
jokeerr66: folds 
Gabrielfs13: raises 700 to 1400
armdwithaces: folds 
wöölf is disconnected 
kyivfan: calls 700
*** FLOP *** [Js Ts 3d]
kyivfan: checks 
Gabrielfs13: bets 1050
kyivfan: folds 
Uncalled bet (1050) returned to Gabrielfs13
Gabrielfs13 collected 3780 from pot
Gabrielfs13: doesn't show hand 
*** SUMMARY ***
Total pot 3780 | Rake 0 
Board [Js Ts 3d]
Seat 1: Matslav44 folded before Flop (didn't bet)
Seat 2: Joseefh folded before Flop (didn't bet)
Seat 4: jokeerr66 folded before Flop (didn't bet)
Seat 5: Gabrielfs13 (button) collected (3780)
Seat 6: armdwithaces (small blind) folded before Flop
Seat 7: kyivfan (big blind) folded on the Flop
Seat 8: Géniedelas folded before Flop (didn't bet)



PokerStars Hand #257329654652: Tournament #3916850522, $3.92+$0.48 USD Hold'em No Limit - Level XV (350/700) - 2025/08/13 15:33:14 BRT [2025/08/13 14:33:14 ET]
Table '3916850522 12' 8-max Seat #6 is the button
Seat 1: Matslav44 (8759 in chips) 
Seat 2: Joseefh (15371 in chips) 
Seat 3: wöölf (9149 in chips) 
Seat 4: jokeerr66 (9232 in chips) 
Seat 5: Gabrielfs13 (15348 in chips) 
Seat 6: armdwithaces (26484 in chips) 
Seat 7: kyivfan (15794 in chips) 
Seat 8: Géniedelas (21165 in chips) 
Matslav44: posts the ante 90
Joseefh: posts the ante 90
wöölf: posts the ante 90
jokeerr66: posts the ante 90
Gabrielfs13: posts the ante 90
armdwithaces: posts the ante 90
kyivfan: posts the ante 90
Géniedelas: posts the ante 90
kyivfan: posts small blind 350
Géniedelas: posts big blind 700
*** HOLE CARDS ***
Dealt to Gabrielfs13 [Qd 7s]
Matslav44: folds 
Joseefh: folds 
wöölf: folds 
jokeerr66: folds 
Gabrielfs13: folds 
armdwithaces: raises 700 to 1400
kyivfan: folds 
Géniedelas: calls 700
*** FLOP *** [Ts 7c 9s]
Géniedelas: bets 1400
armdwithaces: calls 1400
*** TURN *** [Ts 7c 9s] [Tc]
Géniedelas: bets 2100
armdwithaces: raises 3430 to 5530
Géniedelas: calls 3430
*** RIVER *** [Ts 7c 9s Tc] [9d]
Géniedelas: checks 
armdwithaces: bets 18064 and is all-in
Géniedelas: folds 
Uncalled bet (18064) returned to armdwithaces
armdwithaces collected 17730 from pot
armdwithaces: doesn't show hand 
*** SUMMARY ***
Total pot 17730 | Rake 0 
Board [Ts 7c 9s Tc 9d]
Seat 1: Matslav44 folded before Flop (didn't bet)
Seat 2: Joseefh folded before Flop (didn't bet)
Seat 3: wöölf folded before Flop (didn't bet)
Seat 4: jokeerr66 folded before Flop (didn't bet)
Seat 5: Gabrielfs13 folded before Flop (didn't bet)
Seat 6: armdwithaces (button) collected (17730)
Seat 7: kyivfan (small blind) folded before Flop
Seat 8: Géniedelas (big blind) folded on the River



PokerStars Hand #257329674586: Tournament #3916850522, $3.92+$0.48 USD Hold'em No Limit - Level XV (350/700) - 2025/08/13 15:34:48 BRT [2025/08/13 14:34:48 ET]
Table '3916850522 12' 8-max Seat #7 is the button
Seat 1: Matslav44 (8669 in chips) 
Seat 2: Joseefh (15281 in chips) 
Seat 3: wöölf (9059 in chips) 
Seat 4: jokeerr66 (9142 in chips) 
Seat 5: Gabrielfs13 (15258 in chips) 
Seat 6: armdwithaces (35794 in chips) 
Seat 7: kyivfan (15354 in chips) 
Seat 8: Géniedelas (12745 in chips) 
Matslav44: posts the ante 90
Joseefh: posts the ante 90
wöölf: posts the ante 90
jokeerr66: posts the ante 90
Gabrielfs13: posts the ante 90
armdwithaces: posts the ante 90
kyivfan: posts the ante 90
Géniedelas: posts the ante 90
Géniedelas: posts small blind 350
Matslav44: posts big blind 700
*** HOLE CARDS ***
Dealt to Gabrielfs13 [6s 9s]
Joseefh: folds 
wöölf: folds 
jokeerr66: raises 700 to 1400
Gabrielfs13: folds 
armdwithaces: folds 
kyivfan: folds 
Géniedelas: calls 1050
Matslav44: calls 700
*** FLOP *** [7c 5d Ah]
Géniedelas: checks 
Matslav44: checks 
jokeerr66: bets 984
Géniedelas: calls 984
Matslav44: calls 984
*** TURN *** [7c 5d Ah] [2c]
Géniedelas: checks 
Matslav44: checks 
jokeerr66: checks 
*** RIVER *** [7c 5d Ah 2c] [Ac]
Géniedelas: checks 
Matslav44: checks 
jokeerr66: checks 
*** SHOW DOWN ***
Géniedelas: shows [7s 7h] (a full house, Sevens full of Aces)
Matslav44: mucks hand 
jokeerr66: mucks hand 
Géniedelas collected 7872 from pot
*** SUMMARY ***
Total pot 7872 | Rake 0 
Board [7c 5d Ah 2c Ac]
Seat 1: Matslav44 (big blind) mucked [9h As]
Seat 2: Joseefh folded before Flop (didn't bet)
Seat 3: wöölf folded before Flop (didn't bet)
Seat 4: jokeerr66 mucked [Qh Kd]
Seat 5: Gabrielfs13 folded before Flop (didn't bet)
Seat 6: armdwithaces folded before Flop (didn't bet)
Seat 7: kyivfan (button) folded before Flop (didn't bet)
Seat 8: Géniedelas (small blind) showed [7s 7h] and won (7872) with a full house, Sevens full of Aces



PokerStars Hand #257329696132: Tournament #3916850522, $3.92+$0.48 USD Hold'em No Limit - Level XVI (400/800) - 2025/08/13 15:36:29 BRT [2025/08/13 14:36:29 ET]
Table '3916850522 12' 8-max Seat #8 is the button
Seat 1: Matslav44 (6195 in chips) 
Seat 2: Joseefh (15191 in chips) 
Seat 3: wöölf (8969 in chips) 
Seat 4: jokeerr66 (6668 in chips) 
Seat 5: Gabrielfs13 (15168 in chips) 
Seat 6: armdwithaces (35704 in chips) 
Seat 7: kyivfan (15264 in chips) 
Seat 8: Géniedelas (18143 in chips) 
Matslav44: posts the ante 100
Joseefh: posts the ante 100
wöölf: posts the ante 100
jokeerr66: posts the ante 100
Gabrielfs13: posts the ante 100
armdwithaces: posts the ante 100
kyivfan: posts the ante 100
Géniedelas: posts the ante 100
Matslav44: posts small blind 400
Joseefh: posts big blind 800
*** HOLE CARDS ***
Dealt to Gabrielfs13 [Th 2d]
wöölf: folds 
jokeerr66: folds 
Gabrielfs13: folds 
armdwithaces: folds 
kyivfan: raises 800 to 1600
Géniedelas: calls 1600
Matslav44: raises 4495 to 6095 and is all-in
Joseefh: folds 
kyivfan: raises 9069 to 15164 and is all-in
Géniedelas: folds 
Uncalled bet (9069) returned to kyivfan
*** FLOP *** [Td 2h Ks]
*** TURN *** [Td 2h Ks] [2c]
*** RIVER *** [Td 2h Ks 2c] [6d]
*** SHOW DOWN ***
Matslav44: shows [As Jd] (a pair of Deuces)
kyivfan: shows [Qs Js] (a pair of Deuces - lower kicker)
Matslav44 collected 15390 from pot
*** SUMMARY ***
Total pot 15390 | Rake 0 
Board [Td 2h Ks 2c 6d]
Seat 1: Matslav44 (small blind) showed [As Jd] and won (15390) with a pair of Deuces
Seat 2: Joseefh (big blind) folded before Flop
Seat 3: wöölf folded before Flop (didn't bet)
Seat 4: jokeerr66 folded before Flop (didn't bet)
Seat 5: Gabrielfs13 folded before Flop (didn't bet)
Seat 6: armdwithaces folded before Flop (didn't bet)
Seat 7: kyivfan showed [Qs Js] and lost with a pair of Deuces
Seat 8: Géniedelas (button) folded before Flop



PokerStars Hand #257329706414: Tournament #3916850522, $3.92+$0.48 USD Hold'em No Limit - Level XVI (400/800) - 2025/08/13 15:37:17 BRT [2025/08/13 14:37:17 ET]
Table '3916850522 12' 8-max Seat #1 is the button
Seat 1: Matslav44 (15390 in chips) 
Seat 2: Joseefh (14291 in chips) 
Seat 3: wöölf (8869 in chips) 
Seat 4: jokeerr66 (6568 in chips) 
Seat 5: Gabrielfs13 (15068 in chips) 
Seat 6: armdwithaces (35604 in chips) 
Seat 7: kyivfan (9069 in chips) 
Seat 8: Géniedelas (16443 in chips) 
Matslav44: posts the ante 100
Joseefh: posts the ante 100
wöölf: posts the ante 100
jokeerr66: posts the ante 100
Gabrielfs13: posts the ante 100
armdwithaces: posts the ante 100
kyivfan: posts the ante 100
Géniedelas: posts the ante 100
Joseefh: posts small blind 400
wöölf: posts big blind 800
*** HOLE CARDS ***
Dealt to Gabrielfs13 [Kc 6s]
jokeerr66: folds 
Gabrielfs13: folds 
armdwithaces: folds 
kyivfan: raises 8169 to 8969 and is all-in
Géniedelas: folds 
Matslav44: raises 6321 to 15290 and is all-in
Joseefh: folds 
wöölf: folds 
Uncalled bet (6321) returned to Matslav44
*** FLOP *** [2d 7h 9c]
*** TURN *** [2d 7h 9c] [4c]
*** RIVER *** [2d 7h 9c 4c] [7c]
*** SHOW DOWN ***
kyivfan: shows [Ac 6h] (a pair of Sevens)
Matslav44: shows [Ad Ks] (a pair of Sevens - Ace+King kicker)
Matslav44 collected 19938 from pot
kyivfan finished the tournament in 103rd place
*** SUMMARY ***
Total pot 19938 | Rake 0 
Board [2d 7h 9c 4c 7c]
Seat 1: Matslav44 (button) showed [Ad Ks] and won (19938) with a pair of Sevens
Seat 2: Joseefh (small blind) folded before Flop
Seat 3: wöölf (big blind) folded before Flop
Seat 4: jokeerr66 folded before Flop (didn't bet)
Seat 5: Gabrielfs13 folded before Flop (didn't bet)
Seat 6: armdwithaces folded before Flop (didn't bet)
Seat 7: kyivfan showed [Ac 6h] and lost with a pair of Sevens
Seat 8: Géniedelas folded before Flop (didn't bet)



PokerStars Hand #257329716707: Tournament #3916850522, $3.92+$0.48 USD Hold'em No Limit - Level XVI (400/800) - 2025/08/13 15:38:06 BRT [2025/08/13 14:38:06 ET]
Table '3916850522 12' 8-max Seat #2 is the button
Seat 1: Matslav44 (26259 in chips) 
Seat 2: Joseefh (13791 in chips) 
Seat 3: wöölf (7969 in chips) 
Seat 4: jokeerr66 (6468 in chips) 
Seat 5: Gabrielfs13 (14968 in chips) 
Seat 6: armdwithaces (35504 in chips) 
Seat 8: Géniedelas (16343 in chips) 
Matslav44: posts the ante 100
Joseefh: posts the ante 100
wöölf: posts the ante 100
jokeerr66: posts the ante 100
Gabrielfs13: posts the ante 100
armdwithaces: posts the ante 100
Géniedelas: posts the ante 100
wöölf: posts small blind 400
jokeerr66: posts big blind 800
*** HOLE CARDS ***
Dealt to Gabrielfs13 [Ks 3h]
Gabrielfs13: folds 
armdwithaces: folds 
Géniedelas: raises 800 to 1600
Matslav44: folds 
Joseefh: folds 
wöölf: folds 
jokeerr66: raises 4768 to 6368 and is all-in
Géniedelas: calls 4768
*** FLOP *** [4s Qd 7c]
*** TURN *** [4s Qd 7c] [As]
*** RIVER *** [4s Qd 7c As] [5d]
*** SHOW DOWN ***
jokeerr66: shows [Kc Kd] (a pair of Kings)
Géniedelas: shows [Jh Qh] (a pair of Queens)
jokeerr66 collected 13836 from pot
*** SUMMARY ***
Total pot 13836 | Rake 0 
Board [4s Qd 7c As 5d]
Seat 1: Matslav44 folded before Flop (didn't bet)
Seat 2: Joseefh (button) folded before Flop (didn't bet)
Seat 3: wöölf (small blind) folded before Flop
Seat 4: jokeerr66 (big blind) showed [Kc Kd] and won (13836) with a pair of Kings
Seat 5: Gabrielfs13 folded before Flop (didn't bet)
Seat 6: armdwithaces folded before Flop (didn't bet)
Seat 8: Géniedelas showed [Jh Qh] and lost with a pair of Queens



PokerStars Hand #257329727960: Tournament #3916850522, $3.92+$0.48 USD Hold'em No Limit - Level XVI (400/800) - 2025/08/13 15:38:59 BRT [2025/08/13 14:38:59 ET]
Table '3916850522 12' 8-max Seat #3 is the button
Seat 1: Matslav44 (26159 in chips) 
Seat 2: Joseefh (13691 in chips) 
Seat 3: wöölf (7469 in chips) 
Seat 4: jokeerr66 (13836 in chips) 
Seat 5: Gabrielfs13 (14868 in chips) 
Seat 6: armdwithaces (35404 in chips) 
Seat 8: Géniedelas (9875 in chips) 
Matslav44: posts the ante 100
Joseefh: posts the ante 100
wöölf: posts the ante 100
jokeerr66: posts the ante 100
Gabrielfs13: posts the ante 100
armdwithaces: posts the ante 100
Géniedelas: posts the ante 100
jokeerr66: posts small blind 400
Gabrielfs13: posts big blind 800
*** HOLE CARDS ***
Dealt to Gabrielfs13 [4s 9h]
armdwithaces: raises 960 to 1760
Géniedelas: calls 1760
Matslav44: folds 
Joseefh: folds 
wöölf: folds 
jokeerr66: folds 
Gabrielfs13: folds 
*** FLOP *** [5h Kd Kh]
armdwithaces: checks 
Géniedelas: bets 1600
armdwithaces: calls 1600
*** TURN *** [5h Kd Kh] [Th]
armdwithaces: checks 
Géniedelas: checks 
*** RIVER *** [5h Kd Kh Th] [5s]
armdwithaces: bets 3017
Géniedelas: raises 3398 to 6415 and is all-in
armdwithaces: calls 3398
*** SHOW DOWN ***
Géniedelas: shows [7c 5c] (a full house, Fives full of Kings)
armdwithaces: shows [Qc Ad] (two pair, Kings and Fives)
Géniedelas collected 21450 from pot
*** SUMMARY ***
Total pot 21450 | Rake 0 
Board [5h Kd Kh Th 5s]
Seat 1: Matslav44 folded before Flop (didn't bet)
Seat 2: Joseefh folded before Flop (didn't bet)
Seat 3: wöölf (button) folded before Flop (didn't bet)
Seat 4: jokeerr66 (small blind) folded before Flop
Seat 5: Gabrielfs13 (big blind) folded before Flop
Seat 6: armdwithaces showed [Qc Ad] and lost with two pair, Kings and Fives
Seat 8: Géniedelas showed [7c 5c] and won (21450) with a full house, Fives full of Kings



PokerStars Hand #257329744715: Tournament #3916850522, $3.92+$0.48 USD Hold'em No Limit - Level XVI (400/800) - 2025/08/13 15:40:17 BRT [2025/08/13 14:40:17 ET]
Table '3916850522 12' 8-max Seat #4 is the button
Seat 1: Matslav44 (26059 in chips) 
Seat 2: Joseefh (13591 in chips) 
Seat 3: wöölf (7369 in chips) 
Seat 4: jokeerr66 (13336 in chips) 
Seat 5: Gabrielfs13 (13968 in chips) 
Seat 6: armdwithaces (25529 in chips) 
Seat 7: maraboti22 (4086 in chips) 
Seat 8: Géniedelas (21450 in chips) 
Matslav44: posts the ante 100
Joseefh: posts the ante 100
wöölf: posts the ante 100
jokeerr66: posts the ante 100
Gabrielfs13: posts the ante 100
armdwithaces: posts the ante 100
maraboti22: posts the ante 100
Géniedelas: posts the ante 100
Gabrielfs13: posts small blind 400
armdwithaces: posts big blind 800
*** HOLE CARDS ***
Dealt to Gabrielfs13 [8c Tc]
maraboti22: raises 2386 to 3186
Géniedelas: folds 
Matslav44: folds 
Joseefh: folds 
wöölf: folds 
jokeerr66: folds 
Gabrielfs13 has timed out
Gabrielfs13: folds 
Gabrielfs13 is sitting out
armdwithaces: folds 
Uncalled bet (2386) returned to maraboti22
maraboti22 collected 2800 from pot
Gabrielfs13 has returned
maraboti22: doesn't show hand 
*** SUMMARY ***
Total pot 2800 | Rake 0 
Seat 1: Matslav44 folded before Flop (didn't bet)
Seat 2: Joseefh folded before Flop (didn't bet)
Seat 3: wöölf folded before Flop (didn't bet)
Seat 4: jokeerr66 (button) folded before Flop (didn't bet)
Seat 5: Gabrielfs13 (small blind) folded before Flop
Seat 6: armdwithaces (big blind) folded before Flop
Seat 7: maraboti22 collected (2800)
Seat 8: Géniedelas folded before Flop (didn't bet)



PokerStars Hand #257329756224: Tournament #3916850522, $3.92+$0.48 USD Hold'em No Limit - Level XVI (400/800) - 2025/08/13 15:41:11 BRT [2025/08/13 14:41:11 ET]
Table '3916850522 12' 8-max Seat #5 is the button
Seat 1: Matslav44 (25959 in chips) 
Seat 2: Joseefh (13491 in chips) 
Seat 3: wöölf (7269 in chips) 
Seat 4: jokeerr66 (13236 in chips) 
Seat 5: Gabrielfs13 (13468 in chips) 
Seat 6: armdwithaces (24629 in chips) 
Seat 7: maraboti22 (5986 in chips) 
Seat 8: Géniedelas (21350 in chips) 
Matslav44: posts the ante 100
Joseefh: posts the ante 100
wöölf: posts the ante 100
jokeerr66: posts the ante 100
Gabrielfs13: posts the ante 100
armdwithaces: posts the ante 100
maraboti22: posts the ante 100
Géniedelas: posts the ante 100
armdwithaces: posts small blind 400
maraboti22: posts big blind 800
*** HOLE CARDS ***
Dealt to Gabrielfs13 [Kc 6d]
Géniedelas: folds 
Matslav44: folds 
Joseefh: folds 
wöölf: folds 
jokeerr66: folds 
Gabrielfs13: raises 800 to 1600
armdwithaces: folds 
maraboti22: calls 800
*** FLOP *** [3s Ks Ts]
maraboti22: checks 
Gabrielfs13: checks 
*** TURN *** [3s Ks Ts] [5s]
maraboti22: checks 
Gabrielfs13: checks 
*** RIVER *** [3s Ks Ts 5s] [Tc]
maraboti22: bets 4286 and is all-in
Gabrielfs13: calls 4286
*** SHOW DOWN ***
maraboti22: shows [8d 7c] (a pair of Tens)
Gabrielfs13: shows [Kc 6d] (two pair, Kings and Tens)
Gabrielfs13 collected 12972 from pot
maraboti22 finished the tournament in 86th place
*** SUMMARY ***
Total pot 12972 | Rake 0 
Board [3s Ks Ts 5s Tc]
Seat 1: Matslav44 folded before Flop (didn't bet)
Seat 2: Joseefh folded before Flop (didn't bet)
Seat 3: wöölf folded before Flop (didn't bet)
Seat 4: jokeerr66 folded before Flop (didn't bet)
Seat 5: Gabrielfs13 (button) showed [Kc 6d] and won (12972) with two pair, Kings and Tens
Seat 6: armdwithaces (small blind) folded before Flop
Seat 7: maraboti22 (big blind) showed [8d 7c] and lost with a pair of Tens
Seat 8: Géniedelas folded before Flop (didn't bet)



PokerStars Hand #257329774867: Tournament #3916850522, $3.92+$0.48 USD Hold'em No Limit - Level XVII (500/1000) - 2025/08/13 15:42:39 BRT [2025/08/13 14:42:39 ET]
Table '3916850522 12' 8-max Seat #6 is the button
Seat 1: Matslav44 (25859 in chips) 
Seat 2: Joseefh (13391 in chips) 
Seat 3: wöölf (7169 in chips) 
Seat 4: jokeerr66 (13136 in chips) 
Seat 5: Gabrielfs13 (20454 in chips) 
Seat 6: armdwithaces (24129 in chips) 
Seat 8: Géniedelas (21250 in chips) 
Matslav44: posts the ante 125
Joseefh: posts the ante 125
wöölf: posts the ante 125
jokeerr66: posts the ante 125
Gabrielfs13: posts the ante 125
armdwithaces: posts the ante 125
Géniedelas: posts the ante 125
Géniedelas: posts small blind 500
Matslav44: posts big blind 1000
*** HOLE CARDS ***
Dealt to Gabrielfs13 [9c 3s]
Joseefh: folds 
wöölf: folds 
jokeerr66: folds 
Gabrielfs13: folds 
armdwithaces: raises 1200 to 2200
Géniedelas: folds 
Matslav44: folds 
Uncalled bet (1200) returned to armdwithaces
armdwithaces collected 3375 from pot
armdwithaces: doesn't show hand 
*** SUMMARY ***
Total pot 3375 | Rake 0 
Seat 1: Matslav44 (big blind) folded before Flop
Seat 2: Joseefh folded before Flop (didn't bet)
Seat 3: wöölf folded before Flop (didn't bet)
Seat 4: jokeerr66 folded before Flop (didn't bet)
Seat 5: Gabrielfs13 folded before Flop (didn't bet)
Seat 6: armdwithaces (button) collected (3375)
Seat 8: Géniedelas (small blind) folded before Flop



PokerStars Hand #257329781693: Tournament #3916850522, $3.92+$0.48 USD Hold'em No Limit - Level XVII (500/1000) - 2025/08/13 15:43:11 BRT [2025/08/13 14:43:11 ET]
Table '3916850522 12' 8-max Seat #8 is the button
Seat 1: Matslav44 (24734 in chips) 
Seat 2: Joseefh (13266 in chips) 
Seat 3: wöölf (7044 in chips) 
Seat 4: jokeerr66 (13011 in chips) 
Seat 5: Gabrielfs13 (20329 in chips) 
Seat 6: armdwithaces (26379 in chips) 
Seat 8: Géniedelas (20625 in chips) 
Matslav44: posts the ante 125
Joseefh: posts the ante 125
wöölf: posts the ante 125
jokeerr66: posts the ante 125
Gabrielfs13: posts the ante 125
armdwithaces: posts the ante 125
Géniedelas: posts the ante 125
Matslav44: posts small blind 500
Joseefh: posts big blind 1000
*** HOLE CARDS ***
Dealt to Gabrielfs13 [Kc Ac]
wöölf: folds 
jokeerr66: folds 
Gabrielfs13: raises 1000 to 2000
armdwithaces: folds 
Géniedelas: folds 
Matslav44: folds 
Joseefh: folds 
Uncalled bet (1000) returned to Gabrielfs13
Gabrielfs13 collected 3375 from pot
Gabrielfs13: doesn't show hand 
*** SUMMARY ***
Total pot 3375 | Rake 0 
Seat 1: Matslav44 (small blind) folded before Flop
Seat 2: Joseefh (big blind) folded before Flop
Seat 3: wöölf folded before Flop (didn't bet)
Seat 4: jokeerr66 folded before Flop (didn't bet)
Seat 5: Gabrielfs13 collected (3375)
Seat 6: armdwithaces folded before Flop (didn't bet)
Seat 8: Géniedelas (button) folded before Flop (didn't bet)



PokerStars Hand #257329790424: Tournament #3916850522, $3.92+$0.48 USD Hold'em No Limit - Level XVII (500/1000) - 2025/08/13 15:43:52 BRT [2025/08/13 14:43:52 ET]
Table '3916850522 12' 8-max Seat #1 is the button
Seat 1: Matslav44 (24109 in chips) 
Seat 2: Joseefh (12141 in chips) 
Seat 3: wöölf (6919 in chips) 
Seat 4: jokeerr66 (12886 in chips) 
Seat 5: Gabrielfs13 (22579 in chips) 
Seat 6: armdwithaces (26254 in chips) 
Seat 8: Géniedelas (20500 in chips) 
Matslav44: posts the ante 125
Joseefh: posts the ante 125
wöölf: posts the ante 125
jokeerr66: posts the ante 125
Gabrielfs13: posts the ante 125
armdwithaces: posts the ante 125
Géniedelas: posts the ante 125
Joseefh: posts small blind 500
wöölf: posts big blind 1000
*** HOLE CARDS ***
Dealt to Gabrielfs13 [Kc Tc]
jokeerr66: raises 1000 to 2000
Gabrielfs13: folds 
armdwithaces: folds 
APaviani is disconnected 
Géniedelas: calls 2000
Matslav44: folds 
Joseefh: folds 
wöölf: folds 
*** FLOP *** [2s Kd Jc]
jokeerr66: bets 1275
Géniedelas: folds 
Uncalled bet (1275) returned to jokeerr66
jokeerr66 collected 6375 from pot
jokeerr66: doesn't show hand 
*** SUMMARY ***
Total pot 6375 | Rake 0 
Board [2s Kd Jc]
Seat 1: Matslav44 (button) folded before Flop (didn't bet)
Seat 2: Joseefh (small blind) folded before Flop
Seat 3: wöölf (big blind) folded before Flop
Seat 4: jokeerr66 collected (6375)
Seat 5: Gabrielfs13 folded before Flop (didn't bet)
Seat 6: armdwithaces folded before Flop (didn't bet)
Seat 8: Géniedelas folded on the Flop



PokerStars Hand #257329798449: Tournament #3916850522, $3.92+$0.48 USD Hold'em No Limit - Level XVII (500/1000) - 2025/08/13 15:44:30 BRT [2025/08/13 14:44:30 ET]
Table '3916850522 12' 8-max Seat #2 is the button
Seat 1: Matslav44 (23984 in chips) 
Seat 2: Joseefh (11516 in chips) 
Seat 3: wöölf (5794 in chips) 
Seat 4: jokeerr66 (17136 in chips) 
Seat 5: Gabrielfs13 (22454 in chips) 
Seat 6: armdwithaces (26129 in chips) 
Seat 7: APaviani (9780 in chips) 
Seat 8: Géniedelas (18375 in chips) 
Matslav44: posts the ante 125
Joseefh: posts the ante 125
wöölf: posts the ante 125
jokeerr66: posts the ante 125
Gabrielfs13: posts the ante 125
armdwithaces: posts the ante 125
APaviani: posts the ante 125
Géniedelas: posts the ante 125
wöölf: posts small blind 500
jokeerr66: posts big blind 1000
*** HOLE CARDS ***
Dealt to Gabrielfs13 [2d 8d]
Gabrielfs13: folds 
armdwithaces: folds 
APaviani: folds 
Géniedelas: folds 
Matslav44: raises 1000 to 2000
Joseefh: folds 
wöölf: folds 
jokeerr66: raises 15011 to 17011 and is all-in
Matslav44: calls 15011
*** FLOP *** [2h 3d Tc]
*** TURN *** [2h 3d Tc] [6s]
*** RIVER *** [2h 3d Tc 6s] [9d]
*** SHOW DOWN ***
jokeerr66: shows [Ac Kh] (high card Ace)
Matslav44: shows [As Ad] (a pair of Aces)
Matslav44 collected 35522 from pot
jokeerr66 is sitting out
jokeerr66 finished the tournament in 77th place
*** SUMMARY ***
Total pot 35522 | Rake 0 
Board [2h 3d Tc 6s 9d]
Seat 1: Matslav44 showed [As Ad] and won (35522) with a pair of Aces
Seat 2: Joseefh (button) folded before Flop (didn't bet)
Seat 3: wöölf (small blind) folded before Flop
Seat 4: jokeerr66 (big blind) showed [Ac Kh] and lost with high card Ace
Seat 5: Gabrielfs13 folded before Flop (didn't bet)
Seat 6: armdwithaces folded before Flop (didn't bet)
Seat 7: APaviani folded before Flop (didn't bet)
Seat 8: Géniedelas folded before Flop (didn't bet)



PokerStars Hand #257329809046: Tournament #3916850522, $3.92+$0.48 USD Hold'em No Limit - Level XVII (500/1000) - 2025/08/13 15:45:19 BRT [2025/08/13 14:45:19 ET]
Table '3916850522 12' 8-max Seat #3 is the button
Seat 1: Matslav44 (42370 in chips) 
Seat 2: Joseefh (11391 in chips) 
Seat 3: wöölf (5169 in chips) 
Seat 5: Gabrielfs13 (22329 in chips) 
Seat 6: armdwithaces (26004 in chips) 
Seat 7: APaviani (9655 in chips) 
Seat 8: Géniedelas (18250 in chips) 
Matslav44: posts the ante 125
Joseefh: posts the ante 125
wöölf: posts the ante 125
Gabrielfs13: posts the ante 125
armdwithaces: posts the ante 125
APaviani: posts the ante 125
Géniedelas: posts the ante 125
Gabrielfs13: posts small blind 500
armdwithaces: posts big blind 1000
*** HOLE CARDS ***
Dealt to Gabrielfs13 [5s Qs]
APaviani: folds 
Géniedelas: raises 2000 to 3000
Matslav44: raises 4000 to 7000
Joseefh: folds 
wöölf has timed out
wöölf: folds 
wöölf is sitting out
Gabrielfs13: folds 
armdwithaces: folds 
Géniedelas: folds 
Uncalled bet (4000) returned to Matslav44
Matslav44 collected 8375 from pot
Matslav44: doesn't show hand 
*** SUMMARY ***
Total pot 8375 | Rake 0 
Seat 1: Matslav44 collected (8375)
Seat 2: Joseefh folded before Flop (didn't bet)
Seat 3: wöölf (button) folded before Flop (didn't bet)
Seat 5: Gabrielfs13 (small blind) folded before Flop
Seat 6: armdwithaces (big blind) folded before Flop
Seat 7: APaviani folded before Flop (didn't bet)
Seat 8: Géniedelas folded before Flop



PokerStars Hand #257329827120: Tournament #3916850522, $3.92+$0.48 USD Hold'em No Limit - Level XVIII (600/1200) - 2025/08/13 15:46:42 BRT [2025/08/13 14:46:42 ET]
Table '3916850522 12' 8-max Seat #5 is the button
Seat 1: Matslav44 (47620 in chips) 
Seat 2: Joseefh (11266 in chips) 
Seat 3: wöölf (5044 in chips) is sitting out
Seat 5: Gabrielfs13 (21704 in chips) 
Seat 6: armdwithaces (24879 in chips) 
Seat 7: APaviani (9530 in chips) 
Seat 8: Géniedelas (15125 in chips) 
Matslav44: posts the ante 150
Joseefh: posts the ante 150
wöölf: posts the ante 150
Gabrielfs13: posts the ante 150
armdwithaces: posts the ante 150
APaviani: posts the ante 150
Géniedelas: posts the ante 150
armdwithaces: posts small blind 600
APaviani: posts big blind 1200
*** HOLE CARDS ***
Dealt to Gabrielfs13 [Qd 6s]
Géniedelas: calls 1200
wöölf has returned
Matslav44: folds 
Joseefh: folds 
wöölf: folds 
Gabrielfs13: folds 
armdwithaces: folds 
APaviani: raises 8180 to 9380 and is all-in
Géniedelas: calls 8180
*** FLOP *** [8h 6c 4s]
ewsha is disconnected 
*** TURN *** [8h 6c 4s] [5s]
*** RIVER *** [8h 6c 4s 5s] [Ts]
*** SHOW DOWN ***
APaviani: shows [9c As] (high card Ace)
Géniedelas: shows [Ah 7c] (a straight, Four to Eight)
Géniedelas collected 20410 from pot
APaviani finished the tournament in 72nd place
*** SUMMARY ***
Total pot 20410 | Rake 0 
Board [8h 6c 4s 5s Ts]
Seat 1: Matslav44 folded before Flop (didn't bet)
Seat 2: Joseefh folded before Flop (didn't bet)
Seat 3: wöölf folded before Flop (didn't bet)
Seat 5: Gabrielfs13 (button) folded before Flop (didn't bet)
Seat 6: armdwithaces (small blind) folded before Flop
Seat 7: APaviani (big blind) showed [9c As] and lost with high card Ace
Seat 8: Géniedelas showed [Ah 7c] and won (20410) with a straight, Four to Eight



PokerStars Hand #257329837088: Tournament #3916850522, $3.92+$0.48 USD Hold'em No Limit - Level XVIII (600/1200) - 2025/08/13 15:47:29 BRT [2025/08/13 14:47:29 ET]
Table '3916850522 12' 8-max Seat #6 is the button
Seat 1: Matslav44 (47470 in chips) 
Seat 2: Joseefh (11116 in chips) 
Seat 3: wöölf (4894 in chips) 
Seat 4: ewsha (41101 in chips) 
Seat 5: Gabrielfs13 (21554 in chips) 
Seat 6: armdwithaces (24129 in chips) 
Seat 8: Géniedelas (26005 in chips) 
Matslav44: posts the ante 150
Joseefh: posts the ante 150
wöölf: posts the ante 150
ewsha: posts the ante 150
Gabrielfs13: posts the ante 150
armdwithaces: posts the ante 150
Géniedelas: posts the ante 150
Géniedelas: posts small blind 600
Matslav44: posts big blind 1200
*** HOLE CARDS ***
Dealt to Gabrielfs13 [5s 8h]
Joseefh: folds 
wöölf: folds 
ewsha: raises 1440 to 2640
Gabrielfs13: folds 
armdwithaces: calls 2640
Géniedelas: calls 2040
Matslav44: calls 1440
*** FLOP *** [Qc 6h 4h]
Géniedelas: bets 4800
Matslav44: folds 
ewsha: calls 4800
armdwithaces: folds 
*** TURN *** [Qc 6h 4h] [7d]
Géniedelas: bets 18415 and is all-in
ewsha: folds 
Uncalled bet (18415) returned to Géniedelas
Géniedelas collected 21210 from pot
*** SUMMARY ***
Total pot 21210 | Rake 0 
Board [Qc 6h 4h 7d]
Seat 1: Matslav44 (big blind) folded on the Flop
Seat 2: Joseefh folded before Flop (didn't bet)
Seat 3: wöölf folded before Flop (didn't bet)
Seat 4: ewsha folded on the Turn
Seat 5: Gabrielfs13 folded before Flop (didn't bet)
Seat 6: armdwithaces (button) folded on the Flop
Seat 8: Géniedelas (small blind) collected (21210)



PokerStars Hand #257329846368: Tournament #3916850522, $3.92+$0.48 USD Hold'em No Limit - Level XVIII (600/1200) - 2025/08/13 15:48:12 BRT [2025/08/13 14:48:12 ET]
Table '3916850522 12' 8-max Seat #8 is the button
Seat 1: Matslav44 (44680 in chips) 
Seat 2: Joseefh (10966 in chips) 
Seat 3: wöölf (4744 in chips) 
Seat 4: ewsha (33511 in chips) 
Seat 5: Gabrielfs13 (21404 in chips) 
Seat 6: armdwithaces (21339 in chips) 
Seat 8: Géniedelas (39625 in chips) 
Matslav44: posts the ante 150
Joseefh: posts the ante 150
wöölf: posts the ante 150
ewsha: posts the ante 150
Gabrielfs13: posts the ante 150
armdwithaces: posts the ante 150
Géniedelas: posts the ante 150
Matslav44: posts small blind 600
Joseefh: posts big blind 1200
*** HOLE CARDS ***
Dealt to Gabrielfs13 [Ah 9d]
wöölf: raises 3394 to 4594 and is all-in
ewsha: folds 
Gabrielfs13: folds 
armdwithaces: folds 
Géniedelas: folds 
Matslav44: folds 
Joseefh: calls 3394
*** FLOP *** [9s 6s 2h]
*** TURN *** [9s 6s 2h] [Qc]
*** RIVER *** [9s 6s 2h Qc] [4d]
*** SHOW DOWN ***
Joseefh: shows [8s Kd] (high card King)
wöölf: shows [Tc Jc] (high card Queen)
Joseefh collected 10838 from pot
wöölf finished the tournament in 70th place
*** SUMMARY ***
Total pot 10838 | Rake 0 
Board [9s 6s 2h Qc 4d]
Seat 1: Matslav44 (small blind) folded before Flop
Seat 2: Joseefh (big blind) showed [8s Kd] and won (10838) with high card King
Seat 3: wöölf showed [Tc Jc] and lost with high card Queen
Seat 4: ewsha folded before Flop (didn't bet)
Seat 5: Gabrielfs13 folded before Flop (didn't bet)
Seat 6: armdwithaces folded before Flop (didn't bet)
Seat 8: Géniedelas (button) folded before Flop (didn't bet)



PokerStars Hand #257329852450: Tournament #3916850522, $3.92+$0.48 USD Hold'em No Limit - Level XVIII (600/1200) - 2025/08/13 15:48:40 BRT [2025/08/13 14:48:40 ET]
Table '3916850522 12' 8-max Seat #1 is the button
Seat 1: Matslav44 (43930 in chips) 
Seat 2: Joseefh (17060 in chips) 
Seat 4: ewsha (33361 in chips) 
Seat 5: Gabrielfs13 (21254 in chips) 
Seat 6: armdwithaces (21189 in chips) 
Seat 8: Géniedelas (39475 in chips) 
Matslav44: posts the ante 150
Joseefh: posts the ante 150
ewsha: posts the ante 150
Gabrielfs13: posts the ante 150
armdwithaces: posts the ante 150
Géniedelas: posts the ante 150
Joseefh: posts small blind 600
ewsha: posts big blind 1200
*** HOLE CARDS ***
Dealt to Gabrielfs13 [3s 7s]
Gabrielfs13: folds 
armdwithaces: folds 
Géniedelas: raises 2400 to 3600
JumalSander is disconnected 
Matslav44: folds 
Joseefh: folds 
ewsha: raises 7200 to 10800
Géniedelas: calls 7200
*** FLOP *** [Ah Th 9c]
ewsha: bets 6000
Géniedelas: raises 22525 to 28525 and is all-in
ewsha: calls 16411 and is all-in
Uncalled bet (6114) returned to Géniedelas
*** TURN *** [Ah Th 9c] [Ks]
*** RIVER *** [Ah Th 9c Ks] [Kh]
*** SHOW DOWN ***
ewsha: shows [Jh Jc] (two pair, Kings and Jacks)
Géniedelas: shows [Kd Ad] (a full house, Kings full of Aces)
Géniedelas collected 67922 from pot
ewsha finished the tournament in 68th place
*** SUMMARY ***
Total pot 67922 | Rake 0 
Board [Ah Th 9c Ks Kh]
Seat 1: Matslav44 (button) folded before Flop (didn't bet)
Seat 2: Joseefh (small blind) folded before Flop
Seat 4: ewsha (big blind) showed [Jh Jc] and lost with two pair, Kings and Jacks
Seat 5: Gabrielfs13 folded before Flop (didn't bet)
Seat 6: armdwithaces folded before Flop (didn't bet)
Seat 8: Géniedelas showed [Kd Ad] and won (67922) with a full house, Kings full of Aces



PokerStars Hand #257329862340: Tournament #3916850522, $3.92+$0.48 USD Hold'em No Limit - Level XVIII (600/1200) - 2025/08/13 15:49:26 BRT [2025/08/13 14:49:26 ET]
Table '3916850522 12' 8-max Seat #2 is the button
Seat 1: Matslav44 (43780 in chips) 
Seat 2: Joseefh (16310 in chips) 
Seat 5: Gabrielfs13 (21104 in chips) 
Seat 6: armdwithaces (21039 in chips) 
Seat 7: JumalSander (37965 in chips) 
Seat 8: Géniedelas (74036 in chips) 
Matslav44: posts the ante 150
Joseefh: posts the ante 150
Gabrielfs13: posts the ante 150
armdwithaces: posts the ante 150
JumalSander: posts the ante 150
Géniedelas: posts the ante 150
Gabrielfs13: posts small blind 600
armdwithaces: posts big blind 1200
*** HOLE CARDS ***
Dealt to Gabrielfs13 [6s Jc]
Tuberola is disconnected 
JumalSander: folds 
Géniedelas: folds 
Matslav44: folds 
Joseefh: raises 1200 to 2400
Gabrielfs13: folds 
armdwithaces: folds 
Uncalled bet (1200) returned to Joseefh
Joseefh collected 3900 from pot
Joseefh: doesn't show hand 
*** SUMMARY ***
Total pot 3900 | Rake 0 
Seat 1: Matslav44 folded before Flop (didn't bet)
Seat 2: Joseefh (button) collected (3900)
Seat 5: Gabrielfs13 (small blind) folded before Flop
Seat 6: armdwithaces (big blind) folded before Flop
Seat 7: JumalSander folded before Flop (didn't bet)
Seat 8: Géniedelas folded before Flop (didn't bet)



PokerStars Hand #257329868959: Tournament #3916850522, $3.92+$0.48 USD Hold'em No Limit - Level XVIII (600/1200) - 2025/08/13 15:49:58 BRT [2025/08/13 14:49:58 ET]
Table '3916850522 12' 8-max Seat #5 is the button
Seat 1: Matslav44 (43630 in chips) 
Seat 2: Joseefh (18860 in chips) 
Seat 3: Tuberola (24405 in chips) 
Seat 5: Gabrielfs13 (20354 in chips) 
Seat 6: armdwithaces (19689 in chips) 
Seat 7: JumalSander (37815 in chips) 
Seat 8: Géniedelas (73886 in chips) 
Matslav44: posts the ante 150
Joseefh: posts the ante 150
Tuberola: posts the ante 150
Gabrielfs13: posts the ante 150
armdwithaces: posts the ante 150
JumalSander: posts the ante 150
Géniedelas: posts the ante 150
armdwithaces: posts small blind 600
JumalSander: posts big blind 1200
*** HOLE CARDS ***
Dealt to Gabrielfs13 [Jc 9d]
Géniedelas: calls 1200
Matslav44: folds 
Joseefh: folds 
Tuberola: folds 
Gabrielfs13: folds 
wincent1 is disconnected 
armdwithaces: calls 600
JumalSander: checks 
*** FLOP *** [Tc 5h 4d]
armdwithaces: bets 2325
JumalSander: folds 
Géniedelas: folds 
Uncalled bet (2325) returned to armdwithaces
armdwithaces collected 4650 from pot
armdwithaces: doesn't show hand 
*** SUMMARY ***
Total pot 4650 | Rake 0 
Board [Tc 5h 4d]
Seat 1: Matslav44 folded before Flop (didn't bet)
Seat 2: Joseefh folded before Flop (didn't bet)
Seat 3: Tuberola folded before Flop (didn't bet)
Seat 5: Gabrielfs13 (button) folded before Flop (didn't bet)
Seat 6: armdwithaces (small blind) collected (4650)
Seat 7: JumalSander (big blind) folded on the Flop
Seat 8: Géniedelas folded on the Flop



PokerStars Hand #257329883193: Tournament #3916850522, $3.92+$0.48 USD Hold'em No Limit - Level XVIII (600/1200) - 2025/08/13 15:51:05 BRT [2025/08/13 14:51:05 ET]
Table '3916850522 12' 8-max Seat #6 is the button
Seat 1: Matslav44 (43480 in chips) 
Seat 2: Joseefh (18710 in chips) 
Seat 3: Tuberola (24255 in chips) 
Seat 4: wincent1 (19691 in chips) 
Seat 5: Gabrielfs13 (20204 in chips) 
Seat 6: armdwithaces (22989 in chips) 
Seat 7: JumalSander (36465 in chips) 
Seat 8: Géniedelas (72536 in chips) 
Matslav44: posts the ante 150
Joseefh: posts the ante 150
Tuberola: posts the ante 150
wincent1: posts the ante 150
Gabrielfs13: posts the ante 150
armdwithaces: posts the ante 150
JumalSander: posts the ante 150
Géniedelas: posts the ante 150
JumalSander: posts small blind 600
Géniedelas: posts big blind 1200
*** HOLE CARDS ***
Dealt to Gabrielfs13 [Kd 8s]
Matslav44: folds 
Joseefh: folds 
Tuberola: raises 1200 to 2400
wincent1: folds 
Gabrielfs13: folds 
armdwithaces: folds 
JumalSander: folds 
Géniedelas: calls 1200
*** FLOP *** [6c 5s 4h]
Géniedelas: bets 2400
Tuberola: folds 
Uncalled bet (2400) returned to Géniedelas
Géniedelas collected 6600 from pot
*** SUMMARY ***
Total pot 6600 | Rake 0 
Board [6c 5s 4h]
Seat 1: Matslav44 folded before Flop (didn't bet)
Seat 2: Joseefh folded before Flop (didn't bet)
Seat 3: Tuberola folded on the Flop
Seat 4: wincent1 folded before Flop (didn't bet)
Seat 5: Gabrielfs13 folded before Flop (didn't bet)
Seat 6: armdwithaces (button) folded before Flop (didn't bet)
Seat 7: JumalSander (small blind) folded before Flop
Seat 8: Géniedelas (big blind) collected (6600)



PokerStars Hand #257329896362: Tournament #3916850522, $3.92+$0.48 USD Hold'em No Limit - Level XIX (700/1400) - 2025/08/13 15:52:06 BRT [2025/08/13 14:52:06 ET]
Table '3916850522 12' 8-max Seat #7 is the button
Seat 1: Matslav44 (43330 in chips) 
Seat 2: Joseefh (18560 in chips) 
Seat 3: Tuberola (21705 in chips) 
Seat 4: wincent1 (19541 in chips) 
Seat 5: Gabrielfs13 (20054 in chips) 
Seat 6: armdwithaces (22839 in chips) 
Seat 7: JumalSander (35715 in chips) 
Seat 8: Géniedelas (76586 in chips) 
Matslav44: posts the ante 175
Joseefh: posts the ante 175
Tuberola: posts the ante 175
wincent1: posts the ante 175
Gabrielfs13: posts the ante 175
armdwithaces: posts the ante 175
JumalSander: posts the ante 175
Géniedelas: posts the ante 175
Géniedelas: posts small blind 700
Matslav44: posts big blind 1400
*** HOLE CARDS ***
Dealt to Gabrielfs13 [Td 9s]
Joseefh: folds 
Tuberola: folds 
wincent1: raises 1400 to 2800
Gabrielfs13: folds 
armdwithaces: folds 
JumalSander: folds 
Géniedelas: calls 2100
Matslav44: calls 1400
*** FLOP *** [Jc Qc Ah]
Géniedelas: checks 
Matslav44: checks 
wincent1: bets 9800
Géniedelas: folds 
Matslav44: folds 
Uncalled bet (9800) returned to wincent1
wincent1 collected 9800 from pot
wincent1: doesn't show hand 
*** SUMMARY ***
Total pot 9800 | Rake 0 
Board [Jc Qc Ah]
Seat 1: Matslav44 (big blind) folded on the Flop
Seat 2: Joseefh folded before Flop (didn't bet)
Seat 3: Tuberola folded before Flop (didn't bet)
Seat 4: wincent1 collected (9800)
Seat 5: Gabrielfs13 folded before Flop (didn't bet)
Seat 6: armdwithaces folded before Flop (didn't bet)
Seat 7: JumalSander (button) folded before Flop (didn't bet)
Seat 8: Géniedelas (small blind) folded on the Flop



PokerStars Hand #257329907250: Tournament #3916850522, $3.92+$0.48 USD Hold'em No Limit - Level XIX (700/1400) - 2025/08/13 15:52:57 BRT [2025/08/13 14:52:57 ET]
Table '3916850522 12' 8-max Seat #8 is the button
Seat 1: Matslav44 (40355 in chips) 
Seat 2: Joseefh (18385 in chips) 
Seat 3: Tuberola (21530 in chips) 
Seat 4: wincent1 (26366 in chips) 
Seat 5: Gabrielfs13 (19879 in chips) 
Seat 6: armdwithaces (22664 in chips) 
Seat 7: JumalSander (35540 in chips) 
Seat 8: Géniedelas (73611 in chips) 
Matslav44: posts the ante 175
Joseefh: posts the ante 175
Tuberola: posts the ante 175
wincent1: posts the ante 175
Gabrielfs13: posts the ante 175
armdwithaces: posts the ante 175
JumalSander: posts the ante 175
Géniedelas: posts the ante 175
Matslav44: posts small blind 700
Joseefh: posts big blind 1400
*** HOLE CARDS ***
Dealt to Gabrielfs13 [6h 7s]
Tuberola: folds 
wincent1: folds 
Gabrielfs13: folds 
armdwithaces: raises 1400 to 2800
JumalSander: folds 
Géniedelas: calls 2800
Matslav44: folds 
Joseefh: calls 1400
*** FLOP *** [Kc 6c 7d]
Joseefh: checks 
armdwithaces: checks 
Géniedelas: checks 
*** TURN *** [Kc 6c 7d] [Qc]
Joseefh: checks 
armdwithaces: bets 2660
Géniedelas: folds 
Joseefh: folds 
Uncalled bet (2660) returned to armdwithaces
armdwithaces collected 10500 from pot
armdwithaces: doesn't show hand 
*** SUMMARY ***
Total pot 10500 | Rake 0 
Board [Kc 6c 7d Qc]
Seat 1: Matslav44 (small blind) folded before Flop
Seat 2: Joseefh (big blind) folded on the Turn
Seat 3: Tuberola folded before Flop (didn't bet)
Seat 4: wincent1 folded before Flop (didn't bet)
Seat 5: Gabrielfs13 folded before Flop (didn't bet)
Seat 6: armdwithaces collected (10500)
Seat 7: JumalSander folded before Flop (didn't bet)
Seat 8: Géniedelas (button) folded on the Turn



PokerStars Hand #257329921598: Tournament #3916850522, $3.92+$0.48 USD Hold'em No Limit - Level XIX (700/1400) - 2025/08/13 15:54:04 BRT [2025/08/13 14:54:04 ET]
Table '3916850522 12' 8-max Seat #1 is the button
Seat 1: Matslav44 (39480 in chips) 
Seat 2: Joseefh (15410 in chips) 
Seat 3: Tuberola (21355 in chips) 
Seat 4: wincent1 (26191 in chips) 
Seat 5: Gabrielfs13 (19704 in chips) 
Seat 6: armdwithaces (30189 in chips) 
Seat 7: JumalSander (35365 in chips) 
Seat 8: Géniedelas (70636 in chips) 
Matslav44: posts the ante 175
Joseefh: posts the ante 175
Tuberola: posts the ante 175
wincent1: posts the ante 175
Gabrielfs13: posts the ante 175
armdwithaces: posts the ante 175
JumalSander: posts the ante 175
Géniedelas: posts the ante 175
Joseefh: posts small blind 700
Tuberola: posts big blind 1400
*** HOLE CARDS ***
Dealt to Gabrielfs13 [As 4d]
wincent1: folds 
Gabrielfs13: folds 
armdwithaces: folds 
JumalSander: folds 
Géniedelas: calls 1400
Matslav44: folds 
Joseefh: folds 
Tuberola: checks 
*** FLOP *** [8s 4h Kd]
Tuberola: checks 
Géniedelas: checks 
*** TURN *** [8s 4h Kd] [Jc]
Tuberola: bets 1400
Géniedelas: calls 1400
*** RIVER *** [8s 4h Kd Jc] [6s]
Tuberola: bets 3850
Géniedelas: folds 
Uncalled bet (3850) returned to Tuberola
Tuberola collected 7700 from pot
*** SUMMARY ***
Total pot 7700 | Rake 0 
Board [8s 4h Kd Jc 6s]
Seat 1: Matslav44 (button) folded before Flop (didn't bet)
Seat 2: Joseefh (small blind) folded before Flop
Seat 3: Tuberola (big blind) collected (7700)
Seat 4: wincent1 folded before Flop (didn't bet)
Seat 5: Gabrielfs13 folded before Flop (didn't bet)
Seat 6: armdwithaces folded before Flop (didn't bet)
Seat 7: JumalSander folded before Flop (didn't bet)
Seat 8: Géniedelas folded on the River



PokerStars Hand #257329985409: Tournament #3916850522, $3.92+$0.48 USD Hold'em No Limit - Level XIX (700/1400) - 2025/08/13 16:00:51 BRT [2025/08/13 15:00:51 ET]
Table '3916850522 7' 8-max Seat #8 is the button
Seat 1: fawzrich (11138 in chips) 
Seat 2: nejcr26 (31999 in chips) 
Seat 3: Gabrielfs13 (19529 in chips) 
Seat 4: nicke40 (70980 in chips) is sitting out
Seat 5: sir_xaiku (36114 in chips) is sitting out
Seat 6: robsonabdala (7712 in chips) 
Seat 8: bubbles2k17 (33517 in chips) 
fawzrich: posts the ante 175
nejcr26: posts the ante 175
Gabrielfs13: posts the ante 175
nicke40: posts the ante 175
sir_xaiku: posts the ante 175
robsonabdala: posts the ante 175
bubbles2k17: posts the ante 175
fawzrich: posts small blind 700
nejcr26: posts big blind 1400
*** HOLE CARDS ***
Dealt to Gabrielfs13 [Qc As]
Gabrielfs13: raises 1400 to 2800
nicke40: folds 
sir_xaiku: folds 
robsonabdala: folds 
bubbles2k17: folds 
fawzrich: folds 
nejcr26: calls 1400
*** FLOP *** [Jd Ks 6h]
nejcr26: checks 
Gabrielfs13: bets 2100
nejcr26: calls 2100
*** TURN *** [Jd Ks 6h] [4s]
nejcr26: checks 
Gabrielfs13 has timed out
Gabrielfs13: checks 
*** RIVER *** [Jd Ks 6h 4s] [9s]
nejcr26: bets 26924 and is all-in
Gabrielfs13 has timed out
Gabrielfs13: folds 
Gabrielfs13 is sitting out
Uncalled bet (26924) returned to nejcr26
nejcr26 collected 11725 from pot
nejcr26: doesn't show hand 
Gabrielfs13 has returned
*** SUMMARY ***
Total pot 11725 | Rake 0 
Board [Jd Ks 6h 4s 9s]
Seat 1: fawzrich (small blind) folded before Flop
Seat 2: nejcr26 (big blind) collected (11725)
Seat 3: Gabrielfs13 folded on the River
Seat 4: nicke40 folded before Flop (didn't bet)
Seat 5: sir_xaiku folded before Flop (didn't bet)
Seat 6: robsonabdala folded before Flop (didn't bet)
Seat 8: bubbles2k17 (button) folded before Flop (didn't bet)



PokerStars Hand #257330006288: Tournament #3916850522, $3.92+$0.48 USD Hold'em No Limit - Level XX (800/1600) - 2025/08/13 16:02:37 BRT [2025/08/13 15:02:37 ET]
Table '3916850522 7' 8-max Seat #1 is the button
Seat 1: fawzrich (10263 in chips) 
Seat 2: nejcr26 (38649 in chips) 
Seat 3: Gabrielfs13 (14454 in chips) 
Seat 4: nicke40 (70805 in chips) is sitting out
Seat 5: sir_xaiku (35939 in chips) is sitting out
Seat 6: robsonabdala (7537 in chips) 
Seat 8: bubbles2k17 (33342 in chips) 
fawzrich: posts the ante 200
nejcr26: posts the ante 200
Gabrielfs13: posts the ante 200
nicke40: posts the ante 200
sir_xaiku: posts the ante 200
robsonabdala: posts the ante 200
bubbles2k17: posts the ante 200
nejcr26: posts small blind 800
Gabrielfs13: posts big blind 1600
*** HOLE CARDS ***
Dealt to Gabrielfs13 [Th Qd]
nicke40: folds 
sir_xaiku: folds 
robsonabdala: folds 
bubbles2k17: raises 1760 to 3360
fawzrich: folds 
nejcr26: folds 
Gabrielfs13: calls 1760
*** FLOP *** [4d 6d Ks]
Gabrielfs13: checks 
bubbles2k17: bets 2560
Gabrielfs13 has timed out
Gabrielfs13: folds 
Gabrielfs13 is sitting out
Uncalled bet (2560) returned to bubbles2k17
bubbles2k17 collected 8920 from pot
bubbles2k17: doesn't show hand 
Gabrielfs13 has returned
*** SUMMARY ***
Total pot 8920 | Rake 0 
Board [4d 6d Ks]
Seat 1: fawzrich (button) folded before Flop (didn't bet)
Seat 2: nejcr26 (small blind) folded before Flop
Seat 3: Gabrielfs13 (big blind) folded on the Flop
Seat 4: nicke40 folded before Flop (didn't bet)
Seat 5: sir_xaiku folded before Flop (didn't bet)
Seat 6: robsonabdala folded before Flop (didn't bet)
Seat 8: bubbles2k17 collected (8920)



PokerStars Hand #257330014859: Tournament #3916850522, $3.92+$0.48 USD Hold'em No Limit - Level XX (800/1600) - 2025/08/13 16:03:16 BRT [2025/08/13 15:03:16 ET]
Table '3916850522 7' 8-max Seat #2 is the button
Seat 1: fawzrich (10063 in chips) 
Seat 2: nejcr26 (37649 in chips) 
Seat 3: Gabrielfs13 (10894 in chips) 
Seat 4: nicke40 (70605 in chips) is sitting out
Seat 5: sir_xaiku (35739 in chips) is sitting out
Seat 6: robsonabdala (7337 in chips) 
Seat 8: bubbles2k17 (38702 in chips) 
fawzrich: posts the ante 200
nejcr26: posts the ante 200
Gabrielfs13: posts the ante 200
nicke40: posts the ante 200
sir_xaiku: posts the ante 200
robsonabdala: posts the ante 200
bubbles2k17: posts the ante 200
Gabrielfs13: posts small blind 800
nicke40: posts big blind 1600
*** HOLE CARDS ***
Dealt to Gabrielfs13 [7d 6h]
sir_xaiku: folds 
robsonabdala: folds 
bubbles2k17: raises 1600 to 3200
fawzrich: folds 
nejcr26: raises 6400 to 9600
Gabrielfs13: folds 
nicke40: folds 
nicke40 has returned
bubbles2k17: folds 
Uncalled bet (6400) returned to nejcr26
nejcr26 collected 10200 from pot
nejcr26: doesn't show hand 
*** SUMMARY ***
Total pot 10200 | Rake 0 
Seat 1: fawzrich folded before Flop (didn't bet)
Seat 2: nejcr26 (button) collected (10200)
Seat 3: Gabrielfs13 (small blind) folded before Flop
Seat 4: nicke40 (big blind) folded before Flop
Seat 5: sir_xaiku folded before Flop (didn't bet)
Seat 6: robsonabdala folded before Flop (didn't bet)
Seat 8: bubbles2k17 folded before Flop



PokerStars Hand #257330025747: Tournament #3916850522, $3.92+$0.48 USD Hold'em No Limit - Level XX (800/1600) - 2025/08/13 16:04:06 BRT [2025/08/13 15:04:06 ET]
Table '3916850522 7' 8-max Seat #3 is the button
Seat 1: fawzrich (9863 in chips) 
Seat 2: nejcr26 (44449 in chips) 
Seat 3: Gabrielfs13 (9894 in chips) 
Seat 4: nicke40 (68805 in chips) 
Seat 5: sir_xaiku (35539 in chips) is sitting out
Seat 6: robsonabdala (7137 in chips) 
Seat 8: bubbles2k17 (35302 in chips) 
fawzrich: posts the ante 200
nejcr26: posts the ante 200
Gabrielfs13: posts the ante 200
nicke40: posts the ante 200
sir_xaiku: posts the ante 200
robsonabdala: posts the ante 200
bubbles2k17: posts the ante 200
nicke40: posts small blind 800
sir_xaiku: posts big blind 1600
*** HOLE CARDS ***
Dealt to Gabrielfs13 [Kd 2s]
robsonabdala: folds 
bubbles2k17: raises 1600 to 3200
fawzrich: folds 
nejcr26: folds 
Gabrielfs13: folds 
nicke40: calls 2400
sir_xaiku: folds 
*** FLOP *** [8s 5d 7d]
nicke40: checks 
bubbles2k17: checks 
*** TURN *** [8s 5d 7d] [4d]
nicke40: bets 4700
bubbles2k17: folds 
Uncalled bet (4700) returned to nicke40
nicke40 collected 9400 from pot
nicke40: doesn't show hand 
*** SUMMARY ***
Total pot 9400 | Rake 0 
Board [8s 5d 7d 4d]
Seat 1: fawzrich folded before Flop (didn't bet)
Seat 2: nejcr26 folded before Flop (didn't bet)
Seat 3: Gabrielfs13 (button) folded before Flop (didn't bet)
Seat 4: nicke40 (small blind) collected (9400)
Seat 5: sir_xaiku (big blind) folded before Flop
Seat 6: robsonabdala folded before Flop (didn't bet)
Seat 8: bubbles2k17 folded on the Turn



PokerStars Hand #257330038289: Tournament #3916850522, $3.92+$0.48 USD Hold'em No Limit - Level XX (800/1600) - 2025/08/13 16:05:03 BRT [2025/08/13 15:05:03 ET]
Table '3916850522 7' 8-max Seat #4 is the button
Seat 1: fawzrich (9663 in chips) 
Seat 2: nejcr26 (44249 in chips) 
Seat 3: Gabrielfs13 (9694 in chips) 
Seat 4: nicke40 (74805 in chips) 
Seat 5: sir_xaiku (33739 in chips) is sitting out
Seat 6: robsonabdala (6937 in chips) 
Seat 8: bubbles2k17 (31902 in chips) 
fawzrich: posts the ante 200
nejcr26: posts the ante 200
Gabrielfs13: posts the ante 200
nicke40: posts the ante 200
sir_xaiku: posts the ante 200
robsonabdala: posts the ante 200
bubbles2k17: posts the ante 200
sir_xaiku: posts small blind 800
robsonabdala: posts big blind 1600
*** HOLE CARDS ***
Dealt to Gabrielfs13 [4c Ac]
bubbles2k17: raises 1600 to 3200
fawzrich: folds 
nejcr26: folds 
Gabrielfs13: folds 
nicke40: folds 
sir_xaiku: folds 
robsonabdala: folds 
Uncalled bet (1600) returned to bubbles2k17
bubbles2k17 collected 5400 from pot
bubbles2k17: doesn't show hand 
*** SUMMARY ***
Total pot 5400 | Rake 0 
Seat 1: fawzrich folded before Flop (didn't bet)
Seat 2: nejcr26 folded before Flop (didn't bet)
Seat 3: Gabrielfs13 folded before Flop (didn't bet)
Seat 4: nicke40 (button) folded before Flop (didn't bet)
Seat 5: sir_xaiku (small blind) folded before Flop
Seat 6: robsonabdala (big blind) folded before Flop
Seat 8: bubbles2k17 collected (5400)



PokerStars Hand #257330045102: Tournament #3916850522, $3.92+$0.48 USD Hold'em No Limit - Level XX (800/1600) - 2025/08/13 16:05:34 BRT [2025/08/13 15:05:34 ET]
Table '3916850522 7' 8-max Seat #5 is the button
Seat 1: fawzrich (9463 in chips) 
Seat 2: nejcr26 (44049 in chips) 
Seat 3: Gabrielfs13 (9494 in chips) 
Seat 4: nicke40 (74605 in chips) 
Seat 5: sir_xaiku (32739 in chips) is sitting out
Seat 6: robsonabdala (5137 in chips) 
Seat 8: bubbles2k17 (35502 in chips) 
fawzrich: posts the ante 200
nejcr26: posts the ante 200
Gabrielfs13: posts the ante 200
nicke40: posts the ante 200
sir_xaiku: posts the ante 200
robsonabdala: posts the ante 200
bubbles2k17: posts the ante 200
robsonabdala: posts small blind 800
bubbles2k17: posts big blind 1600
*** HOLE CARDS ***
Dealt to Gabrielfs13 [Qd 8s]
fawzrich: folds 
nejcr26: folds 
Gabrielfs13: folds 
nicke40: raises 3200 to 4800
sir_xaiku: folds 
robsonabdala: folds 
bubbles2k17: folds 
Uncalled bet (3200) returned to nicke40
nicke40 collected 5400 from pot
nicke40: doesn't show hand 
*** SUMMARY ***
Total pot 5400 | Rake 0 
Seat 1: fawzrich folded before Flop (didn't bet)
Seat 2: nejcr26 folded before Flop (didn't bet)
Seat 3: Gabrielfs13 folded before Flop (didn't bet)
Seat 4: nicke40 collected (5400)
Seat 5: sir_xaiku (button) folded before Flop (didn't bet)
Seat 6: robsonabdala (small blind) folded before Flop
Seat 8: bubbles2k17 (big blind) folded before Flop



PokerStars Hand #257330050026: Tournament #3916850522, $3.92+$0.48 USD Hold'em No Limit - Level XX (800/1600) - 2025/08/13 16:05:56 BRT [2025/08/13 15:05:56 ET]
Table '3916850522 7' 8-max Seat #6 is the button
Seat 1: fawzrich (9263 in chips) 
Seat 2: nejcr26 (43849 in chips) 
Seat 3: Gabrielfs13 (9294 in chips) 
Seat 4: nicke40 (78205 in chips) 
Seat 5: sir_xaiku (32539 in chips) is sitting out
Seat 6: robsonabdala (4137 in chips) 
Seat 8: bubbles2k17 (33702 in chips) 
fawzrich: posts the ante 200
nejcr26: posts the ante 200
Gabrielfs13: posts the ante 200
nicke40: posts the ante 200
sir_xaiku: posts the ante 200
robsonabdala: posts the ante 200
bubbles2k17: posts the ante 200
bubbles2k17: posts small blind 800
fawzrich: posts big blind 1600
*** HOLE CARDS ***
Dealt to Gabrielfs13 [Jh 5d]
nejcr26: folds 
Gabrielfs13: folds 
nicke40: raises 3200 to 4800
sir_xaiku: folds 
robsonabdala: folds 
bubbles2k17: folds 
fawzrich: folds 
Uncalled bet (3200) returned to nicke40
nicke40 collected 5400 from pot
nicke40: doesn't show hand 
*** SUMMARY ***
Total pot 5400 | Rake 0 
Seat 1: fawzrich (big blind) folded before Flop
Seat 2: nejcr26 folded before Flop (didn't bet)
Seat 3: Gabrielfs13 folded before Flop (didn't bet)
Seat 4: nicke40 collected (5400)
Seat 5: sir_xaiku folded before Flop (didn't bet)
Seat 6: robsonabdala (button) folded before Flop (didn't bet)
Seat 8: bubbles2k17 (small blind) folded before Flop



PokerStars Hand #257330054256: Tournament #3916850522, $3.92+$0.48 USD Hold'em No Limit - Level XX (800/1600) - 2025/08/13 16:06:15 BRT [2025/08/13 15:06:15 ET]
Table '3916850522 7' 8-max Seat #8 is the button
Seat 1: fawzrich (7463 in chips) 
Seat 2: nejcr26 (43649 in chips) 
Seat 3: Gabrielfs13 (9094 in chips) 
Seat 4: nicke40 (81805 in chips) 
Seat 5: sir_xaiku (32339 in chips) is sitting out
Seat 6: robsonabdala (3937 in chips) 
Seat 8: bubbles2k17 (32702 in chips) 
fawzrich: posts the ante 200
nejcr26: posts the ante 200
Gabrielfs13: posts the ante 200
nicke40: posts the ante 200
sir_xaiku: posts the ante 200
robsonabdala: posts the ante 200
bubbles2k17: posts the ante 200
fawzrich: posts small blind 800
nejcr26: posts big blind 1600
*** HOLE CARDS ***
Dealt to Gabrielfs13 [4h Kd]
Gabrielfs13: folds 
nicke40: raises 3200 to 4800
sir_xaiku: folds 
robsonabdala: folds 
bubbles2k17: folds 
fawzrich: folds 
nejcr26: calls 3200
*** FLOP *** [8d 9c Js]
nejcr26: checks 
nicke40: checks 
*** TURN *** [8d 9c Js] [2d]
nejcr26: bets 7200
nicke40: calls 7200
*** RIVER *** [8d 9c Js 2d] [Ad]
nejcr26: checks 
nicke40: checks 
*** SHOW DOWN ***
nejcr26: shows [Jh Ks] (a pair of Jacks)
nicke40: mucks hand 
nejcr26 collected 26200 from pot
*** SUMMARY ***
Total pot 26200 | Rake 0 
Board [8d 9c Js 2d Ad]
Seat 1: fawzrich (small blind) folded before Flop
Seat 2: nejcr26 (big blind) showed [Jh Ks] and won (26200) with a pair of Jacks
Seat 3: Gabrielfs13 folded before Flop (didn't bet)
Seat 4: nicke40 mucked [2s 3s]
Seat 5: sir_xaiku folded before Flop (didn't bet)
Seat 6: robsonabdala folded before Flop (didn't bet)
Seat 8: bubbles2k17 (button) folded before Flop (didn't bet)



PokerStars Hand #257330063722: Tournament #3916850522, $3.92+$0.48 USD Hold'em No Limit - Level XX (800/1600) - 2025/08/13 16:06:57 BRT [2025/08/13 15:06:57 ET]
Table '3916850522 7' 8-max Seat #1 is the button
Seat 1: fawzrich (6463 in chips) 
Seat 2: nejcr26 (57649 in chips) 
Seat 3: Gabrielfs13 (8894 in chips) 
Seat 4: nicke40 (69605 in chips) 
Seat 5: sir_xaiku (32139 in chips) is sitting out
Seat 6: robsonabdala (3737 in chips) 
Seat 8: bubbles2k17 (32502 in chips) 
fawzrich: posts the ante 200
nejcr26: posts the ante 200
Gabrielfs13: posts the ante 200
nicke40: posts the ante 200
sir_xaiku: posts the ante 200
robsonabdala: posts the ante 200
bubbles2k17: posts the ante 200
nejcr26: posts small blind 800
Gabrielfs13: posts big blind 1600
*** HOLE CARDS ***
Dealt to Gabrielfs13 [8h Jc]
nicke40: raises 3200 to 4800
sir_xaiku: folds 
robsonabdala: folds 
bubbles2k17: folds 
fawzrich: raises 1463 to 6263 and is all-in
nejcr26: folds 
Gabrielfs13: folds 
nicke40: calls 1463
*** FLOP *** [9h Ad Th]
*** TURN *** [9h Ad Th] [3c]
*** RIVER *** [9h Ad Th 3c] [2d]
*** SHOW DOWN ***
nicke40: shows [Kh 5s] (high card Ace)
fawzrich: shows [Ac Kc] (a pair of Aces)
fawzrich collected 16326 from pot
*** SUMMARY ***
Total pot 16326 | Rake 0 
Board [9h Ad Th 3c 2d]
Seat 1: fawzrich (button) showed [Ac Kc] and won (16326) with a pair of Aces
Seat 2: nejcr26 (small blind) folded before Flop
Seat 3: Gabrielfs13 (big blind) folded before Flop
Seat 4: nicke40 showed [Kh 5s] and lost with high card Ace
Seat 5: sir_xaiku folded before Flop (didn't bet)
Seat 6: robsonabdala folded before Flop (didn't bet)
Seat 8: bubbles2k17 folded before Flop (didn't bet)



PokerStars Hand #257330071962: Tournament #3916850522, $3.92+$0.48 USD Hold'em No Limit - Level XXI (900/1800) - 2025/08/13 16:07:33 BRT [2025/08/13 15:07:33 ET]
Table '3916850522 7' 8-max Seat #2 is the button
Seat 1: fawzrich (16326 in chips) 
Seat 2: nejcr26 (56649 in chips) 
Seat 3: Gabrielfs13 (7094 in chips) 
Seat 4: nicke40 (63142 in chips) 
Seat 5: sir_xaiku (31939 in chips) is sitting out
Seat 6: robsonabdala (3537 in chips) 
Seat 8: bubbles2k17 (32302 in chips) 
fawzrich: posts the ante 225
nejcr26: posts the ante 225
Gabrielfs13: posts the ante 225
nicke40: posts the ante 225
sir_xaiku: posts the ante 225
robsonabdala: posts the ante 225
bubbles2k17: posts the ante 225
Gabrielfs13: posts small blind 900
nicke40: posts big blind 1800
*** HOLE CARDS ***
Dealt to Gabrielfs13 [Ts 9s]
sir_xaiku: folds 
robsonabdala: raises 1512 to 3312 and is all-in
bubbles2k17: folds 
fawzrich: folds 
nejcr26: folds 
joh.manetta is disconnected 
Gabrielfs13: calls 2412
nicke40: raises 59605 to 62917 and is all-in
Gabrielfs13: calls 3557 and is all-in
Uncalled bet (56048) returned to nicke40
*** FLOP *** [Jd Ah 5d]
*** TURN *** [Jd Ah 5d] [6d]
*** RIVER *** [Jd Ah 5d 6d] [8d]
*** SHOW DOWN ***
Gabrielfs13: shows [Ts 9s] (high card Ace)
nicke40: shows [7d Ac] (a flush, Jack high)
nicke40 collected 7114 from side pot
robsonabdala: shows [8c Ad] (a flush, Ace high)
robsonabdala collected 11511 from main pot
*** SUMMARY ***
Total pot 18625 Main pot 11511. Side pot 7114. | Rake 0 
Board [Jd Ah 5d 6d 8d]
Seat 1: fawzrich folded before Flop (didn't bet)
Seat 2: nejcr26 (button) folded before Flop (didn't bet)
Seat 3: Gabrielfs13 (small blind) showed [Ts 9s] and lost with high card Ace
Seat 4: nicke40 (big blind) showed [7d Ac] and won (7114) with a flush, Jack high
Seat 5: sir_xaiku folded before Flop (didn't bet)
Seat 6: robsonabdala showed [8c Ad] and won (11511) with a flush, Ace high
Seat 8: bubbles2k17 folded before Flop (didn't bet)



