PokerStars Hand #257171815712: Tournament #3914700342, $4.80+$5.00+$1.20 USD Hold'em No Limit - Level I (50/100) - 2025/08/01 13:41:09 BRT [2025/08/01 12:41:09 ET]
Table '3914700342 1' 8-max Seat #1 is the button
Seat 1: ugidugi87 (5000 in chips, $5 bounty) 
Seat 2: Lo.grad3 (5000 in chips, $5 bounty) 
Seat 4: Just rag it (5000 in chips, $5 bounty) 
Seat 5: sexynanny (5000 in chips, $5 bounty) 
Seat 6: PT118 (5000 in chips, $5 bounty) 
Seat 7: jswan2240 (5000 in chips, $5 bounty) 
Seat 8: Gabrielfs13 (5000 in chips, $5 bounty) 
ugidugi87: posts the ante 15
Lo.grad3: posts the ante 15
Just rag it: posts the ante 15
sexynanny: posts the ante 15
PT118: posts the ante 15
jswan2240: posts the ante 15
Gabrielfs13: posts the ante 15
Lo.grad3: posts small blind 50
Just rag it: posts big blind 100
*** HOLE CARDS ***
Dealt to Gabrielfs13 [Td 3c]
sexynanny: folds 
PT118: folds 
jswan2240: calls 100
Gabrielfs13: folds 
ugidugi87: calls 100
Lo.grad3: raises 100 to 200
Just rag it: folds 
jswan2240: calls 100
ugidugi87: calls 100
*** FLOP *** [2s Qh Ac]
Lo.grad3: bets 403
jswan2240: folds 
ugidugi87: folds 
Uncalled bet (403) returned to Lo.grad3
Lo.grad3 collected 805 from pot
Lo.grad3: doesn't show hand 
*** SUMMARY ***
Total pot 805 | Rake 0 
Board [2s Qh Ac]
Seat 1: ugidugi87 (button) folded on the Flop
Seat 2: Lo.grad3 (small blind) collected (805)
Seat 4: Just rag it (big blind) folded before Flop
Seat 5: sexynanny folded before Flop (didn't bet)
Seat 6: PT118 folded before Flop (didn't bet)
Seat 7: jswan2240 folded on the Flop
Seat 8: Gabrielfs13 folded before Flop (didn't bet)



PokerStars Hand #257171825952: Tournament #3914700342, $4.80+$5.00+$1.20 USD Hold'em No Limit - Level I (50/100) - 2025/08/01 13:42:02 BRT [2025/08/01 12:42:02 ET]
Table '3914700342 1' 8-max Seat #2 is the button
Seat 1: ugidugi87 (4785 in chips, $5 bounty) 
Seat 2: Lo.grad3 (5590 in chips, $5 bounty) 
Seat 4: Just rag it (4885 in chips, $5 bounty) 
Seat 5: sexynanny (4985 in chips, $5 bounty) 
Seat 6: PT118 (4985 in chips, $5 bounty) 
Seat 7: jswan2240 (4785 in chips, $5 bounty) 
Seat 8: Gabrielfs13 (4985 in chips, $5 bounty) 
ugidugi87: posts the ante 15
Lo.grad3: posts the ante 15
Just rag it: posts the ante 15
sexynanny: posts the ante 15
PT118: posts the ante 15
jswan2240: posts the ante 15
Gabrielfs13: posts the ante 15
Just rag it: posts small blind 50
sexynanny: posts big blind 100
*** HOLE CARDS ***
Dealt to Gabrielfs13 [Kh 8s]
PT118: folds 
jswan2240: folds 
Gabrielfs13: folds 
ugidugi87: calls 100
Lo.grad3: calls 100
Just rag it: folds 
sexynanny: checks 
*** FLOP *** [Ad Jd 8c]
sexynanny: checks 
ugidugi87: bets 100
Lo.grad3: calls 100
sexynanny: calls 100
*** TURN *** [Ad Jd 8c] [Ts]
sexynanny: checks 
ugidugi87: bets 400
Lo.grad3: folds 
sexynanny: calls 400
*** RIVER *** [Ad Jd 8c Ts] [Jh]
sexynanny: checks 
ugidugi87: bets 500
sexynanny: folds 
Uncalled bet (500) returned to ugidugi87
ugidugi87 collected 1555 from pot
ugidugi87: doesn't show hand 
*** SUMMARY ***
Total pot 1555 | Rake 0 
Board [Ad Jd 8c Ts Jh]
Seat 1: ugidugi87 collected (1555)
Seat 2: Lo.grad3 (button) folded on the Turn
Seat 4: Just rag it (small blind) folded before Flop
Seat 5: sexynanny (big blind) folded on the River
Seat 6: PT118 folded before Flop (didn't bet)
Seat 7: jswan2240 folded before Flop (didn't bet)
Seat 8: Gabrielfs13 folded before Flop (didn't bet)



PokerStars Hand #257171843505: Tournament #3914700342, $4.80+$5.00+$1.20 USD Hold'em No Limit - Level I (50/100) - 2025/08/01 13:43:35 BRT [2025/08/01 12:43:35 ET]
Table '3914700342 1' 8-max Seat #4 is the button
Seat 1: ugidugi87 (5725 in chips, $5 bounty) 
Seat 2: Lo.grad3 (5375 in chips, $5 bounty) 
Seat 4: Just rag it (4820 in chips, $5 bounty) 
Seat 5: sexynanny (4370 in chips, $5 bounty) 
Seat 6: PT118 (4970 in chips, $5 bounty) 
Seat 7: jswan2240 (4770 in chips, $5 bounty) 
Seat 8: Gabrielfs13 (4970 in chips, $5 bounty) 
ugidugi87: posts the ante 15
Lo.grad3: posts the ante 15
Just rag it: posts the ante 15
sexynanny: posts the ante 15
PT118: posts the ante 15
jswan2240: posts the ante 15
Gabrielfs13: posts the ante 15
sexynanny: posts small blind 50
PT118: posts big blind 100
*** HOLE CARDS ***
Dealt to Gabrielfs13 [Ts 2d]
jswan2240: calls 100
Gabrielfs13: folds 
ugidugi87: calls 100
Lo.grad3: folds 
Just rag it: raises 400 to 500
sexynanny: calls 450
PT118: calls 400
jswan2240: folds 
ugidugi87: calls 400
*** FLOP *** [Ah 9h 5d]
sexynanny: checks 
PT118: bets 2205
ugidugi87: folds 
Just rag it: raises 2100 to 4305 and is all-in
sexynanny: folds 
PT118: calls 2100
*** TURN *** [Ah 9h 5d] [7c]
*** RIVER *** [Ah 9h 5d 7c] [3s]
*** SHOW DOWN ***
PT118: shows [Ac Qd] (a pair of Aces)
Just rag it: shows [9c 9s] (three of a kind, Nines)
Just rag it collected 10815 from pot
*** SUMMARY ***
Total pot 10815 | Rake 0 
Board [Ah 9h 5d 7c 3s]
Seat 1: ugidugi87 folded on the Flop
Seat 2: Lo.grad3 folded before Flop (didn't bet)
Seat 4: Just rag it (button) showed [9c 9s] and won (10815) with three of a kind, Nines
Seat 5: sexynanny (small blind) folded on the Flop
Seat 6: PT118 (big blind) showed [Ac Qd] and lost with a pair of Aces
Seat 7: jswan2240 folded before Flop
Seat 8: Gabrielfs13 folded before Flop (didn't bet)



PokerStars Hand #257171851387: Tournament #3914700342, $4.80+$5.00+$1.20 USD Hold'em No Limit - Level I (50/100) - 2025/08/01 13:44:16 BRT [2025/08/01 12:44:16 ET]
Table '3914700342 1' 8-max Seat #5 is the button
Seat 1: ugidugi87 (5210 in chips, $5 bounty) 
Seat 2: Lo.grad3 (5360 in chips, $5 bounty) 
Seat 4: Just rag it (10815 in chips, $5 bounty) 
Seat 5: sexynanny (3855 in chips, $5 bounty) 
Seat 6: PT118 (150 in chips, $5 bounty) 
Seat 7: jswan2240 (4655 in chips, $5 bounty) 
Seat 8: Gabrielfs13 (4955 in chips, $5 bounty) 
ugidugi87: posts the ante 15
Lo.grad3: posts the ante 15
Just rag it: posts the ante 15
sexynanny: posts the ante 15
PT118: posts the ante 15
jswan2240: posts the ante 15
Gabrielfs13: posts the ante 15
PT118: posts small blind 50
jswan2240: posts big blind 100
*** HOLE CARDS ***
Dealt to Gabrielfs13 [Qd Jc]
Gabrielfs13: raises 100 to 200
ugidugi87: calls 200
Lo.grad3: folds 
Just rag it: folds 
sexynanny: calls 200
PT118: calls 85 and is all-in
jswan2240: calls 100
*** FLOP *** [9c 2c 5c]
jswan2240: bets 200
Gabrielfs13: calls 200
ugidugi87: calls 200
sexynanny: raises 1840 to 2040
jswan2240: raises 2400 to 4440 and is all-in
Gabrielfs13: folds 
ugidugi87: folds 
sexynanny: calls 1600 and is all-in
Uncalled bet (800) returned to jswan2240
*** TURN *** [9c 2c 5c] [2d]
*** RIVER *** [9c 2c 5c 2d] [6h]
*** SHOW DOWN ***
jswan2240: shows [8h Tc] (a pair of Deuces)
sexynanny: shows [9d 5s] (two pair, Nines and Fives)
sexynanny collected 7940 from side pot
PT118: shows [Kc Kd] (two pair, Kings and Deuces)
PT118 collected 780 from main pot
*** SUMMARY ***
Total pot 8720 Main pot 780. Side pot 7940. | Rake 0 
Board [9c 2c 5c 2d 6h]
Seat 1: ugidugi87 folded on the Flop
Seat 2: Lo.grad3 folded before Flop (didn't bet)
Seat 4: Just rag it folded before Flop (didn't bet)
Seat 5: sexynanny (button) showed [9d 5s] and won (7940) with two pair, Nines and Fives
Seat 6: PT118 (small blind) showed [Kc Kd] and won (780) with two pair, Kings and Deuces
Seat 7: jswan2240 (big blind) showed [8h Tc] and lost with a pair of Deuces
Seat 8: Gabrielfs13 folded on the Flop



PokerStars Hand #257171862615: Tournament #3914700342, $4.80+$5.00+$1.20 USD Hold'em No Limit - Level I (50/100) - 2025/08/01 13:45:15 BRT [2025/08/01 12:45:15 ET]
Table '3914700342 1' 8-max Seat #6 is the button
Seat 1: ugidugi87 (4795 in chips, $5 bounty) 
Seat 2: Lo.grad3 (5345 in chips, $5 bounty) 
Seat 4: Just rag it (10800 in chips, $5 bounty) 
Seat 5: sexynanny (7940 in chips, $5 bounty) 
Seat 6: PT118 (780 in chips, $5 bounty) 
Seat 7: jswan2240 (800 in chips, $5 bounty) 
Seat 8: Gabrielfs13 (4540 in chips, $5 bounty) 
ugidugi87: posts the ante 15
Lo.grad3: posts the ante 15
Just rag it: posts the ante 15
sexynanny: posts the ante 15
PT118: posts the ante 15
jswan2240: posts the ante 15
Gabrielfs13: posts the ante 15
jswan2240: posts small blind 50
Gabrielfs13: posts big blind 100
*** HOLE CARDS ***
Dealt to Gabrielfs13 [Ac Ts]
ugidugi87: folds 
Lo.grad3: folds 
Just rag it: folds 
sexynanny: calls 100
PT118: folds 
jswan2240: raises 685 to 785 and is all-in
Gabrielfs13: raises 3740 to 4525 and is all-in
sexynanny: calls 4425
*** FLOP *** [Jc Qc 6s]
*** TURN *** [Jc Qc 6s] [5d]
*** RIVER *** [Jc Qc 6s 5d] [Tc]
*** SHOW DOWN ***
Gabrielfs13: shows [Ac Ts] (a pair of Tens)
sexynanny: shows [Td 8c] (a pair of Tens - lower kicker)
Gabrielfs13 collected 7480 from side pot
jswan2240: shows [2d 2c] (a pair of Deuces)
Gabrielfs13 collected 2460 from main pot
Gabrielfs13 wins $2.50 for eliminating jswan2240 and their own bounty increases by $2.50 to $7.50
jswan2240 finished the tournament
*** SUMMARY ***
Total pot 9940 Main pot 2460. Side pot 7480. | Rake 0 
Board [Jc Qc 6s 5d Tc]
Seat 1: ugidugi87 folded before Flop (didn't bet)
Seat 2: Lo.grad3 folded before Flop (didn't bet)
Seat 4: Just rag it folded before Flop (didn't bet)
Seat 5: sexynanny showed [Td 8c] and lost with a pair of Tens
Seat 6: PT118 (button) folded before Flop (didn't bet)
Seat 7: jswan2240 (small blind) showed [2d 2c] and lost with a pair of Deuces
Seat 8: Gabrielfs13 (big blind) showed [Ac Ts] and won (9940) with a pair of Tens



PokerStars Hand #257171871214: Tournament #3914700342, $4.80+$5.00+$1.20 USD Hold'em No Limit - Level I (50/100) - 2025/08/01 13:46:00 BRT [2025/08/01 12:46:00 ET]
Table '3914700342 1' 8-max Seat #8 is the button
Seat 1: ugidugi87 (4780 in chips, $5 bounty) 
Seat 2: Lo.grad3 (5330 in chips, $5 bounty) 
Seat 4: Just rag it (10785 in chips, $5 bounty) 
Seat 5: sexynanny (3400 in chips, $5 bounty) 
Seat 6: PT118 (765 in chips, $5 bounty) 
Seat 8: Gabrielfs13 (9940 in chips, $7.50 bounty) 
ugidugi87: posts the ante 15
Lo.grad3: posts the ante 15
Just rag it: posts the ante 15
sexynanny: posts the ante 15
PT118: posts the ante 15
Gabrielfs13: posts the ante 15
ugidugi87: posts small blind 50
Lo.grad3: posts big blind 100
*** HOLE CARDS ***
Dealt to Gabrielfs13 [Qh 6d]
Just rag it: raises 100 to 200
Toshiro_Koga is disconnected 
sexynanny: raises 3185 to 3385 and is all-in
wladi1986 is disconnected 
PT118: folds 
Gabrielfs13: folds 
ugidugi87: folds 
Lo.grad3: folds 
Just rag it: folds 
Uncalled bet (3185) returned to sexynanny
sexynanny collected 640 from pot
sexynanny: doesn't show hand 
*** SUMMARY ***
Total pot 640 | Rake 0 
Seat 1: ugidugi87 (small blind) folded before Flop
Seat 2: Lo.grad3 (big blind) folded before Flop
Seat 4: Just rag it folded before Flop
Seat 5: sexynanny collected (640)
Seat 6: PT118 folded before Flop (didn't bet)
Seat 8: Gabrielfs13 (button) folded before Flop (didn't bet)



PokerStars Hand #257171878158: Tournament #3914700342, $4.80+$5.00+$1.20 USD Hold'em No Limit - Level II (60/120) - 2025/08/01 13:46:37 BRT [2025/08/01 12:46:37 ET]
Table '3914700342 1' 8-max Seat #1 is the button
Seat 1: ugidugi87 (4715 in chips, $5 bounty) 
Seat 2: Lo.grad3 (5215 in chips, $5 bounty) 
Seat 3: wladi1986 (5000 in chips, $5 bounty) 
Seat 4: Just rag it (10570 in chips, $5 bounty) 
Seat 5: sexynanny (3825 in chips, $5 bounty) 
Seat 6: PT118 (750 in chips, $5 bounty) 
Seat 7: Toshiro_Koga (4995 in chips, $5 bounty) 
Seat 8: Gabrielfs13 (9925 in chips, $7.50 bounty) 
ugidugi87: posts the ante 18
Lo.grad3: posts the ante 18
wladi1986: posts the ante 18
Just rag it: posts the ante 18
sexynanny: posts the ante 18
PT118: posts the ante 18
Toshiro_Koga: posts the ante 18
Gabrielfs13: posts the ante 18
Lo.grad3: posts small blind 60
wladi1986: posts big blind 120
*** HOLE CARDS ***
Dealt to Gabrielfs13 [Kh 9c]
Just rag it: folds 
sexynanny: calls 120
PT118: folds 
Toshiro_Koga: folds 
Gabrielfs13: folds 
ugidugi87: folds 
Lo.grad3: folds 
wladi1986: checks 
*** FLOP *** [Jc 7s Ah]
wladi1986: bets 120
sexynanny: calls 120
*** TURN *** [Jc 7s Ah] [Ad]
wladi1986: bets 120
sexynanny: raises 924 to 1044
wladi1986: folds 
Uncalled bet (924) returned to sexynanny
sexynanny collected 924 from pot
sexynanny: doesn't show hand 
*** SUMMARY ***
Total pot 924 | Rake 0 
Board [Jc 7s Ah Ad]
Seat 1: ugidugi87 (button) folded before Flop (didn't bet)
Seat 2: Lo.grad3 (small blind) folded before Flop
Seat 3: wladi1986 (big blind) folded on the Turn
Seat 4: Just rag it folded before Flop (didn't bet)
Seat 5: sexynanny collected (924)
Seat 6: PT118 folded before Flop (didn't bet)
Seat 7: Toshiro_Koga folded before Flop (didn't bet)
Seat 8: Gabrielfs13 folded before Flop (didn't bet)



PokerStars Hand #257171886645: Tournament #3914700342, $4.80+$5.00+$1.20 USD Hold'em No Limit - Level II (60/120) - 2025/08/01 13:47:21 BRT [2025/08/01 12:47:21 ET]
Table '3914700342 1' 8-max Seat #2 is the button
Seat 1: ugidugi87 (4697 in chips, $5 bounty) 
Seat 2: Lo.grad3 (5137 in chips, $5 bounty) 
Seat 3: wladi1986 (4622 in chips, $5 bounty) 
Seat 5: sexynanny (4371 in chips, $5 bounty) 
Seat 6: PT118 (732 in chips, $5 bounty) 
Seat 7: Toshiro_Koga (4977 in chips, $5 bounty) 
Seat 8: Gabrielfs13 (9907 in chips, $7.50 bounty) 
ugidugi87: posts the ante 18
Lo.grad3: posts the ante 18
wladi1986: posts the ante 18
sexynanny: posts the ante 18
PT118: posts the ante 18
Toshiro_Koga: posts the ante 18
Gabrielfs13: posts the ante 18
wladi1986: posts small blind 60
sexynanny: posts big blind 120
*** HOLE CARDS ***
Dealt to Gabrielfs13 [5h Qc]
PT118: folds 
Toshiro_Koga: raises 120 to 240
Gabrielfs13: folds 
ugidugi87: calls 240
Lo.grad3: folds 
wladi1986: folds 
sexynanny: folds 
*** FLOP *** [6h Jc Th]
Toshiro_Koga: checks 
ugidugi87: bets 120
Toshiro_Koga: raises 360 to 480
ugidugi87: folds 
Uncalled bet (360) returned to Toshiro_Koga
Toshiro_Koga collected 1026 from pot
Toshiro_Koga: doesn't show hand 
*** SUMMARY ***
Total pot 1026 | Rake 0 
Board [6h Jc Th]
Seat 1: ugidugi87 folded on the Flop
Seat 2: Lo.grad3 (button) folded before Flop (didn't bet)
Seat 3: wladi1986 (small blind) folded before Flop
Seat 5: sexynanny (big blind) folded before Flop
Seat 6: PT118 folded before Flop (didn't bet)
Seat 7: Toshiro_Koga collected (1026)
Seat 8: Gabrielfs13 folded before Flop (didn't bet)



PokerStars Hand #257171895482: Tournament #3914700342, $4.80+$5.00+$1.20 USD Hold'em No Limit - Level II (60/120) - 2025/08/01 13:48:07 BRT [2025/08/01 12:48:07 ET]
Table '3914700342 1' 8-max Seat #3 is the button
Seat 1: ugidugi87 (4319 in chips, $5 bounty) 
Seat 2: Lo.grad3 (5119 in chips, $5 bounty) 
Seat 3: wladi1986 (4544 in chips, $5 bounty) 
Seat 5: sexynanny (4233 in chips, $5 bounty) 
Seat 6: PT118 (714 in chips, $5 bounty) 
Seat 7: Toshiro_Koga (5625 in chips, $5 bounty) 
Seat 8: Gabrielfs13 (9889 in chips, $7.50 bounty) 
ugidugi87: posts the ante 18
Lo.grad3: posts the ante 18
wladi1986: posts the ante 18
sexynanny: posts the ante 18
PT118: posts the ante 18
Toshiro_Koga: posts the ante 18
Gabrielfs13: posts the ante 18
sexynanny: posts small blind 60
PT118: posts big blind 120
*** HOLE CARDS ***
Dealt to Gabrielfs13 [Ks Qc]
Toshiro_Koga: folds 
Gabrielfs13: raises 120 to 240
ugidugi87: folds 
Lo.grad3: raises 120 to 360
wladi1986: folds 
sexynanny: raises 1206 to 1566
PT118: calls 576 and is all-in
Gabrielfs13: folds 
Lo.grad3: calls 1206
*** FLOP *** [Kd 5h Jc]
sexynanny: bets 2649 and is all-in
Lo.grad3: folds 
Uncalled bet (2649) returned to sexynanny
*** TURN *** [Kd 5h Jc] [Js]
*** RIVER *** [Kd 5h Jc Js] [Qd]
*** SHOW DOWN ***
sexynanny: shows [4s 4d] (two pair, Jacks and Fours)
sexynanny collected 1740 from side pot
PT118: shows [2h Ac] (a pair of Jacks)
sexynanny collected 2454 from main pot
sexynanny wins $2.50 for eliminating PT118 and their own bounty increases by $2.50 to $7.50
PT118 finished the tournament
*** SUMMARY ***
Total pot 4194 Main pot 2454. Side pot 1740. | Rake 0 
Board [Kd 5h Jc Js Qd]
Seat 1: ugidugi87 folded before Flop (didn't bet)
Seat 2: Lo.grad3 folded on the Flop
Seat 3: wladi1986 (button) folded before Flop (didn't bet)
Seat 5: sexynanny (small blind) showed [4s 4d] and won (4194) with two pair, Jacks and Fours
Seat 6: PT118 (big blind) showed [2h Ac] and lost with a pair of Jacks
Seat 7: Toshiro_Koga folded before Flop (didn't bet)
Seat 8: Gabrielfs13 folded before Flop



PokerStars Hand #257171907988: Tournament #3914700342, $4.80+$5.00+$1.20 USD Hold'em No Limit - Level II (60/120) - 2025/08/01 13:49:12 BRT [2025/08/01 12:49:12 ET]
Table '3914700342 1' 8-max Seat #5 is the button
Seat 1: ugidugi87 (4301 in chips, $5 bounty) 
Seat 2: Lo.grad3 (3535 in chips, $5 bounty) 
Seat 3: wladi1986 (4526 in chips, $5 bounty) 
Seat 5: sexynanny (6843 in chips, $7.50 bounty) 
Seat 7: Toshiro_Koga (5607 in chips, $5 bounty) 
Seat 8: Gabrielfs13 (9631 in chips, $7.50 bounty) 
ugidugi87: posts the ante 18
Lo.grad3: posts the ante 18
wladi1986: posts the ante 18
sexynanny: posts the ante 18
Toshiro_Koga: posts the ante 18
Gabrielfs13: posts the ante 18
Toshiro_Koga: posts small blind 60
Gabrielfs13: posts big blind 120
*** HOLE CARDS ***
Dealt to Gabrielfs13 [Qs 2s]
ugidugi87: calls 120
PT118 is disconnected 
Lo.grad3: folds 
wladi1986: raises 120 to 240
sexynanny: calls 240
Toshiro_Koga: folds 
Gabrielfs13: calls 120
ugidugi87: raises 4043 to 4283 and is all-in
wladi1986: folds 
sexynanny: folds 
Gabrielfs13: folds 
Uncalled bet (4043) returned to ugidugi87
ugidugi87 collected 1128 from pot
ugidugi87: doesn't show hand 
*** SUMMARY ***
Total pot 1128 | Rake 0 
Seat 1: ugidugi87 collected (1128)
Seat 2: Lo.grad3 folded before Flop (didn't bet)
Seat 3: wladi1986 folded before Flop
Seat 5: sexynanny (button) folded before Flop
Seat 7: Toshiro_Koga (small blind) folded before Flop
Seat 8: Gabrielfs13 (big blind) folded before Flop



PokerStars Hand #257171916722: Tournament #3914700342, $4.80+$5.00+$1.20 USD Hold'em No Limit - Level II (60/120) - 2025/08/01 13:49:58 BRT [2025/08/01 12:49:58 ET]
Table '3914700342 1' 8-max Seat #7 is the button
Seat 1: ugidugi87 (5171 in chips, $5 bounty) 
Seat 2: Lo.grad3 (3517 in chips, $5 bounty) 
Seat 3: wladi1986 (4268 in chips, $5 bounty) 
Seat 5: sexynanny (6585 in chips, $7.50 bounty) 
Seat 6: PT118 (5000 in chips, $5 bounty) 
Seat 7: Toshiro_Koga (5529 in chips, $5 bounty) 
Seat 8: Gabrielfs13 (9373 in chips, $7.50 bounty) 
ugidugi87: posts the ante 18
Lo.grad3: posts the ante 18
wladi1986: posts the ante 18
sexynanny: posts the ante 18
PT118: posts the ante 18
Toshiro_Koga: posts the ante 18
Gabrielfs13: posts the ante 18
Gabrielfs13: posts small blind 60
ugidugi87: posts big blind 120
*** HOLE CARDS ***
Dealt to Gabrielfs13 [5h Js]
Lo.grad3: folds 
wladi1986: raises 120 to 240
sexynanny: folds 
PT118: calls 240
aivaaaras is disconnected 
Toshiro_Koga: raises 720 to 960
Gabrielfs13: folds 
ugidugi87: folds 
wladi1986: folds 
PT118: calls 720
*** FLOP *** [8c 5c 9h]
PT118: checks 
Toshiro_Koga: bets 740
PT118: raises 740 to 1480
Toshiro_Koga: raises 3071 to 4551 and is all-in
PT118: calls 2542 and is all-in
Uncalled bet (529) returned to Toshiro_Koga
*** TURN *** [8c 5c 9h] [5s]
*** RIVER *** [8c 5c 9h 5s] [4h]
*** SHOW DOWN ***
PT118: shows [Kc Jc] (a pair of Fives)
Toshiro_Koga: shows [Qs Ac] (a pair of Fives - Ace kicker)
Toshiro_Koga collected 10510 from pot
Toshiro_Koga wins $2.50 for eliminating PT118 and their own bounty increases by $2.50 to $7.50
PT118 finished the tournament
*** SUMMARY ***
Total pot 10510 | Rake 0 
Board [8c 5c 9h 5s 4h]
Seat 1: ugidugi87 (big blind) folded before Flop
Seat 2: Lo.grad3 folded before Flop (didn't bet)
Seat 3: wladi1986 folded before Flop
Seat 5: sexynanny folded before Flop (didn't bet)
Seat 6: PT118 showed [Kc Jc] and lost with a pair of Fives
Seat 7: Toshiro_Koga (button) showed [Qs Ac] and won (10510) with a pair of Fives
Seat 8: Gabrielfs13 (small blind) folded before Flop



PokerStars Hand #257171927273: Tournament #3914700342, $4.80+$5.00+$1.20 USD Hold'em No Limit - Level II (60/120) - 2025/08/01 13:50:54 BRT [2025/08/01 12:50:54 ET]
Table '3914700342 1' 8-max Seat #8 is the button
Seat 1: ugidugi87 (5033 in chips, $5 bounty) 
Seat 2: Lo.grad3 (3499 in chips, $5 bounty) 
Seat 3: wladi1986 (4010 in chips, $5 bounty) 
Seat 4: aivaaaras (5000 in chips, $5 bounty) 
Seat 5: sexynanny (6567 in chips, $7.50 bounty) 
Seat 7: Toshiro_Koga (11039 in chips, $7.50 bounty) 
Seat 8: Gabrielfs13 (9295 in chips, $7.50 bounty) 
ugidugi87: posts the ante 18
Lo.grad3: posts the ante 18
wladi1986: posts the ante 18
aivaaaras: posts the ante 18
sexynanny: posts the ante 18
Toshiro_Koga: posts the ante 18
Gabrielfs13: posts the ante 18
ugidugi87: posts small blind 60
Lo.grad3: posts big blind 120
*** HOLE CARDS ***
Dealt to Gabrielfs13 [Ah 4d]
wladi1986: raises 426 to 546
aivaaaras: folds 
sexynanny: calls 546
Toshiro_Koga: folds 
Gabrielfs13: folds 
ugidugi87: calls 486
Lo.grad3: folds 
*** FLOP *** [Ad Kd 3c]
ugidugi87: checks 
wladi1986: bets 1884
sexynanny: folds 
ugidugi87: folds 
Uncalled bet (1884) returned to wladi1986
wladi1986 collected 1884 from pot
wladi1986: doesn't show hand 
*** SUMMARY ***
Total pot 1884 | Rake 0 
Board [Ad Kd 3c]
Seat 1: ugidugi87 (small blind) folded on the Flop
Seat 2: Lo.grad3 (big blind) folded before Flop
Seat 3: wladi1986 collected (1884)
Seat 4: aivaaaras folded before Flop (didn't bet)
Seat 5: sexynanny folded on the Flop
Seat 7: Toshiro_Koga folded before Flop (didn't bet)
Seat 8: Gabrielfs13 (button) folded before Flop (didn't bet)



PokerStars Hand #257171935735: Tournament #3914700342, $4.80+$5.00+$1.20 USD Hold'em No Limit - Level III (70/140) - 2025/08/01 13:51:38 BRT [2025/08/01 12:51:38 ET]
Table '3914700342 1' 8-max Seat #1 is the button
Seat 1: ugidugi87 (4469 in chips, $5 bounty) 
Seat 2: Lo.grad3 (3361 in chips, $5 bounty) 
Seat 3: wladi1986 (5330 in chips, $5 bounty) 
Seat 4: aivaaaras (4982 in chips, $5 bounty) 
Seat 5: sexynanny (6003 in chips, $7.50 bounty) 
Seat 7: Toshiro_Koga (11021 in chips, $7.50 bounty) 
Seat 8: Gabrielfs13 (9277 in chips, $7.50 bounty) 
ugidugi87: posts the ante 21
Lo.grad3: posts the ante 21
wladi1986: posts the ante 21
aivaaaras: posts the ante 21
sexynanny: posts the ante 21
Toshiro_Koga: posts the ante 21
Gabrielfs13: posts the ante 21
Lo.grad3: posts small blind 70
wladi1986: posts big blind 140
*** HOLE CARDS ***
Dealt to Gabrielfs13 [3d 7s]
aivaaaras: folds 
sexynanny: calls 140
Toshiro_Koga: folds 
Gabrielfs13: folds 
ugidugi87: folds 
Lo.grad3: calls 70
wladi1986: checks 
*** FLOP *** [5c Td Ts]
Lo.grad3: checks 
wladi1986 has timed out
wladi1986: checks 
sexynanny: bets 140
Lo.grad3: folds 
Frixi69 is disconnected 
wladi1986 has timed out
wladi1986: folds 
wladi1986 is sitting out
Uncalled bet (140) returned to sexynanny
sexynanny collected 567 from pot
sexynanny: doesn't show hand 
*** SUMMARY ***
Total pot 567 | Rake 0 
Board [5c Td Ts]
Seat 1: ugidugi87 (button) folded before Flop (didn't bet)
Seat 2: Lo.grad3 (small blind) folded on the Flop
Seat 3: wladi1986 (big blind) folded on the Flop
Seat 4: aivaaaras folded before Flop (didn't bet)
Seat 5: sexynanny collected (567)
Seat 7: Toshiro_Koga folded before Flop (didn't bet)
Seat 8: Gabrielfs13 folded before Flop (didn't bet)



PokerStars Hand #257171952638: Tournament #3914700342, $4.80+$5.00+$1.20 USD Hold'em No Limit - Level III (70/140) - 2025/08/01 13:53:07 BRT [2025/08/01 12:53:07 ET]
Table '3914700342 1' 8-max Seat #2 is the button
Seat 1: ugidugi87 (4448 in chips, $5 bounty) 
Seat 2: Lo.grad3 (3200 in chips, $5 bounty) 
Seat 3: wladi1986 (5169 in chips, $5 bounty) is sitting out
Seat 4: aivaaaras (4961 in chips, $5 bounty) 
Seat 5: sexynanny (6409 in chips, $7.50 bounty) 
Seat 6: Frixi69 (5000 in chips, $5 bounty) 
Seat 7: Toshiro_Koga (11000 in chips, $7.50 bounty) 
Seat 8: Gabrielfs13 (9256 in chips, $7.50 bounty) 
ugidugi87: posts the ante 21
Lo.grad3: posts the ante 21
wladi1986: posts the ante 21
aivaaaras: posts the ante 21
sexynanny: posts the ante 21
Frixi69: posts the ante 21
Toshiro_Koga: posts the ante 21
Gabrielfs13: posts the ante 21
wladi1986: posts small blind 70
aivaaaras: posts big blind 140
*** HOLE CARDS ***
Dealt to Gabrielfs13 [7c Ks]
sexynanny: folds 
Frixi69: folds 
Toshiro_Koga: folds 
Gabrielfs13: folds 
ugidugi87: folds 
Lo.grad3: raises 140 to 280
wladi1986: folds 
aivaaaras: calls 140
*** FLOP *** [7h 9d Jh]
aivaaaras: checks 
Lo.grad3: bets 399
aivaaaras: calls 399
*** TURN *** [7h 9d Jh] [Kh]
aivaaaras: checks 
Lo.grad3: bets 1596
aivaaaras: folds 
Uncalled bet (1596) returned to Lo.grad3
Lo.grad3 collected 1596 from pot
Lo.grad3: doesn't show hand 
*** SUMMARY ***
Total pot 1596 | Rake 0 
Board [7h 9d Jh Kh]
Seat 1: ugidugi87 folded before Flop (didn't bet)
Seat 2: Lo.grad3 (button) collected (1596)
Seat 3: wladi1986 (small blind) folded before Flop
Seat 4: aivaaaras (big blind) folded on the Turn
Seat 5: sexynanny folded before Flop (didn't bet)
Seat 6: Frixi69 folded before Flop (didn't bet)
Seat 7: Toshiro_Koga folded before Flop (didn't bet)
Seat 8: Gabrielfs13 folded before Flop (didn't bet)



PokerStars Hand #257171962491: Tournament #3914700342, $4.80+$5.00+$1.20 USD Hold'em No Limit - Level III (70/140) - 2025/08/01 13:53:58 BRT [2025/08/01 12:53:58 ET]
Table '3914700342 1' 8-max Seat #3 is the button
Seat 1: ugidugi87 (4427 in chips, $5 bounty) 
Seat 2: Lo.grad3 (4096 in chips, $5 bounty) 
Seat 3: wladi1986 (5078 in chips, $5 bounty) is sitting out
Seat 4: aivaaaras (4261 in chips, $5 bounty) 
Seat 5: sexynanny (6388 in chips, $7.50 bounty) 
Seat 6: Frixi69 (4979 in chips, $5 bounty) 
Seat 7: Toshiro_Koga (10979 in chips, $7.50 bounty) 
Seat 8: Gabrielfs13 (9235 in chips, $7.50 bounty) 
ugidugi87: posts the ante 21
Lo.grad3: posts the ante 21
wladi1986: posts the ante 21
aivaaaras: posts the ante 21
sexynanny: posts the ante 21
Frixi69: posts the ante 21
Toshiro_Koga: posts the ante 21
Gabrielfs13: posts the ante 21
aivaaaras: posts small blind 70
sexynanny: posts big blind 140
*** HOLE CARDS ***
Dealt to Gabrielfs13 [Jh Jc]
Frixi69: folds 
Toshiro_Koga: folds 
Gabrielfs13: raises 140 to 280
ugidugi87: folds 
Lo.grad3: folds 
wladi1986: folds 
wladi1986 has returned
aivaaaras: folds 
sexynanny: raises 798 to 1078
Gabrielfs13: raises 8136 to 9214 and is all-in
sexynanny: calls 5289 and is all-in
Uncalled bet (2847) returned to Gabrielfs13
*** FLOP *** [6d 4d Qs]
*** TURN *** [6d 4d Qs] [3h]
*** RIVER *** [6d 4d Qs 3h] [9h]
*** SHOW DOWN ***
sexynanny: shows [Js Jd] (a pair of Jacks)
Gabrielfs13: shows [Jh Jc] (a pair of Jacks)
sexynanny collected 6486 from pot
Gabrielfs13 collected 6486 from pot
*** SUMMARY ***
Total pot 12972 | Rake 0 
Board [6d 4d Qs 3h 9h]
Seat 1: ugidugi87 folded before Flop (didn't bet)
Seat 2: Lo.grad3 folded before Flop (didn't bet)
Seat 3: wladi1986 (button) folded before Flop (didn't bet)
Seat 4: aivaaaras (small blind) folded before Flop
Seat 5: sexynanny (big blind) showed [Js Jd] and won (6486) with a pair of Jacks
Seat 6: Frixi69 folded before Flop (didn't bet)
Seat 7: Toshiro_Koga folded before Flop (didn't bet)
Seat 8: Gabrielfs13 showed [Jh Jc] and won (6486) with a pair of Jacks



PokerStars Hand #257171970668: Tournament #3914700342, $4.80+$5.00+$1.20 USD Hold'em No Limit - Level III (70/140) - 2025/08/01 13:54:41 BRT [2025/08/01 12:54:41 ET]
Table '3914700342 1' 8-max Seat #4 is the button
Seat 1: ugidugi87 (4406 in chips, $5 bounty) 
Seat 2: Lo.grad3 (4075 in chips, $5 bounty) 
Seat 3: wladi1986 (5057 in chips, $5 bounty) 
Seat 4: aivaaaras (4170 in chips, $5 bounty) 
Seat 5: sexynanny (6486 in chips, $7.50 bounty) 
Seat 7: Toshiro_Koga (10958 in chips, $7.50 bounty) 
Seat 8: Gabrielfs13 (9333 in chips, $7.50 bounty) 
ugidugi87: posts the ante 21
Lo.grad3: posts the ante 21
wladi1986: posts the ante 21
aivaaaras: posts the ante 21
sexynanny: posts the ante 21
Toshiro_Koga: posts the ante 21
Gabrielfs13: posts the ante 21
sexynanny: posts small blind 70
Toshiro_Koga: posts big blind 140
*** HOLE CARDS ***
Dealt to Gabrielfs13 [Kd Td]
Gabrielfs13: raises 140 to 280
ugidugi87: calls 280
Lo.grad3: folds 
wladi1986: calls 280
aivaaaras: folds 
sexynanny: calls 210
Toshiro_Koga: raises 1120 to 1400
Gabrielfs13: folds 
ugidugi87: raises 2985 to 4385 and is all-in
wladi1986: folds 
sexynanny: folds 
Toshiro_Koga: calls 2985
*** FLOP *** [4h 4d 9c]
*** TURN *** [4h 4d 9c] [Ks]
*** RIVER *** [4h 4d 9c Ks] [6s]
*** SHOW DOWN ***
Toshiro_Koga: shows [5h Ah] (a pair of Fours)
ugidugi87: shows [8s 8d] (two pair, Eights and Fours)
ugidugi87 collected 9757 from pot
*** SUMMARY ***
Total pot 9757 | Rake 0 
Board [4h 4d 9c Ks 6s]
Seat 1: ugidugi87 showed [8s 8d] and won (9757) with two pair, Eights and Fours
Seat 2: Lo.grad3 folded before Flop (didn't bet)
Seat 3: wladi1986 folded before Flop
Seat 4: aivaaaras (button) folded before Flop (didn't bet)
Seat 5: sexynanny (small blind) folded before Flop
Seat 7: Toshiro_Koga (big blind) showed [5h Ah] and lost with a pair of Fours
Seat 8: Gabrielfs13 folded before Flop



PokerStars Hand #257172033868: Tournament #3914700342, $4.80+$5.00+$1.20 USD Hold'em No Limit - Level III (70/140) - 2025/08/01 14:01:42 BRT [2025/08/01 13:01:42 ET]
Table '3914700342 1' 8-max Seat #5 is the button
Seat 1: ugidugi87 (9757 in chips, $5 bounty) 
Seat 2: Lo.grad3 (4054 in chips, $5 bounty) 
Seat 3: wladi1986 (4756 in chips, $5 bounty) 
Seat 4: aivaaaras (4149 in chips, $5 bounty) 
Seat 5: sexynanny (6185 in chips, $7.50 bounty) 
Seat 6: pontiac19 (5000 in chips) out of hand (moved from another table into small blind)
Seat 7: Toshiro_Koga (6552 in chips, $7.50 bounty) 
Seat 8: Gabrielfs13 (9032 in chips, $7.50 bounty) 
pontiac19 will be allowed to play after the button
ugidugi87: posts the ante 21
Lo.grad3: posts the ante 21
wladi1986: posts the ante 21
aivaaaras: posts the ante 21
sexynanny: posts the ante 21
Toshiro_Koga: posts the ante 21
Gabrielfs13: posts the ante 21
Toshiro_Koga: posts small blind 70
Gabrielfs13: posts big blind 140
*** HOLE CARDS ***
Dealt to Gabrielfs13 [Ac 6c]
ugidugi87: calls 140
Lo.grad3: folds 
wladi1986 has timed out
wladi1986: folds 
wladi1986 is sitting out
aivaaaras: folds 
sexynanny: calls 140
wladi1986 is disconnected 
Toshiro_Koga: calls 70
Gabrielfs13: checks 
*** FLOP *** [4d Jc 4h]
Toshiro_Koga: checks 
Gabrielfs13: checks 
ugidugi87: bets 140
sexynanny: folds 
Toshiro_Koga: folds 
Gabrielfs13: folds 
Uncalled bet (140) returned to ugidugi87
ugidugi87 collected 707 from pot
ugidugi87: doesn't show hand 
*** SUMMARY ***
Total pot 707 | Rake 0 
Board [4d Jc 4h]
Seat 1: ugidugi87 collected (707)
Seat 2: Lo.grad3 folded before Flop (didn't bet)
Seat 3: wladi1986 folded before Flop (didn't bet)
Seat 4: aivaaaras folded before Flop (didn't bet)
Seat 5: sexynanny (button) folded on the Flop
Seat 7: Toshiro_Koga (small blind) folded on the Flop
Seat 8: Gabrielfs13 (big blind) folded on the Flop



PokerStars Hand #257172050348: Tournament #3914700342, $4.80+$5.00+$1.20 USD Hold'em No Limit - Level IV (80/160) - 2025/08/01 14:03:11 BRT [2025/08/01 13:03:11 ET]
Table '3914700342 1' 8-max Seat #7 is the button
Seat 1: ugidugi87 (10303 in chips, $5 bounty) 
Seat 2: Lo.grad3 (4033 in chips, $5 bounty) 
Seat 3: wladi1986 (4735 in chips, $5 bounty) is sitting out
Seat 4: aivaaaras (4128 in chips, $5 bounty) 
Seat 5: sexynanny (6024 in chips, $7.50 bounty) 
Seat 6: pontiac19 (5000 in chips, $5 bounty) 
Seat 7: Toshiro_Koga (6391 in chips, $7.50 bounty) 
Seat 8: Gabrielfs13 (8871 in chips, $7.50 bounty) 
ugidugi87: posts the ante 24
Lo.grad3: posts the ante 24
wladi1986: posts the ante 24
aivaaaras: posts the ante 24
sexynanny: posts the ante 24
pontiac19: posts the ante 24
Toshiro_Koga: posts the ante 24
Gabrielfs13: posts the ante 24
Gabrielfs13: posts small blind 80
ugidugi87: posts big blind 160
*** HOLE CARDS ***
Dealt to Gabrielfs13 [8s 2h]
Lo.grad3: folds 
wladi1986: folds 
aivaaaras: raises 160 to 320
sexynanny: calls 320
pontiac19: folds 
Toshiro_Koga: calls 320
Gabrielfs13: folds 
ugidugi87: calls 160
*** FLOP *** [6c 7h Jh]
ugidugi87: checks 
aivaaaras: checks 
sexynanny: checks 
Toshiro_Koga: bets 672
ugidugi87: folds 
aivaaaras: folds 
sexynanny: calls 672
*** TURN *** [6c 7h Jh] [6d]
sexynanny: checks 
Toshiro_Koga: bets 1911
sexynanny: folds 
Uncalled bet (1911) returned to Toshiro_Koga
Toshiro_Koga collected 2896 from pot
Toshiro_Koga: doesn't show hand 
*** SUMMARY ***
Total pot 2896 | Rake 0 
Board [6c 7h Jh 6d]
Seat 1: ugidugi87 (big blind) folded on the Flop
Seat 2: Lo.grad3 folded before Flop (didn't bet)
Seat 3: wladi1986 folded before Flop (didn't bet)
Seat 4: aivaaaras folded on the Flop
Seat 5: sexynanny folded on the Turn
Seat 6: pontiac19 folded before Flop (didn't bet)
Seat 7: Toshiro_Koga (button) collected (2896)
Seat 8: Gabrielfs13 (small blind) folded before Flop



PokerStars Hand #257172063927: Tournament #3914700342, $4.80+$5.00+$1.20 USD Hold'em No Limit - Level IV (80/160) - 2025/08/01 14:04:23 BRT [2025/08/01 13:04:23 ET]
Table '3914700342 1' 8-max Seat #8 is the button
Seat 1: ugidugi87 (9959 in chips, $5 bounty) 
Seat 2: Lo.grad3 (4009 in chips, $5 bounty) 
Seat 3: wladi1986 (4711 in chips, $5 bounty) is sitting out
Seat 4: aivaaaras (3784 in chips, $5 bounty) 
Seat 5: sexynanny (5008 in chips, $7.50 bounty) 
Seat 6: pontiac19 (4976 in chips, $5 bounty) 
Seat 7: Toshiro_Koga (8271 in chips, $7.50 bounty) 
Seat 8: Gabrielfs13 (8767 in chips, $7.50 bounty) 
ugidugi87: posts the ante 24
Lo.grad3: posts the ante 24
wladi1986: posts the ante 24
aivaaaras: posts the ante 24
sexynanny: posts the ante 24
pontiac19: posts the ante 24
Toshiro_Koga: posts the ante 24
Gabrielfs13: posts the ante 24
ugidugi87: posts small blind 80
Lo.grad3: posts big blind 160
*** HOLE CARDS ***
Dealt to Gabrielfs13 [3c Tc]
wladi1986: folds 
aivaaaras: folds 
sexynanny: folds 
pontiac19: raises 160 to 320
Toshiro_Koga: folds 
Gabrielfs13: folds 
ugidugi87: folds 
Lo.grad3: calls 160
*** FLOP *** [5c 6h 7c]
Lo.grad3: checks 
pontiac19: checks 
*** TURN *** [5c 6h 7c] [9d]
Lo.grad3: checks 
pontiac19: bets 456
Lo.grad3: calls 456
*** RIVER *** [5c 6h 7c 9d] [2c]
Lo.grad3: checks 
pontiac19: bets 4176 and is all-in
Lo.grad3: folds 
Uncalled bet (4176) returned to pontiac19
pontiac19 collected 1824 from pot
pontiac19: doesn't show hand 
*** SUMMARY ***
Total pot 1824 | Rake 0 
Board [5c 6h 7c 9d 2c]
Seat 1: ugidugi87 (small blind) folded before Flop
Seat 2: Lo.grad3 (big blind) folded on the River
Seat 3: wladi1986 folded before Flop (didn't bet)
Seat 4: aivaaaras folded before Flop (didn't bet)
Seat 5: sexynanny folded before Flop (didn't bet)
Seat 6: pontiac19 collected (1824)
Seat 7: Toshiro_Koga folded before Flop (didn't bet)
Seat 8: Gabrielfs13 (button) folded before Flop (didn't bet)



PokerStars Hand #257172077737: Tournament #3914700342, $4.80+$5.00+$1.20 USD Hold'em No Limit - Level IV (80/160) - 2025/08/01 14:05:36 BRT [2025/08/01 13:05:36 ET]
Table '3914700342 1' 8-max Seat #1 is the button
Seat 1: ugidugi87 (9855 in chips, $5 bounty) 
Seat 2: Lo.grad3 (3209 in chips, $5 bounty) 
Seat 3: wladi1986 (4687 in chips, $5 bounty) is sitting out
Seat 4: aivaaaras (3760 in chips, $5 bounty) 
Seat 5: sexynanny (4984 in chips, $7.50 bounty) 
Seat 6: pontiac19 (6000 in chips, $5 bounty) 
Seat 7: Toshiro_Koga (8247 in chips, $7.50 bounty) 
Seat 8: Gabrielfs13 (8743 in chips, $7.50 bounty) 
ugidugi87: posts the ante 24
Lo.grad3: posts the ante 24
wladi1986: posts the ante 24
aivaaaras: posts the ante 24
sexynanny: posts the ante 24
pontiac19: posts the ante 24
Toshiro_Koga: posts the ante 24
Gabrielfs13: posts the ante 24
Lo.grad3: posts small blind 80
wladi1986: posts big blind 160
*** HOLE CARDS ***
Dealt to Gabrielfs13 [5d 3s]
aivaaaras: raises 160 to 320
sexynanny: folds 
pontiac19: folds 
Toshiro_Koga: folds 
Gabrielfs13: folds 
ugidugi87: folds 
Lo.grad3: raises 2865 to 3185 and is all-in
wladi1986: folds 
aivaaaras: folds 
Uncalled bet (2865) returned to Lo.grad3
Lo.grad3 collected 992 from pot
Lo.grad3: doesn't show hand 
*** SUMMARY ***
Total pot 992 | Rake 0 
Seat 1: ugidugi87 (button) folded before Flop (didn't bet)
Seat 2: Lo.grad3 (small blind) collected (992)
Seat 3: wladi1986 (big blind) folded before Flop
Seat 4: aivaaaras folded before Flop
Seat 5: sexynanny folded before Flop (didn't bet)
Seat 6: pontiac19 folded before Flop (didn't bet)
Seat 7: Toshiro_Koga folded before Flop (didn't bet)
Seat 8: Gabrielfs13 folded before Flop (didn't bet)



PokerStars Hand #257172083880: Tournament #3914700342, $4.80+$5.00+$1.20 USD Hold'em No Limit - Level IV (80/160) - 2025/08/01 14:06:08 BRT [2025/08/01 13:06:08 ET]
Table '3914700342 1' 8-max Seat #2 is the button
Seat 1: ugidugi87 (9831 in chips, $5 bounty) 
Seat 2: Lo.grad3 (3857 in chips, $5 bounty) 
Seat 3: wladi1986 (4503 in chips, $5 bounty) is sitting out
Seat 4: aivaaaras (3416 in chips, $5 bounty) 
Seat 5: sexynanny (4960 in chips, $7.50 bounty) 
Seat 6: pontiac19 (5976 in chips, $5 bounty) 
Seat 7: Toshiro_Koga (8223 in chips, $7.50 bounty) 
Seat 8: Gabrielfs13 (8719 in chips, $7.50 bounty) 
ugidugi87: posts the ante 24
Lo.grad3: posts the ante 24
wladi1986: posts the ante 24
aivaaaras: posts the ante 24
sexynanny: posts the ante 24
pontiac19: posts the ante 24
Toshiro_Koga: posts the ante 24
Gabrielfs13: posts the ante 24
wladi1986: posts small blind 80
aivaaaras: posts big blind 160
*** HOLE CARDS ***
Dealt to Gabrielfs13 [Jc Qh]
sexynanny: folds 
pontiac19: folds 
Toshiro_Koga: folds 
Gabrielfs13: raises 160 to 320
ugidugi87: folds 
Lo.grad3: folds 
wladi1986: folds 
aivaaaras: calls 160
*** FLOP *** [8s 6d 5h]
aivaaaras: checks 
Gabrielfs13 has timed out
Gabrielfs13: checks 
*** TURN *** [8s 6d 5h] [3h]
aivaaaras: bets 456
Gabrielfs13: folds 
Uncalled bet (456) returned to aivaaaras
aivaaaras collected 912 from pot
aivaaaras: doesn't show hand 
*** SUMMARY ***
Total pot 912 | Rake 0 
Board [8s 6d 5h 3h]
Seat 1: ugidugi87 folded before Flop (didn't bet)
Seat 2: Lo.grad3 (button) folded before Flop (didn't bet)
Seat 3: wladi1986 (small blind) folded before Flop
Seat 4: aivaaaras (big blind) collected (912)
Seat 5: sexynanny folded before Flop (didn't bet)
Seat 6: pontiac19 folded before Flop (didn't bet)
Seat 7: Toshiro_Koga folded before Flop (didn't bet)
Seat 8: Gabrielfs13 folded on the Turn



PokerStars Hand #257172096578: Tournament #3914700342, $4.80+$5.00+$1.20 USD Hold'em No Limit - Level IV (80/160) - 2025/08/01 14:07:14 BRT [2025/08/01 13:07:14 ET]
Table '3914700342 1' 8-max Seat #3 is the button
Seat 2: Lo.grad3 (3833 in chips, $5 bounty) 
Seat 3: wladi1986 (4399 in chips, $5 bounty) is sitting out
Seat 4: aivaaaras (3984 in chips, $5 bounty) 
Seat 5: sexynanny (4936 in chips, $7.50 bounty) 
Seat 6: pontiac19 (5952 in chips, $5 bounty) 
Seat 7: Toshiro_Koga (8199 in chips, $7.50 bounty) 
Seat 8: Gabrielfs13 (8375 in chips, $7.50 bounty) 
Lo.grad3: posts the ante 24
wladi1986: posts the ante 24
aivaaaras: posts the ante 24
sexynanny: posts the ante 24
pontiac19: posts the ante 24
Toshiro_Koga: posts the ante 24
Gabrielfs13: posts the ante 24
aivaaaras: posts small blind 80
sexynanny: posts big blind 160
*** HOLE CARDS ***
Dealt to Gabrielfs13 [2c 7h]
pontiac19: folds 
Toshiro_Koga: folds 
Gabrielfs13: folds 
Lo.grad3: folds 
wladi1986: folds 
aivaaaras: folds 
Uncalled bet (80) returned to sexynanny
sexynanny collected 328 from pot
sexynanny: doesn't show hand 
*** SUMMARY ***
Total pot 328 | Rake 0 
Seat 2: Lo.grad3 folded before Flop (didn't bet)
Seat 3: wladi1986 (button) folded before Flop (didn't bet)
Seat 4: aivaaaras (small blind) folded before Flop
Seat 5: sexynanny (big blind) collected (328)
Seat 6: pontiac19 folded before Flop (didn't bet)
Seat 7: Toshiro_Koga folded before Flop (didn't bet)
Seat 8: Gabrielfs13 folded before Flop (didn't bet)



PokerStars Hand #257172099216: Tournament #3914700342, $4.80+$5.00+$1.20 USD Hold'em No Limit - Level IV (80/160) - 2025/08/01 14:07:28 BRT [2025/08/01 13:07:28 ET]
Table '3914700342 1' 8-max Seat #4 is the button
Seat 2: Lo.grad3 (3809 in chips, $5 bounty) 
Seat 3: wladi1986 (4375 in chips, $5 bounty) is sitting out
Seat 4: aivaaaras (3880 in chips, $5 bounty) 
Seat 5: sexynanny (5160 in chips, $7.50 bounty) 
Seat 6: pontiac19 (5928 in chips, $5 bounty) 
Seat 7: Toshiro_Koga (8175 in chips, $7.50 bounty) 
Seat 8: Gabrielfs13 (8351 in chips, $7.50 bounty) 
Lo.grad3: posts the ante 24
wladi1986: posts the ante 24
aivaaaras: posts the ante 24
sexynanny: posts the ante 24
pontiac19: posts the ante 24
Toshiro_Koga: posts the ante 24
Gabrielfs13: posts the ante 24
sexynanny: posts small blind 80
pontiac19: posts big blind 160
*** HOLE CARDS ***
Dealt to Gabrielfs13 [Js Ts]
Toshiro_Koga: folds 
Gabrielfs13: raises 160 to 320
Lo.grad3: calls 320
wladi1986: folds 
aivaaaras: calls 320
sexynanny: folds 
pontiac19: calls 160
*** FLOP *** [8h 9h 4d]
pontiac19: checks 
Gabrielfs13: checks 
Lo.grad3: checks 
aivaaaras: checks 
*** TURN *** [8h 9h 4d] [8s]
pontiac19: bets 764
Gabrielfs13: folds 
Lo.grad3: folds 
aivaaaras: calls 764
*** RIVER *** [8h 9h 4d 8s] [Qd]
pontiac19: bets 4820 and is all-in
aivaaaras: folds 
Uncalled bet (4820) returned to pontiac19
pontiac19 collected 3056 from pot
pontiac19: doesn't show hand 
*** SUMMARY ***
Total pot 3056 | Rake 0 
Board [8h 9h 4d 8s Qd]
Seat 2: Lo.grad3 folded on the Turn
Seat 3: wladi1986 folded before Flop (didn't bet)
Seat 4: aivaaaras (button) folded on the River
Seat 5: sexynanny (small blind) folded before Flop
Seat 6: pontiac19 (big blind) collected (3056)
Seat 7: Toshiro_Koga folded before Flop (didn't bet)
Seat 8: Gabrielfs13 folded on the Turn



PokerStars Hand #257172121860: Tournament #3914700342, $4.80+$5.00+$1.20 USD Hold'em No Limit - Level V (90/180) - 2025/08/01 14:09:26 BRT [2025/08/01 13:09:26 ET]
Table '3914700342 1' 8-max Seat #5 is the button
Seat 2: Lo.grad3 (3465 in chips, $5 bounty) 
Seat 3: wladi1986 (4351 in chips, $5 bounty) is sitting out
Seat 4: aivaaaras (2772 in chips, $5 bounty) 
Seat 5: sexynanny (5056 in chips, $7.50 bounty) 
Seat 6: pontiac19 (7876 in chips, $5 bounty) 
Seat 7: Toshiro_Koga (8151 in chips, $7.50 bounty) 
Seat 8: Gabrielfs13 (8007 in chips, $7.50 bounty) 
Lo.grad3: posts the ante 27
wladi1986: posts the ante 27
aivaaaras: posts the ante 27
sexynanny: posts the ante 27
pontiac19: posts the ante 27
Toshiro_Koga: posts the ante 27
Gabrielfs13: posts the ante 27
pontiac19: posts small blind 90
Toshiro_Koga: posts big blind 180
*** HOLE CARDS ***
Dealt to Gabrielfs13 [Js 6c]
Gabrielfs13: folds 
Lo.grad3: folds 
wladi1986: folds 
aivaaaras: raises 180 to 360
sexynanny: calls 360
pontiac19: calls 270
Toshiro_Koga: calls 180
*** FLOP *** [Qh Th 3d]
pontiac19: checks 
Toshiro_Koga: checks 
aivaaaras: bets 815
wladi1986 is disconnected 
wladi1986 has returned
sexynanny: calls 815
pontiac19: folds 
Toshiro_Koga: folds 
*** TURN *** [Qh Th 3d] [7h]
aivaaaras: bets 1570 and is all-in
sexynanny: calls 1570
100%ludoman is disconnected 
*** RIVER *** [Qh Th 3d 7h] [3s]
*** SHOW DOWN ***
aivaaaras: shows [2d Ah] (a pair of Threes)
sexynanny: shows [As Tc] (two pair, Tens and Threes)
sexynanny collected 6399 from pot
sexynanny wins $2.50 for eliminating aivaaaras and their own bounty increases by $2.50 to $10
aivaaaras finished the tournament
*** SUMMARY ***
Total pot 6399 | Rake 0 
Board [Qh Th 3d 7h 3s]
Seat 2: Lo.grad3 folded before Flop (didn't bet)
Seat 3: wladi1986 folded before Flop (didn't bet)
Seat 4: aivaaaras showed [2d Ah] and lost with a pair of Threes
Seat 5: sexynanny (button) showed [As Tc] and won (6399) with two pair, Tens and Threes
Seat 6: pontiac19 (small blind) folded on the Flop
Seat 7: Toshiro_Koga (big blind) folded on the Flop
Seat 8: Gabrielfs13 folded before Flop (didn't bet)



PokerStars Hand #257172137707: Tournament #3914700342, $4.80+$5.00+$1.20 USD Hold'em No Limit - Level V (90/180) - 2025/08/01 14:10:48 BRT [2025/08/01 13:10:48 ET]
Table '3914700342 1' 8-max Seat #6 is the button
Seat 1: 100%ludoman (5000 in chips, $5 bounty) 
Seat 2: Lo.grad3 (3438 in chips, $5 bounty) 
Seat 3: wladi1986 (4324 in chips, $5 bounty) 
Seat 5: sexynanny (8683 in chips, $10 bounty) 
Seat 6: pontiac19 (7489 in chips, $5 bounty) 
Seat 7: Toshiro_Koga (7764 in chips, $7.50 bounty) 
Seat 8: Gabrielfs13 (7980 in chips, $7.50 bounty) 
100%ludoman: posts the ante 27
Lo.grad3: posts the ante 27
wladi1986: posts the ante 27
sexynanny: posts the ante 27
pontiac19: posts the ante 27
Toshiro_Koga: posts the ante 27
Gabrielfs13: posts the ante 27
Toshiro_Koga: posts small blind 90
Gabrielfs13: posts big blind 180
*** HOLE CARDS ***
Dealt to Gabrielfs13 [3d 5s]
100%ludoman: folds 
Lo.grad3: calls 180
wladi1986: raises 360 to 540
sexynanny: folds 
pontiac19: folds 
Toshiro_Koga: calls 450
Gabrielfs13 has timed out
Gabrielfs13: folds 
Gabrielfs13 is sitting out
Lo.grad3: calls 360
*** FLOP *** [6d Jc 3s]
Toshiro_Koga: checks 
Lo.grad3: checks 
wladi1986: bets 540
RaTSaM is disconnected 
Toshiro_Koga: raises 720 to 1260
Lo.grad3: folds 
wladi1986: calls 720
*** TURN *** [6d Jc 3s] [Js]
Toshiro_Koga: bets 810
wladi1986: calls 810
*** RIVER *** [6d Jc 3s Js] [Ah]
Toshiro_Koga: checks 
Gabrielfs13 has returned
wladi1986: bets 720
Toshiro_Koga: calls 720
*** SHOW DOWN ***
wladi1986: shows [Ks Qs] (a pair of Jacks)
Toshiro_Koga: shows [Ad 9s] (two pair, Aces and Jacks)
Toshiro_Koga collected 7569 from pot
*** SUMMARY ***
Total pot 7569 | Rake 0 
Board [6d Jc 3s Js Ah]
Seat 1: 100%ludoman folded before Flop (didn't bet)
Seat 2: Lo.grad3 folded on the Flop
Seat 3: wladi1986 showed [Ks Qs] and lost with a pair of Jacks
Seat 5: sexynanny folded before Flop (didn't bet)
Seat 6: pontiac19 (button) folded before Flop (didn't bet)
Seat 7: Toshiro_Koga (small blind) showed [Ad 9s] and won (7569) with two pair, Aces and Jacks
Seat 8: Gabrielfs13 (big blind) folded before Flop



PokerStars Hand #257172157364: Tournament #3914700342, $4.80+$5.00+$1.20 USD Hold'em No Limit - Level V (90/180) - 2025/08/01 14:12:29 BRT [2025/08/01 13:12:29 ET]
Table '3914700342 1' 8-max Seat #7 is the button
Seat 1: 100%ludoman (4973 in chips, $5 bounty) 
Seat 3: wladi1986 (967 in chips, $5 bounty) 
Seat 4: RaTSaM (5000 in chips, $5 bounty) 
Seat 5: sexynanny (8656 in chips, $10 bounty) 
Seat 6: pontiac19 (7462 in chips, $5 bounty) 
Seat 7: Toshiro_Koga (11976 in chips, $7.50 bounty) 
Seat 8: Gabrielfs13 (7773 in chips, $7.50 bounty) 
100%ludoman: posts the ante 27
wladi1986: posts the ante 27
RaTSaM: posts the ante 27
sexynanny: posts the ante 27
pontiac19: posts the ante 27
Toshiro_Koga: posts the ante 27
Gabrielfs13: posts the ante 27
Gabrielfs13: posts small blind 90
100%ludoman: posts big blind 180
*** HOLE CARDS ***
Dealt to Gabrielfs13 [2s Qd]
wladi1986: raises 760 to 940 and is all-in
RaTSaM: folds 
sexynanny: calls 940
pontiac19: calls 940
Toshiro_Koga: folds 
Gabrielfs13: folds 
100%ludoman: folds 
*** FLOP *** [Ac 5c Qc]
sexynanny: checks 
pontiac19: checks 
*** TURN *** [Ac 5c Qc] [Kc]
sexynanny: checks 
pontiac19: checks 
*** RIVER *** [Ac 5c Qc Kc] [Jc]
sexynanny: checks 
pontiac19: bets 1640
sexynanny: folds 
Uncalled bet (1640) returned to pontiac19
*** SHOW DOWN ***
pontiac19: shows [7s 7h] (a flush, Ace high)
wladi1986: shows [Qh 9s] (a flush, Ace high)
wladi1986 collected 1640 from pot
pontiac19 collected 1639 from pot
*** SUMMARY ***
Total pot 3279 | Rake 0 
Board [Ac 5c Qc Kc Jc]
Seat 1: 100%ludoman (big blind) folded before Flop
Seat 3: wladi1986 showed [Qh 9s] and won (1640) with a flush, Ace high
Seat 4: RaTSaM folded before Flop (didn't bet)
Seat 5: sexynanny folded on the River
Seat 6: pontiac19 showed [7s 7h] and won (1639) with a flush, Ace high
Seat 7: Toshiro_Koga (button) folded before Flop (didn't bet)
Seat 8: Gabrielfs13 (small blind) folded before Flop



PokerStars Hand #257172168238: Tournament #3914700342, $4.80+$5.00+$1.20 USD Hold'em No Limit - Level VI (100/200) - 2025/08/01 14:13:25 BRT [2025/08/01 13:13:25 ET]
Table '3914700342 1' 8-max Seat #8 is the button
Seat 1: 100%ludoman (4766 in chips, $5 bounty) 
Seat 3: wladi1986 (1640 in chips, $5 bounty) 
Seat 4: RaTSaM (4973 in chips, $5 bounty) 
Seat 6: pontiac19 (8134 in chips, $5 bounty) 
Seat 7: Toshiro_Koga (11949 in chips, $7.50 bounty) 
Seat 8: Gabrielfs13 (7656 in chips, $7.50 bounty) 
100%ludoman: posts the ante 30
wladi1986: posts the ante 30
RaTSaM: posts the ante 30
pontiac19: posts the ante 30
Toshiro_Koga: posts the ante 30
Gabrielfs13: posts the ante 30
100%ludoman: posts small blind 100
wladi1986: posts big blind 200
*** HOLE CARDS ***
Dealt to Gabrielfs13 [Jd Kh]
RaTSaM: folds 
badknife is disconnected 
pontiac19: raises 200 to 400
Toshiro_Koga: folds 
Gabrielfs13: calls 400
100%ludoman: folds 
wladi1986: calls 200
*** FLOP *** [Ah 4s 5h]
wladi1986: checks 
pontiac19: bets 740
Gabrielfs13: folds 
wladi1986: folds 
Uncalled bet (740) returned to pontiac19
pontiac19 collected 1480 from pot
pontiac19: doesn't show hand 
*** SUMMARY ***
Total pot 1480 | Rake 0 
Board [Ah 4s 5h]
Seat 1: 100%ludoman (small blind) folded before Flop
Seat 3: wladi1986 (big blind) folded on the Flop
Seat 4: RaTSaM folded before Flop (didn't bet)
Seat 6: pontiac19 collected (1480)
Seat 7: Toshiro_Koga folded before Flop (didn't bet)
Seat 8: Gabrielfs13 (button) folded on the Flop



PokerStars Hand #257172181274: Tournament #3914700342, $4.80+$5.00+$1.20 USD Hold'em No Limit - Level VI (100/200) - 2025/08/01 14:14:32 BRT [2025/08/01 13:14:32 ET]
Table '3914700342 1' 8-max Seat #1 is the button
Seat 1: 100%ludoman (4636 in chips, $5 bounty) 
Seat 3: wladi1986 (1210 in chips, $5 bounty) 
Seat 4: RaTSaM (4943 in chips, $5 bounty) 
Seat 5: badknife (6746 in chips, $5 bounty) 
Seat 6: pontiac19 (9184 in chips, $5 bounty) 
Seat 7: Toshiro_Koga (11919 in chips, $7.50 bounty) 
Seat 8: Gabrielfs13 (7226 in chips, $7.50 bounty) 
100%ludoman: posts the ante 30
wladi1986: posts the ante 30
RaTSaM: posts the ante 30
badknife: posts the ante 30
pontiac19: posts the ante 30
Toshiro_Koga: posts the ante 30
Gabrielfs13: posts the ante 30
wladi1986: posts small blind 100
RaTSaM: posts big blind 200
*** HOLE CARDS ***
Dealt to Gabrielfs13 [Ac 3s]
badknife: raises 200 to 400
pontiac19: folds 
Toshiro_Koga: folds 
Gabrielfs13: folds 
100%ludoman: calls 400
wladi1986: calls 300
RaTSaM: folds 
*** FLOP *** [Tc 2d 2h]
wladi1986: bets 780 and is all-in
badknife: raises 5536 to 6316 and is all-in
100%ludoman: folds 
Uncalled bet (5536) returned to badknife
*** TURN *** [Tc 2d 2h] [Qh]
*** RIVER *** [Tc 2d 2h Qh] [9h]
*** SHOW DOWN ***
wladi1986: shows [Ts Kh] (two pair, Tens and Deuces)
badknife: shows [Jc Td] (two pair, Tens and Deuces - lower kicker)
wladi1986 collected 3170 from pot
*** SUMMARY ***
Total pot 3170 | Rake 0 
Board [Tc 2d 2h Qh 9h]
Seat 1: 100%ludoman (button) folded on the Flop
Seat 3: wladi1986 (small blind) showed [Ts Kh] and won (3170) with two pair, Tens and Deuces
Seat 4: RaTSaM (big blind) folded before Flop
Seat 5: badknife showed [Jc Td] and lost with two pair, Tens and Deuces
Seat 6: pontiac19 folded before Flop (didn't bet)
Seat 7: Toshiro_Koga folded before Flop (didn't bet)
Seat 8: Gabrielfs13 folded before Flop (didn't bet)



PokerStars Hand #257172189082: Tournament #3914700342, $4.80+$5.00+$1.20 USD Hold'em No Limit - Level VI (100/200) - 2025/08/01 14:15:11 BRT [2025/08/01 13:15:11 ET]
Table '3914700342 1' 8-max Seat #3 is the button
Seat 1: 100%ludoman (4206 in chips, $5 bounty) 
Seat 3: wladi1986 (3170 in chips, $5 bounty) 
Seat 4: RaTSaM (4713 in chips, $5 bounty) 
Seat 5: badknife (5536 in chips, $5 bounty) 
Seat 6: pontiac19 (9154 in chips, $5 bounty) 
Seat 7: Toshiro_Koga (11889 in chips, $7.50 bounty) 
Seat 8: Gabrielfs13 (7196 in chips, $7.50 bounty) 
100%ludoman: posts the ante 30
wladi1986: posts the ante 30
RaTSaM: posts the ante 30
badknife: posts the ante 30
pontiac19: posts the ante 30
Toshiro_Koga: posts the ante 30
Gabrielfs13: posts the ante 30
RaTSaM: posts small blind 100
badknife: posts big blind 200
*** HOLE CARDS ***
Dealt to Gabrielfs13 [3s As]
pontiac19: folds 
Toshiro_Koga: raises 200 to 400
Gabrielfs13: folds 
100%ludoman: folds 
wladi1986: calls 400
RaTSaM: folds 
badknife: calls 200
*** FLOP *** [2s Th Qd]
badknife: checks 
Toshiro_Koga: bets 500
wladi1986: folds 
badknife: folds 
Uncalled bet (500) returned to Toshiro_Koga
Toshiro_Koga collected 1510 from pot
Toshiro_Koga: doesn't show hand 
*** SUMMARY ***
Total pot 1510 | Rake 0 
Board [2s Th Qd]
Seat 1: 100%ludoman folded before Flop (didn't bet)
Seat 3: wladi1986 (button) folded on the Flop
Seat 4: RaTSaM (small blind) folded before Flop
Seat 5: badknife (big blind) folded on the Flop
Seat 6: pontiac19 folded before Flop (didn't bet)
Seat 7: Toshiro_Koga collected (1510)
Seat 8: Gabrielfs13 folded before Flop (didn't bet)



PokerStars Hand #257172200316: Tournament #3914700342, $4.80+$5.00+$1.20 USD Hold'em No Limit - Level VI (100/200) - 2025/08/01 14:16:09 BRT [2025/08/01 13:16:09 ET]
Table '3914700342 1' 8-max Seat #4 is the button
Seat 1: 100%ludoman (4176 in chips, $5 bounty) 
Seat 3: wladi1986 (2740 in chips, $5 bounty) 
Seat 4: RaTSaM (4583 in chips, $5 bounty) 
Seat 5: badknife (5106 in chips, $5 bounty) 
Seat 6: pontiac19 (9124 in chips, $5 bounty) 
Seat 7: Toshiro_Koga (12969 in chips, $7.50 bounty) 
Seat 8: Gabrielfs13 (7166 in chips, $7.50 bounty) 
100%ludoman: posts the ante 30
wladi1986: posts the ante 30
RaTSaM: posts the ante 30
badknife: posts the ante 30
pontiac19: posts the ante 30
Toshiro_Koga: posts the ante 30
Gabrielfs13: posts the ante 30
badknife: posts small blind 100
pontiac19: posts big blind 200
*** HOLE CARDS ***
Dealt to Gabrielfs13 [6c 2c]
Toshiro_Koga: raises 200 to 400
Gabrielfs13: folds 
100%ludoman: raises 1310 to 1710
wladi1986: raises 1000 to 2710 and is all-in
RaTSaM: folds 
badknife: folds 
pontiac19: folds 
Toshiro_Koga: folds 
100%ludoman: calls 1000
*** FLOP *** [7d Ad 6d]
*** TURN *** [7d Ad 6d] [Th]
*** RIVER *** [7d Ad 6d Th] [9d]
*** SHOW DOWN ***
100%ludoman: shows [Ac Ks] (a pair of Aces)
wladi1986: shows [Qc Kd] (a flush, Ace high)
wladi1986 collected 6330 from pot
*** SUMMARY ***
Total pot 6330 | Rake 0 
Board [7d Ad 6d Th 9d]
Seat 1: 100%ludoman showed [Ac Ks] and lost with a pair of Aces
Seat 3: wladi1986 showed [Qc Kd] and won (6330) with a flush, Ace high
Seat 4: RaTSaM (button) folded before Flop (didn't bet)
Seat 5: badknife (small blind) folded before Flop
Seat 6: pontiac19 (big blind) folded before Flop
Seat 7: Toshiro_Koga folded before Flop
Seat 8: Gabrielfs13 folded before Flop (didn't bet)



PokerStars Hand #257172206496: Tournament #3914700342, $4.80+$5.00+$1.20 USD Hold'em No Limit - Level VI (100/200) - 2025/08/01 14:16:41 BRT [2025/08/01 13:16:41 ET]
Table '3914700342 1' 8-max Seat #5 is the button
Seat 1: 100%ludoman (1436 in chips, $5 bounty) 
Seat 3: wladi1986 (6330 in chips, $5 bounty) 
Seat 4: RaTSaM (4553 in chips, $5 bounty) 
Seat 5: badknife (4976 in chips, $5 bounty) 
Seat 6: pontiac19 (8894 in chips, $5 bounty) 
Seat 7: Toshiro_Koga (12539 in chips, $7.50 bounty) 
Seat 8: Gabrielfs13 (7136 in chips, $7.50 bounty) 
100%ludoman: posts the ante 30
wladi1986: posts the ante 30
RaTSaM: posts the ante 30
badknife: posts the ante 30
pontiac19: posts the ante 30
Toshiro_Koga: posts the ante 30
Gabrielfs13: posts the ante 30
pontiac19: posts small blind 100
Toshiro_Koga: posts big blind 200
*** HOLE CARDS ***
Dealt to Gabrielfs13 [6d Td]
Gabrielfs13: folds 
100%ludoman: folds 
wladi1986: raises 200 to 400
RaTSaM: folds 
badknife: calls 400
pontiac19: folds 
Toshiro_Koga: folds 
*** FLOP *** [9d 9s Jh]
wladi1986: bets 1310
badknife: folds 
Uncalled bet (1310) returned to wladi1986
wladi1986 collected 1310 from pot
wladi1986: doesn't show hand 
*** SUMMARY ***
Total pot 1310 | Rake 0 
Board [9d 9s Jh]
Seat 1: 100%ludoman folded before Flop (didn't bet)
Seat 3: wladi1986 collected (1310)
Seat 4: RaTSaM folded before Flop (didn't bet)
Seat 5: badknife (button) folded on the Flop
Seat 6: pontiac19 (small blind) folded before Flop
Seat 7: Toshiro_Koga (big blind) folded before Flop
Seat 8: Gabrielfs13 folded before Flop (didn't bet)



PokerStars Hand #257172213251: Tournament #3914700342, $4.80+$5.00+$1.20 USD Hold'em No Limit - Level VI (100/200) - 2025/08/01 14:17:16 BRT [2025/08/01 13:17:16 ET]
Table '3914700342 1' 8-max Seat #6 is the button
Seat 1: 100%ludoman (1406 in chips, $5 bounty) 
Seat 3: wladi1986 (7210 in chips, $5 bounty) 
Seat 4: RaTSaM (4523 in chips, $5 bounty) 
Seat 5: badknife (4546 in chips, $5 bounty) 
Seat 6: pontiac19 (8764 in chips, $5 bounty) 
Seat 7: Toshiro_Koga (12309 in chips, $7.50 bounty) 
Seat 8: Gabrielfs13 (7106 in chips, $7.50 bounty) 
100%ludoman: posts the ante 30
wladi1986: posts the ante 30
RaTSaM: posts the ante 30
badknife: posts the ante 30
pontiac19: posts the ante 30
Toshiro_Koga: posts the ante 30
Gabrielfs13: posts the ante 30
Toshiro_Koga: posts small blind 100
Gabrielfs13: posts big blind 200
*** HOLE CARDS ***
Dealt to Gabrielfs13 [2s 7d]
100%ludoman: folds 
wladi1986: raises 200 to 400
RaTSaM: folds 
badknife: folds 
pontiac19: calls 400
Toshiro_Koga: folds 
Gabrielfs13 has timed out
Gabrielfs13: folds 
Gabrielfs13 is sitting out
*** FLOP *** [9d 3h 8h]
wladi1986: checks 
pontiac19: bets 655
wladi1986: raises 655 to 1310
pontiac19: calls 655
*** TURN *** [9d 3h 8h] [5h]
wladi1986: checks 
pontiac19: bets 1965
Gabrielfs13 has returned
wladi1986: raises 1965 to 3930
pontiac19: folds 
Uncalled bet (1965) returned to wladi1986
wladi1986 collected 7860 from pot
wladi1986: doesn't show hand 
*** SUMMARY ***
Total pot 7860 | Rake 0 
Board [9d 3h 8h 5h]
Seat 1: 100%ludoman folded before Flop (didn't bet)
Seat 3: wladi1986 collected (7860)
Seat 4: RaTSaM folded before Flop (didn't bet)
Seat 5: badknife folded before Flop (didn't bet)
Seat 6: pontiac19 (button) folded on the Turn
Seat 7: Toshiro_Koga (small blind) folded before Flop
Seat 8: Gabrielfs13 (big blind) folded before Flop



PokerStars Hand #257172227283: Tournament #3914700342, $4.80+$5.00+$1.20 USD Hold'em No Limit - Level VII (125/250) - 2025/08/01 14:18:29 BRT [2025/08/01 13:18:29 ET]
Table '3914700342 1' 8-max Seat #7 is the button
Seat 1: 100%ludoman (1376 in chips, $5 bounty) 
Seat 3: wladi1986 (11365 in chips, $5 bounty) 
Seat 4: RaTSaM (4493 in chips, $5 bounty) 
Seat 5: badknife (4516 in chips, $5 bounty) 
Seat 6: pontiac19 (5059 in chips, $5 bounty) 
Seat 7: Toshiro_Koga (12179 in chips, $7.50 bounty) 
Seat 8: Gabrielfs13 (6876 in chips, $7.50 bounty) 
100%ludoman: posts the ante 38
wladi1986: posts the ante 38
RaTSaM: posts the ante 38
badknife: posts the ante 38
pontiac19: posts the ante 38
Toshiro_Koga: posts the ante 38
Gabrielfs13: posts the ante 38
Gabrielfs13: posts small blind 125
100%ludoman: posts big blind 250
*** HOLE CARDS ***
Dealt to Gabrielfs13 [Ts 6s]
wladi1986: calls 250
RaTSaM: folds 
badknife: folds 
pontiac19: folds 
Toshiro_Koga: raises 750 to 1000
Gabrielfs13: folds 
100%ludoman: folds 
wladi1986: calls 750
*** FLOP *** [5h 2d Qh]
wladi1986: checks 
Toshiro_Koga: bets 875
wladi1986: calls 875
*** TURN *** [5h 2d Qh] [As]
wladi1986: checks 
Toshiro_Koga: bets 2648
wladi1986: folds 
Uncalled bet (2648) returned to Toshiro_Koga
Toshiro_Koga collected 4391 from pot
Toshiro_Koga: doesn't show hand 
*** SUMMARY ***
Total pot 4391 | Rake 0 
Board [5h 2d Qh As]
Seat 1: 100%ludoman (big blind) folded before Flop
Seat 3: wladi1986 folded on the Turn
Seat 4: RaTSaM folded before Flop (didn't bet)
Seat 5: badknife folded before Flop (didn't bet)
Seat 6: pontiac19 folded before Flop (didn't bet)
Seat 7: Toshiro_Koga (button) collected (4391)
Seat 8: Gabrielfs13 (small blind) folded before Flop



PokerStars Hand #257172238272: Tournament #3914700342, $4.80+$5.00+$1.20 USD Hold'em No Limit - Level VII (125/250) - 2025/08/01 14:19:26 BRT [2025/08/01 13:19:26 ET]
Table '3914700342 1' 8-max Seat #8 is the button
Seat 1: 100%ludoman (1088 in chips, $5 bounty) 
Seat 3: wladi1986 (9452 in chips, $5 bounty) 
Seat 4: RaTSaM (4455 in chips, $5 bounty) 
Seat 5: badknife (4478 in chips, $5 bounty) 
Seat 6: pontiac19 (5021 in chips, $5 bounty) 
Seat 7: Toshiro_Koga (14657 in chips, $7.50 bounty) 
Seat 8: Gabrielfs13 (6713 in chips, $7.50 bounty) 
100%ludoman: posts the ante 38
wladi1986: posts the ante 38
RaTSaM: posts the ante 38
badknife: posts the ante 38
pontiac19: posts the ante 38
Toshiro_Koga: posts the ante 38
Gabrielfs13: posts the ante 38
100%ludoman: posts small blind 125
wladi1986: posts big blind 250
*** HOLE CARDS ***
Dealt to Gabrielfs13 [4c Ah]
RaTSaM: folds 
badknife: folds 
pontiac19: raises 250 to 500
Toshiro_Koga: folds 
Gabrielfs13: folds 
100%ludoman: raises 550 to 1050 and is all-in
wladi1986: folds 
pontiac19: calls 550
*** FLOP *** [6s Qd 8c]
*** TURN *** [6s Qd 8c] [2d]
*** RIVER *** [6s Qd 8c 2d] [6c]
*** SHOW DOWN ***
100%ludoman: shows [Ac Qs] (two pair, Queens and Sixes)
pontiac19: shows [7d Ad] (a pair of Sixes)
100%ludoman collected 2616 from pot
*** SUMMARY ***
Total pot 2616 | Rake 0 
Board [6s Qd 8c 2d 6c]
Seat 1: 100%ludoman (small blind) showed [Ac Qs] and won (2616) with two pair, Queens and Sixes
Seat 3: wladi1986 (big blind) folded before Flop
Seat 4: RaTSaM folded before Flop (didn't bet)
Seat 5: badknife folded before Flop (didn't bet)
Seat 6: pontiac19 showed [7d Ad] and lost with a pair of Sixes
Seat 7: Toshiro_Koga folded before Flop (didn't bet)
Seat 8: Gabrielfs13 (button) folded before Flop (didn't bet)



PokerStars Hand #257172247068: Tournament #3914700342, $4.80+$5.00+$1.20 USD Hold'em No Limit - Level VII (125/250) - 2025/08/01 14:20:12 BRT [2025/08/01 13:20:12 ET]
Table '3914700342 1' 8-max Seat #1 is the button
Seat 1: 100%ludoman (2616 in chips, $5 bounty) 
Seat 3: wladi1986 (9164 in chips, $5 bounty) 
Seat 4: RaTSaM (4417 in chips, $5 bounty) 
Seat 5: badknife (4440 in chips, $5 bounty) 
Seat 6: pontiac19 (3933 in chips, $5 bounty) 
Seat 7: Toshiro_Koga (14619 in chips, $7.50 bounty) 
Seat 8: Gabrielfs13 (6675 in chips, $7.50 bounty) 
100%ludoman: posts the ante 38
wladi1986: posts the ante 38
RaTSaM: posts the ante 38
badknife: posts the ante 38
pontiac19: posts the ante 38
Toshiro_Koga: posts the ante 38
Gabrielfs13: posts the ante 38
wladi1986: posts small blind 125
RaTSaM: posts big blind 250
*** HOLE CARDS ***
Dealt to Gabrielfs13 [Qd 2h]
badknife: folds 
pontiac19: folds 
Toshiro_Koga: folds 
Gabrielfs13: folds 
100%ludoman: raises 250 to 500
wladi1986: calls 375
RaTSaM: calls 250
*** FLOP *** [7c 2s Qs]
wladi1986: checks 
RaTSaM: checks 
100%ludoman: bets 1766
wladi1986: folds 
RaTSaM: folds 
Uncalled bet (1766) returned to 100%ludoman
100%ludoman collected 1766 from pot
100%ludoman: doesn't show hand 
*** SUMMARY ***
Total pot 1766 | Rake 0 
Board [7c 2s Qs]
Seat 1: 100%ludoman (button) collected (1766)
Seat 3: wladi1986 (small blind) folded on the Flop
Seat 4: RaTSaM (big blind) folded on the Flop
Seat 5: badknife folded before Flop (didn't bet)
Seat 6: pontiac19 folded before Flop (didn't bet)
Seat 7: Toshiro_Koga folded before Flop (didn't bet)
Seat 8: Gabrielfs13 folded before Flop (didn't bet)



PokerStars Hand #257172254535: Tournament #3914700342, $4.80+$5.00+$1.20 USD Hold'em No Limit - Level VII (125/250) - 2025/08/01 14:20:50 BRT [2025/08/01 13:20:50 ET]
Table '3914700342 1' 8-max Seat #3 is the button
Seat 1: 100%ludoman (3844 in chips, $5 bounty) 
Seat 3: wladi1986 (8626 in chips, $5 bounty) 
Seat 4: RaTSaM (3879 in chips, $5 bounty) 
Seat 5: badknife (4402 in chips, $5 bounty) 
Seat 6: pontiac19 (3895 in chips, $5 bounty) 
Seat 7: Toshiro_Koga (14581 in chips, $7.50 bounty) 
Seat 8: Gabrielfs13 (6637 in chips, $7.50 bounty) 
100%ludoman: posts the ante 38
wladi1986: posts the ante 38
RaTSaM: posts the ante 38
badknife: posts the ante 38
pontiac19: posts the ante 38
Toshiro_Koga: posts the ante 38
Gabrielfs13: posts the ante 38
RaTSaM: posts small blind 125
badknife: posts big blind 250
*** HOLE CARDS ***
Dealt to Gabrielfs13 [Th 5c]
pontiac19: folds 
Toshiro_Koga: folds 
Gabrielfs13: folds 
shaney143007 is disconnected 
100%ludoman: calls 250
wladi1986: folds 
RaTSaM: calls 125
badknife: checks 
*** FLOP *** [Js 9d Qd]
RaTSaM: bets 500
badknife: folds 
100%ludoman: folds 
Uncalled bet (500) returned to RaTSaM
RaTSaM collected 1016 from pot
RaTSaM: doesn't show hand 
*** SUMMARY ***
Total pot 1016 | Rake 0 
Board [Js 9d Qd]
Seat 1: 100%ludoman folded on the Flop
Seat 3: wladi1986 (button) folded before Flop (didn't bet)
Seat 4: RaTSaM (small blind) collected (1016)
Seat 5: badknife (big blind) folded on the Flop
Seat 6: pontiac19 folded before Flop (didn't bet)
Seat 7: Toshiro_Koga folded before Flop (didn't bet)
Seat 8: Gabrielfs13 folded before Flop (didn't bet)



PokerStars Hand #257172262253: Tournament #3914700342, $4.80+$5.00+$1.20 USD Hold'em No Limit - Level VII (125/250) - 2025/08/01 14:21:30 BRT [2025/08/01 13:21:30 ET]
Table '3914700342 1' 8-max Seat #4 is the button
Seat 1: 100%ludoman (3556 in chips, $5 bounty) 
Seat 2: shaney143007 (5000 in chips, $5 bounty) 
Seat 3: wladi1986 (8588 in chips, $5 bounty) 
Seat 4: RaTSaM (4607 in chips, $5 bounty) 
Seat 5: badknife (4114 in chips, $5 bounty) 
Seat 6: pontiac19 (3857 in chips, $5 bounty) 
Seat 7: Toshiro_Koga (14543 in chips, $7.50 bounty) 
Seat 8: Gabrielfs13 (6599 in chips, $7.50 bounty) 
100%ludoman: posts the ante 38
shaney143007: posts the ante 38
wladi1986: posts the ante 38
RaTSaM: posts the ante 38
badknife: posts the ante 38
pontiac19: posts the ante 38
Toshiro_Koga: posts the ante 38
Gabrielfs13: posts the ante 38
badknife: posts small blind 125
pontiac19: posts big blind 250
*** HOLE CARDS ***
Dealt to Gabrielfs13 [3d 9s]
Toshiro_Koga: folds 
Gabrielfs13: folds 
100%ludoman: folds 
shaney143007: raises 250 to 500
wladi1986: calls 500
RaTSaM: folds 
badknife: folds 
pontiac19: raises 3319 to 3819 and is all-in
shaney143007: folds 
wladi1986: calls 3319
*** FLOP *** [Th Qh 4s]
*** TURN *** [Th Qh 4s] [6s]
*** RIVER *** [Th Qh 4s 6s] [8c]
*** SHOW DOWN ***
pontiac19: shows [Ac Jd] (high card Ace)
wladi1986: shows [Jh 8h] (a pair of Eights)
wladi1986 collected 8567 from pot
wladi1986 wins $2.50 for eliminating pontiac19 and their own bounty increases by $2.50 to $7.50
pontiac19 finished the tournament
*** SUMMARY ***
Total pot 8567 | Rake 0 
Board [Th Qh 4s 6s 8c]
Seat 1: 100%ludoman folded before Flop (didn't bet)
Seat 2: shaney143007 folded before Flop
Seat 3: wladi1986 showed [Jh 8h] and won (8567) with a pair of Eights
Seat 4: RaTSaM (button) folded before Flop (didn't bet)
Seat 5: badknife (small blind) folded before Flop
Seat 6: pontiac19 (big blind) showed [Ac Jd] and lost with high card Ace
Seat 7: Toshiro_Koga folded before Flop (didn't bet)
Seat 8: Gabrielfs13 folded before Flop (didn't bet)



PokerStars Hand #257172270822: Tournament #3914700342, $4.80+$5.00+$1.20 USD Hold'em No Limit - Level VII (125/250) - 2025/08/01 14:22:14 BRT [2025/08/01 13:22:14 ET]
Table '3914700342 1' 8-max Seat #5 is the button
Seat 1: 100%ludoman (3518 in chips, $5 bounty) 
Seat 2: shaney143007 (4462 in chips, $5 bounty) 
Seat 4: RaTSaM (4569 in chips, $5 bounty) 
Seat 5: badknife (3951 in chips, $5 bounty) 
Seat 7: Toshiro_Koga (14505 in chips, $7.50 bounty) 
Seat 8: Gabrielfs13 (6561 in chips, $7.50 bounty) 
100%ludoman: posts the ante 38
shaney143007: posts the ante 38
RaTSaM: posts the ante 38
badknife: posts the ante 38
Toshiro_Koga: posts the ante 38
Gabrielfs13: posts the ante 38
Toshiro_Koga: posts small blind 125
Gabrielfs13: posts big blind 250
*** HOLE CARDS ***
Dealt to Gabrielfs13 [8s Ac]
Zsipali is disconnected 
100%ludoman: folds 
shaney143007: folds 
RaTSaM: calls 250
badknife: raises 500 to 750
Toshiro_Koga: calls 625
Gabrielfs13: folds 
RaTSaM: calls 500
*** FLOP *** [4d 2d 6c]
Toshiro_Koga: checks 
RaTSaM: checks 
badknife: bets 818
Toshiro_Koga: folds 
RaTSaM: folds 
Uncalled bet (818) returned to badknife
badknife collected 2728 from pot
*** SUMMARY ***
Total pot 2728 | Rake 0 
Board [4d 2d 6c]
Seat 1: 100%ludoman folded before Flop (didn't bet)
Seat 2: shaney143007 folded before Flop (didn't bet)
Seat 4: RaTSaM folded on the Flop
Seat 5: badknife (button) collected (2728)
Seat 7: Toshiro_Koga (small blind) folded on the Flop
Seat 8: Gabrielfs13 (big blind) folded before Flop



PokerStars Hand #257172283427: Tournament #3914700342, $4.80+$5.00+$1.20 USD Hold'em No Limit - Level VIII (150/300) - 2025/08/01 14:23:18 BRT [2025/08/01 13:23:18 ET]
Table '3914700342 1' 8-max Seat #7 is the button
Seat 1: 100%ludoman (3480 in chips, $5 bounty) 
Seat 2: shaney143007 (4424 in chips, $5 bounty) 
Seat 3: Zsipali (4435 in chips, $5 bounty) 
Seat 4: RaTSaM (3781 in chips, $5 bounty) 
Seat 5: badknife (5891 in chips, $5 bounty) 
Seat 7: Toshiro_Koga (13717 in chips, $7.50 bounty) 
Seat 8: Gabrielfs13 (6273 in chips, $7.50 bounty) 
100%ludoman: posts the ante 50
shaney143007: posts the ante 50
Zsipali: posts the ante 50
RaTSaM: posts the ante 50
badknife: posts the ante 50
Toshiro_Koga: posts the ante 50
Gabrielfs13: posts the ante 50
Gabrielfs13: posts small blind 150
100%ludoman: posts big blind 300
*** HOLE CARDS ***
Dealt to Gabrielfs13 [Ac 9h]
shaney143007: folds 
Zsipali: folds 
RaTSaM: folds 
badknife: folds 
Toshiro_Koga: folds 
Gabrielfs13: raises 5923 to 6223 and is all-in
100%ludoman: folds 
Uncalled bet (5923) returned to Gabrielfs13
Gabrielfs13 collected 950 from pot
Gabrielfs13: doesn't show hand 
*** SUMMARY ***
Total pot 950 | Rake 0 
Seat 1: 100%ludoman (big blind) folded before Flop
Seat 2: shaney143007 folded before Flop (didn't bet)
Seat 3: Zsipali folded before Flop (didn't bet)
Seat 4: RaTSaM folded before Flop (didn't bet)
Seat 5: badknife folded before Flop (didn't bet)
Seat 7: Toshiro_Koga (button) folded before Flop (didn't bet)
Seat 8: Gabrielfs13 (small blind) collected (950)



PokerStars Hand #257172290394: Tournament #3914700342, $4.80+$5.00+$1.20 USD Hold'em No Limit - Level VIII (150/300) - 2025/08/01 14:23:54 BRT [2025/08/01 13:23:54 ET]
Table '3914700342 1' 8-max Seat #8 is the button
Seat 1: 100%ludoman (3130 in chips, $5 bounty) 
Seat 2: shaney143007 (4374 in chips, $5 bounty) 
Seat 3: Zsipali (4385 in chips, $5 bounty) 
Seat 4: RaTSaM (3731 in chips, $5 bounty) 
Seat 5: badknife (5841 in chips, $5 bounty) 
Seat 7: Toshiro_Koga (13667 in chips, $7.50 bounty) 
Seat 8: Gabrielfs13 (6873 in chips, $7.50 bounty) 
100%ludoman: posts the ante 50
shaney143007: posts the ante 50
Zsipali: posts the ante 50
RaTSaM: posts the ante 50
badknife: posts the ante 50
Toshiro_Koga: posts the ante 50
Gabrielfs13: posts the ante 50
100%ludoman: posts small blind 150
shaney143007: posts big blind 300
*** HOLE CARDS ***
Dealt to Gabrielfs13 [7s Ah]
Zsipali: folds 
RaTSaM: folds 
badknife: folds 
Toshiro_Koga: folds 
Gabrielfs13: raises 6523 to 6823 and is all-in
100%ludoman: folds 
shaney143007: folds 
Uncalled bet (6523) returned to Gabrielfs13
Gabrielfs13 collected 1100 from pot
Gabrielfs13: doesn't show hand 
*** SUMMARY ***
Total pot 1100 | Rake 0 
Seat 1: 100%ludoman (small blind) folded before Flop
Seat 2: shaney143007 (big blind) folded before Flop
Seat 3: Zsipali folded before Flop (didn't bet)
Seat 4: RaTSaM folded before Flop (didn't bet)
Seat 5: badknife folded before Flop (didn't bet)
Seat 7: Toshiro_Koga folded before Flop (didn't bet)
Seat 8: Gabrielfs13 (button) collected (1100)



PokerStars Hand #257172294080: Tournament #3914700342, $4.80+$5.00+$1.20 USD Hold'em No Limit - Level VIII (150/300) - 2025/08/01 14:24:14 BRT [2025/08/01 13:24:14 ET]
Table '3914700342 1' 8-max Seat #1 is the button
Seat 1: 100%ludoman (2930 in chips, $5 bounty) 
Seat 2: shaney143007 (4024 in chips, $5 bounty) 
Seat 3: Zsipali (4335 in chips, $5 bounty) 
Seat 4: RaTSaM (3681 in chips, $5 bounty) 
Seat 5: badknife (5791 in chips, $5 bounty) 
Seat 7: Toshiro_Koga (13617 in chips, $7.50 bounty) 
Seat 8: Gabrielfs13 (7623 in chips, $7.50 bounty) 
100%ludoman: posts the ante 50
shaney143007: posts the ante 50
Zsipali: posts the ante 50
RaTSaM: posts the ante 50
badknife: posts the ante 50
Toshiro_Koga: posts the ante 50
Gabrielfs13: posts the ante 50
shaney143007: posts small blind 150
Zsipali: posts big blind 300
*** HOLE CARDS ***
Dealt to Gabrielfs13 [4d 3s]
RaTSaM: calls 300
badknife: folds 
Toshiro_Koga: folds 
Gabrielfs13: folds 
100%ludoman: calls 300
shaney143007: raises 3674 to 3974 and is all-in
Zsipali: folds 
RaTSaM: calls 3331 and is all-in
100%ludoman: calls 2580 and is all-in
Uncalled bet (343) returned to shaney143007
*** FLOP *** [Ac Ah 9d]
*** TURN *** [Ac Ah 9d] [As]
*** RIVER *** [Ac Ah 9d As] [Tc]
*** SHOW DOWN ***
shaney143007: shows [2d 2c] (a full house, Aces full of Deuces)
RaTSaM: shows [5c 5d] (a full house, Aces full of Fives)
RaTSaM collected 1502 from side pot
100%ludoman: shows [6s 5h] (three of a kind, Aces)
RaTSaM collected 9290 from main pot
RaTSaM wins $2.50 for eliminating 100%ludoman and their own bounty increases by $2.50 to $7.50
100%ludoman finished the tournament
*** SUMMARY ***
Total pot 10792 Main pot 9290. Side pot 1502. | Rake 0 
Board [Ac Ah 9d As Tc]
Seat 1: 100%ludoman (button) showed [6s 5h] and lost with three of a kind, Aces
Seat 2: shaney143007 (small blind) showed [2d 2c] and lost with a full house, Aces full of Deuces
Seat 3: Zsipali (big blind) folded before Flop
Seat 4: RaTSaM showed [5c 5d] and won (10792) with a full house, Aces full of Fives
Seat 5: badknife folded before Flop (didn't bet)
Seat 7: Toshiro_Koga folded before Flop (didn't bet)
Seat 8: Gabrielfs13 folded before Flop (didn't bet)



PokerStars Hand #257172302449: Tournament #3914700342, $4.80+$5.00+$1.20 USD Hold'em No Limit - Level VIII (150/300) - 2025/08/01 14:24:57 BRT [2025/08/01 13:24:57 ET]
Table '3914700342 1' 8-max Seat #2 is the button
Seat 2: shaney143007 (343 in chips, $5 bounty) 
Seat 3: Zsipali (3985 in chips, $5 bounty) 
Seat 4: RaTSaM (10792 in chips, $7.50 bounty) 
Seat 5: badknife (5741 in chips, $5 bounty) 
Seat 7: Toshiro_Koga (13567 in chips, $7.50 bounty) 
Seat 8: Gabrielfs13 (7573 in chips, $7.50 bounty) 
shaney143007: posts the ante 50
Zsipali: posts the ante 50
RaTSaM: posts the ante 50
badknife: posts the ante 50
Toshiro_Koga: posts the ante 50
Gabrielfs13: posts the ante 50
Zsipali: posts small blind 150
RaTSaM: posts big blind 300
*** HOLE CARDS ***
Dealt to Gabrielfs13 [6c 7h]
ztn820 is disconnected 
eaaeman is disconnected 
badknife: folds 
Toshiro_Koga: folds 
Gabrielfs13: folds 
shaney143007: calls 293 and is all-in
Zsipali: calls 150
RaTSaM: checks 
*** FLOP *** [3d Jc Tc]
Zsipali: checks 
RaTSaM: bets 900
Zsipali: calls 900
*** TURN *** [3d Jc Tc] [Td]
Zsipali: checks 
RaTSaM: checks 
*** RIVER *** [3d Jc Tc Td] [Qh]
Zsipali: checks 
RaTSaM: bets 1200
Zsipali: folds 
Uncalled bet (1200) returned to RaTSaM
*** SHOW DOWN ***
RaTSaM: shows [9d Ts] (three of a kind, Tens)
RaTSaM collected 1814 from side pot
shaney143007: shows [8d 8h] (two pair, Tens and Eights)
RaTSaM collected 1179 from main pot
RaTSaM wins $2.50 for eliminating shaney143007 and their own bounty increases by $2.50 to $10
shaney143007 finished the tournament
*** SUMMARY ***
Total pot 2993 Main pot 1179. Side pot 1814. | Rake 0 
Board [3d Jc Tc Td Qh]
Seat 2: shaney143007 (button) showed [8d 8h] and lost with two pair, Tens and Eights
Seat 3: Zsipali (small blind) folded on the River
Seat 4: RaTSaM (big blind) showed [9d Ts] and won (2993) with three of a kind, Tens
Seat 5: badknife folded before Flop (didn't bet)
Seat 7: Toshiro_Koga folded before Flop (didn't bet)
Seat 8: Gabrielfs13 folded before Flop (didn't bet)



PokerStars Hand #257172313918: Tournament #3914700342, $4.80+$5.00+$1.20 USD Hold'em No Limit - Level VIII (150/300) - 2025/08/01 14:25:56 BRT [2025/08/01 13:25:56 ET]
Table '3914700342 1' 8-max Seat #3 is the button
Seat 1: ztn820 (18996 in chips, $10 bounty) 
Seat 3: Zsipali (2735 in chips, $5 bounty) 
Seat 4: RaTSaM (12535 in chips, $10 bounty) 
Seat 5: badknife (5691 in chips, $5 bounty) 
Seat 6: eaaeman (4528 in chips, $5 bounty) 
Seat 7: Toshiro_Koga (13517 in chips, $7.50 bounty) 
Seat 8: Gabrielfs13 (7523 in chips, $7.50 bounty) 
ztn820: posts the ante 50
Zsipali: posts the ante 50
RaTSaM: posts the ante 50
badknife: posts the ante 50
eaaeman: posts the ante 50
Toshiro_Koga: posts the ante 50
Gabrielfs13: posts the ante 50
RaTSaM: posts small blind 150
badknife: posts big blind 300
*** HOLE CARDS ***
Dealt to Gabrielfs13 [3s 8s]
eaaeman: folds 
Toshiro_Koga: folds 
Gabrielfs13: folds 
ztn820: folds 
Zsipali: folds 
RaTSaM: calls 150
badknife: checks 
*** FLOP *** [4h 2d 6h]
RaTSaM: bets 900
badknife: folds 
Uncalled bet (900) returned to RaTSaM
RaTSaM collected 950 from pot
RaTSaM: doesn't show hand 
*** SUMMARY ***
Total pot 950 | Rake 0 
Board [4h 2d 6h]
Seat 1: ztn820 folded before Flop (didn't bet)
Seat 3: Zsipali (button) folded before Flop (didn't bet)
Seat 4: RaTSaM (small blind) collected (950)
Seat 5: badknife (big blind) folded on the Flop
Seat 6: eaaeman folded before Flop (didn't bet)
Seat 7: Toshiro_Koga folded before Flop (didn't bet)
Seat 8: Gabrielfs13 folded before Flop (didn't bet)



PokerStars Hand #257172321108: Tournament #3914700342, $4.80+$5.00+$1.20 USD Hold'em No Limit - Level VIII (150/300) - 2025/08/01 14:26:33 BRT [2025/08/01 13:26:33 ET]
Table '3914700342 1' 8-max Seat #4 is the button
Seat 1: ztn820 (18946 in chips, $10 bounty) 
Seat 3: Zsipali (2685 in chips, $5 bounty) 
Seat 4: RaTSaM (13135 in chips, $10 bounty) 
Seat 5: badknife (5341 in chips, $5 bounty) 
Seat 6: eaaeman (4478 in chips, $5 bounty) 
Seat 7: Toshiro_Koga (13467 in chips, $7.50 bounty) 
Seat 8: Gabrielfs13 (7473 in chips, $7.50 bounty) 
ztn820: posts the ante 50
Zsipali: posts the ante 50
RaTSaM: posts the ante 50
badknife: posts the ante 50
eaaeman: posts the ante 50
Toshiro_Koga: posts the ante 50
Gabrielfs13: posts the ante 50
badknife: posts small blind 150
eaaeman: posts big blind 300
*** HOLE CARDS ***
Dealt to Gabrielfs13 [7h 6h]
Toshiro_Koga: folds 
Gabrielfs13: folds 
ztn820: folds 
Zsipali: folds 
RaTSaM: folds 
badknife: raises 4991 to 5291 and is all-in
eaaeman: folds 
Uncalled bet (4991) returned to badknife
badknife collected 950 from pot
*** SUMMARY ***
Total pot 950 | Rake 0 
Seat 1: ztn820 folded before Flop (didn't bet)
Seat 3: Zsipali folded before Flop (didn't bet)
Seat 4: RaTSaM (button) folded before Flop (didn't bet)
Seat 5: badknife (small blind) collected (950)
Seat 6: eaaeman (big blind) folded before Flop
Seat 7: Toshiro_Koga folded before Flop (didn't bet)
Seat 8: Gabrielfs13 folded before Flop (didn't bet)



PokerStars Hand #257172325506: Tournament #3914700342, $4.80+$5.00+$1.20 USD Hold'em No Limit - Level VIII (150/300) - 2025/08/01 14:26:56 BRT [2025/08/01 13:26:56 ET]
Table '3914700342 1' 8-max Seat #5 is the button
Seat 1: ztn820 (18896 in chips, $10 bounty) 
Seat 3: Zsipali (2635 in chips, $5 bounty) 
Seat 4: RaTSaM (13085 in chips, $10 bounty) 
Seat 5: badknife (5941 in chips, $5 bounty) 
Seat 6: eaaeman (4128 in chips, $5 bounty) 
Seat 7: Toshiro_Koga (13417 in chips, $7.50 bounty) 
Seat 8: Gabrielfs13 (7423 in chips, $7.50 bounty) 
ztn820: posts the ante 50
Zsipali: posts the ante 50
RaTSaM: posts the ante 50
badknife: posts the ante 50
eaaeman: posts the ante 50
Toshiro_Koga: posts the ante 50
Gabrielfs13: posts the ante 50
eaaeman: posts small blind 150
Toshiro_Koga: posts big blind 300
*** HOLE CARDS ***
Dealt to Gabrielfs13 [7d 6s]
Gabrielfs13 has timed out
Gabrielfs13: folds 
Gabrielfs13 is sitting out
ztn820: folds 
Zsipali: folds 
RaTSaM: folds 
badknife: raises 300 to 600
eaaeman: folds 
Toshiro_Koga: calls 300
*** FLOP *** [4c 6h Ks]
Gabrielfs13 has returned
Toshiro_Koga: checks 
badknife: bets 510
Toshiro_Koga: calls 510
*** TURN *** [4c 6h Ks] [Ts]
Toshiro_Koga: checks 
badknife: checks 
*** RIVER *** [4c 6h Ks Ts] [Jd]
Toshiro_Koga: checks 
badknife: checks 
*** SHOW DOWN ***
Toshiro_Koga: shows [6d Qs] (a pair of Sixes)
badknife: mucks hand 
Toshiro_Koga collected 2720 from pot
*** SUMMARY ***
Total pot 2720 | Rake 0 
Board [4c 6h Ks Ts Jd]
Seat 1: ztn820 folded before Flop (didn't bet)
Seat 3: Zsipali folded before Flop (didn't bet)
Seat 4: RaTSaM folded before Flop (didn't bet)
Seat 5: badknife (button) mucked [7c 6c]
Seat 6: eaaeman (small blind) folded before Flop
Seat 7: Toshiro_Koga (big blind) showed [6d Qs] and won (2720) with a pair of Sixes
Seat 8: Gabrielfs13 folded before Flop (didn't bet)



PokerStars Hand #257172334694: Tournament #3914700342, $4.80+$5.00+$1.20 USD Hold'em No Limit - Level VIII (150/300) - 2025/08/01 14:27:43 BRT [2025/08/01 13:27:43 ET]
Table '3914700342 1' 8-max Seat #6 is the button
Seat 1: ztn820 (18846 in chips, $10 bounty) 
Seat 3: Zsipali (2585 in chips, $5 bounty) 
Seat 4: RaTSaM (13035 in chips, $10 bounty) 
Seat 5: badknife (4781 in chips, $5 bounty) 
Seat 6: eaaeman (3928 in chips, $5 bounty) 
Seat 7: Toshiro_Koga (14977 in chips, $7.50 bounty) 
Seat 8: Gabrielfs13 (7373 in chips, $7.50 bounty) 
ztn820: posts the ante 50
Zsipali: posts the ante 50
RaTSaM: posts the ante 50
badknife: posts the ante 50
eaaeman: posts the ante 50
Toshiro_Koga: posts the ante 50
Gabrielfs13: posts the ante 50
Toshiro_Koga: posts small blind 150
Gabrielfs13: posts big blind 300
*** HOLE CARDS ***
Dealt to Gabrielfs13 [Ts 7d]
ztn820: folds 
Zsipali: raises 2235 to 2535 and is all-in
RaTSaM: folds 
badknife: raises 2196 to 4731 and is all-in
eaaeman: folds 
Toshiro_Koga: folds 
Gabrielfs13: folds 
Uncalled bet (2196) returned to badknife
*** FLOP *** [Qd Td 4c]
*** TURN *** [Qd Td 4c] [9h]
*** RIVER *** [Qd Td 4c 9h] [5s]
*** SHOW DOWN ***
Zsipali: shows [As 4h] (a pair of Fours)
badknife: shows [Jh Ah] (high card Ace)
Zsipali collected 5870 from pot
*** SUMMARY ***
Total pot 5870 | Rake 0 
Board [Qd Td 4c 9h 5s]
Seat 1: ztn820 folded before Flop (didn't bet)
Seat 3: Zsipali showed [As 4h] and won (5870) with a pair of Fours
Seat 4: RaTSaM folded before Flop (didn't bet)
Seat 5: badknife showed [Jh Ah] and lost with high card Ace
Seat 6: eaaeman (button) folded before Flop (didn't bet)
Seat 7: Toshiro_Koga (small blind) folded before Flop
Seat 8: Gabrielfs13 (big blind) folded before Flop



PokerStars Hand #257172341501: Tournament #3914700342, $4.80+$5.00+$1.20 USD Hold'em No Limit - Level IX (200/400) - 2025/08/01 14:28:18 BRT [2025/08/01 13:28:18 ET]
Table '3914700342 1' 8-max Seat #7 is the button
Seat 1: ztn820 (18796 in chips, $10 bounty) 
Seat 3: Zsipali (5870 in chips, $5 bounty) 
Seat 4: RaTSaM (12985 in chips, $10 bounty) 
Seat 5: badknife (2196 in chips, $5 bounty) 
Seat 6: eaaeman (3878 in chips, $5 bounty) 
Seat 7: Toshiro_Koga (14777 in chips, $7.50 bounty) 
Seat 8: Gabrielfs13 (7023 in chips, $7.50 bounty) 
ztn820: posts the ante 60
Zsipali: posts the ante 60
RaTSaM: posts the ante 60
badknife: posts the ante 60
eaaeman: posts the ante 60
Toshiro_Koga: posts the ante 60
Gabrielfs13: posts the ante 60
Gabrielfs13: posts small blind 200
ztn820: posts big blind 400
*** HOLE CARDS ***
Dealt to Gabrielfs13 [Kd 7s]
Zsipali: folds 
RaTSaM: folds 
badknife: folds 
eaaeman: raises 3418 to 3818 and is all-in
Toshiro_Koga: folds 
Gabrielfs13: raises 3145 to 6963 and is all-in
ztn820: folds 
Uncalled bet (3145) returned to Gabrielfs13
*** FLOP *** [6h 9c 9s]
*** TURN *** [6h 9c 9s] [9d]
*** RIVER *** [6h 9c 9s 9d] [Ts]
*** SHOW DOWN ***
Gabrielfs13: shows [Kd 7s] (three of a kind, Nines)
eaaeman: shows [As 4s] (three of a kind, Nines - Ace kicker)
eaaeman collected 8456 from pot
*** SUMMARY ***
Total pot 8456 | Rake 0 
Board [6h 9c 9s 9d Ts]
Seat 1: ztn820 (big blind) folded before Flop
Seat 3: Zsipali folded before Flop (didn't bet)
Seat 4: RaTSaM folded before Flop (didn't bet)
Seat 5: badknife folded before Flop (didn't bet)
Seat 6: eaaeman showed [As 4s] and won (8456) with three of a kind, Nines
Seat 7: Toshiro_Koga (button) folded before Flop (didn't bet)
Seat 8: Gabrielfs13 (small blind) showed [Kd 7s] and lost with three of a kind, Nines



PokerStars Hand #257172347199: Tournament #3914700342, $4.80+$5.00+$1.20 USD Hold'em No Limit - Level IX (200/400) - 2025/08/01 14:28:48 BRT [2025/08/01 13:28:48 ET]
Table '3914700342 1' 8-max Seat #8 is the button
Seat 1: ztn820 (18336 in chips, $10 bounty) 
Seat 3: Zsipali (5810 in chips, $5 bounty) 
Seat 4: RaTSaM (12925 in chips, $10 bounty) 
Seat 5: badknife (2136 in chips, $5 bounty) 
Seat 6: eaaeman (8456 in chips, $5 bounty) 
Seat 7: Toshiro_Koga (14717 in chips, $7.50 bounty) 
Seat 8: Gabrielfs13 (3145 in chips, $7.50 bounty) 
ztn820: posts the ante 60
Zsipali: posts the ante 60
RaTSaM: posts the ante 60
badknife: posts the ante 60
eaaeman: posts the ante 60
Toshiro_Koga: posts the ante 60
Gabrielfs13: posts the ante 60
ztn820: posts small blind 200
Zsipali: posts big blind 400
*** HOLE CARDS ***
Dealt to Gabrielfs13 [Qs 4s]
RaTSaM: folds 
badknife: raises 1676 to 2076 and is all-in
eaaeman: folds 
Toshiro_Koga: raises 2124 to 4200
Gabrielfs13: folds 
ztn820: folds 
Zsipali: folds 
Uncalled bet (2124) returned to Toshiro_Koga
*** FLOP *** [Qc 8h Ad]
*** TURN *** [Qc 8h Ad] [Td]
*** RIVER *** [Qc 8h Ad Td] [8c]
*** SHOW DOWN ***
badknife: shows [5d 5h] (two pair, Eights and Fives)
Toshiro_Koga: shows [6d 6s] (two pair, Eights and Sixes)
Toshiro_Koga collected 5172 from pot
Toshiro_Koga wins $2.50 for eliminating badknife and their own bounty increases by $2.50 to $10
badknife finished the tournament
*** SUMMARY ***
Total pot 5172 | Rake 0 
Board [Qc 8h Ad Td 8c]
Seat 1: ztn820 (small blind) folded before Flop
Seat 3: Zsipali (big blind) folded before Flop
Seat 4: RaTSaM folded before Flop (didn't bet)
Seat 5: badknife showed [5d 5h] and lost with two pair, Eights and Fives
Seat 6: eaaeman folded before Flop (didn't bet)
Seat 7: Toshiro_Koga showed [6d 6s] and won (5172) with two pair, Eights and Sixes
Seat 8: Gabrielfs13 (button) folded before Flop (didn't bet)



PokerStars Hand #257172352680: Tournament #3914700342, $4.80+$5.00+$1.20 USD Hold'em No Limit - Level IX (200/400) - 2025/08/01 14:29:17 BRT [2025/08/01 13:29:17 ET]
Table '3914700342 1' 8-max Seat #1 is the button
Seat 1: ztn820 (18076 in chips, $10 bounty) 
Seat 3: Zsipali (5350 in chips, $5 bounty) 
Seat 4: RaTSaM (12865 in chips, $10 bounty) 
Seat 6: eaaeman (8396 in chips, $5 bounty) 
Seat 7: Toshiro_Koga (17753 in chips, $10 bounty) 
Seat 8: Gabrielfs13 (3085 in chips, $7.50 bounty) 
ztn820: posts the ante 60
Zsipali: posts the ante 60
RaTSaM: posts the ante 60
eaaeman: posts the ante 60
Toshiro_Koga: posts the ante 60
Gabrielfs13: posts the ante 60
Zsipali: posts small blind 200
RaTSaM: posts big blind 400
*** HOLE CARDS ***
Dealt to Gabrielfs13 [Ks Js]
eaaeman: folds 
Toshiro_Koga: folds 
Gabrielfs13: raises 2625 to 3025 and is all-in
ztn820: raises 14991 to 18016 and is all-in
Zsipali: folds 
gropopotmax is disconnected 
RaTSaM: calls 12405 and is all-in
Uncalled bet (5211) returned to ztn820
*** FLOP *** [Kd Th 3h]
*** TURN *** [Kd Th 3h] [8s]
*** RIVER *** [Kd Th 3h 8s] [5d]
*** SHOW DOWN ***
RaTSaM: shows [Qs As] (high card Ace)
ztn820: shows [Ah Qd] (high card Ace)
RaTSaM collected 9780 from side pot
ztn820 collected 9780 from side pot
Gabrielfs13: shows [Ks Js] (a pair of Kings)
Gabrielfs13 collected 9635 from main pot
*** SUMMARY ***
Total pot 29195 Main pot 9635. Side pot 19560. | Rake 0 
Board [Kd Th 3h 8s 5d]
Seat 1: ztn820 (button) showed [Ah Qd] and won (9780) with high card Ace
Seat 3: Zsipali (small blind) folded before Flop
Seat 4: RaTSaM (big blind) showed [Qs As] and won (9780) with high card Ace
Seat 6: eaaeman folded before Flop (didn't bet)
Seat 7: Toshiro_Koga folded before Flop (didn't bet)
Seat 8: Gabrielfs13 showed [Ks Js] and won (9635) with a pair of Kings



PokerStars Hand #257172360041: Tournament #3914700342, $4.80+$5.00+$1.20 USD Hold'em No Limit - Level IX (200/400) - 2025/08/01 14:29:56 BRT [2025/08/01 13:29:56 ET]
Table '3914700342 1' 8-max Seat #3 is the button
Seat 1: ztn820 (14991 in chips, $10 bounty) 
Seat 2: gropopotmax (5000 in chips, $5 bounty) 
Seat 3: Zsipali (5090 in chips, $5 bounty) 
Seat 4: RaTSaM (9780 in chips, $10 bounty) 
Seat 6: eaaeman (8336 in chips, $5 bounty) 
Seat 7: Toshiro_Koga (17693 in chips, $10 bounty) 
Seat 8: Gabrielfs13 (9635 in chips, $7.50 bounty) 
ztn820: posts the ante 60
gropopotmax: posts the ante 60
Zsipali: posts the ante 60
RaTSaM: posts the ante 60
eaaeman: posts the ante 60
Toshiro_Koga: posts the ante 60
Gabrielfs13: posts the ante 60
RaTSaM: posts small blind 200
eaaeman: posts big blind 400
*** HOLE CARDS ***
Dealt to Gabrielfs13 [8d As]
Toshiro_Koga: folds 
Gabrielfs13: folds 
ztn820: folds 
gropopotmax: calls 400
Zsipali: folds 
RaTSaM: calls 200
eaaeman: checks 
*** FLOP *** [6s Ad Tc]
RaTSaM: checks 
eaaeman: checks 
gropopotmax: bets 600
RaTSaM: calls 600
eaaeman: folds 
*** TURN *** [6s Ad Tc] [Ac]
RaTSaM: checks 
gropopotmax: checks 
*** RIVER *** [6s Ad Tc Ac] [7c]
RaTSaM: bets 1600
gropopotmax: calls 1600
*** SHOW DOWN ***
RaTSaM: shows [Th Js] (two pair, Aces and Tens)
gropopotmax: mucks hand 
RaTSaM collected 6020 from pot
*** SUMMARY ***
Total pot 6020 | Rake 0 
Board [6s Ad Tc Ac 7c]
Seat 1: ztn820 folded before Flop (didn't bet)
Seat 2: gropopotmax mucked [5d 6d]
Seat 3: Zsipali (button) folded before Flop (didn't bet)
Seat 4: RaTSaM (small blind) showed [Th Js] and won (6020) with two pair, Aces and Tens
Seat 6: eaaeman (big blind) folded on the Flop
Seat 7: Toshiro_Koga folded before Flop (didn't bet)
Seat 8: Gabrielfs13 folded before Flop (didn't bet)



PokerStars Hand #257172376745: Tournament #3914700342, $4.80+$5.00+$1.20 USD Hold'em No Limit - Level IX (200/400) - 2025/08/01 14:31:20 BRT [2025/08/01 13:31:20 ET]
Table '3914700342 1' 8-max Seat #4 is the button
Seat 1: ztn820 (14931 in chips, $10 bounty) 
Seat 2: gropopotmax (2340 in chips, $5 bounty) 
Seat 3: Zsipali (5030 in chips, $5 bounty) 
Seat 4: RaTSaM (13140 in chips, $10 bounty) 
Seat 6: eaaeman (7876 in chips, $5 bounty) 
Seat 7: Toshiro_Koga (17633 in chips, $10 bounty) 
Seat 8: Gabrielfs13 (9575 in chips, $7.50 bounty) 
ztn820: posts the ante 60
gropopotmax: posts the ante 60
Zsipali: posts the ante 60
RaTSaM: posts the ante 60
eaaeman: posts the ante 60
Toshiro_Koga: posts the ante 60
Gabrielfs13: posts the ante 60
eaaeman: posts small blind 200
Toshiro_Koga: posts big blind 400
*** HOLE CARDS ***
Dealt to Gabrielfs13 [Kd Ac]
Gabrielfs13: raises 400 to 800
ztn820: folds 
gropopotmax: folds 
Zsipali: folds 
RaTSaM: calls 800
eaaeman: raises 7016 to 7816 and is all-in
Toshiro_Koga: folds 
Gabrielfs13: raises 1699 to 9515 and is all-in
RaTSaM: folds 
Uncalled bet (1699) returned to Gabrielfs13
*** FLOP *** [2s 5h 7c]
*** TURN *** [2s 5h 7c] [Kc]
*** RIVER *** [2s 5h 7c Kc] [3c]
*** SHOW DOWN ***
eaaeman: shows [7d 7s] (three of a kind, Sevens)
Gabrielfs13: shows [Kd Ac] (a pair of Kings)
eaaeman collected 17252 from pot
*** SUMMARY ***
Total pot 17252 | Rake 0 
Board [2s 5h 7c Kc 3c]
Seat 1: ztn820 folded before Flop (didn't bet)
Seat 2: gropopotmax folded before Flop (didn't bet)
Seat 3: Zsipali folded before Flop (didn't bet)
Seat 4: RaTSaM (button) folded before Flop
Seat 6: eaaeman (small blind) showed [7d 7s] and won (17252) with three of a kind, Sevens
Seat 7: Toshiro_Koga (big blind) folded before Flop
Seat 8: Gabrielfs13 showed [Kd Ac] and lost with a pair of Kings



