PokerStars Hand #257252812775: Tournament #3916202646, $7.20+$7.50+$1.80 USD Hold'em No Limit - Level III (50/100) - 2025/08/07 16:53:04 BRT [2025/08/07 15:53:04 ET]
Table '3916202646 8' 9-max Seat #2 is the button
Seat 1: serpantin1 (11331 in chips, $7.50 bounty) 
Seat 2: Luckybaks7 (15883 in chips, $11.25 bounty) 
Seat 3: EV0ll0VE (10086 in chips, $7.50 bounty) 
Seat 4: Vladpiton (24076 in chips, $11.25 bounty) 
Seat 5: ra_raa11 (9988 in chips, $7.50 bounty) 
Seat 6: Gabrielfs13 (10000 in chips, $7.50 bounty) 
Seat 7: IIIINGENSSSS (9251 in chips, $7.50 bounty) 
Seat 8: AdaltoJrBR (9988 in chips, $7.50 bounty) 
serpantin1: posts the ante 12
Luckybaks7: posts the ante 12
EV0ll0VE: posts the ante 12
Vladpiton: posts the ante 12
ra_raa11: posts the ante 12
Gabrielfs13: posts the ante 12
IIIINGENSSSS: posts the ante 12
AdaltoJrBR: posts the ante 12
EV0ll0VE: posts small blind 50
Vladpiton: posts big blind 100
*** HOLE CARDS ***
Dealt to Gabrielfs13 [6c 3d]
ra_raa11: folds 
Gabrielfs13: folds 
IIIINGENSSSS: raises 100 to 200
AdaltoJrBR: folds 
serpantin1: folds 
Luckybaks7: calls 200
EV0ll0VE: folds 
Vladpiton: folds 
*** FLOP *** [Qd 2d 4s]
IIIINGENSSSS: checks 
ftragueta is disconnected 
Luckybaks7: bets 213
IIIINGENSSSS: raises 943 to 1156
Luckybaks7: folds 
Uncalled bet (943) returned to IIIINGENSSSS
IIIINGENSSSS collected 1072 from pot
IIIINGENSSSS: doesn't show hand 
*** SUMMARY ***
Total pot 1072 | Rake 0 
Board [Qd 2d 4s]
Seat 1: serpantin1 folded before Flop (didn't bet)
Seat 2: Luckybaks7 (button) folded on the Flop
Seat 3: EV0ll0VE (small blind) folded before Flop
Seat 4: Vladpiton (big blind) folded before Flop
Seat 5: ra_raa11 folded before Flop (didn't bet)
Seat 6: Gabrielfs13 folded before Flop (didn't bet)
Seat 7: IIIINGENSSSS collected (1072)
Seat 8: AdaltoJrBR folded before Flop (didn't bet)



PokerStars Hand #257252823842: Tournament #3916202646, $7.20+$7.50+$1.80 USD Hold'em No Limit - Level III (50/100) - 2025/08/07 16:53:50 BRT [2025/08/07 15:53:50 ET]
Table '3916202646 8' 9-max Seat #3 is the button
Seat 1: serpantin1 (11319 in chips, $7.50 bounty) 
Seat 2: Luckybaks7 (15458 in chips, $11.25 bounty) 
Seat 3: EV0ll0VE (10024 in chips, $7.50 bounty) 
Seat 4: Vladpiton (23964 in chips, $11.25 bounty) 
Seat 5: ra_raa11 (9976 in chips, $7.50 bounty) 
Seat 6: Gabrielfs13 (9988 in chips, $7.50 bounty) 
Seat 7: IIIINGENSSSS (9898 in chips, $7.50 bounty) 
Seat 8: AdaltoJrBR (9976 in chips, $7.50 bounty) 
Seat 9: ftragueta (10000 in chips, $7.50 bounty) 
serpantin1: posts the ante 12
Luckybaks7: posts the ante 12
EV0ll0VE: posts the ante 12
Vladpiton: posts the ante 12
ra_raa11: posts the ante 12
Gabrielfs13: posts the ante 12
IIIINGENSSSS: posts the ante 12
AdaltoJrBR: posts the ante 12
ftragueta: posts the ante 12
Vladpiton: posts small blind 50
ra_raa11: posts big blind 100
*** HOLE CARDS ***
Dealt to Gabrielfs13 [Ts 7s]
Gabrielfs13: folds 
IIIINGENSSSS: raises 100 to 200
AdaltoJrBR: folds 
ftragueta: folds 
serpantin1: folds 
Luckybaks7: folds 
EV0ll0VE: folds 
Vladpiton: folds 
ra_raa11: folds 
Uncalled bet (100) returned to IIIINGENSSSS
IIIINGENSSSS collected 358 from pot
IIIINGENSSSS: doesn't show hand 
*** SUMMARY ***
Total pot 358 | Rake 0 
Seat 1: serpantin1 folded before Flop (didn't bet)
Seat 2: Luckybaks7 folded before Flop (didn't bet)
Seat 3: EV0ll0VE (button) folded before Flop (didn't bet)
Seat 4: Vladpiton (small blind) folded before Flop
Seat 5: ra_raa11 (big blind) folded before Flop
Seat 6: Gabrielfs13 folded before Flop (didn't bet)
Seat 7: IIIINGENSSSS collected (358)
Seat 8: AdaltoJrBR folded before Flop (didn't bet)
Seat 9: ftragueta folded before Flop (didn't bet)



PokerStars Hand #257252831232: Tournament #3916202646, $7.20+$7.50+$1.80 USD Hold'em No Limit - Level III (50/100) - 2025/08/07 16:54:22 BRT [2025/08/07 15:54:22 ET]
Table '3916202646 8' 9-max Seat #4 is the button
Seat 1: serpantin1 (11307 in chips, $7.50 bounty) 
Seat 2: Luckybaks7 (15446 in chips, $11.25 bounty) 
Seat 3: EV0ll0VE (10012 in chips, $7.50 bounty) 
Seat 4: Vladpiton (23902 in chips, $11.25 bounty) 
Seat 5: ra_raa11 (9864 in chips, $7.50 bounty) 
Seat 6: Gabrielfs13 (9976 in chips, $7.50 bounty) 
Seat 7: IIIINGENSSSS (10144 in chips, $7.50 bounty) 
Seat 8: AdaltoJrBR (9964 in chips, $7.50 bounty) 
Seat 9: ftragueta (9988 in chips, $7.50 bounty) 
serpantin1: posts the ante 12
Luckybaks7: posts the ante 12
EV0ll0VE: posts the ante 12
Vladpiton: posts the ante 12
ra_raa11: posts the ante 12
Gabrielfs13: posts the ante 12
IIIINGENSSSS: posts the ante 12
AdaltoJrBR: posts the ante 12
ftragueta: posts the ante 12
ra_raa11: posts small blind 50
Gabrielfs13: posts big blind 100
*** HOLE CARDS ***
Dealt to Gabrielfs13 [7d 4s]
IIIINGENSSSS: folds 
AdaltoJrBR: folds 
ftragueta: folds 
serpantin1: raises 100 to 200
Luckybaks7: calls 200
EV0ll0VE: folds 
Vladpiton: folds 
ra_raa11: raises 950 to 1150
Gabrielfs13: folds 
serpantin1: folds 
Luckybaks7: calls 950
*** FLOP *** [6c Jc 3c]
ra_raa11: bets 700
Luckybaks7: folds 
Uncalled bet (700) returned to ra_raa11
ra_raa11 collected 2708 from pot
ra_raa11: doesn't show hand 
*** SUMMARY ***
Total pot 2708 | Rake 0 
Board [6c Jc 3c]
Seat 1: serpantin1 folded before Flop
Seat 2: Luckybaks7 folded on the Flop
Seat 3: EV0ll0VE folded before Flop (didn't bet)
Seat 4: Vladpiton (button) folded before Flop (didn't bet)
Seat 5: ra_raa11 (small blind) collected (2708)
Seat 6: Gabrielfs13 (big blind) folded before Flop
Seat 7: IIIINGENSSSS folded before Flop (didn't bet)
Seat 8: AdaltoJrBR folded before Flop (didn't bet)
Seat 9: ftragueta folded before Flop (didn't bet)



PokerStars Hand #257252900761: Tournament #3916202646, $7.20+$7.50+$1.80 USD Hold'em No Limit - Level IV (60/120) - 2025/08/07 17:01:03 BRT [2025/08/07 16:01:03 ET]
Table '3916202646 8' 9-max Seat #5 is the button
Seat 1: serpantin1 (11095 in chips, $7.50 bounty) 
Seat 2: Luckybaks7 (14284 in chips, $11.25 bounty) 
Seat 3: EV0ll0VE (10000 in chips, $7.50 bounty) 
Seat 4: Vladpiton (23890 in chips, $11.25 bounty) 
Seat 5: ra_raa11 (11410 in chips, $7.50 bounty) 
Seat 6: Gabrielfs13 (9864 in chips, $7.50 bounty) 
Seat 7: IIIINGENSSSS (10132 in chips, $7.50 bounty) 
Seat 9: ftragueta (9976 in chips, $7.50 bounty) 
serpantin1: posts the ante 15
Luckybaks7: posts the ante 15
EV0ll0VE: posts the ante 15
Vladpiton: posts the ante 15
ra_raa11: posts the ante 15
Gabrielfs13: posts the ante 15
IIIINGENSSSS: posts the ante 15
ftragueta: posts the ante 15
Gabrielfs13: posts small blind 60
IIIINGENSSSS: posts big blind 120
*** HOLE CARDS ***
Dealt to Gabrielfs13 [Jc 9c]
ftragueta: folds 
serpantin1: folds 
Luckybaks7: folds 
EV0ll0VE: folds 
Vladpiton: raises 120 to 240
ra_raa11: folds 
Gabrielfs13: calls 180
IIIINGENSSSS: calls 120
*** FLOP *** [2h 3h Jd]
Gabrielfs13: checks 
IIIINGENSSSS: checks 
Vladpiton: bets 210
Gabrielfs13: raises 510 to 720
IIIINGENSSSS: folds 
Vladpiton: folds 
Uncalled bet (510) returned to Gabrielfs13
Gabrielfs13 collected 1260 from pot
Gabrielfs13: doesn't show hand 
*** SUMMARY ***
Total pot 1260 | Rake 0 
Board [2h 3h Jd]
Seat 1: serpantin1 folded before Flop (didn't bet)
Seat 2: Luckybaks7 folded before Flop (didn't bet)
Seat 3: EV0ll0VE folded before Flop (didn't bet)
Seat 4: Vladpiton folded on the Flop
Seat 5: ra_raa11 (button) folded before Flop (didn't bet)
Seat 6: Gabrielfs13 (small blind) collected (1260)
Seat 7: IIIINGENSSSS (big blind) folded on the Flop
Seat 9: ftragueta folded before Flop (didn't bet)



PokerStars Hand #257252922699: Tournament #3916202646, $7.20+$7.50+$1.80 USD Hold'em No Limit - Level IV (60/120) - 2025/08/07 17:02:43 BRT [2025/08/07 16:02:43 ET]
Table '3916202646 8' 9-max Seat #6 is the button
Seat 1: serpantin1 (11080 in chips, $7.50 bounty) 
Seat 2: Luckybaks7 (14269 in chips, $11.25 bounty) 
Seat 3: EV0ll0VE (9985 in chips, $7.50 bounty) 
Seat 4: Vladpiton (23425 in chips, $11.25 bounty) 
Seat 5: ra_raa11 (11395 in chips, $7.50 bounty) 
Seat 6: Gabrielfs13 (10659 in chips, $7.50 bounty) 
Seat 7: IIIINGENSSSS (9877 in chips, $7.50 bounty) 
Seat 9: ftragueta (9961 in chips, $7.50 bounty) 
serpantin1: posts the ante 15
Luckybaks7: posts the ante 15
EV0ll0VE: posts the ante 15
Vladpiton: posts the ante 15
ra_raa11: posts the ante 15
Gabrielfs13: posts the ante 15
IIIINGENSSSS: posts the ante 15
ftragueta: posts the ante 15
IIIINGENSSSS: posts small blind 60
ftragueta: posts big blind 120
*** HOLE CARDS ***
Dealt to Gabrielfs13 [8h Jd]
serpantin1: raises 120 to 240
Luckybaks7: folds 
EV0ll0VE: folds 
Vladpiton: folds 
ra_raa11: calls 240
Gabrielfs13: folds 
IIIINGENSSSS: calls 180
ftragueta: calls 120
*** FLOP *** [Kc As Qh]
IIIINGENSSSS: checks 
ftragueta: checks 
serpantin1: checks 
ra_raa11: checks 
*** TURN *** [Kc As Qh] [Ac]
IIIINGENSSSS: checks 
ftragueta: bets 840
serpantin1: folds 
ra_raa11: calls 840
IIIINGENSSSS: folds 
*** RIVER *** [Kc As Qh Ac] [Th]
ftragueta: bets 2511
ra_raa11: folds 
Uncalled bet (2511) returned to ftragueta
ftragueta collected 2760 from pot
ftragueta: doesn't show hand 
*** SUMMARY ***
Total pot 2760 | Rake 0 
Board [Kc As Qh Ac Th]
Seat 1: serpantin1 folded on the Turn
Seat 2: Luckybaks7 folded before Flop (didn't bet)
Seat 3: EV0ll0VE folded before Flop (didn't bet)
Seat 4: Vladpiton folded before Flop (didn't bet)
Seat 5: ra_raa11 folded on the River
Seat 6: Gabrielfs13 (button) folded before Flop (didn't bet)
Seat 7: IIIINGENSSSS (small blind) folded on the Turn
Seat 9: ftragueta (big blind) collected (2760)



PokerStars Hand #257252941736: Tournament #3916202646, $7.20+$7.50+$1.80 USD Hold'em No Limit - Level IV (60/120) - 2025/08/07 17:04:02 BRT [2025/08/07 16:04:02 ET]
Table '3916202646 8' 9-max Seat #7 is the button
Seat 1: serpantin1 (10825 in chips, $7.50 bounty) 
Seat 2: Luckybaks7 (14254 in chips, $11.25 bounty) 
Seat 3: EV0ll0VE (9970 in chips, $7.50 bounty) 
Seat 4: Vladpiton (23410 in chips, $11.25 bounty) 
Seat 5: ra_raa11 (10300 in chips, $7.50 bounty) 
Seat 6: Gabrielfs13 (10644 in chips, $7.50 bounty) 
Seat 7: IIIINGENSSSS (9622 in chips, $7.50 bounty) 
Seat 9: ftragueta (11626 in chips, $7.50 bounty) 
serpantin1: posts the ante 15
Luckybaks7: posts the ante 15
EV0ll0VE: posts the ante 15
Vladpiton: posts the ante 15
ra_raa11: posts the ante 15
Gabrielfs13: posts the ante 15
IIIINGENSSSS: posts the ante 15
ftragueta: posts the ante 15
ftragueta: posts small blind 60
serpantin1: posts big blind 120
*** HOLE CARDS ***
Dealt to Gabrielfs13 [4d 4c]
Jonnnyxd is disconnected 
Luckybaks7: raises 120 to 240
EV0ll0VE: folds 
Vladpiton: folds 
ra_raa11: folds 
Gabrielfs13: calls 240
IIIINGENSSSS: folds 
ftragueta: raises 1080 to 1320
serpantin1: folds 
Luckybaks7: folds 
Gabrielfs13: calls 1080
*** FLOP *** [8c 7h As]
ftragueta: checks 
Gabrielfs13: checks 
*** TURN *** [8c 7h As] [Qd]
ftragueta: bets 2245
Gabrielfs13: folds 
Uncalled bet (2245) returned to ftragueta
ftragueta collected 3120 from pot
ftragueta: doesn't show hand 
*** SUMMARY ***
Total pot 3120 | Rake 0 
Board [8c 7h As Qd]
Seat 1: serpantin1 (big blind) folded before Flop
Seat 2: Luckybaks7 folded before Flop
Seat 3: EV0ll0VE folded before Flop (didn't bet)
Seat 4: Vladpiton folded before Flop (didn't bet)
Seat 5: ra_raa11 folded before Flop (didn't bet)
Seat 6: Gabrielfs13 folded on the Turn
Seat 7: IIIINGENSSSS (button) folded before Flop (didn't bet)
Seat 9: ftragueta (small blind) collected (3120)



PokerStars Hand #257252966300: Tournament #3916202646, $7.20+$7.50+$1.80 USD Hold'em No Limit - Level IV (60/120) - 2025/08/07 17:05:46 BRT [2025/08/07 16:05:46 ET]
Table '3916202646 8' 9-max Seat #9 is the button
Seat 1: serpantin1 (10690 in chips, $7.50 bounty) 
Seat 2: Luckybaks7 (13999 in chips, $11.25 bounty) 
Seat 3: EV0ll0VE (9955 in chips, $7.50 bounty) 
Seat 4: Vladpiton (23395 in chips, $11.25 bounty) 
Seat 5: ra_raa11 (10285 in chips, $7.50 bounty) 
Seat 6: Gabrielfs13 (9309 in chips, $7.50 bounty) 
Seat 7: IIIINGENSSSS (9607 in chips, $7.50 bounty) 
Seat 8: Jonnnyxd (10000 in chips, $7.50 bounty) 
Seat 9: ftragueta (13411 in chips, $7.50 bounty) 
serpantin1: posts the ante 15
Luckybaks7: posts the ante 15
EV0ll0VE: posts the ante 15
Vladpiton: posts the ante 15
ra_raa11: posts the ante 15
Gabrielfs13: posts the ante 15
IIIINGENSSSS: posts the ante 15
Jonnnyxd: posts the ante 15
ftragueta: posts the ante 15
serpantin1: posts small blind 60
Luckybaks7: posts big blind 120
*** HOLE CARDS ***
Dealt to Gabrielfs13 [Ks Ad]
EV0ll0VE: folds 
Vladpiton: raises 120 to 240
ra_raa11: folds 
Gabrielfs13: raises 960 to 1200
IIIINGENSSSS: folds 
Jonnnyxd: folds 
ftragueta: folds 
serpantin1: folds 
Luckybaks7: folds 
Vladpiton: folds 
Uncalled bet (960) returned to Gabrielfs13
Gabrielfs13 collected 795 from pot
Gabrielfs13: doesn't show hand 
*** SUMMARY ***
Total pot 795 | Rake 0 
Seat 1: serpantin1 (small blind) folded before Flop
Seat 2: Luckybaks7 (big blind) folded before Flop
Seat 3: EV0ll0VE folded before Flop (didn't bet)
Seat 4: Vladpiton folded before Flop
Seat 5: ra_raa11 folded before Flop (didn't bet)
Seat 6: Gabrielfs13 collected (795)
Seat 7: IIIINGENSSSS folded before Flop (didn't bet)
Seat 8: Jonnnyxd folded before Flop (didn't bet)
Seat 9: ftragueta (button) folded before Flop (didn't bet)



PokerStars Hand #257252979175: Tournament #3916202646, $7.20+$7.50+$1.80 USD Hold'em No Limit - Level IV (60/120) - 2025/08/07 17:06:40 BRT [2025/08/07 16:06:40 ET]
Table '3916202646 8' 9-max Seat #1 is the button
Seat 1: serpantin1 (10615 in chips, $7.50 bounty) 
Seat 2: Luckybaks7 (13864 in chips, $11.25 bounty) 
Seat 3: EV0ll0VE (9940 in chips, $7.50 bounty) 
Seat 4: Vladpiton (23140 in chips, $11.25 bounty) 
Seat 5: ra_raa11 (10270 in chips, $7.50 bounty) 
Seat 6: Gabrielfs13 (9849 in chips, $7.50 bounty) 
Seat 7: IIIINGENSSSS (9592 in chips, $7.50 bounty) 
Seat 8: Jonnnyxd (9985 in chips, $7.50 bounty) 
Seat 9: ftragueta (13396 in chips, $7.50 bounty) 
serpantin1: posts the ante 15
Luckybaks7: posts the ante 15
EV0ll0VE: posts the ante 15
Vladpiton: posts the ante 15
ra_raa11: posts the ante 15
Gabrielfs13: posts the ante 15
IIIINGENSSSS: posts the ante 15
Jonnnyxd: posts the ante 15
ftragueta: posts the ante 15
Luckybaks7: posts small blind 60
EV0ll0VE: posts big blind 120
*** HOLE CARDS ***
Dealt to Gabrielfs13 [7s Qs]
Vladpiton: raises 120 to 240
ra_raa11: calls 240
Gabrielfs13: folds 
IIIINGENSSSS: raises 960 to 1200
Jonnnyxd: folds 
ftragueta: folds 
serpantin1: folds 
Luckybaks7: folds 
EV0ll0VE: folds 
Vladpiton: folds 
ra_raa11: folds 
Uncalled bet (960) returned to IIIINGENSSSS
IIIINGENSSSS collected 1035 from pot
IIIINGENSSSS: doesn't show hand 
*** SUMMARY ***
Total pot 1035 | Rake 0 
Seat 1: serpantin1 (button) folded before Flop (didn't bet)
Seat 2: Luckybaks7 (small blind) folded before Flop
Seat 3: EV0ll0VE (big blind) folded before Flop
Seat 4: Vladpiton folded before Flop
Seat 5: ra_raa11 folded before Flop
Seat 6: Gabrielfs13 folded before Flop (didn't bet)
Seat 7: IIIINGENSSSS collected (1035)
Seat 8: Jonnnyxd folded before Flop (didn't bet)
Seat 9: ftragueta folded before Flop (didn't bet)



PokerStars Hand #257252990852: Tournament #3916202646, $7.20+$7.50+$1.80 USD Hold'em No Limit - Level IV (60/120) - 2025/08/07 17:07:28 BRT [2025/08/07 16:07:28 ET]
Table '3916202646 8' 9-max Seat #2 is the button
Seat 1: serpantin1 (10600 in chips, $7.50 bounty) 
Seat 2: Luckybaks7 (13789 in chips, $11.25 bounty) 
Seat 3: EV0ll0VE (9805 in chips, $7.50 bounty) 
Seat 4: Vladpiton (22885 in chips, $11.25 bounty) 
Seat 5: ra_raa11 (10015 in chips, $7.50 bounty) 
Seat 6: Gabrielfs13 (9834 in chips, $7.50 bounty) 
Seat 7: IIIINGENSSSS (10372 in chips, $7.50 bounty) 
Seat 8: Jonnnyxd (9970 in chips, $7.50 bounty) 
Seat 9: ftragueta (13381 in chips, $7.50 bounty) 
serpantin1: posts the ante 15
Luckybaks7: posts the ante 15
EV0ll0VE: posts the ante 15
Vladpiton: posts the ante 15
ra_raa11: posts the ante 15
Gabrielfs13: posts the ante 15
IIIINGENSSSS: posts the ante 15
Jonnnyxd: posts the ante 15
ftragueta: posts the ante 15
EV0ll0VE: posts small blind 60
Vladpiton: posts big blind 120
*** HOLE CARDS ***
Dealt to Gabrielfs13 [8h 7d]
ra_raa11: folds 
Gabrielfs13: folds 
IIIINGENSSSS: folds 
Jonnnyxd: folds 
ftragueta: raises 180 to 300
serpantin1: folds 
Luckybaks7: calls 300
EV0ll0VE: folds 
Vladpiton: folds 
*** FLOP *** [2d Qh 3c]
ftragueta: bets 301
Luckybaks7: calls 301
*** TURN *** [2d Qh 3c] [Tc]
ftragueta: bets 501
Luckybaks7: raises 1179 to 1680
ftragueta: folds 
Uncalled bet (1179) returned to Luckybaks7
Luckybaks7 collected 2519 from pot
Luckybaks7: doesn't show hand 
*** SUMMARY ***
Total pot 2519 | Rake 0 
Board [2d Qh 3c Tc]
Seat 1: serpantin1 folded before Flop (didn't bet)
Seat 2: Luckybaks7 (button) collected (2519)
Seat 3: EV0ll0VE (small blind) folded before Flop
Seat 4: Vladpiton (big blind) folded before Flop
Seat 5: ra_raa11 folded before Flop (didn't bet)
Seat 6: Gabrielfs13 folded before Flop (didn't bet)
Seat 7: IIIINGENSSSS folded before Flop (didn't bet)
Seat 8: Jonnnyxd folded before Flop (didn't bet)
Seat 9: ftragueta folded on the Turn



PokerStars Hand #257253005473: Tournament #3916202646, $7.20+$7.50+$1.80 USD Hold'em No Limit - Level IV (60/120) - 2025/08/07 17:08:30 BRT [2025/08/07 16:08:30 ET]
Table '3916202646 8' 9-max Seat #3 is the button
Seat 1: serpantin1 (10585 in chips, $7.50 bounty) 
Seat 2: Luckybaks7 (15191 in chips, $11.25 bounty) 
Seat 3: EV0ll0VE (9730 in chips, $7.50 bounty) 
Seat 4: Vladpiton (22750 in chips, $11.25 bounty) 
Seat 5: ra_raa11 (10000 in chips, $7.50 bounty) 
Seat 6: Gabrielfs13 (9819 in chips, $7.50 bounty) 
Seat 8: Jonnnyxd (9955 in chips, $7.50 bounty) 
Seat 9: ftragueta (12264 in chips, $7.50 bounty) 
serpantin1: posts the ante 15
Luckybaks7: posts the ante 15
EV0ll0VE: posts the ante 15
Vladpiton: posts the ante 15
ra_raa11: posts the ante 15
Gabrielfs13: posts the ante 15
Jonnnyxd: posts the ante 15
ftragueta: posts the ante 15
Vladpiton: posts small blind 60
ra_raa11: posts big blind 120
*** HOLE CARDS ***
Dealt to Gabrielfs13 [3s Jd]
Gabrielfs13: folds 
Jonnnyxd: raises 120 to 240
ftragueta: folds 
serpantin1: folds 
Luckybaks7: folds 
EV0ll0VE: folds 
Vladpiton: folds 
ra_raa11: folds 
Uncalled bet (120) returned to Jonnnyxd
Jonnnyxd collected 420 from pot
Jonnnyxd: doesn't show hand 
*** SUMMARY ***
Total pot 420 | Rake 0 
Seat 1: serpantin1 folded before Flop (didn't bet)
Seat 2: Luckybaks7 folded before Flop (didn't bet)
Seat 3: EV0ll0VE (button) folded before Flop (didn't bet)
Seat 4: Vladpiton (small blind) folded before Flop
Seat 5: ra_raa11 (big blind) folded before Flop
Seat 6: Gabrielfs13 folded before Flop (didn't bet)
Seat 8: Jonnnyxd collected (420)
Seat 9: ftragueta folded before Flop (didn't bet)



PokerStars Hand #257253010968: Tournament #3916202646, $7.20+$7.50+$1.80 USD Hold'em No Limit - Level IV (60/120) - 2025/08/07 17:08:52 BRT [2025/08/07 16:08:52 ET]
Table '3916202646 8' 9-max Seat #4 is the button
Seat 1: serpantin1 (10570 in chips, $7.50 bounty) 
Seat 2: Luckybaks7 (15176 in chips, $11.25 bounty) 
Seat 3: EV0ll0VE (9715 in chips, $7.50 bounty) 
Seat 4: Vladpiton (22675 in chips, $11.25 bounty) 
Seat 5: ra_raa11 (9865 in chips, $7.50 bounty) 
Seat 6: Gabrielfs13 (9804 in chips, $7.50 bounty) 
Seat 8: Jonnnyxd (10240 in chips, $7.50 bounty) 
Seat 9: ftragueta (12249 in chips, $7.50 bounty) 
serpantin1: posts the ante 15
Luckybaks7: posts the ante 15
EV0ll0VE: posts the ante 15
Vladpiton: posts the ante 15
ra_raa11: posts the ante 15
Gabrielfs13: posts the ante 15
Jonnnyxd: posts the ante 15
ftragueta: posts the ante 15
ra_raa11: posts small blind 60
Gabrielfs13: posts big blind 120
*** HOLE CARDS ***
Dealt to Gabrielfs13 [Jh Tc]
Jonnnyxd: raises 120 to 240
ftragueta: folds 
serpantin1: folds 
Luckybaks7: folds 
EV0ll0VE: folds 
Vladpiton: folds 
ra_raa11: folds 
Gabrielfs13: calls 120
*** FLOP *** [6d 5s 3c]
Gabrielfs13: checks 
Jonnnyxd: checks 
*** TURN *** [6d 5s 3c] [8c]
Gabrielfs13: bets 330
Jonnnyxd: raises 750 to 1080
Gabrielfs13: folds 
Uncalled bet (750) returned to Jonnnyxd
Jonnnyxd collected 1320 from pot
Jonnnyxd: doesn't show hand 
*** SUMMARY ***
Total pot 1320 | Rake 0 
Board [6d 5s 3c 8c]
Seat 1: serpantin1 folded before Flop (didn't bet)
Seat 2: Luckybaks7 folded before Flop (didn't bet)
Seat 3: EV0ll0VE folded before Flop (didn't bet)
Seat 4: Vladpiton (button) folded before Flop (didn't bet)
Seat 5: ra_raa11 (small blind) folded before Flop
Seat 6: Gabrielfs13 (big blind) folded on the Turn
Seat 8: Jonnnyxd collected (1320)
Seat 9: ftragueta folded before Flop (didn't bet)



PokerStars Hand #257253025955: Tournament #3916202646, $7.20+$7.50+$1.80 USD Hold'em No Limit - Level IV (60/120) - 2025/08/07 17:09:54 BRT [2025/08/07 16:09:54 ET]
Table '3916202646 8' 9-max Seat #5 is the button
Seat 1: serpantin1 (10555 in chips, $7.50 bounty) 
Seat 2: Luckybaks7 (15161 in chips, $11.25 bounty) 
Seat 3: EV0ll0VE (9700 in chips, $7.50 bounty) 
Seat 4: Vladpiton (22660 in chips, $11.25 bounty) 
Seat 5: ra_raa11 (9790 in chips, $7.50 bounty) 
Seat 6: Gabrielfs13 (9219 in chips, $7.50 bounty) 
Seat 8: Jonnnyxd (10975 in chips, $7.50 bounty) 
Seat 9: ftragueta (12234 in chips, $7.50 bounty) 
serpantin1: posts the ante 15
Luckybaks7: posts the ante 15
EV0ll0VE: posts the ante 15
Vladpiton: posts the ante 15
ra_raa11: posts the ante 15
Gabrielfs13: posts the ante 15
Jonnnyxd: posts the ante 15
ftragueta: posts the ante 15
Gabrielfs13: posts small blind 60
Jonnnyxd: posts big blind 120
*** HOLE CARDS ***
Dealt to Gabrielfs13 [5d Ad]
ftragueta: folds 
serpantin1: folds 
Luckybaks7: folds 
EV0ll0VE: raises 180 to 300
Vladpiton: folds 
ra_raa11: calls 300
Gabrielfs13: calls 240
Jonnnyxd: calls 180
*** FLOP *** [8d Ac 6h]
Gabrielfs13: checks 
Jonnnyxd: checks 
EV0ll0VE: checks 
ra_raa11: checks 
*** TURN *** [8d Ac 6h] [6c]
Gabrielfs13: checks 
Jonnnyxd: bets 726
EV0ll0VE: folds 
ra_raa11: folds 
Gabrielfs13: calls 726
*** RIVER *** [8d Ac 6h 6c] [Jc]
Gabrielfs13: checks 
Jonnnyxd: checks 
*** SHOW DOWN ***
Gabrielfs13: shows [5d Ad] (two pair, Aces and Sixes)
Jonnnyxd: shows [8h Ah] (two pair, Aces and Eights)
Jonnnyxd collected 2772 from pot
*** SUMMARY ***
Total pot 2772 | Rake 0 
Board [8d Ac 6h 6c Jc]
Seat 1: serpantin1 folded before Flop (didn't bet)
Seat 2: Luckybaks7 folded before Flop (didn't bet)
Seat 3: EV0ll0VE folded on the Turn
Seat 4: Vladpiton folded before Flop (didn't bet)
Seat 5: ra_raa11 (button) folded on the Turn
Seat 6: Gabrielfs13 (small blind) showed [5d Ad] and lost with two pair, Aces and Sixes
Seat 8: Jonnnyxd (big blind) showed [8h Ah] and won (2772) with two pair, Aces and Eights
Seat 9: ftragueta folded before Flop (didn't bet)



PokerStars Hand #257253047965: Tournament #3916202646, $7.20+$7.50+$1.80 USD Hold'em No Limit - Level V (75/150) - 2025/08/07 17:11:26 BRT [2025/08/07 16:11:26 ET]
Table '3916202646 8' 9-max Seat #6 is the button
Seat 1: serpantin1 (10540 in chips, $7.50 bounty) 
Seat 2: Luckybaks7 (15146 in chips, $11.25 bounty) 
Seat 3: EV0ll0VE (9385 in chips, $7.50 bounty) 
Seat 4: Vladpiton (22645 in chips, $11.25 bounty) 
Seat 5: ra_raa11 (9475 in chips, $7.50 bounty) 
Seat 6: Gabrielfs13 (8178 in chips, $7.50 bounty) 
Seat 8: Jonnnyxd (12706 in chips, $7.50 bounty) 
Seat 9: ftragueta (12219 in chips, $7.50 bounty) 
serpantin1: posts the ante 20
Luckybaks7: posts the ante 20
EV0ll0VE: posts the ante 20
Vladpiton: posts the ante 20
ra_raa11: posts the ante 20
Gabrielfs13: posts the ante 20
Jonnnyxd: posts the ante 20
ftragueta: posts the ante 20
Jonnnyxd: posts small blind 75
ftragueta: posts big blind 150
*** HOLE CARDS ***
Dealt to Gabrielfs13 [Th Ah]
serpantin1: raises 150 to 300
Luckybaks7: calls 300
EV0ll0VE: folds 
Vladpiton: folds 
ra_raa11: folds 
Gabrielfs13: raises 900 to 1200
Jonnnyxd: folds 
ftragueta: folds 
serpantin1: folds 
Luckybaks7: calls 900
*** FLOP *** [Qh 3c Qc]
Luckybaks7: checks 
Gabrielfs13: bets 1018
Luckybaks7: calls 1018
*** TURN *** [Qh 3c Qc] [Ts]
Luckybaks7: checks 
Gabrielfs13: checks 
*** RIVER *** [Qh 3c Qc Ts] [9c]
Luckybaks7: bets 1023
Gabrielfs13: calls 1023
*** SHOW DOWN ***
Luckybaks7: shows [6d 6c] (two pair, Queens and Sixes)
Gabrielfs13: shows [Th Ah] (two pair, Queens and Tens)
Gabrielfs13 collected 7167 from pot
*** SUMMARY ***
Total pot 7167 | Rake 0 
Board [Qh 3c Qc Ts 9c]
Seat 1: serpantin1 folded before Flop
Seat 2: Luckybaks7 showed [6d 6c] and lost with two pair, Queens and Sixes
Seat 3: EV0ll0VE folded before Flop (didn't bet)
Seat 4: Vladpiton folded before Flop (didn't bet)
Seat 5: ra_raa11 folded before Flop (didn't bet)
Seat 6: Gabrielfs13 (button) showed [Th Ah] and won (7167) with two pair, Queens and Tens
Seat 8: Jonnnyxd (small blind) folded before Flop
Seat 9: ftragueta (big blind) folded before Flop



PokerStars Hand #257253076848: Tournament #3916202646, $7.20+$7.50+$1.80 USD Hold'em No Limit - Level V (75/150) - 2025/08/07 17:13:26 BRT [2025/08/07 16:13:26 ET]
Table '3916202646 8' 9-max Seat #8 is the button
Seat 1: serpantin1 (10220 in chips, $7.50 bounty) 
Seat 2: Luckybaks7 (11885 in chips, $11.25 bounty) 
Seat 3: EV0ll0VE (9365 in chips, $7.50 bounty) 
Seat 4: Vladpiton (22625 in chips, $11.25 bounty) 
Seat 5: ra_raa11 (9455 in chips, $7.50 bounty) 
Seat 6: Gabrielfs13 (12084 in chips, $7.50 bounty) 
Seat 8: Jonnnyxd (12611 in chips, $7.50 bounty) 
Seat 9: ftragueta (12049 in chips, $7.50 bounty) 
serpantin1: posts the ante 20
Luckybaks7: posts the ante 20
EV0ll0VE: posts the ante 20
Vladpiton: posts the ante 20
ra_raa11: posts the ante 20
Gabrielfs13: posts the ante 20
Jonnnyxd: posts the ante 20
ftragueta: posts the ante 20
ftragueta: posts small blind 75
serpantin1: posts big blind 150
*** HOLE CARDS ***
Dealt to Gabrielfs13 [6h 4h]
Luckybaks7: folds 
EV0ll0VE: folds 
Vladpiton: folds 
ra_raa11: folds 
Gabrielfs13: folds 
Jonnnyxd: raises 150 to 300
ftragueta: calls 225
serpantin1: raises 1350 to 1650
Jonnnyxd: folds 
ftragueta: folds 
Uncalled bet (1350) returned to serpantin1
serpantin1 collected 1060 from pot
serpantin1: doesn't show hand 
*** SUMMARY ***
Total pot 1060 | Rake 0 
Seat 1: serpantin1 (big blind) collected (1060)
Seat 2: Luckybaks7 folded before Flop (didn't bet)
Seat 3: EV0ll0VE folded before Flop (didn't bet)
Seat 4: Vladpiton folded before Flop (didn't bet)
Seat 5: ra_raa11 folded before Flop (didn't bet)
Seat 6: Gabrielfs13 folded before Flop (didn't bet)
Seat 8: Jonnnyxd (button) folded before Flop
Seat 9: ftragueta (small blind) folded before Flop



PokerStars Hand #257253086633: Tournament #3916202646, $7.20+$7.50+$1.80 USD Hold'em No Limit - Level V (75/150) - 2025/08/07 17:14:06 BRT [2025/08/07 16:14:06 ET]
Table '3916202646 8' 9-max Seat #9 is the button
Seat 1: serpantin1 (10960 in chips, $7.50 bounty) 
Seat 2: Luckybaks7 (11865 in chips, $11.25 bounty) 
Seat 3: EV0ll0VE (9345 in chips, $7.50 bounty) 
Seat 4: Vladpiton (22605 in chips, $11.25 bounty) 
Seat 5: ra_raa11 (9435 in chips, $7.50 bounty) 
Seat 6: Gabrielfs13 (12064 in chips, $7.50 bounty) 
Seat 8: Jonnnyxd (12291 in chips, $7.50 bounty) 
Seat 9: ftragueta (11729 in chips, $7.50 bounty) 
serpantin1: posts the ante 20
Luckybaks7: posts the ante 20
EV0ll0VE: posts the ante 20
Vladpiton: posts the ante 20
ra_raa11: posts the ante 20
Gabrielfs13: posts the ante 20
Jonnnyxd: posts the ante 20
ftragueta: posts the ante 20
serpantin1: posts small blind 75
Luckybaks7: posts big blind 150
*** HOLE CARDS ***
Dealt to Gabrielfs13 [Ah 8d]
EV0ll0VE: folds 
Vladpiton: folds 
ra_raa11: raises 195 to 345
Gabrielfs13: folds 
Jonnnyxd: folds 
ftragueta: calls 345
serpantin1: raises 1455 to 1800
Luckybaks7: folds 
ra_raa11: calls 1455
ftragueta: calls 1455
*** FLOP *** [5d 4c Js]
serpantin1: checks 
ra_raa11: checks 
ftragueta: checks 
*** TURN *** [5d 4c Js] [Ad]
serpantin1: bets 2734
ra_raa11: calls 2734
ftragueta: folds 
*** RIVER *** [5d 4c Js Ad] [4s]
serpantin1: bets 6406 and is all-in
ra_raa11: calls 4881 and is all-in
Uncalled bet (1525) returned to serpantin1
*** SHOW DOWN ***
serpantin1: shows [Jc Jd] (a full house, Jacks full of Fours)
ra_raa11: shows [Qc Ac] (two pair, Aces and Fours)
serpantin1 collected 20940 from pot
serpantin1 wins $3.75 for eliminating ra_raa11 and their own bounty increases by $3.75 to $11.25
ra_raa11 finished the tournament
*** SUMMARY ***
Total pot 20940 | Rake 0 
Board [5d 4c Js Ad 4s]
Seat 1: serpantin1 (small blind) showed [Jc Jd] and won (20940) with a full house, Jacks full of Fours
Seat 2: Luckybaks7 (big blind) folded before Flop
Seat 3: EV0ll0VE folded before Flop (didn't bet)
Seat 4: Vladpiton folded before Flop (didn't bet)
Seat 5: ra_raa11 showed [Qc Ac] and lost with two pair, Aces and Fours
Seat 6: Gabrielfs13 folded before Flop (didn't bet)
Seat 8: Jonnnyxd folded before Flop (didn't bet)
Seat 9: ftragueta (button) folded on the Turn



PokerStars Hand #257253112390: Tournament #3916202646, $7.20+$7.50+$1.80 USD Hold'em No Limit - Level V (75/150) - 2025/08/07 17:15:54 BRT [2025/08/07 16:15:54 ET]
Table '3916202646 8' 9-max Seat #1 is the button
Seat 1: serpantin1 (22465 in chips, $11.25 bounty) 
Seat 2: Luckybaks7 (11695 in chips, $11.25 bounty) 
Seat 3: EV0ll0VE (9325 in chips, $7.50 bounty) 
Seat 4: Vladpiton (22585 in chips, $11.25 bounty) 
Seat 6: Gabrielfs13 (12044 in chips, $7.50 bounty) 
Seat 8: Jonnnyxd (12271 in chips, $7.50 bounty) 
Seat 9: ftragueta (9909 in chips, $7.50 bounty) 
serpantin1: posts the ante 20
Luckybaks7: posts the ante 20
EV0ll0VE: posts the ante 20
Vladpiton: posts the ante 20
Gabrielfs13: posts the ante 20
Jonnnyxd: posts the ante 20
ftragueta: posts the ante 20
Luckybaks7: posts small blind 75
EV0ll0VE: posts big blind 150
*** HOLE CARDS ***
Dealt to Gabrielfs13 [Js 6d]
Vladpiton: folds 
DiMastodon is disconnected 
Gabrielfs13: folds 
Jonnnyxd: folds 
ftragueta: folds 
serpantin1: raises 150 to 300
Luckybaks7: folds 
EV0ll0VE: folds 
Uncalled bet (150) returned to serpantin1
serpantin1 collected 515 from pot
serpantin1: doesn't show hand 
*** SUMMARY ***
Total pot 515 | Rake 0 
Seat 1: serpantin1 (button) collected (515)
Seat 2: Luckybaks7 (small blind) folded before Flop
Seat 3: EV0ll0VE (big blind) folded before Flop
Seat 4: Vladpiton folded before Flop (didn't bet)
Seat 6: Gabrielfs13 folded before Flop (didn't bet)
Seat 8: Jonnnyxd folded before Flop (didn't bet)
Seat 9: ftragueta folded before Flop (didn't bet)



PokerStars Hand #257253125051: Tournament #3916202646, $7.20+$7.50+$1.80 USD Hold'em No Limit - Level V (75/150) - 2025/08/07 17:16:47 BRT [2025/08/07 16:16:47 ET]
Table '3916202646 8' 9-max Seat #2 is the button
Seat 1: serpantin1 (22810 in chips, $11.25 bounty) 
Seat 2: Luckybaks7 (11600 in chips, $11.25 bounty) 
Seat 3: EV0ll0VE (9155 in chips, $7.50 bounty) 
Seat 4: Vladpiton (22565 in chips, $11.25 bounty) 
Seat 5: DiMastodon (9841 in chips, $7.50 bounty) 
Seat 6: Gabrielfs13 (12024 in chips, $7.50 bounty) 
Seat 8: Jonnnyxd (12251 in chips, $7.50 bounty) 
Seat 9: ftragueta (9889 in chips, $7.50 bounty) 
serpantin1: posts the ante 20
Luckybaks7: posts the ante 20
EV0ll0VE: posts the ante 20
Vladpiton: posts the ante 20
DiMastodon: posts the ante 20
Gabrielfs13: posts the ante 20
Jonnnyxd: posts the ante 20
ftragueta: posts the ante 20
EV0ll0VE: posts small blind 75
Vladpiton: posts big blind 150
*** HOLE CARDS ***
Dealt to Gabrielfs13 [Tc Kd]
DiMastodon: folds 
Gabrielfs13: folds 
Jonnnyxd: folds 
ftragueta: raises 150 to 300
serpantin1: folds 
Luckybaks7: folds 
EV0ll0VE: folds 
Vladpiton: calls 150
*** FLOP *** [9s 9h 3d]
Vladpiton: checks 
ftragueta: checks 
*** TURN *** [9s 9h 3d] [2h]
Vladpiton: bets 626
ftragueta: folds 
Uncalled bet (626) returned to Vladpiton
Vladpiton collected 835 from pot
Vladpiton: doesn't show hand 
*** SUMMARY ***
Total pot 835 | Rake 0 
Board [9s 9h 3d 2h]
Seat 1: serpantin1 folded before Flop (didn't bet)
Seat 2: Luckybaks7 (button) folded before Flop (didn't bet)
Seat 3: EV0ll0VE (small blind) folded before Flop
Seat 4: Vladpiton (big blind) collected (835)
Seat 5: DiMastodon folded before Flop (didn't bet)
Seat 6: Gabrielfs13 folded before Flop (didn't bet)
Seat 8: Jonnnyxd folded before Flop (didn't bet)
Seat 9: ftragueta folded on the Turn



PokerStars Hand #257253139274: Tournament #3916202646, $7.20+$7.50+$1.80 USD Hold'em No Limit - Level V (75/150) - 2025/08/07 17:17:46 BRT [2025/08/07 16:17:46 ET]
Table '3916202646 8' 9-max Seat #3 is the button
Seat 1: serpantin1 (22790 in chips, $11.25 bounty) 
Seat 2: Luckybaks7 (11580 in chips, $11.25 bounty) 
Seat 3: EV0ll0VE (9060 in chips, $7.50 bounty) 
Seat 4: Vladpiton (23080 in chips, $11.25 bounty) 
Seat 5: DiMastodon (9821 in chips, $7.50 bounty) 
Seat 6: Gabrielfs13 (12004 in chips, $7.50 bounty) 
Seat 8: Jonnnyxd (12231 in chips, $7.50 bounty) 
Seat 9: ftragueta (9569 in chips, $7.50 bounty) 
serpantin1: posts the ante 20
Luckybaks7: posts the ante 20
EV0ll0VE: posts the ante 20
Vladpiton: posts the ante 20
DiMastodon: posts the ante 20
Gabrielfs13: posts the ante 20
Jonnnyxd: posts the ante 20
ftragueta: posts the ante 20
Vladpiton: posts small blind 75
DiMastodon: posts big blind 150
*** HOLE CARDS ***
Dealt to Gabrielfs13 [Kd 2s]
Gabrielfs13: folds 
Jonnnyxd: folds 
ftragueta: folds 
serpantin1: raises 150 to 300
Luckybaks7: folds 
EV0ll0VE: folds 
Vladpiton: folds 
DiMastodon: calls 150
*** FLOP *** [5c 5d Kc]
DiMastodon: checks 
serpantin1: bets 150
DiMastodon: raises 1050 to 1200
JUCA_PIRAMA1 is disconnected 
serpantin1: folds 
Uncalled bet (1050) returned to DiMastodon
DiMastodon collected 1135 from pot
DiMastodon: doesn't show hand 
*** SUMMARY ***
Total pot 1135 | Rake 0 
Board [5c 5d Kc]
Seat 1: serpantin1 folded on the Flop
Seat 2: Luckybaks7 folded before Flop (didn't bet)
Seat 3: EV0ll0VE (button) folded before Flop (didn't bet)
Seat 4: Vladpiton (small blind) folded before Flop
Seat 5: DiMastodon (big blind) collected (1135)
Seat 6: Gabrielfs13 folded before Flop (didn't bet)
Seat 8: Jonnnyxd folded before Flop (didn't bet)
Seat 9: ftragueta folded before Flop (didn't bet)



PokerStars Hand #257253152451: Tournament #3916202646, $7.20+$7.50+$1.80 USD Hold'em No Limit - Level V (75/150) - 2025/08/07 17:18:41 BRT [2025/08/07 16:18:41 ET]
Table '3916202646 8' 9-max Seat #4 is the button
Seat 1: serpantin1 (22320 in chips, $11.25 bounty) 
Seat 2: Luckybaks7 (11560 in chips, $11.25 bounty) 
Seat 3: EV0ll0VE (9040 in chips, $7.50 bounty) 
Seat 4: Vladpiton (22985 in chips, $11.25 bounty) 
Seat 5: DiMastodon (10486 in chips, $7.50 bounty) 
Seat 6: Gabrielfs13 (11984 in chips, $7.50 bounty) 
Seat 7: JUCA_PIRAMA1 (10000 in chips, $7.50 bounty) 
Seat 8: Jonnnyxd (12211 in chips, $7.50 bounty) 
Seat 9: ftragueta (9549 in chips, $7.50 bounty) 
serpantin1: posts the ante 20
Luckybaks7: posts the ante 20
EV0ll0VE: posts the ante 20
Vladpiton: posts the ante 20
DiMastodon: posts the ante 20
Gabrielfs13: posts the ante 20
JUCA_PIRAMA1: posts the ante 20
Jonnnyxd: posts the ante 20
ftragueta: posts the ante 20
DiMastodon: posts small blind 75
Gabrielfs13: posts big blind 150
*** HOLE CARDS ***
Dealt to Gabrielfs13 [Tc 8c]
JUCA_PIRAMA1: folds 
Jonnnyxd: folds 
ftragueta: folds 
serpantin1: folds 
Luckybaks7: folds 
EV0ll0VE: folds 
Vladpiton: raises 150 to 300
DiMastodon: calls 225
Gabrielfs13: calls 150
*** FLOP *** [As Kh Jh]
DiMastodon: checks 
Gabrielfs13: checks 
Vladpiton: bets 356
DiMastodon: calls 356
Gabrielfs13: calls 356
*** TURN *** [As Kh Jh] [Qh]
DiMastodon: bets 1181
Gabrielfs13: calls 1181
Vladpiton: folds 
*** RIVER *** [As Kh Jh Qh] [5s]
DiMastodon: bets 2481
Gabrielfs13: calls 2481
*** SHOW DOWN ***
DiMastodon: shows [6h 5h] (a flush, King high)
Gabrielfs13: mucks hand 
DiMastodon collected 9472 from pot
*** SUMMARY ***
Total pot 9472 | Rake 0 
Board [As Kh Jh Qh 5s]
Seat 1: serpantin1 folded before Flop (didn't bet)
Seat 2: Luckybaks7 folded before Flop (didn't bet)
Seat 3: EV0ll0VE folded before Flop (didn't bet)
Seat 4: Vladpiton (button) folded on the Turn
Seat 5: DiMastodon (small blind) showed [6h 5h] and won (9472) with a flush, King high
Seat 6: Gabrielfs13 (big blind) mucked [Tc 8c]
Seat 7: JUCA_PIRAMA1 folded before Flop (didn't bet)
Seat 8: Jonnnyxd folded before Flop (didn't bet)
Seat 9: ftragueta folded before Flop (didn't bet)



PokerStars Hand #257253177774: Tournament #3916202646, $7.20+$7.50+$1.80 USD Hold'em No Limit - Level V (75/150) - 2025/08/07 17:20:26 BRT [2025/08/07 16:20:26 ET]
Table '3916202646 8' 9-max Seat #5 is the button
Seat 1: serpantin1 (22300 in chips, $11.25 bounty) 
Seat 2: Luckybaks7 (11540 in chips, $11.25 bounty) 
Seat 3: EV0ll0VE (9020 in chips, $7.50 bounty) 
Seat 4: Vladpiton (22309 in chips, $11.25 bounty) 
Seat 5: DiMastodon (15620 in chips, $7.50 bounty) 
Seat 6: Gabrielfs13 (7646 in chips, $7.50 bounty) 
Seat 7: JUCA_PIRAMA1 (9980 in chips, $7.50 bounty) 
Seat 8: Jonnnyxd (12191 in chips, $7.50 bounty) 
Seat 9: ftragueta (9529 in chips, $7.50 bounty) 
serpantin1: posts the ante 20
Luckybaks7: posts the ante 20
EV0ll0VE: posts the ante 20
Vladpiton: posts the ante 20
DiMastodon: posts the ante 20
Gabrielfs13: posts the ante 20
JUCA_PIRAMA1: posts the ante 20
Jonnnyxd: posts the ante 20
ftragueta: posts the ante 20
Gabrielfs13: posts small blind 75
JUCA_PIRAMA1: posts big blind 150
*** HOLE CARDS ***
Dealt to Gabrielfs13 [2c 5s]
Jonnnyxd: folds 
ftragueta: folds 
serpantin1: raises 150 to 300
Luckybaks7: folds 
EV0ll0VE: raises 675 to 975
Vladpiton: folds 
DiMastodon: folds 
Gabrielfs13: folds 
JUCA_PIRAMA1: folds 
serpantin1: folds 
Uncalled bet (675) returned to EV0ll0VE
EV0ll0VE collected 1005 from pot
*** SUMMARY ***
Total pot 1005 | Rake 0 
Seat 1: serpantin1 folded before Flop
Seat 2: Luckybaks7 folded before Flop (didn't bet)
Seat 3: EV0ll0VE collected (1005)
Seat 4: Vladpiton folded before Flop (didn't bet)
Seat 5: DiMastodon (button) folded before Flop (didn't bet)
Seat 6: Gabrielfs13 (small blind) folded before Flop
Seat 7: JUCA_PIRAMA1 (big blind) folded before Flop
Seat 8: Jonnnyxd folded before Flop (didn't bet)
Seat 9: ftragueta folded before Flop (didn't bet)



PokerStars Hand #257253191219: Tournament #3916202646, $7.20+$7.50+$1.80 USD Hold'em No Limit - Level VI (100/200) - 2025/08/07 17:21:20 BRT [2025/08/07 16:21:20 ET]
Table '3916202646 8' 9-max Seat #6 is the button
Seat 1: serpantin1 (21980 in chips, $11.25 bounty) 
Seat 2: Luckybaks7 (11520 in chips, $11.25 bounty) 
Seat 3: EV0ll0VE (9705 in chips, $7.50 bounty) 
Seat 4: Vladpiton (22289 in chips, $11.25 bounty) 
Seat 5: DiMastodon (15600 in chips, $7.50 bounty) 
Seat 6: Gabrielfs13 (7551 in chips, $7.50 bounty) 
Seat 7: JUCA_PIRAMA1 (9810 in chips, $7.50 bounty) 
Seat 8: Jonnnyxd (12171 in chips, $7.50 bounty) 
Seat 9: ftragueta (9509 in chips, $7.50 bounty) 
serpantin1: posts the ante 25
Luckybaks7: posts the ante 25
EV0ll0VE: posts the ante 25
Vladpiton: posts the ante 25
DiMastodon: posts the ante 25
Gabrielfs13: posts the ante 25
JUCA_PIRAMA1: posts the ante 25
Jonnnyxd: posts the ante 25
ftragueta: posts the ante 25
JUCA_PIRAMA1: posts small blind 100
Jonnnyxd: posts big blind 200
*** HOLE CARDS ***
Dealt to Gabrielfs13 [6c 7c]
ftragueta: folds 
serpantin1: folds 
Luckybaks7: raises 200 to 400
EV0ll0VE: folds 
Vladpiton: folds 
DiMastodon: folds 
Gabrielfs13: calls 400
JUCA_PIRAMA1: folds 
Jonnnyxd: raises 1600 to 2000
Luckybaks7: raises 2500 to 4500
Gabrielfs13: folds 
Jonnnyxd: raises 7646 to 12146 and is all-in
Luckybaks7: calls 6995 and is all-in
Uncalled bet (651) returned to Jonnnyxd
*** FLOP *** [5h 9d 8s]
*** TURN *** [5h 9d 8s] [5d]
*** RIVER *** [5h 9d 8s 5d] [Ac]
*** SHOW DOWN ***
Jonnnyxd: shows [As Ah] (a full house, Aces full of Fives)
Luckybaks7: shows [Ks Kc] (two pair, Kings and Fives)
Jonnnyxd collected 23715 from pot
Jonnnyxd wins $5.63 for eliminating Luckybaks7 and their own bounty increases by $5.62 to $13.12
Luckybaks7 finished the tournament
*** SUMMARY ***
Total pot 23715 | Rake 0 
Board [5h 9d 8s 5d Ac]
Seat 1: serpantin1 folded before Flop (didn't bet)
Seat 2: Luckybaks7 showed [Ks Kc] and lost with two pair, Kings and Fives
Seat 3: EV0ll0VE folded before Flop (didn't bet)
Seat 4: Vladpiton folded before Flop (didn't bet)
Seat 5: DiMastodon folded before Flop (didn't bet)
Seat 6: Gabrielfs13 (button) folded before Flop
Seat 7: JUCA_PIRAMA1 (small blind) folded before Flop
Seat 8: Jonnnyxd (big blind) showed [As Ah] and won (23715) with a full house, Aces full of Fives
Seat 9: ftragueta folded before Flop (didn't bet)



PokerStars Hand #257253208370: Tournament #3916202646, $7.20+$7.50+$1.80 USD Hold'em No Limit - Level VI (100/200) - 2025/08/07 17:22:30 BRT [2025/08/07 16:22:30 ET]
Table '3916202646 8' 9-max Seat #7 is the button
Seat 1: serpantin1 (21955 in chips, $11.25 bounty) 
Seat 3: EV0ll0VE (9680 in chips, $7.50 bounty) 
Seat 4: Vladpiton (22264 in chips, $11.25 bounty) 
Seat 5: DiMastodon (15575 in chips, $7.50 bounty) 
Seat 6: Gabrielfs13 (7126 in chips, $7.50 bounty) 
Seat 7: JUCA_PIRAMA1 (9685 in chips, $7.50 bounty) 
Seat 8: Jonnnyxd (24366 in chips, $13.12 bounty) 
Seat 9: ftragueta (9484 in chips, $7.50 bounty) 
serpantin1: posts the ante 25
EV0ll0VE: posts the ante 25
Vladpiton: posts the ante 25
DiMastodon: posts the ante 25
Gabrielfs13: posts the ante 25
JUCA_PIRAMA1: posts the ante 25
Jonnnyxd: posts the ante 25
ftragueta: posts the ante 25
Jonnnyxd: posts small blind 100
ftragueta: posts big blind 200
*** HOLE CARDS ***
Dealt to Gabrielfs13 [Qh 2s]
serpantin1: folds 
EV0ll0VE: folds 
Vladpiton: raises 200 to 400
DiMastodon: calls 400
XxMvPokeRxX is disconnected 
Gabrielfs13: folds 
JUCA_PIRAMA1: folds 
Jonnnyxd: calls 300
ftragueta: calls 200
*** FLOP *** [Tc Js 9d]
Jonnnyxd: checks 
ftragueta: checks 
Vladpiton: bets 900
DiMastodon: calls 900
Jonnnyxd: folds 
ftragueta: folds 
*** TURN *** [Tc Js 9d] [3h]
Vladpiton: bets 2700
DiMastodon: raises 2970 to 5670
Vladpiton: calls 2970
*** RIVER *** [Tc Js 9d 3h] [Ad]
Vladpiton: checks 
DiMastodon: checks 
*** SHOW DOWN ***
Vladpiton: shows [Kd Kc] (a pair of Kings)
DiMastodon: mucks hand 
Vladpiton collected 14940 from pot
*** SUMMARY ***
Total pot 14940 | Rake 0 
Board [Tc Js 9d 3h Ad]
Seat 1: serpantin1 folded before Flop (didn't bet)
Seat 3: EV0ll0VE folded before Flop (didn't bet)
Seat 4: Vladpiton showed [Kd Kc] and won (14940) with a pair of Kings
Seat 5: DiMastodon mucked [Qd Jd]
Seat 6: Gabrielfs13 folded before Flop (didn't bet)
Seat 7: JUCA_PIRAMA1 (button) folded before Flop (didn't bet)
Seat 8: Jonnnyxd (small blind) folded on the Flop
Seat 9: ftragueta (big blind) folded on the Flop



PokerStars Hand #257253227294: Tournament #3916202646, $7.20+$7.50+$1.80 USD Hold'em No Limit - Level VI (100/200) - 2025/08/07 17:23:46 BRT [2025/08/07 16:23:46 ET]
Table '3916202646 8' 9-max Seat #8 is the button
Seat 1: serpantin1 (21930 in chips, $11.25 bounty) 
Seat 2: XxMvPokeRxX (10000 in chips, $7.50 bounty) 
Seat 3: EV0ll0VE (9655 in chips, $7.50 bounty) 
Seat 4: Vladpiton (30209 in chips, $11.25 bounty) 
Seat 5: DiMastodon (8580 in chips, $7.50 bounty) 
Seat 6: Gabrielfs13 (7101 in chips, $7.50 bounty) 
Seat 7: JUCA_PIRAMA1 (9660 in chips, $7.50 bounty) 
Seat 8: Jonnnyxd (23941 in chips, $13.12 bounty) 
Seat 9: ftragueta (9059 in chips, $7.50 bounty) 
serpantin1: posts the ante 25
XxMvPokeRxX: posts the ante 25
EV0ll0VE: posts the ante 25
Vladpiton: posts the ante 25
DiMastodon: posts the ante 25
Gabrielfs13: posts the ante 25
JUCA_PIRAMA1: posts the ante 25
Jonnnyxd: posts the ante 25
ftragueta: posts the ante 25
ftragueta: posts small blind 100
serpantin1: posts big blind 200
*** HOLE CARDS ***
Dealt to Gabrielfs13 [Qh 8c]
XxMvPokeRxX: raises 200 to 400
EV0ll0VE: folds 
Vladpiton: folds 
DiMastodon: raises 900 to 1300
Gabrielfs13: folds 
JUCA_PIRAMA1: folds 
Jonnnyxd: folds 
ftragueta: folds 
serpantin1: raises 20605 to 21905 and is all-in
XxMvPokeRxX: folds 
DiMastodon: calls 7255 and is all-in
Uncalled bet (13350) returned to serpantin1
*** FLOP *** [2c 2s 5h]
*** TURN *** [2c 2s 5h] [Qd]
*** RIVER *** [2c 2s 5h Qd] [4h]
*** SHOW DOWN ***
serpantin1: shows [Jc Jd] (two pair, Jacks and Deuces)
DiMastodon: shows [Ah Kc] (a pair of Deuces)
serpantin1 collected 17835 from pot
serpantin1 wins $3.75 for eliminating DiMastodon and their own bounty increases by $3.75 to $15
DiMastodon finished the tournament
*** SUMMARY ***
Total pot 17835 | Rake 0 
Board [2c 2s 5h Qd 4h]
Seat 1: serpantin1 (big blind) showed [Jc Jd] and won (17835) with two pair, Jacks and Deuces
Seat 2: XxMvPokeRxX folded before Flop
Seat 3: EV0ll0VE folded before Flop (didn't bet)
Seat 4: Vladpiton folded before Flop (didn't bet)
Seat 5: DiMastodon showed [Ah Kc] and lost with a pair of Deuces
Seat 6: Gabrielfs13 folded before Flop (didn't bet)
Seat 7: JUCA_PIRAMA1 folded before Flop (didn't bet)
Seat 8: Jonnnyxd (button) folded before Flop (didn't bet)
Seat 9: ftragueta (small blind) folded before Flop



PokerStars Hand #257253241804: Tournament #3916202646, $7.20+$7.50+$1.80 USD Hold'em No Limit - Level VI (100/200) - 2025/08/07 17:24:45 BRT [2025/08/07 16:24:45 ET]
Table '3916202646 8' 9-max Seat #9 is the button
Seat 1: serpantin1 (31185 in chips, $15 bounty) 
Seat 2: XxMvPokeRxX (9575 in chips, $7.50 bounty) 
Seat 3: EV0ll0VE (9630 in chips, $7.50 bounty) 
Seat 4: Vladpiton (30184 in chips, $11.25 bounty) 
Seat 6: Gabrielfs13 (7076 in chips, $7.50 bounty) 
Seat 7: JUCA_PIRAMA1 (9635 in chips, $7.50 bounty) 
Seat 8: Jonnnyxd (23916 in chips, $13.12 bounty) 
Seat 9: ftragueta (8934 in chips, $7.50 bounty) 
serpantin1: posts the ante 25
XxMvPokeRxX: posts the ante 25
EV0ll0VE: posts the ante 25
Vladpiton: posts the ante 25
Gabrielfs13: posts the ante 25
JUCA_PIRAMA1: posts the ante 25
Jonnnyxd: posts the ante 25
ftragueta: posts the ante 25
serpantin1: posts small blind 100
XxMvPokeRxX: posts big blind 200
*** HOLE CARDS ***
Dealt to Gabrielfs13 [Jc Qh]
EV0ll0VE: folds 
Vladpiton: folds 
Gabrielfs13: raises 200 to 400
JUCA_PIRAMA1: raises 800 to 1200
Jonnnyxd: folds 
ftragueta: folds 
serpantin1: folds 
XxMvPokeRxX: folds 
Gabrielfs13: folds 
Uncalled bet (800) returned to JUCA_PIRAMA1
JUCA_PIRAMA1 collected 1300 from pot
JUCA_PIRAMA1: doesn't show hand 
*** SUMMARY ***
Total pot 1300 | Rake 0 
Seat 1: serpantin1 (small blind) folded before Flop
Seat 2: XxMvPokeRxX (big blind) folded before Flop
Seat 3: EV0ll0VE folded before Flop (didn't bet)
Seat 4: Vladpiton folded before Flop (didn't bet)
Seat 6: Gabrielfs13 folded before Flop
Seat 7: JUCA_PIRAMA1 collected (1300)
Seat 8: Jonnnyxd folded before Flop (didn't bet)
Seat 9: ftragueta (button) folded before Flop (didn't bet)



PokerStars Hand #257253257612: Tournament #3916202646, $7.20+$7.50+$1.80 USD Hold'em No Limit - Level VI (100/200) - 2025/08/07 17:25:48 BRT [2025/08/07 16:25:48 ET]
Table '3916202646 8' 9-max Seat #1 is the button
Seat 1: serpantin1 (31060 in chips, $15 bounty) 
Seat 2: XxMvPokeRxX (9350 in chips, $7.50 bounty) 
Seat 3: EV0ll0VE (9605 in chips, $7.50 bounty) 
Seat 4: Vladpiton (30159 in chips, $11.25 bounty) 
Seat 6: Gabrielfs13 (6651 in chips, $7.50 bounty) 
Seat 7: JUCA_PIRAMA1 (10510 in chips, $7.50 bounty) 
Seat 8: Jonnnyxd (23891 in chips, $13.12 bounty) 
Seat 9: ftragueta (8909 in chips, $7.50 bounty) 
serpantin1: posts the ante 25
XxMvPokeRxX: posts the ante 25
EV0ll0VE: posts the ante 25
Vladpiton: posts the ante 25
Gabrielfs13: posts the ante 25
JUCA_PIRAMA1: posts the ante 25
Jonnnyxd: posts the ante 25
ftragueta: posts the ante 25
XxMvPokeRxX: posts small blind 100
EV0ll0VE: posts big blind 200
*** HOLE CARDS ***
Dealt to Gabrielfs13 [Qh Ad]
Vladpiton: folds 
Gabrielfs13: raises 200 to 400
JUCA_PIRAMA1: folds 
Jonnnyxd: raises 800 to 1200
ftragueta: folds 
serpantin1: folds 
XxMvPokeRxX: folds 
EV0ll0VE: folds 
Gabrielfs13: raises 5426 to 6626 and is all-in
Jonnnyxd: calls 5426
*** FLOP *** [5c 5d 7d]
*** TURN *** [5c 5d 7d] [5h]
*** RIVER *** [5c 5d 7d 5h] [As]
*** SHOW DOWN ***
Gabrielfs13: shows [Qh Ad] (a full house, Fives full of Aces)
Jonnnyxd: shows [Ac Jc] (a full house, Fives full of Aces)
Gabrielfs13 collected 6876 from pot
Jonnnyxd collected 6876 from pot
*** SUMMARY ***
Total pot 13752 | Rake 0 
Board [5c 5d 7d 5h As]
Seat 1: serpantin1 (button) folded before Flop (didn't bet)
Seat 2: XxMvPokeRxX (small blind) folded before Flop
Seat 3: EV0ll0VE (big blind) folded before Flop
Seat 4: Vladpiton folded before Flop (didn't bet)
Seat 6: Gabrielfs13 showed [Qh Ad] and won (6876) with a full house, Fives full of Aces
Seat 7: JUCA_PIRAMA1 folded before Flop (didn't bet)
Seat 8: Jonnnyxd showed [Ac Jc] and won (6876) with a full house, Fives full of Aces
Seat 9: ftragueta folded before Flop (didn't bet)



PokerStars Hand #257253267945: Tournament #3916202646, $7.20+$7.50+$1.80 USD Hold'em No Limit - Level VI (100/200) - 2025/08/07 17:26:30 BRT [2025/08/07 16:26:30 ET]
Table '3916202646 8' 9-max Seat #2 is the button
Seat 1: serpantin1 (31035 in chips, $15 bounty) 
Seat 2: XxMvPokeRxX (9225 in chips, $7.50 bounty) 
Seat 3: EV0ll0VE (9380 in chips, $7.50 bounty) 
Seat 4: Vladpiton (30134 in chips, $11.25 bounty) 
Seat 6: Gabrielfs13 (6876 in chips, $7.50 bounty) 
Seat 7: JUCA_PIRAMA1 (10485 in chips, $7.50 bounty) 
Seat 8: Jonnnyxd (24116 in chips, $13.12 bounty) 
Seat 9: ftragueta (8884 in chips, $7.50 bounty) 
serpantin1: posts the ante 25
XxMvPokeRxX: posts the ante 25
EV0ll0VE: posts the ante 25
Vladpiton: posts the ante 25
Gabrielfs13: posts the ante 25
JUCA_PIRAMA1: posts the ante 25
Jonnnyxd: posts the ante 25
ftragueta: posts the ante 25
EV0ll0VE: posts small blind 100
Vladpiton: posts big blind 200
*** HOLE CARDS ***
Dealt to Gabrielfs13 [9s 6h]
Gabrielfs13: folds 
JUCA_PIRAMA1: folds 
Jonnnyxd: folds 
ftragueta: folds 
serpantin1: folds 
XxMvPokeRxX: raises 200 to 400
EV0ll0VE: folds 
Vladpiton: raises 800 to 1200
XxMvPokeRxX: calls 800
*** FLOP *** [Ks 9h 3h]
Vladpiton: bets 1350
XxMvPokeRxX: calls 1350
*** TURN *** [Ks 9h 3h] [Jc]
Vladpiton: bets 27559 and is all-in
XxMvPokeRxX: folds 
Uncalled bet (27559) returned to Vladpiton
Vladpiton collected 5400 from pot
Vladpiton: doesn't show hand 
*** SUMMARY ***
Total pot 5400 | Rake 0 
Board [Ks 9h 3h Jc]
Seat 1: serpantin1 folded before Flop (didn't bet)
Seat 2: XxMvPokeRxX (button) folded on the Turn
Seat 3: EV0ll0VE (small blind) folded before Flop
Seat 4: Vladpiton (big blind) collected (5400)
Seat 6: Gabrielfs13 folded before Flop (didn't bet)
Seat 7: JUCA_PIRAMA1 folded before Flop (didn't bet)
Seat 8: Jonnnyxd folded before Flop (didn't bet)
Seat 9: ftragueta folded before Flop (didn't bet)



PokerStars Hand #257253278416: Tournament #3916202646, $7.20+$7.50+$1.80 USD Hold'em No Limit - Level VI (100/200) - 2025/08/07 17:27:12 BRT [2025/08/07 16:27:12 ET]
Table '3916202646 8' 9-max Seat #3 is the button
Seat 1: serpantin1 (31010 in chips, $15 bounty) 
Seat 2: XxMvPokeRxX (6650 in chips, $7.50 bounty) 
Seat 3: EV0ll0VE (9255 in chips, $7.50 bounty) 
Seat 4: Vladpiton (32959 in chips, $11.25 bounty) 
Seat 6: Gabrielfs13 (6851 in chips, $7.50 bounty) 
Seat 7: JUCA_PIRAMA1 (10460 in chips, $7.50 bounty) 
Seat 8: Jonnnyxd (24091 in chips, $13.12 bounty) 
Seat 9: ftragueta (8859 in chips, $7.50 bounty) 
serpantin1: posts the ante 25
XxMvPokeRxX: posts the ante 25
EV0ll0VE: posts the ante 25
Vladpiton: posts the ante 25
Gabrielfs13: posts the ante 25
JUCA_PIRAMA1: posts the ante 25
Jonnnyxd: posts the ante 25
ftragueta: posts the ante 25
Vladpiton: posts small blind 100
Gabrielfs13: posts big blind 200
*** HOLE CARDS ***
Dealt to Gabrielfs13 [Th 6h]
JUCA_PIRAMA1: folds 
Jonnnyxd: raises 200 to 400
ftragueta: folds 
serpantin1: folds 
XxMvPokeRxX: folds 
EV0ll0VE: calls 400
Vladpiton: folds 
Gabrielfs13: calls 200
*** FLOP *** [As 8h 3d]
Gabrielfs13: checks 
Jonnnyxd: checks 
EV0ll0VE: bets 495
Gabrielfs13: folds 
Jonnnyxd: calls 495
*** TURN *** [As 8h 3d] [6s]
Jonnnyxd: checks 
EV0ll0VE: bets 1868
Jonnnyxd: calls 1868
*** RIVER *** [As 8h 3d 6s] [Qc]
Jonnnyxd: checks 
EV0ll0VE: bets 6467 and is all-in
Jonnnyxd: folds 
Uncalled bet (6467) returned to EV0ll0VE
EV0ll0VE collected 6226 from pot
*** SUMMARY ***
Total pot 6226 | Rake 0 
Board [As 8h 3d 6s Qc]
Seat 1: serpantin1 folded before Flop (didn't bet)
Seat 2: XxMvPokeRxX folded before Flop (didn't bet)
Seat 3: EV0ll0VE (button) collected (6226)
Seat 4: Vladpiton (small blind) folded before Flop
Seat 6: Gabrielfs13 (big blind) folded on the Flop
Seat 7: JUCA_PIRAMA1 folded before Flop (didn't bet)
Seat 8: Jonnnyxd folded on the River
Seat 9: ftragueta folded before Flop (didn't bet)



PokerStars Hand #257253300709: Tournament #3916202646, $7.20+$7.50+$1.80 USD Hold'em No Limit - Level VI (100/200) - 2025/08/07 17:28:42 BRT [2025/08/07 16:28:42 ET]
Table '3916202646 8' 9-max Seat #4 is the button
Seat 1: serpantin1 (30985 in chips, $15 bounty) 
Seat 2: XxMvPokeRxX (6625 in chips, $7.50 bounty) 
Seat 3: EV0ll0VE (12693 in chips, $7.50 bounty) 
Seat 4: Vladpiton (32834 in chips, $11.25 bounty) 
Seat 6: Gabrielfs13 (6426 in chips, $7.50 bounty) 
Seat 7: JUCA_PIRAMA1 (10435 in chips, $7.50 bounty) 
Seat 8: Jonnnyxd (21303 in chips, $13.12 bounty) 
Seat 9: ftragueta (8834 in chips, $7.50 bounty) 
serpantin1: posts the ante 25
XxMvPokeRxX: posts the ante 25
EV0ll0VE: posts the ante 25
Vladpiton: posts the ante 25
Gabrielfs13: posts the ante 25
JUCA_PIRAMA1: posts the ante 25
Jonnnyxd: posts the ante 25
ftragueta: posts the ante 25
Gabrielfs13: posts small blind 100
JUCA_PIRAMA1: posts big blind 200
*** HOLE CARDS ***
Dealt to Gabrielfs13 [Th 9s]
Jonnnyxd: folds 
ftragueta: folds 
serpantin1: folds 
XxMvPokeRxX: folds 
EV0ll0VE: raises 200 to 400
Vladpiton: folds 
Gabrielfs13: folds 
JUCA_PIRAMA1: calls 200
*** FLOP *** [3c 3s Qs]
JUCA_PIRAMA1: checks 
EV0ll0VE: checks 
*** TURN *** [3c 3s Qs] [5c]
JUCA_PIRAMA1: checks 
EV0ll0VE: checks 
*** RIVER *** [3c 3s Qs 5c] [9d]
JUCA_PIRAMA1: checks 
EV0ll0VE: checks 
*** SHOW DOWN ***
JUCA_PIRAMA1: shows [8d 6c] (a pair of Threes)
EV0ll0VE: shows [7h 7c] (two pair, Sevens and Threes)
EV0ll0VE collected 1100 from pot
*** SUMMARY ***
Total pot 1100 | Rake 0 
Board [3c 3s Qs 5c 9d]
Seat 1: serpantin1 folded before Flop (didn't bet)
Seat 2: XxMvPokeRxX folded before Flop (didn't bet)
Seat 3: EV0ll0VE showed [7h 7c] and won (1100) with two pair, Sevens and Threes
Seat 4: Vladpiton (button) folded before Flop (didn't bet)
Seat 6: Gabrielfs13 (small blind) folded before Flop
Seat 7: JUCA_PIRAMA1 (big blind) showed [8d 6c] and lost with a pair of Threes
Seat 8: Jonnnyxd folded before Flop (didn't bet)
Seat 9: ftragueta folded before Flop (didn't bet)



PokerStars Hand #257253324532: Tournament #3916202646, $7.20+$7.50+$1.80 USD Hold'em No Limit - Level VI (100/200) - 2025/08/07 17:30:17 BRT [2025/08/07 16:30:17 ET]
Table '3916202646 8' 9-max Seat #6 is the button
Seat 1: serpantin1 (30960 in chips, $15 bounty) 
Seat 2: XxMvPokeRxX (6600 in chips, $7.50 bounty) 
Seat 3: EV0ll0VE (13368 in chips, $7.50 bounty) 
Seat 4: Vladpiton (32809 in chips, $11.25 bounty) 
Seat 6: Gabrielfs13 (6301 in chips, $7.50 bounty) 
Seat 7: JUCA_PIRAMA1 (10010 in chips, $7.50 bounty) 
Seat 8: Jonnnyxd (21278 in chips, $13.12 bounty) 
Seat 9: ftragueta (8809 in chips, $7.50 bounty) 
serpantin1: posts the ante 25
XxMvPokeRxX: posts the ante 25
EV0ll0VE: posts the ante 25
Vladpiton: posts the ante 25
Gabrielfs13: posts the ante 25
JUCA_PIRAMA1: posts the ante 25
Jonnnyxd: posts the ante 25
ftragueta: posts the ante 25
JUCA_PIRAMA1: posts small blind 100
Jonnnyxd: posts big blind 200
*** HOLE CARDS ***
Dealt to Gabrielfs13 [Kh Js]
ftragueta: folds 
serpantin1: folds 
XxMvPokeRxX: folds 
EV0ll0VE: folds 
Vladpiton: folds 
Gabrielfs13: raises 200 to 400
JUCA_PIRAMA1: calls 300
Jonnnyxd: calls 200
*** FLOP *** [3h Ts 4c]
JUCA_PIRAMA1: checks 
GueSs^TwiCe is disconnected 
Jonnnyxd: checks 
GueSs^TwiCe is disconnected 
Gabrielfs13: bets 300
JUCA_PIRAMA1: raises 600 to 900
Jonnnyxd: calls 900
Gabrielfs13: folds 
*** TURN *** [3h Ts 4c] [Ah]
JUCA_PIRAMA1: checks 
Jonnnyxd: checks 
*** RIVER *** [3h Ts 4c Ah] [4s]
JUCA_PIRAMA1: bets 300
Jonnnyxd: calls 300
*** SHOW DOWN ***
JUCA_PIRAMA1: shows [Th 8h] (two pair, Tens and Fours)
Jonnnyxd: shows [2c Tc] (two pair, Tens and Fours)
JUCA_PIRAMA1 collected 2050 from pot
Jonnnyxd collected 2050 from pot
*** SUMMARY ***
Total pot 4100 | Rake 0 
Board [3h Ts 4c Ah 4s]
Seat 1: serpantin1 folded before Flop (didn't bet)
Seat 2: XxMvPokeRxX folded before Flop (didn't bet)
Seat 3: EV0ll0VE folded before Flop (didn't bet)
Seat 4: Vladpiton folded before Flop (didn't bet)
Seat 6: Gabrielfs13 (button) folded on the Flop
Seat 7: JUCA_PIRAMA1 (small blind) showed [Th 8h] and won (2050) with two pair, Tens and Fours
Seat 8: Jonnnyxd (big blind) showed [2c Tc] and won (2050) with two pair, Tens and Fours
Seat 9: ftragueta folded before Flop (didn't bet)



PokerStars Hand #257253352767: Tournament #3916202646, $7.20+$7.50+$1.80 USD Hold'em No Limit - Level VII (125/250) - 2025/08/07 17:32:09 BRT [2025/08/07 16:32:09 ET]
Table '3916202646 8' 9-max Seat #7 is the button
Seat 1: serpantin1 (30935 in chips, $15 bounty) 
Seat 2: XxMvPokeRxX (6575 in chips, $7.50 bounty) 
Seat 3: EV0ll0VE (13343 in chips, $7.50 bounty) 
Seat 4: Vladpiton (32784 in chips, $11.25 bounty) 
Seat 5: GueSs^TwiCe (10000 in chips, $7.50 bounty) 
Seat 6: Gabrielfs13 (5576 in chips, $7.50 bounty) 
Seat 7: JUCA_PIRAMA1 (10435 in chips, $7.50 bounty) 
Seat 8: Jonnnyxd (21703 in chips, $13.12 bounty) 
Seat 9: ftragueta (8784 in chips, $7.50 bounty) 
serpantin1: posts the ante 30
XxMvPokeRxX: posts the ante 30
EV0ll0VE: posts the ante 30
Vladpiton: posts the ante 30
GueSs^TwiCe: posts the ante 30
Gabrielfs13: posts the ante 30
JUCA_PIRAMA1: posts the ante 30
Jonnnyxd: posts the ante 30
ftragueta: posts the ante 30
Jonnnyxd: posts small blind 125
ftragueta: posts big blind 250
*** HOLE CARDS ***
Dealt to Gabrielfs13 [9d 7s]
serpantin1: folds 
XxMvPokeRxX: folds 
EV0ll0VE: folds 
Vladpiton: folds 
GueSs^TwiCe: folds 
Gabrielfs13: folds 
JUCA_PIRAMA1: raises 250 to 500
Jonnnyxd: raises 1625 to 2125
ftragueta: folds 
JUCA_PIRAMA1: calls 1625
*** FLOP *** [8d Qh Ts]
Jonnnyxd: bets 1324
JUCA_PIRAMA1: calls 1324
*** TURN *** [8d Qh Ts] [Qs]
Jonnnyxd: bets 1980
JUCA_PIRAMA1: calls 1980
*** RIVER *** [8d Qh Ts Qs] [4d]
Jonnnyxd: checks 
JUCA_PIRAMA1: checks 
*** SHOW DOWN ***
Jonnnyxd: shows [5h As] (a pair of Queens)
JUCA_PIRAMA1: shows [9h 8h] (two pair, Queens and Eights)
JUCA_PIRAMA1 collected 11378 from pot
*** SUMMARY ***
Total pot 11378 | Rake 0 
Board [8d Qh Ts Qs 4d]
Seat 1: serpantin1 folded before Flop (didn't bet)
Seat 2: XxMvPokeRxX folded before Flop (didn't bet)
Seat 3: EV0ll0VE folded before Flop (didn't bet)
Seat 4: Vladpiton folded before Flop (didn't bet)
Seat 5: GueSs^TwiCe folded before Flop (didn't bet)
Seat 6: Gabrielfs13 folded before Flop (didn't bet)
Seat 7: JUCA_PIRAMA1 (button) showed [9h 8h] and won (11378) with two pair, Queens and Eights
Seat 8: Jonnnyxd (small blind) showed [5h As] and lost with a pair of Queens
Seat 9: ftragueta (big blind) folded before Flop



PokerStars Hand #257253377382: Tournament #3916202646, $7.20+$7.50+$1.80 USD Hold'em No Limit - Level VII (125/250) - 2025/08/07 17:33:46 BRT [2025/08/07 16:33:46 ET]
Table '3916202646 8' 9-max Seat #8 is the button
Seat 1: serpantin1 (30905 in chips, $15 bounty) 
Seat 2: XxMvPokeRxX (6545 in chips, $7.50 bounty) 
Seat 3: EV0ll0VE (13313 in chips, $7.50 bounty) 
Seat 4: Vladpiton (32754 in chips, $11.25 bounty) 
Seat 6: Gabrielfs13 (5546 in chips, $7.50 bounty) 
Seat 7: JUCA_PIRAMA1 (16354 in chips, $7.50 bounty) 
Seat 8: Jonnnyxd (16244 in chips, $13.12 bounty) 
Seat 9: ftragueta (8504 in chips, $7.50 bounty) 
serpantin1: posts the ante 30
XxMvPokeRxX: posts the ante 30
EV0ll0VE: posts the ante 30
Vladpiton: posts the ante 30
Gabrielfs13: posts the ante 30
JUCA_PIRAMA1: posts the ante 30
Jonnnyxd: posts the ante 30
ftragueta: posts the ante 30
ftragueta: posts small blind 125
serpantin1: posts big blind 250
*** HOLE CARDS ***
Dealt to Gabrielfs13 [4h 5c]
XxMvPokeRxX: folds 
EV0ll0VE: folds 
Vladpiton: raises 250 to 500
Gabrielfs13: folds 
JUCA_PIRAMA1: folds 
Jonnnyxd: folds 
ftragueta: calls 375
serpantin1: folds 
*** FLOP *** [Qh 3c Kh]
ftragueta: checks 
Vladpiton: bets 745
ftragueta: raises 1495 to 2240
Vladpiton: folds 
Uncalled bet (1495) returned to ftragueta
ftragueta collected 2980 from pot
ftragueta: doesn't show hand 
*** SUMMARY ***
Total pot 2980 | Rake 0 
Board [Qh 3c Kh]
Seat 1: serpantin1 (big blind) folded before Flop
Seat 2: XxMvPokeRxX folded before Flop (didn't bet)
Seat 3: EV0ll0VE folded before Flop (didn't bet)
Seat 4: Vladpiton folded on the Flop
Seat 6: Gabrielfs13 folded before Flop (didn't bet)
Seat 7: JUCA_PIRAMA1 folded before Flop (didn't bet)
Seat 8: Jonnnyxd (button) folded before Flop (didn't bet)
Seat 9: ftragueta (small blind) collected (2980)



PokerStars Hand #257253400987: Tournament #3916202646, $7.20+$7.50+$1.80 USD Hold'em No Limit - Level VII (125/250) - 2025/08/07 17:35:20 BRT [2025/08/07 16:35:20 ET]
Table '3916202646 8' 9-max Seat #9 is the button
Seat 1: serpantin1 (30625 in chips, $15 bounty) 
Seat 2: XxMvPokeRxX (6515 in chips, $7.50 bounty) 
Seat 3: EV0ll0VE (13283 in chips, $7.50 bounty) 
Seat 4: Vladpiton (31479 in chips, $11.25 bounty) 
Seat 6: Gabrielfs13 (5516 in chips, $7.50 bounty) 
Seat 7: JUCA_PIRAMA1 (16324 in chips, $7.50 bounty) 
Seat 8: Jonnnyxd (16214 in chips, $13.12 bounty) 
Seat 9: ftragueta (10209 in chips, $7.50 bounty) 
serpantin1: posts the ante 30
XxMvPokeRxX: posts the ante 30
EV0ll0VE: posts the ante 30
Vladpiton: posts the ante 30
Gabrielfs13: posts the ante 30
JUCA_PIRAMA1: posts the ante 30
Jonnnyxd: posts the ante 30
ftragueta: posts the ante 30
serpantin1: posts small blind 125
XxMvPokeRxX: posts big blind 250
*** HOLE CARDS ***
Dealt to Gabrielfs13 [Ac 4h]
EV0ll0VE: folds 
Vladpiton: folds 
Gabrielfs13: folds 
JUCA_PIRAMA1: raises 250 to 500
Jonnnyxd: calls 500
ftragueta: folds 
serpantin1: raises 2250 to 2750
XxMvPokeRxX: folds 
JUCA_PIRAMA1: folds 
Jonnnyxd: calls 2250
*** FLOP *** [8h 6h Ts]
serpantin1: bets 27845 and is all-in
Jonnnyxd: calls 13434 and is all-in
Uncalled bet (14411) returned to serpantin1
*** TURN *** [8h 6h Ts] [Qc]
*** RIVER *** [8h 6h Ts Qc] [7h]
*** SHOW DOWN ***
serpantin1: shows [Qh 5h] (a flush, Queen high)
Jonnnyxd: shows [9c 8c] (a straight, Six to Ten)
serpantin1 collected 33358 from pot
serpantin1 wins $6.56 for eliminating Jonnnyxd and their own bounty increases by $6.56 to $21.56
Jonnnyxd finished the tournament
*** SUMMARY ***
Total pot 33358 | Rake 0 
Board [8h 6h Ts Qc 7h]
Seat 1: serpantin1 (small blind) showed [Qh 5h] and won (33358) with a flush, Queen high
Seat 2: XxMvPokeRxX (big blind) folded before Flop
Seat 3: EV0ll0VE folded before Flop (didn't bet)
Seat 4: Vladpiton folded before Flop (didn't bet)
Seat 6: Gabrielfs13 folded before Flop (didn't bet)
Seat 7: JUCA_PIRAMA1 folded before Flop
Seat 8: Jonnnyxd showed [9c 8c] and lost with a straight, Six to Ten
Seat 9: ftragueta (button) folded before Flop (didn't bet)



PokerStars Hand #257253429757: Tournament #3916202646, $7.20+$7.50+$1.80 USD Hold'em No Limit - Level VII (125/250) - 2025/08/07 17:37:13 BRT [2025/08/07 16:37:13 ET]
Table '3916202646 8' 9-max Seat #1 is the button
Seat 1: serpantin1 (47769 in chips, $21.56 bounty) 
Seat 2: XxMvPokeRxX (6235 in chips, $7.50 bounty) 
Seat 3: EV0ll0VE (13253 in chips, $7.50 bounty) 
Seat 4: Vladpiton (31449 in chips, $11.25 bounty) 
Seat 6: Gabrielfs13 (5486 in chips, $7.50 bounty) 
Seat 7: JUCA_PIRAMA1 (15794 in chips, $7.50 bounty) 
Seat 9: ftragueta (10179 in chips, $7.50 bounty) 
serpantin1: posts the ante 30
XxMvPokeRxX: posts the ante 30
EV0ll0VE: posts the ante 30
Vladpiton: posts the ante 30
Gabrielfs13: posts the ante 30
JUCA_PIRAMA1: posts the ante 30
ftragueta: posts the ante 30
XxMvPokeRxX: posts small blind 125
EV0ll0VE: posts big blind 250
*** HOLE CARDS ***
Dealt to Gabrielfs13 [Td Kh]
Vladpiton: folds 
KArro:(doido is disconnected 
Gabrielfs13: folds 
JUCA_PIRAMA1: folds 
ftragueta: folds 
serpantin1: raises 250 to 500
XxMvPokeRxX: folds 
EV0ll0VE: calls 250
*** FLOP *** [Jc Th 6h]
EV0ll0VE: checks 
serpantin1: bets 534
EV0ll0VE: folds 
Uncalled bet (534) returned to serpantin1
serpantin1 collected 1335 from pot
serpantin1: doesn't show hand 
*** SUMMARY ***
Total pot 1335 | Rake 0 
Board [Jc Th 6h]
Seat 1: serpantin1 (button) collected (1335)
Seat 2: XxMvPokeRxX (small blind) folded before Flop
Seat 3: EV0ll0VE (big blind) folded on the Flop
Seat 4: Vladpiton folded before Flop (didn't bet)
Seat 6: Gabrielfs13 folded before Flop (didn't bet)
Seat 7: JUCA_PIRAMA1 folded before Flop (didn't bet)
Seat 9: ftragueta folded before Flop (didn't bet)



PokerStars Hand #257253444947: Tournament #3916202646, $7.20+$7.50+$1.80 USD Hold'em No Limit - Level VII (125/250) - 2025/08/07 17:38:12 BRT [2025/08/07 16:38:12 ET]
Table '3916202646 8' 9-max Seat #2 is the button
Seat 1: serpantin1 (48574 in chips, $21.56 bounty) 
Seat 2: XxMvPokeRxX (6080 in chips, $7.50 bounty) 
Seat 3: EV0ll0VE (12723 in chips, $7.50 bounty) 
Seat 4: Vladpiton (31419 in chips, $11.25 bounty) 
Seat 5: KArro:(doido (6544 in chips, $7.50 bounty) 
Seat 6: Gabrielfs13 (5456 in chips, $7.50 bounty) 
Seat 7: JUCA_PIRAMA1 (15764 in chips, $7.50 bounty) 
Seat 9: ftragueta (10149 in chips, $7.50 bounty) 
serpantin1: posts the ante 30
XxMvPokeRxX: posts the ante 30
EV0ll0VE: posts the ante 30
Vladpiton: posts the ante 30
KArro:(doido: posts the ante 30
Gabrielfs13: posts the ante 30
JUCA_PIRAMA1: posts the ante 30
ftragueta: posts the ante 30
EV0ll0VE: posts small blind 125
Vladpiton: posts big blind 250
*** HOLE CARDS ***
Dealt to Gabrielfs13 [Qs 7s]
KArro:(doido: raises 250 to 500
Gabrielfs13: folds 
JUCA_PIRAMA1: folds 
ftragueta: folds 
serpantin1: folds 
XxMvPokeRxX: folds 
EV0ll0VE: folds 
Vladpiton: calls 250
*** FLOP *** [7d Ks 3c]
Vladpiton: checks 
KArro:(doido: bets 450
Vladpiton: calls 450
*** TURN *** [7d Ks 3c] [Kh]
Vladpiton: checks 
KArro:(doido: checks 
*** RIVER *** [7d Ks 3c Kh] [6h]
Vladpiton: bets 1699
KArro:(doido: folds 
Uncalled bet (1699) returned to Vladpiton
Vladpiton collected 2265 from pot
Vladpiton: doesn't show hand 
*** SUMMARY ***
Total pot 2265 | Rake 0 
Board [7d Ks 3c Kh 6h]
Seat 1: serpantin1 folded before Flop (didn't bet)
Seat 2: XxMvPokeRxX (button) folded before Flop (didn't bet)
Seat 3: EV0ll0VE (small blind) folded before Flop
Seat 4: Vladpiton (big blind) collected (2265)
Seat 5: KArro:(doido folded on the River
Seat 6: Gabrielfs13 folded before Flop (didn't bet)
Seat 7: JUCA_PIRAMA1 folded before Flop (didn't bet)
Seat 9: ftragueta folded before Flop (didn't bet)



PokerStars Hand #257253462645: Tournament #3916202646, $7.20+$7.50+$1.80 USD Hold'em No Limit - Level VII (125/250) - 2025/08/07 17:39:20 BRT [2025/08/07 16:39:20 ET]
Table '3916202646 8' 9-max Seat #3 is the button
Seat 1: serpantin1 (48544 in chips, $21.56 bounty) 
Seat 2: XxMvPokeRxX (6050 in chips, $7.50 bounty) 
Seat 3: EV0ll0VE (12568 in chips, $7.50 bounty) 
Seat 4: Vladpiton (32704 in chips, $11.25 bounty) 
Seat 5: KArro:(doido (5564 in chips, $7.50 bounty) 
Seat 6: Gabrielfs13 (5426 in chips, $7.50 bounty) 
Seat 7: JUCA_PIRAMA1 (15734 in chips, $7.50 bounty) 
Seat 9: ftragueta (10119 in chips, $7.50 bounty) 
serpantin1: posts the ante 30
XxMvPokeRxX: posts the ante 30
EV0ll0VE: posts the ante 30
Vladpiton: posts the ante 30
KArro:(doido: posts the ante 30
Gabrielfs13: posts the ante 30
JUCA_PIRAMA1: posts the ante 30
ftragueta: posts the ante 30
Vladpiton: posts small blind 125
KArro:(doido: posts big blind 250
*** HOLE CARDS ***
Dealt to Gabrielfs13 [8d 9d]
Gabrielfs13: raises 250 to 500
JUCA_PIRAMA1: raises 875 to 1375
ftragueta: folds 
serpantin1: folds 
XxMvPokeRxX: folds 
EV0ll0VE: folds 
Vladpiton: folds 
KArro:(doido: folds 
Gabrielfs13: folds 
Uncalled bet (875) returned to JUCA_PIRAMA1
JUCA_PIRAMA1 collected 1615 from pot
JUCA_PIRAMA1: doesn't show hand 
*** SUMMARY ***
Total pot 1615 | Rake 0 
Seat 1: serpantin1 folded before Flop (didn't bet)
Seat 2: XxMvPokeRxX folded before Flop (didn't bet)
Seat 3: EV0ll0VE (button) folded before Flop (didn't bet)
Seat 4: Vladpiton (small blind) folded before Flop
Seat 5: KArro:(doido (big blind) folded before Flop
Seat 6: Gabrielfs13 folded before Flop
Seat 7: JUCA_PIRAMA1 collected (1615)
Seat 9: ftragueta folded before Flop (didn't bet)



PokerStars Hand #257253481836: Tournament #3916202646, $7.20+$7.50+$1.80 USD Hold'em No Limit - Level VII (125/250) - 2025/08/07 17:40:36 BRT [2025/08/07 16:40:36 ET]
Table '3916202646 8' 9-max Seat #4 is the button
Seat 1: serpantin1 (48514 in chips, $21.56 bounty) 
Seat 2: XxMvPokeRxX (6020 in chips, $7.50 bounty) 
Seat 3: EV0ll0VE (12538 in chips, $7.50 bounty) 
Seat 4: Vladpiton (32549 in chips, $11.25 bounty) 
Seat 5: KArro:(doido (5284 in chips, $7.50 bounty) 
Seat 6: Gabrielfs13 (4896 in chips, $7.50 bounty) 
Seat 7: JUCA_PIRAMA1 (16819 in chips, $7.50 bounty) 
Seat 8: Killinfields (10000 in chips, $7.50 bounty) 
Seat 9: ftragueta (10089 in chips, $7.50 bounty) 
serpantin1: posts the ante 30
XxMvPokeRxX: posts the ante 30
EV0ll0VE: posts the ante 30
Vladpiton: posts the ante 30
KArro:(doido: posts the ante 30
Gabrielfs13: posts the ante 30
JUCA_PIRAMA1: posts the ante 30
Killinfields: posts the ante 30
ftragueta: posts the ante 30
KArro:(doido: posts small blind 125
Gabrielfs13: posts big blind 250
*** HOLE CARDS ***
Dealt to Gabrielfs13 [9c As]
JUCA_PIRAMA1: raises 325 to 575
Killinfields: folds 
ftragueta: folds 
serpantin1: folds 
XxMvPokeRxX: folds 
EV0ll0VE: folds 
Vladpiton: folds 
KArro:(doido: folds 
Gabrielfs13: calls 325
*** FLOP *** [Th 5h 7c]
Gabrielfs13: checks 
JUCA_PIRAMA1: bets 386
Gabrielfs13: folds 
Uncalled bet (386) returned to JUCA_PIRAMA1
JUCA_PIRAMA1 collected 1545 from pot
JUCA_PIRAMA1: doesn't show hand 
*** SUMMARY ***
Total pot 1545 | Rake 0 
Board [Th 5h 7c]
Seat 1: serpantin1 folded before Flop (didn't bet)
Seat 2: XxMvPokeRxX folded before Flop (didn't bet)
Seat 3: EV0ll0VE folded before Flop (didn't bet)
Seat 4: Vladpiton (button) folded before Flop (didn't bet)
Seat 5: KArro:(doido (small blind) folded before Flop
Seat 6: Gabrielfs13 (big blind) folded on the Flop
Seat 7: JUCA_PIRAMA1 collected (1545)
Seat 8: Killinfields folded before Flop (didn't bet)
Seat 9: ftragueta folded before Flop (didn't bet)



PokerStars Hand #257253496914: Tournament #3916202646, $7.20+$7.50+$1.80 USD Hold'em No Limit - Level VIII (150/300) - 2025/08/07 17:41:37 BRT [2025/08/07 16:41:37 ET]
Table '3916202646 8' 9-max Seat #5 is the button
Seat 1: serpantin1 (48484 in chips, $21.56 bounty) 
Seat 2: XxMvPokeRxX (5990 in chips, $7.50 bounty) 
Seat 3: EV0ll0VE (12508 in chips, $7.50 bounty) 
Seat 4: Vladpiton (32519 in chips, $11.25 bounty) 
Seat 5: KArro:(doido (5129 in chips, $7.50 bounty) 
Seat 6: Gabrielfs13 (4291 in chips, $7.50 bounty) 
Seat 7: JUCA_PIRAMA1 (17759 in chips, $7.50 bounty) 
Seat 8: Killinfields (9970 in chips, $7.50 bounty) 
Seat 9: ftragueta (10059 in chips, $7.50 bounty) 
serpantin1: posts the ante 40
XxMvPokeRxX: posts the ante 40
EV0ll0VE: posts the ante 40
Vladpiton: posts the ante 40
KArro:(doido: posts the ante 40
Gabrielfs13: posts the ante 40
JUCA_PIRAMA1: posts the ante 40
Killinfields: posts the ante 40
ftragueta: posts the ante 40
Gabrielfs13: posts small blind 150
JUCA_PIRAMA1: posts big blind 300
*** HOLE CARDS ***
Dealt to Gabrielfs13 [3s 6s]
Killinfields: folds 
ftragueta: raises 300 to 600
serpantin1: calls 600
XxMvPokeRxX: folds 
EV0ll0VE: folds 
Vladpiton: folds 
KArro:(doido: folds 
Gabrielfs13: folds 
JUCA_PIRAMA1: folds 
*** FLOP *** [Ks 6d 6h]
ftragueta: checks 
serpantin1: checks 
*** TURN *** [Ks 6d 6h] [Ts]
ftragueta: bets 1327
serpantin1: folds 
Uncalled bet (1327) returned to ftragueta
ftragueta collected 2010 from pot
ftragueta: doesn't show hand 
*** SUMMARY ***
Total pot 2010 | Rake 0 
Board [Ks 6d 6h Ts]
Seat 1: serpantin1 folded on the Turn
Seat 2: XxMvPokeRxX folded before Flop (didn't bet)
Seat 3: EV0ll0VE folded before Flop (didn't bet)
Seat 4: Vladpiton folded before Flop (didn't bet)
Seat 5: KArro:(doido (button) folded before Flop (didn't bet)
Seat 6: Gabrielfs13 (small blind) folded before Flop
Seat 7: JUCA_PIRAMA1 (big blind) folded before Flop
Seat 8: Killinfields folded before Flop (didn't bet)
Seat 9: ftragueta collected (2010)



PokerStars Hand #257253509995: Tournament #3916202646, $7.20+$7.50+$1.80 USD Hold'em No Limit - Level VIII (150/300) - 2025/08/07 17:42:29 BRT [2025/08/07 16:42:29 ET]
Table '3916202646 8' 9-max Seat #6 is the button
Seat 1: serpantin1 (47844 in chips, $21.56 bounty) 
Seat 2: XxMvPokeRxX (5950 in chips, $7.50 bounty) 
Seat 3: EV0ll0VE (12468 in chips, $7.50 bounty) 
Seat 4: Vladpiton (32479 in chips, $11.25 bounty) 
Seat 5: KArro:(doido (5089 in chips, $7.50 bounty) 
Seat 6: Gabrielfs13 (4101 in chips, $7.50 bounty) 
Seat 7: JUCA_PIRAMA1 (17419 in chips, $7.50 bounty) 
Seat 8: Killinfields (9930 in chips, $7.50 bounty) 
Seat 9: ftragueta (11429 in chips, $7.50 bounty) 
serpantin1: posts the ante 40
XxMvPokeRxX: posts the ante 40
EV0ll0VE: posts the ante 40
Vladpiton: posts the ante 40
KArro:(doido: posts the ante 40
Gabrielfs13: posts the ante 40
JUCA_PIRAMA1: posts the ante 40
Killinfields: posts the ante 40
ftragueta: posts the ante 40
JUCA_PIRAMA1: posts small blind 150
Killinfields: posts big blind 300
*** HOLE CARDS ***
Dealt to Gabrielfs13 [9c Jc]
ftragueta: folds 
serpantin1: folds 
XxMvPokeRxX: folds 
EV0ll0VE: folds 
Vladpiton: raises 300 to 600
KArro:(doido: folds 
Gabrielfs13: folds 
JUCA_PIRAMA1: folds 
Killinfields: folds 
Uncalled bet (300) returned to Vladpiton
Vladpiton collected 1110 from pot
Vladpiton: doesn't show hand 
*** SUMMARY ***
Total pot 1110 | Rake 0 
Seat 1: serpantin1 folded before Flop (didn't bet)
Seat 2: XxMvPokeRxX folded before Flop (didn't bet)
Seat 3: EV0ll0VE folded before Flop (didn't bet)
Seat 4: Vladpiton collected (1110)
Seat 5: KArro:(doido folded before Flop (didn't bet)
Seat 6: Gabrielfs13 (button) folded before Flop (didn't bet)
Seat 7: JUCA_PIRAMA1 (small blind) folded before Flop
Seat 8: Killinfields (big blind) folded before Flop
Seat 9: ftragueta folded before Flop (didn't bet)



PokerStars Hand #257253518438: Tournament #3916202646, $7.20+$7.50+$1.80 USD Hold'em No Limit - Level VIII (150/300) - 2025/08/07 17:43:02 BRT [2025/08/07 16:43:02 ET]
Table '3916202646 8' 9-max Seat #7 is the button
Seat 1: serpantin1 (47804 in chips, $21.56 bounty) 
Seat 2: XxMvPokeRxX (5910 in chips, $7.50 bounty) 
Seat 3: EV0ll0VE (12428 in chips, $7.50 bounty) 
Seat 4: Vladpiton (33249 in chips, $11.25 bounty) 
Seat 5: KArro:(doido (5049 in chips, $7.50 bounty) 
Seat 6: Gabrielfs13 (4061 in chips, $7.50 bounty) 
Seat 7: JUCA_PIRAMA1 (17229 in chips, $7.50 bounty) 
Seat 8: Killinfields (9590 in chips, $7.50 bounty) 
Seat 9: ftragueta (11389 in chips, $7.50 bounty) 
serpantin1: posts the ante 40
XxMvPokeRxX: posts the ante 40
EV0ll0VE: posts the ante 40
Vladpiton: posts the ante 40
KArro:(doido: posts the ante 40
Gabrielfs13: posts the ante 40
JUCA_PIRAMA1: posts the ante 40
Killinfields: posts the ante 40
ftragueta: posts the ante 40
Killinfields: posts small blind 150
ftragueta: posts big blind 300
*** HOLE CARDS ***
Dealt to Gabrielfs13 [Jd Ks]
serpantin1: raises 300 to 600
XxMvPokeRxX: folds 
EV0ll0VE: folds 
Vladpiton: folds 
KArro:(doido: raises 4409 to 5009 and is all-in
Gabrielfs13: calls 4021 and is all-in
JUCA_PIRAMA1: folds 
Killinfields: folds 
ftragueta: folds 
serpantin1: calls 4409
*** FLOP *** [6c 5s 9s]
*** TURN *** [6c 5s 9s] [Qd]
*** RIVER *** [6c 5s 9s Qd] [3h]
*** SHOW DOWN ***
serpantin1: shows [2h Ah] (high card Ace)
KArro:(doido: shows [Jh As] (high card Ace - Queen+Jack kicker)
KArro:(doido collected 1976 from side pot
Gabrielfs13: shows [Jd Ks] (high card King)
KArro:(doido collected 12873 from main pot
KArro:(doido wins $3.75 for eliminating Gabrielfs13 and their own bounty increases by $3.75 to $11.25
Gabrielfs13 finished the tournament
*** SUMMARY ***
Total pot 14849 Main pot 12873. Side pot 1976. | Rake 0 
Board [6c 5s 9s Qd 3h]
Seat 1: serpantin1 showed [2h Ah] and lost with high card Ace
Seat 2: XxMvPokeRxX folded before Flop (didn't bet)
Seat 3: EV0ll0VE folded before Flop (didn't bet)
Seat 4: Vladpiton folded before Flop (didn't bet)
Seat 5: KArro:(doido showed [Jh As] and won (14849) with high card Ace
Seat 6: Gabrielfs13 showed [Jd Ks] and lost with high card King
Seat 7: JUCA_PIRAMA1 (button) folded before Flop (didn't bet)
Seat 8: Killinfields (small blind) folded before Flop
Seat 9: ftragueta (big blind) folded before Flop



