PokerStars Hand #257279591977: Tournament #3914634454, $9.80+$1.20 USD Hold'em No Limit - Level XIV (1500/3000) - 2025/08/09 18:01:42 BRT [2025/08/09 17:01:42 ET]
Table '3914634454 91' 8-max Seat #2 is the button
Seat 2: Gabrielfs13 (30000 in chips) 
Seat 3: BOLIS_CTBA (30000 in chips) 
Seat 4: maniali (30000 in chips) 
Seat 5: croberto17 (30000 in chips) 
Seat 6: Draga330 (30000 in chips) 
Gabrielfs13: posts the ante 400
BOLIS_CTBA: posts the ante 400
maniali: posts the ante 400
croberto17: posts the ante 400
Draga330: posts the ante 400
BOLIS_CTBA: posts small blind 1500
maniali: posts big blind 3000
*** HOLE CARDS ***
Dealt to Gabrielfs13 [8s 7c]
maniali is disconnected 
BOLIS_CTBA is disconnected 
croberto17: folds 
jtedecaliss is disconnected 
Domientje is disconnected 
Draga330: calls 3000
RomiroxP is disconnected 
Gabrielfs13: folds 
BOLIS_CTBA: calls 1500
maniali: checks 
*** FLOP *** [Jh 3s 4c]
BOLIS_CTBA: checks 
maniali: checks 
Draga330: bets 11000
BOLIS_CTBA: folds 
maniali: folds 
Uncalled bet (11000) returned to Draga330
Draga330 collected 11000 from pot
*** SUMMARY ***
Total pot 11000 | Rake 0 
Board [Jh 3s 4c]
Seat 2: Gabrielfs13 (button) folded before Flop (didn't bet)
Seat 3: BOLIS_CTBA (small blind) folded on the Flop
Seat 4: maniali (big blind) folded on the Flop
Seat 5: croberto17 folded before Flop (didn't bet)
Seat 6: Draga330 collected (11000)



PokerStars Hand #257279599452: Tournament #3914634454, $9.80+$1.20 USD Hold'em No Limit - Level XIV (1500/3000) - 2025/08/09 18:02:14 BRT [2025/08/09 17:02:14 ET]
Table '3914634454 91' 8-max Seat #3 is the button
Seat 1: jtedecaliss (30000 in chips) 
Seat 2: Gabrielfs13 (29600 in chips) 
Seat 3: BOLIS_CTBA (26600 in chips) 
Seat 4: maniali (26600 in chips) 
Seat 5: croberto17 (29600 in chips) 
Seat 6: Draga330 (37600 in chips) 
Seat 7: RomiroxP (30000 in chips) 
Seat 8: Domientje (30000 in chips) 
jtedecaliss: posts the ante 400
Gabrielfs13: posts the ante 400
BOLIS_CTBA: posts the ante 400
maniali: posts the ante 400
croberto17: posts the ante 400
Draga330: posts the ante 400
RomiroxP: posts the ante 400
Domientje: posts the ante 400
maniali: posts small blind 1500
croberto17: posts big blind 3000
*** HOLE CARDS ***
Dealt to Gabrielfs13 [Js 6c]
Draga330: calls 3000
RomiroxP: folds 
Domientje: folds 
jtedecaliss: folds 
Gabrielfs13: folds 
BOLIS_CTBA: raises 23200 to 26200 and is all-in
maniali: folds 
croberto17: folds 
Draga330: folds 
Uncalled bet (23200) returned to BOLIS_CTBA
BOLIS_CTBA collected 13700 from pot
*** SUMMARY ***
Total pot 13700 | Rake 0 
Seat 1: jtedecaliss folded before Flop (didn't bet)
Seat 2: Gabrielfs13 folded before Flop (didn't bet)
Seat 3: BOLIS_CTBA (button) collected (13700)
Seat 4: maniali (small blind) folded before Flop
Seat 5: croberto17 (big blind) folded before Flop
Seat 6: Draga330 folded before Flop
Seat 7: RomiroxP folded before Flop (didn't bet)
Seat 8: Domientje folded before Flop (didn't bet)



PokerStars Hand #257279609364: Tournament #3914634454, $9.80+$1.20 USD Hold'em No Limit - Level XIV (1500/3000) - 2025/08/09 18:02:58 BRT [2025/08/09 17:02:58 ET]
Table '3914634454 91' 8-max Seat #4 is the button
Seat 1: jtedecaliss (29600 in chips) 
Seat 2: Gabrielfs13 (29200 in chips) 
Seat 3: BOLIS_CTBA (36900 in chips) 
Seat 4: maniali (24700 in chips) 
Seat 5: croberto17 (26200 in chips) 
Seat 6: Draga330 (34200 in chips) 
Seat 7: RomiroxP (29600 in chips) 
Seat 8: Domientje (29600 in chips) 
jtedecaliss: posts the ante 400
Gabrielfs13: posts the ante 400
BOLIS_CTBA: posts the ante 400
maniali: posts the ante 400
croberto17: posts the ante 400
Draga330: posts the ante 400
RomiroxP: posts the ante 400
Domientje: posts the ante 400
croberto17: posts small blind 1500
Draga330: posts big blind 3000
*** HOLE CARDS ***
Dealt to Gabrielfs13 [Ah 9h]
RomiroxP: folds 
Domientje: folds 
jtedecaliss: folds 
Gabrielfs13: raises 25800 to 28800 and is all-in
BOLIS_CTBA: folds 
maniali: folds 
croberto17: calls 24300 and is all-in
Draga330: folds 
Uncalled bet (3000) returned to Gabrielfs13
*** FLOP *** [7h Td Qs]
*** TURN *** [7h Td Qs] [9d]
*** RIVER *** [7h Td Qs 9d] [8h]
*** SHOW DOWN ***
croberto17: shows [Ad Kh] (high card Ace)
Gabrielfs13: shows [Ah 9h] (a pair of Nines)
Gabrielfs13 collected 57800 from pot
croberto17 finished the tournament
*** SUMMARY ***
Total pot 57800 | Rake 0 
Board [7h Td Qs 9d 8h]
Seat 1: jtedecaliss folded before Flop (didn't bet)
Seat 2: Gabrielfs13 showed [Ah 9h] and won (57800) with a pair of Nines
Seat 3: BOLIS_CTBA folded before Flop (didn't bet)
Seat 4: maniali (button) folded before Flop (didn't bet)
Seat 5: croberto17 (small blind) showed [Ad Kh] and lost with high card Ace
Seat 6: Draga330 (big blind) folded before Flop
Seat 7: RomiroxP folded before Flop (didn't bet)
Seat 8: Domientje folded before Flop (didn't bet)



PokerStars Hand #257279615663: Tournament #3914634454, $9.80+$1.20 USD Hold'em No Limit - Level XIV (1500/3000) - 2025/08/09 18:03:25 BRT [2025/08/09 17:03:25 ET]
Table '3914634454 91' 8-max Seat #6 is the button
Seat 1: jtedecaliss (29200 in chips) 
Seat 2: Gabrielfs13 (60800 in chips) 
Seat 3: BOLIS_CTBA (36500 in chips) 
Seat 4: maniali (24300 in chips) 
Seat 6: Draga330 (30800 in chips) 
Seat 7: RomiroxP (29200 in chips) 
Seat 8: Domientje (29200 in chips) 
jtedecaliss: posts the ante 400
Gabrielfs13: posts the ante 400
BOLIS_CTBA: posts the ante 400
maniali: posts the ante 400
Draga330: posts the ante 400
RomiroxP: posts the ante 400
Domientje: posts the ante 400
RomiroxP: posts small blind 1500
Domientje: posts big blind 3000
*** HOLE CARDS ***
Dealt to Gabrielfs13 [7h 4s]
jtedecaliss: folds 
Gabrielfs13: folds 
BOLIS_CTBA: folds 
maniali: folds 
Draga330: raises 6000 to 9000
RomiroxP: folds 
Domientje: folds 
Uncalled bet (6000) returned to Draga330
Draga330 collected 10300 from pot
*** SUMMARY ***
Total pot 10300 | Rake 0 
Seat 1: jtedecaliss folded before Flop (didn't bet)
Seat 2: Gabrielfs13 folded before Flop (didn't bet)
Seat 3: BOLIS_CTBA folded before Flop (didn't bet)
Seat 4: maniali folded before Flop (didn't bet)
Seat 6: Draga330 (button) collected (10300)
Seat 7: RomiroxP (small blind) folded before Flop
Seat 8: Domientje (big blind) folded before Flop



PokerStars Hand #257279624122: Tournament #3914634454, $9.80+$1.20 USD Hold'em No Limit - Level XIV (1500/3000) - 2025/08/09 18:04:01 BRT [2025/08/09 17:04:01 ET]
Table '3914634454 91' 8-max Seat #7 is the button
Seat 1: jtedecaliss (28800 in chips) 
Seat 2: Gabrielfs13 (60400 in chips) 
Seat 3: BOLIS_CTBA (36100 in chips) 
Seat 4: maniali (23900 in chips) 
Seat 6: Draga330 (37700 in chips) 
Seat 7: RomiroxP (27300 in chips) 
Seat 8: Domientje (25800 in chips) 
jtedecaliss: posts the ante 400
Gabrielfs13: posts the ante 400
BOLIS_CTBA: posts the ante 400
maniali: posts the ante 400
Draga330: posts the ante 400
RomiroxP: posts the ante 400
Domientje: posts the ante 400
Domientje: posts small blind 1500
jtedecaliss: posts big blind 3000
*** HOLE CARDS ***
Dealt to Gabrielfs13 [3d Js]
Gabrielfs13: folds 
BOLIS_CTBA: folds 
maniali: raises 20500 to 23500 and is all-in
Draga330: folds 
RomiroxP: folds 
Domientje: folds 
jtedecaliss: calls 20500
*** FLOP *** [4h 2d 6s]
*** TURN *** [4h 2d 6s] [Kd]
*** RIVER *** [4h 2d 6s Kd] [8s]
*** SHOW DOWN ***
jtedecaliss: shows [Ac Qd] (high card Ace)
maniali: shows [5d 5h] (a pair of Fives)
maniali collected 51300 from pot
*** SUMMARY ***
Total pot 51300 | Rake 0 
Board [4h 2d 6s Kd 8s]
Seat 1: jtedecaliss (big blind) showed [Ac Qd] and lost with high card Ace
Seat 2: Gabrielfs13 folded before Flop (didn't bet)
Seat 3: BOLIS_CTBA folded before Flop (didn't bet)
Seat 4: maniali showed [5d 5h] and won (51300) with a pair of Fives
Seat 6: Draga330 folded before Flop (didn't bet)
Seat 7: RomiroxP (button) folded before Flop (didn't bet)
Seat 8: Domientje (small blind) folded before Flop



PokerStars Hand #257279631456: Tournament #3914634454, $9.80+$1.20 USD Hold'em No Limit - Level XIV (1500/3000) - 2025/08/09 18:04:33 BRT [2025/08/09 17:04:33 ET]
Table '3914634454 91' 8-max Seat #8 is the button
Seat 1: jtedecaliss (4900 in chips) 
Seat 2: Gabrielfs13 (60000 in chips) 
Seat 3: BOLIS_CTBA (35700 in chips) 
Seat 4: maniali (51300 in chips) 
Seat 6: Draga330 (37300 in chips) 
Seat 7: RomiroxP (26900 in chips) 
Seat 8: Domientje (23900 in chips) 
jtedecaliss: posts the ante 400
Gabrielfs13: posts the ante 400
BOLIS_CTBA: posts the ante 400
maniali: posts the ante 400
Draga330: posts the ante 400
RomiroxP: posts the ante 400
Domientje: posts the ante 400
jtedecaliss: posts small blind 1500
Gabrielfs13: posts big blind 3000
*** HOLE CARDS ***
Dealt to Gabrielfs13 [9s Ac]
BOLIS_CTBA: folds 
SobeeDF is disconnected 
maniali: folds 
Draga330: raises 6000 to 9000
RomiroxP: raises 17500 to 26500 and is all-in
Domientje: folds 
jtedecaliss: calls 3000 and is all-in
Gabrielfs13: folds 
Draga330: calls 17500
*** FLOP *** [7s Js 2s]
*** TURN *** [7s Js 2s] [Jc]
*** RIVER *** [7s Js 2s Jc] [Qh]
*** SHOW DOWN ***
Draga330: shows [As 9c] (a pair of Jacks)
RomiroxP: shows [Ad Jd] (three of a kind, Jacks)
RomiroxP collected 44000 from side pot
jtedecaliss: shows [3d 9d] (a pair of Jacks)
RomiroxP collected 19300 from main pot
jtedecaliss finished the tournament in 506th place
*** SUMMARY ***
Total pot 63300 Main pot 19300. Side pot 44000. | Rake 0 
Board [7s Js 2s Jc Qh]
Seat 1: jtedecaliss (small blind) showed [3d 9d] and lost with a pair of Jacks
Seat 2: Gabrielfs13 (big blind) folded before Flop
Seat 3: BOLIS_CTBA folded before Flop (didn't bet)
Seat 4: maniali folded before Flop (didn't bet)
Seat 6: Draga330 showed [As 9c] and lost with a pair of Jacks
Seat 7: RomiroxP showed [Ad Jd] and won (63300) with three of a kind, Jacks
Seat 8: Domientje (button) folded before Flop (didn't bet)



PokerStars Hand #257279640754: Tournament #3914634454, $9.80+$1.20 USD Hold'em No Limit - Level XIV (1500/3000) - 2025/08/09 18:05:12 BRT [2025/08/09 17:05:12 ET]
Table '3914634454 91' 8-max Seat #2 is the button
Seat 2: Gabrielfs13 (56600 in chips) 
Seat 3: BOLIS_CTBA (35300 in chips) 
Seat 4: maniali (50900 in chips) 
Seat 5: SobeeDF (115607 in chips) 
Seat 6: Draga330 (10400 in chips) 
Seat 7: RomiroxP (63300 in chips) 
Seat 8: Domientje (23500 in chips) 
Gabrielfs13: posts the ante 400
BOLIS_CTBA: posts the ante 400
maniali: posts the ante 400
SobeeDF: posts the ante 400
Draga330: posts the ante 400
RomiroxP: posts the ante 400
Domientje: posts the ante 400
BOLIS_CTBA: posts small blind 1500
maniali: posts big blind 3000
*** HOLE CARDS ***
Dealt to Gabrielfs13 [9s 5c]
philip vcb is disconnected 
SobeeDF: raises 3000 to 6000
Draga330: folds 
RomiroxP: raises 9000 to 15000
Domientje: raises 8100 to 23100 and is all-in
Gabrielfs13: folds 
BOLIS_CTBA: folds 
maniali: folds 
SobeeDF: folds 
RomiroxP: calls 8100
*** FLOP *** [Ah Jh 8d]
*** TURN *** [Ah Jh 8d] [Js]
*** RIVER *** [Ah Jh 8d Js] [7h]
*** SHOW DOWN ***
RomiroxP: shows [As Ad] (a full house, Aces full of Jacks)
Domientje: shows [7d 7s] (a full house, Sevens full of Jacks)
RomiroxP collected 59500 from pot
Domientje finished the tournament in 499th place
*** SUMMARY ***
Total pot 59500 | Rake 0 
Board [Ah Jh 8d Js 7h]
Seat 2: Gabrielfs13 (button) folded before Flop (didn't bet)
Seat 3: BOLIS_CTBA (small blind) folded before Flop
Seat 4: maniali (big blind) folded before Flop
Seat 5: SobeeDF folded before Flop
Seat 6: Draga330 folded before Flop (didn't bet)
Seat 7: RomiroxP showed [As Ad] and won (59500) with a full house, Aces full of Jacks
Seat 8: Domientje showed [7d 7s] and lost with a full house, Sevens full of Jacks



PokerStars Hand #257279647812: Tournament #3914634454, $9.80+$1.20 USD Hold'em No Limit - Level XIV (1500/3000) - 2025/08/09 18:05:42 BRT [2025/08/09 17:05:42 ET]
Table '3914634454 91' 8-max Seat #3 is the button
Seat 1: philip vcb (143550 in chips) 
Seat 2: Gabrielfs13 (56200 in chips) 
Seat 3: BOLIS_CTBA (33400 in chips) 
Seat 4: maniali (47500 in chips) 
Seat 5: SobeeDF (109207 in chips) 
Seat 6: Draga330 (10000 in chips) 
Seat 7: RomiroxP (99300 in chips) 
philip vcb: posts the ante 400
Gabrielfs13: posts the ante 400
BOLIS_CTBA: posts the ante 400
maniali: posts the ante 400
SobeeDF: posts the ante 400
Draga330: posts the ante 400
RomiroxP: posts the ante 400
maniali: posts small blind 1500
SobeeDF: posts big blind 3000
*** HOLE CARDS ***
Dealt to Gabrielfs13 [Th Kh]
skywoodpark is disconnected 
Draga330: folds 
RomiroxP: folds 
philip vcb: raises 3300 to 6300
Gabrielfs13: raises 49500 to 55800 and is all-in
BOLIS_CTBA: folds 
maniali: folds 
SobeeDF: folds 
philip vcb: calls 49500
*** FLOP *** [4c 5s Ac]
*** TURN *** [4c 5s Ac] [7h]
*** RIVER *** [4c 5s Ac 7h] [3h]
*** SHOW DOWN ***
philip vcb: shows [Kd As] (a pair of Aces)
Gabrielfs13: shows [Th Kh] (high card Ace)
philip vcb collected 118900 from pot
Gabrielfs13 finished the tournament in 483rd place
*** SUMMARY ***
Total pot 118900 | Rake 0 
Board [4c 5s Ac 7h 3h]
Seat 1: philip vcb showed [Kd As] and won (118900) with a pair of Aces
Seat 2: Gabrielfs13 showed [Th Kh] and lost with high card Ace
Seat 3: BOLIS_CTBA (button) folded before Flop (didn't bet)
Seat 4: maniali (small blind) folded before Flop
Seat 5: SobeeDF (big blind) folded before Flop
Seat 6: Draga330 folded before Flop (didn't bet)
Seat 7: RomiroxP folded before Flop (didn't bet)



