PokerStars Hand #257224982240: Tournament #3914634194, $4.90+$4.90+$1.20 USD Hold'em No Limit - Level IV (40/80) - 2025/08/05 14:05:00 BRT [2025/08/05 13:05:00 ET]
Table '3914634194 178' 8-max Seat #2 is the button
Seat 1: AlexBogla (3479 in chips) 
Seat 2: boladao_39 (6163 in chips) 
Seat 3: vandal1st (5551 in chips) 
Seat 4: Zafar81 (4988 in chips) 
Seat 5: BarniHSV87 (4142 in chips) 
Seat 6: China459 (4988 in chips) 
Seat 7: leanzover (5000 in chips) 
Seat 8: Gabrielfs13 (5000 in chips) 
AlexBogla: posts the ante 12
boladao_39: posts the ante 12
vandal1st: posts the ante 12
Zafar81: posts the ante 12
BarniHSV87: posts the ante 12
China459: posts the ante 12
leanzover: posts the ante 12
Gabrielfs13: posts the ante 12
vandal1st: posts small blind 40
Zafar81: posts big blind 80
*** HOLE CARDS ***
Dealt to Gabrielfs13 [9c 7s]
BarniHSV87: calls 80
China459: raises 160 to 240
leanzover: folds 
Gabrielfs13: folds 
AlexBogla: folds 
boladao_39: folds 
vandal1st: folds 
Zafar81: folds 
BarniHSV87: calls 160
*** FLOP *** [Qs 3c 7c]
BarniHSV87: checks 
China459: bets 348
BarniHSV87: calls 348
*** TURN *** [Qs 3c 7c] [9h]
BarniHSV87: checks 
China459: bets 780
BarniHSV87: folds 
Uncalled bet (780) returned to China459
China459 collected 1392 from pot
China459: doesn't show hand 
*** SUMMARY ***
Total pot 1392 | Rake 0 
Board [Qs 3c 7c 9h]
Seat 1: AlexBogla folded before Flop (didn't bet)
Seat 2: boladao_39 (button) folded before Flop (didn't bet)
Seat 3: vandal1st (small blind) folded before Flop
Seat 4: Zafar81 (big blind) folded before Flop
Seat 5: BarniHSV87 folded on the Turn
Seat 6: China459 collected (1392)
Seat 7: leanzover folded before Flop (didn't bet)
Seat 8: Gabrielfs13 folded before Flop (didn't bet)



PokerStars Hand #257225000266: Tournament #3914634194, $4.90+$4.90+$1.20 USD Hold'em No Limit - Level IV (40/80) - 2025/08/05 14:06:32 BRT [2025/08/05 13:06:32 ET]
Table '3914634194 178' 8-max Seat #3 is the button
Seat 1: AlexBogla (3467 in chips) 
Seat 2: boladao_39 (6151 in chips) 
Seat 3: vandal1st (5499 in chips) 
Seat 4: Zafar81 (4896 in chips) 
Seat 5: BarniHSV87 (3542 in chips) 
Seat 6: China459 (5780 in chips) 
Seat 7: leanzover (4988 in chips) 
Seat 8: Gabrielfs13 (4988 in chips) 
AlexBogla: posts the ante 12
boladao_39: posts the ante 12
vandal1st: posts the ante 12
Zafar81: posts the ante 12
BarniHSV87: posts the ante 12
China459: posts the ante 12
leanzover: posts the ante 12
Gabrielfs13: posts the ante 12
Zafar81: posts small blind 40
BarniHSV87: posts big blind 80
*** HOLE CARDS ***
Dealt to Gabrielfs13 [5c As]
China459: folds 
leanzover: folds 
Zafar81 is disconnected 
Gabrielfs13: folds 
AlexBogla: raises 80 to 160
boladao_39: raises 320 to 480
vandal1st: folds 
Zafar81 has timed out while disconnected
Zafar81: folds 
Zafar81 is sitting out
BarniHSV87: folds 
AlexBogla: folds 
Uncalled bet (320) returned to boladao_39
boladao_39 collected 536 from pot
boladao_39: doesn't show hand 
*** SUMMARY ***
Total pot 536 | Rake 0 
Seat 1: AlexBogla folded before Flop
Seat 2: boladao_39 collected (536)
Seat 3: vandal1st (button) folded before Flop (didn't bet)
Seat 4: Zafar81 (small blind) folded before Flop
Seat 5: BarniHSV87 (big blind) folded before Flop
Seat 6: China459 folded before Flop (didn't bet)
Seat 7: leanzover folded before Flop (didn't bet)
Seat 8: Gabrielfs13 folded before Flop (didn't bet)



PokerStars Hand #257225010902: Tournament #3914634194, $4.90+$4.90+$1.20 USD Hold'em No Limit - Level IV (40/80) - 2025/08/05 14:07:25 BRT [2025/08/05 13:07:25 ET]
Table '3914634194 178' 8-max Seat #4 is the button
Seat 1: AlexBogla (3295 in chips) 
Seat 2: boladao_39 (6515 in chips) 
Seat 3: vandal1st (5487 in chips) 
Seat 4: Zafar81 (4844 in chips) is sitting out
Seat 5: BarniHSV87 (3450 in chips) 
Seat 6: China459 (5768 in chips) 
Seat 7: leanzover (4976 in chips) 
Seat 8: Gabrielfs13 (4976 in chips) 
AlexBogla: posts the ante 12
boladao_39: posts the ante 12
vandal1st: posts the ante 12
Zafar81: posts the ante 12
BarniHSV87: posts the ante 12
China459: posts the ante 12
leanzover: posts the ante 12
Gabrielfs13: posts the ante 12
BarniHSV87: posts small blind 40
China459: posts big blind 80
*** HOLE CARDS ***
Dealt to Gabrielfs13 [9c 3c]
leanzover: folds 
Gabrielfs13: folds 
AlexBogla: folds 
boladao_39: raises 80 to 160
vandal1st: raises 480 to 640
Zafar81: folds 
BarniHSV87: calls 600
Zafar81 is disconnected 
Zafar81 has returned
China459: calls 560
boladao_39: folds 
*** FLOP *** [7h 6c Kh]
BarniHSV87: checks 
China459: checks 
vandal1st: bets 544
BarniHSV87: calls 544
China459: raises 736 to 1280
vandal1st: folds 
BarniHSV87: calls 736
*** TURN *** [7h 6c Kh] [2s]
BarniHSV87: checks 
China459: bets 2640
BarniHSV87: folds 
Uncalled bet (2640) returned to China459
China459 collected 5280 from pot
China459: doesn't show hand 
*** SUMMARY ***
Total pot 5280 | Rake 0 
Board [7h 6c Kh 2s]
Seat 1: AlexBogla folded before Flop (didn't bet)
Seat 2: boladao_39 folded before Flop
Seat 3: vandal1st folded on the Flop
Seat 4: Zafar81 (button) folded before Flop (didn't bet)
Seat 5: BarniHSV87 (small blind) folded on the Turn
Seat 6: China459 (big blind) collected (5280)
Seat 7: leanzover folded before Flop (didn't bet)
Seat 8: Gabrielfs13 folded before Flop (didn't bet)



PokerStars Hand #257225031669: Tournament #3914634194, $4.90+$4.90+$1.20 USD Hold'em No Limit - Level IV (40/80) - 2025/08/05 14:09:10 BRT [2025/08/05 13:09:10 ET]
Table '3914634194 178' 8-max Seat #5 is the button
Seat 1: AlexBogla (3283 in chips) 
Seat 2: boladao_39 (6343 in chips) 
Seat 3: vandal1st (4291 in chips) 
Seat 4: Zafar81 (4832 in chips) 
Seat 5: BarniHSV87 (1518 in chips) 
Seat 6: China459 (9116 in chips) 
Seat 8: Gabrielfs13 (4964 in chips) 
AlexBogla: posts the ante 12
boladao_39: posts the ante 12
vandal1st: posts the ante 12
Zafar81: posts the ante 12
BarniHSV87: posts the ante 12
China459: posts the ante 12
Gabrielfs13: posts the ante 12
China459: posts small blind 40
Gabrielfs13: posts big blind 80
*** HOLE CARDS ***
Dealt to Gabrielfs13 [4c 6d]
AlexBogla: raises 80 to 160
boladao_39: folds 
Nachito0507 is disconnected 
vandal1st: folds 
Zafar81: calls 160
BarniHSV87: raises 1346 to 1506 and is all-in
China459: folds 
Gabrielfs13: folds 
AlexBogla: folds 
Zafar81: calls 1346
*** FLOP *** [5c 2h 8s]
*** TURN *** [5c 2h 8s] [Qs]
*** RIVER *** [5c 2h 8s Qs] [4d]
*** SHOW DOWN ***
Zafar81: shows [7h 5h] (a pair of Fives)
BarniHSV87: shows [As Ks] (high card Ace)
Zafar81 collected 3376 from pot
BarniHSV87 finished the tournament
*** SUMMARY ***
Total pot 3376 | Rake 0 
Board [5c 2h 8s Qs 4d]
Seat 1: AlexBogla folded before Flop
Seat 2: boladao_39 folded before Flop (didn't bet)
Seat 3: vandal1st folded before Flop (didn't bet)
Seat 4: Zafar81 showed [7h 5h] and won (3376) with a pair of Fives
Seat 5: BarniHSV87 (button) showed [As Ks] and lost with high card Ace
Seat 6: China459 (small blind) folded before Flop
Seat 8: Gabrielfs13 (big blind) folded before Flop



PokerStars Hand #257225041952: Tournament #3914634194, $4.90+$4.90+$1.20 USD Hold'em No Limit - Level IV (40/80) - 2025/08/05 14:10:01 BRT [2025/08/05 13:10:01 ET]
Table '3914634194 178' 8-max Seat #6 is the button
Seat 1: AlexBogla (3111 in chips) 
Seat 2: boladao_39 (6331 in chips) 
Seat 3: vandal1st (4279 in chips) 
Seat 4: Zafar81 (6690 in chips) 
Seat 6: China459 (9064 in chips) 
Seat 7: Nachito0507 (5000 in chips) out of hand (moved from another table into small blind)
Seat 8: Gabrielfs13 (4872 in chips) 
Nachito0507 will be allowed to play after the button
AlexBogla: posts the ante 12
boladao_39: posts the ante 12
vandal1st: posts the ante 12
Zafar81: posts the ante 12
China459: posts the ante 12
Gabrielfs13: posts the ante 12
Gabrielfs13: posts small blind 40
AlexBogla: posts big blind 80
*** HOLE CARDS ***
Dealt to Gabrielfs13 [Jh Kc]
bwfc76 is disconnected 
boladao_39: folds 
vandal1st: folds 
Zafar81: folds 
China459: folds 
Gabrielfs13: raises 160 to 240
AlexBogla: calls 160
*** FLOP *** [6s 3c 9c]
Gabrielfs13: checks 
AlexBogla: checks 
*** TURN *** [6s 3c 9c] [4s]
Gabrielfs13: checks 
AlexBogla: bets 400
Gabrielfs13: folds 
Uncalled bet (400) returned to AlexBogla
AlexBogla collected 552 from pot
AlexBogla: doesn't show hand 
*** SUMMARY ***
Total pot 552 | Rake 0 
Board [6s 3c 9c 4s]
Seat 1: AlexBogla (big blind) collected (552)
Seat 2: boladao_39 folded before Flop (didn't bet)
Seat 3: vandal1st folded before Flop (didn't bet)
Seat 4: Zafar81 folded before Flop (didn't bet)
Seat 6: China459 (button) folded before Flop (didn't bet)
Seat 8: Gabrielfs13 (small blind) folded on the Turn



PokerStars Hand #257225059965: Tournament #3914634194, $4.90+$4.90+$1.20 USD Hold'em No Limit - Level V (45/90) - 2025/08/05 14:11:31 BRT [2025/08/05 13:11:31 ET]
Table '3914634194 178' 8-max Seat #8 is the button
Seat 1: AlexBogla (3411 in chips) 
Seat 2: boladao_39 (6319 in chips) 
Seat 3: vandal1st (4267 in chips) 
Seat 4: Zafar81 (6678 in chips) 
Seat 5: bwfc76 (5000 in chips) 
Seat 6: China459 (9052 in chips) 
Seat 7: Nachito0507 (5000 in chips) 
Seat 8: Gabrielfs13 (4620 in chips) 
AlexBogla: posts the ante 14
boladao_39: posts the ante 14
vandal1st: posts the ante 14
Zafar81: posts the ante 14
bwfc76: posts the ante 14
China459: posts the ante 14
Nachito0507: posts the ante 14
Gabrielfs13: posts the ante 14
AlexBogla: posts small blind 45
boladao_39: posts big blind 90
*** HOLE CARDS ***
Dealt to Gabrielfs13 [3d 2d]
vandal1st: folds 
Zafar81: folds 
bwfc76: folds 
China459: folds 
Nachito0507: raises 108 to 198
Gabrielfs13: folds 
AlexBogla: folds 
boladao_39: calls 108
*** FLOP *** [9c 5d Kh]
boladao_39: checks 
Nachito0507: bets 182
boladao_39: folds 
Uncalled bet (182) returned to Nachito0507
Nachito0507 collected 553 from pot
Nachito0507: doesn't show hand 
*** SUMMARY ***
Total pot 553 | Rake 0 
Board [9c 5d Kh]
Seat 1: AlexBogla (small blind) folded before Flop
Seat 2: boladao_39 (big blind) folded on the Flop
Seat 3: vandal1st folded before Flop (didn't bet)
Seat 4: Zafar81 folded before Flop (didn't bet)
Seat 5: bwfc76 folded before Flop (didn't bet)
Seat 6: China459 folded before Flop (didn't bet)
Seat 7: Nachito0507 collected (553)
Seat 8: Gabrielfs13 (button) folded before Flop (didn't bet)



PokerStars Hand #257225070482: Tournament #3914634194, $4.90+$4.90+$1.20 USD Hold'em No Limit - Level V (45/90) - 2025/08/05 14:12:24 BRT [2025/08/05 13:12:24 ET]
Table '3914634194 178' 8-max Seat #1 is the button
Seat 1: AlexBogla (3352 in chips) 
Seat 2: boladao_39 (6107 in chips) 
Seat 3: vandal1st (4253 in chips) 
Seat 4: Zafar81 (6664 in chips) 
Seat 5: bwfc76 (4986 in chips) 
Seat 6: China459 (9038 in chips) 
Seat 7: Nachito0507 (5341 in chips) 
Seat 8: Gabrielfs13 (4606 in chips) 
AlexBogla: posts the ante 14
boladao_39: posts the ante 14
vandal1st: posts the ante 14
Zafar81: posts the ante 14
bwfc76: posts the ante 14
China459: posts the ante 14
Nachito0507: posts the ante 14
Gabrielfs13: posts the ante 14
boladao_39: posts small blind 45
vandal1st: posts big blind 90
*** HOLE CARDS ***
Dealt to Gabrielfs13 [8s Kh]
Zafar81: folds 
bwfc76: folds 
China459: folds 
Nachito0507: folds 
Gabrielfs13: raises 90 to 180
AlexBogla: calls 180
boladao_39: folds 
vandal1st: folds 
*** FLOP *** [9c 3d Ac]
Gabrielfs13: checks 
AlexBogla: bets 180
Gabrielfs13: raises 405 to 585
AlexBogla: folds 
Uncalled bet (405) returned to Gabrielfs13
Gabrielfs13 collected 967 from pot
Gabrielfs13: doesn't show hand 
*** SUMMARY ***
Total pot 967 | Rake 0 
Board [9c 3d Ac]
Seat 1: AlexBogla (button) folded on the Flop
Seat 2: boladao_39 (small blind) folded before Flop
Seat 3: vandal1st (big blind) folded before Flop
Seat 4: Zafar81 folded before Flop (didn't bet)
Seat 5: bwfc76 folded before Flop (didn't bet)
Seat 6: China459 folded before Flop (didn't bet)
Seat 7: Nachito0507 folded before Flop (didn't bet)
Seat 8: Gabrielfs13 collected (967)



PokerStars Hand #257225091619: Tournament #3914634194, $4.90+$4.90+$1.20 USD Hold'em No Limit - Level V (45/90) - 2025/08/05 14:14:08 BRT [2025/08/05 13:14:08 ET]
Table '3914634194 178' 8-max Seat #2 is the button
Seat 1: AlexBogla (2978 in chips) 
Seat 2: boladao_39 (6048 in chips) 
Seat 3: vandal1st (4149 in chips) 
Seat 4: Zafar81 (6650 in chips) 
Seat 5: bwfc76 (4972 in chips) 
Seat 6: China459 (9024 in chips) 
Seat 7: Nachito0507 (5327 in chips) 
Seat 8: Gabrielfs13 (5199 in chips) 
AlexBogla: posts the ante 14
boladao_39: posts the ante 14
vandal1st: posts the ante 14
Zafar81: posts the ante 14
bwfc76: posts the ante 14
China459: posts the ante 14
Nachito0507: posts the ante 14
Gabrielfs13: posts the ante 14
vandal1st: posts small blind 45
Zafar81: posts big blind 90
*** HOLE CARDS ***
Dealt to Gabrielfs13 [Qd 2d]
bwfc76: folds 
China459: raises 90 to 180
Nachito0507: folds 
Gabrielfs13: folds 
AlexBogla: folds 
boladao_39: calls 180
vandal1st: calls 135
Zafar81: folds 
*** FLOP *** [Ah 6s 6c]
vandal1st: checks 
China459: bets 371
boladao_39: folds 
vandal1st: folds 
Uncalled bet (371) returned to China459
China459 collected 742 from pot
China459: doesn't show hand 
*** SUMMARY ***
Total pot 742 | Rake 0 
Board [Ah 6s 6c]
Seat 1: AlexBogla folded before Flop (didn't bet)
Seat 2: boladao_39 (button) folded on the Flop
Seat 3: vandal1st (small blind) folded on the Flop
Seat 4: Zafar81 (big blind) folded before Flop
Seat 5: bwfc76 folded before Flop (didn't bet)
Seat 6: China459 collected (742)
Seat 7: Nachito0507 folded before Flop (didn't bet)
Seat 8: Gabrielfs13 folded before Flop (didn't bet)



PokerStars Hand #257225104665: Tournament #3914634194, $4.90+$4.90+$1.20 USD Hold'em No Limit - Level V (45/90) - 2025/08/05 14:15:12 BRT [2025/08/05 13:15:12 ET]
Table '3914634194 178' 8-max Seat #3 is the button
Seat 1: AlexBogla (2964 in chips) 
Seat 2: boladao_39 (5854 in chips) 
Seat 3: vandal1st (3955 in chips) 
Seat 4: Zafar81 (6546 in chips) 
Seat 5: bwfc76 (4958 in chips) 
Seat 6: China459 (9572 in chips) 
Seat 7: Nachito0507 (5313 in chips) 
Seat 8: Gabrielfs13 (5185 in chips) 
AlexBogla: posts the ante 14
boladao_39: posts the ante 14
vandal1st: posts the ante 14
Zafar81: posts the ante 14
bwfc76: posts the ante 14
China459: posts the ante 14
Nachito0507: posts the ante 14
Gabrielfs13: posts the ante 14
Zafar81: posts small blind 45
bwfc76: posts big blind 90
*** HOLE CARDS ***
Dealt to Gabrielfs13 [2d Jd]
China459: folds 
Nachito0507: folds 
Gabrielfs13: folds 
AlexBogla: raises 90 to 180
boladao_39: folds 
vandal1st: folds 
Zafar81: folds 
bwfc76: calls 90
*** FLOP *** [5d 6s 8c]
bwfc76: checks 
AlexBogla: bets 264
bwfc76: folds 
Uncalled bet (264) returned to AlexBogla
AlexBogla collected 517 from pot
AlexBogla: doesn't show hand 
*** SUMMARY ***
Total pot 517 | Rake 0 
Board [5d 6s 8c]
Seat 1: AlexBogla collected (517)
Seat 2: boladao_39 folded before Flop (didn't bet)
Seat 3: vandal1st (button) folded before Flop (didn't bet)
Seat 4: Zafar81 (small blind) folded before Flop
Seat 5: bwfc76 (big blind) folded on the Flop
Seat 6: China459 folded before Flop (didn't bet)
Seat 7: Nachito0507 folded before Flop (didn't bet)
Seat 8: Gabrielfs13 folded before Flop (didn't bet)



PokerStars Hand #257225113051: Tournament #3914634194, $4.90+$4.90+$1.20 USD Hold'em No Limit - Level V (45/90) - 2025/08/05 14:15:52 BRT [2025/08/05 13:15:52 ET]
Table '3914634194 178' 8-max Seat #4 is the button
Seat 1: AlexBogla (3287 in chips) 
Seat 2: boladao_39 (5840 in chips) 
Seat 3: vandal1st (3941 in chips) 
Seat 4: Zafar81 (6487 in chips) 
Seat 5: bwfc76 (4764 in chips) 
Seat 6: China459 (9558 in chips) 
Seat 7: Nachito0507 (5299 in chips) 
Seat 8: Gabrielfs13 (5171 in chips) 
AlexBogla: posts the ante 14
boladao_39: posts the ante 14
vandal1st: posts the ante 14
Zafar81: posts the ante 14
bwfc76: posts the ante 14
China459: posts the ante 14
Nachito0507: posts the ante 14
Gabrielfs13: posts the ante 14
bwfc76: posts small blind 45
China459: posts big blind 90
*** HOLE CARDS ***
Dealt to Gabrielfs13 [2c Ah]
Nachito0507: folds 
Gabrielfs13: folds 
AlexBogla: folds 
boladao_39: raises 90 to 180
vandal1st: folds 
Zafar81: folds 
bwfc76: folds 
China459: folds 
Uncalled bet (90) returned to boladao_39
boladao_39 collected 337 from pot
boladao_39: doesn't show hand 
*** SUMMARY ***
Total pot 337 | Rake 0 
Seat 1: AlexBogla folded before Flop (didn't bet)
Seat 2: boladao_39 collected (337)
Seat 3: vandal1st folded before Flop (didn't bet)
Seat 4: Zafar81 (button) folded before Flop (didn't bet)
Seat 5: bwfc76 (small blind) folded before Flop
Seat 6: China459 (big blind) folded before Flop
Seat 7: Nachito0507 folded before Flop (didn't bet)
Seat 8: Gabrielfs13 folded before Flop (didn't bet)



PokerStars Hand #257225123132: Tournament #3914634194, $4.90+$4.90+$1.20 USD Hold'em No Limit - Level V (45/90) - 2025/08/05 14:16:41 BRT [2025/08/05 13:16:41 ET]
Table '3914634194 178' 8-max Seat #5 is the button
Seat 1: AlexBogla (3273 in chips) 
Seat 2: boladao_39 (6073 in chips) 
Seat 3: vandal1st (3927 in chips) 
Seat 4: Zafar81 (6473 in chips) 
Seat 5: bwfc76 (4705 in chips) 
Seat 6: China459 (9454 in chips) 
Seat 7: Nachito0507 (5285 in chips) 
Seat 8: Gabrielfs13 (5157 in chips) 
AlexBogla: posts the ante 14
boladao_39: posts the ante 14
vandal1st: posts the ante 14
Zafar81: posts the ante 14
bwfc76: posts the ante 14
China459: posts the ante 14
Nachito0507: posts the ante 14
Gabrielfs13: posts the ante 14
China459: posts small blind 45
Nachito0507: posts big blind 90
*** HOLE CARDS ***
Dealt to Gabrielfs13 [Jd 9s]
Gabrielfs13: folds 
AlexBogla: folds 
boladao_39: raises 90 to 180
vandal1st: folds 
Zafar81: folds 
bwfc76: folds 
China459: folds 
Nachito0507: calls 90
*** FLOP *** [3c 6h 9d]
Nachito0507: checks 
boladao_39: checks 
*** TURN *** [3c 6h 9d] [Th]
Nachito0507: bets 517
boladao_39: folds 
Uncalled bet (517) returned to Nachito0507
Nachito0507 collected 517 from pot
Nachito0507: doesn't show hand 
*** SUMMARY ***
Total pot 517 | Rake 0 
Board [3c 6h 9d Th]
Seat 1: AlexBogla folded before Flop (didn't bet)
Seat 2: boladao_39 folded on the Turn
Seat 3: vandal1st folded before Flop (didn't bet)
Seat 4: Zafar81 folded before Flop (didn't bet)
Seat 5: bwfc76 (button) folded before Flop (didn't bet)
Seat 6: China459 (small blind) folded before Flop
Seat 7: Nachito0507 (big blind) collected (517)
Seat 8: Gabrielfs13 folded before Flop (didn't bet)



PokerStars Hand #257225131990: Tournament #3914634194, $4.90+$4.90+$1.20 USD Hold'em No Limit - Level V (45/90) - 2025/08/05 14:17:26 BRT [2025/08/05 13:17:26 ET]
Table '3914634194 178' 8-max Seat #6 is the button
Seat 1: AlexBogla (3259 in chips) 
Seat 2: boladao_39 (5879 in chips) 
Seat 3: vandal1st (3913 in chips) 
Seat 4: Zafar81 (6459 in chips) 
Seat 5: bwfc76 (4691 in chips) 
Seat 6: China459 (9395 in chips) 
Seat 7: Nachito0507 (5608 in chips) 
Seat 8: Gabrielfs13 (5143 in chips) 
AlexBogla: posts the ante 14
boladao_39: posts the ante 14
vandal1st: posts the ante 14
Zafar81: posts the ante 14
bwfc76: posts the ante 14
China459: posts the ante 14
Nachito0507: posts the ante 14
Gabrielfs13: posts the ante 14
Nachito0507: posts small blind 45
Gabrielfs13: posts big blind 90
*** HOLE CARDS ***
Dealt to Gabrielfs13 [2c Kd]
AlexBogla: folds 
boladao_39: folds 
vandal1st: folds 
Zafar81: raises 108 to 198
bwfc76: calls 198
China459: folds 
Nachito0507: folds 
Gabrielfs13: folds 
*** FLOP *** [6h 2h 6d]
Zafar81: bets 322
bwfc76: folds 
Uncalled bet (322) returned to Zafar81
Zafar81 collected 643 from pot
Zafar81: doesn't show hand 
*** SUMMARY ***
Total pot 643 | Rake 0 
Board [6h 2h 6d]
Seat 1: AlexBogla folded before Flop (didn't bet)
Seat 2: boladao_39 folded before Flop (didn't bet)
Seat 3: vandal1st folded before Flop (didn't bet)
Seat 4: Zafar81 collected (643)
Seat 5: bwfc76 folded on the Flop
Seat 6: China459 (button) folded before Flop (didn't bet)
Seat 7: Nachito0507 (small blind) folded before Flop
Seat 8: Gabrielfs13 (big blind) folded before Flop



PokerStars Hand #257225143861: Tournament #3914634194, $4.90+$4.90+$1.20 USD Hold'em No Limit - Level VI (50/100) - 2025/08/05 14:18:25 BRT [2025/08/05 13:18:25 ET]
Table '3914634194 178' 8-max Seat #7 is the button
Seat 1: AlexBogla (3245 in chips) 
Seat 2: boladao_39 (5865 in chips) 
Seat 3: vandal1st (3899 in chips) 
Seat 4: Zafar81 (6890 in chips) 
Seat 5: bwfc76 (4479 in chips) 
Seat 6: China459 (9381 in chips) 
Seat 7: Nachito0507 (5549 in chips) 
Seat 8: Gabrielfs13 (5039 in chips) 
AlexBogla: posts the ante 15
boladao_39: posts the ante 15
vandal1st: posts the ante 15
Zafar81: posts the ante 15
bwfc76: posts the ante 15
China459: posts the ante 15
Nachito0507: posts the ante 15
Gabrielfs13: posts the ante 15
Gabrielfs13: posts small blind 50
AlexBogla: posts big blind 100
*** HOLE CARDS ***
Dealt to Gabrielfs13 [9c As]
boladao_39: raises 100 to 200
vandal1st: folds 
Zafar81: folds 
bwfc76: folds 
China459: folds 
Nachito0507: calls 200
Gabrielfs13: folds 
AlexBogla: folds 
*** FLOP *** [Ad 7h 2h]
boladao_39: bets 281
Nachito0507: folds 
Uncalled bet (281) returned to boladao_39
boladao_39 collected 670 from pot
boladao_39: doesn't show hand 
*** SUMMARY ***
Total pot 670 | Rake 0 
Board [Ad 7h 2h]
Seat 1: AlexBogla (big blind) folded before Flop
Seat 2: boladao_39 collected (670)
Seat 3: vandal1st folded before Flop (didn't bet)
Seat 4: Zafar81 folded before Flop (didn't bet)
Seat 5: bwfc76 folded before Flop (didn't bet)
Seat 6: China459 folded before Flop (didn't bet)
Seat 7: Nachito0507 (button) folded on the Flop
Seat 8: Gabrielfs13 (small blind) folded before Flop



PokerStars Hand #257225157373: Tournament #3914634194, $4.90+$4.90+$1.20 USD Hold'em No Limit - Level VI (50/100) - 2025/08/05 14:19:32 BRT [2025/08/05 13:19:32 ET]
Table '3914634194 178' 8-max Seat #8 is the button
Seat 1: AlexBogla (3130 in chips) 
Seat 2: boladao_39 (6320 in chips) 
Seat 3: vandal1st (3884 in chips) 
Seat 4: Zafar81 (6875 in chips) 
Seat 5: bwfc76 (4464 in chips) 
Seat 6: China459 (9366 in chips) 
Seat 7: Nachito0507 (5334 in chips) 
Seat 8: Gabrielfs13 (4974 in chips) 
AlexBogla: posts the ante 15
boladao_39: posts the ante 15
vandal1st: posts the ante 15
Zafar81: posts the ante 15
bwfc76: posts the ante 15
China459: posts the ante 15
Nachito0507: posts the ante 15
Gabrielfs13: posts the ante 15
AlexBogla: posts small blind 50
boladao_39: posts big blind 100
*** HOLE CARDS ***
Dealt to Gabrielfs13 [9s Jc]
vandal1st: folds 
Zafar81: folds 
bwfc76: folds 
China459: folds 
Nachito0507: raises 120 to 220
Gabrielfs13: folds 
AlexBogla: folds 
boladao_39: calls 120
*** FLOP *** [9d 5h Kd]
boladao_39: checks 
Nachito0507: bets 200
boladao_39: calls 200
*** TURN *** [9d 5h Kd] [2c]
boladao_39: checks 
Nachito0507: checks 
*** RIVER *** [9d 5h Kd 2c] [Ac]
boladao_39: checks 
Nachito0507: checks 
*** SHOW DOWN ***
boladao_39: shows [4d 6c] (high card Ace)
Nachito0507: shows [7h 7d] (a pair of Sevens)
Nachito0507 collected 1010 from pot
*** SUMMARY ***
Total pot 1010 | Rake 0 
Board [9d 5h Kd 2c Ac]
Seat 1: AlexBogla (small blind) folded before Flop
Seat 2: boladao_39 (big blind) showed [4d 6c] and lost with high card Ace
Seat 3: vandal1st folded before Flop (didn't bet)
Seat 4: Zafar81 folded before Flop (didn't bet)
Seat 5: bwfc76 folded before Flop (didn't bet)
Seat 6: China459 folded before Flop (didn't bet)
Seat 7: Nachito0507 showed [7h 7d] and won (1010) with a pair of Sevens
Seat 8: Gabrielfs13 (button) folded before Flop (didn't bet)



PokerStars Hand #257225171096: Tournament #3914634194, $4.90+$4.90+$1.20 USD Hold'em No Limit - Level VI (50/100) - 2025/08/05 14:20:39 BRT [2025/08/05 13:20:39 ET]
Table '3914634194 178' 8-max Seat #1 is the button
Seat 1: AlexBogla (3065 in chips) 
Seat 2: boladao_39 (5885 in chips) 
Seat 3: vandal1st (3869 in chips) 
Seat 4: Zafar81 (6860 in chips) 
Seat 5: bwfc76 (4449 in chips) 
Seat 6: China459 (9351 in chips) 
Seat 7: Nachito0507 (5909 in chips) 
Seat 8: Gabrielfs13 (4959 in chips) 
AlexBogla: posts the ante 15
boladao_39: posts the ante 15
vandal1st: posts the ante 15
Zafar81: posts the ante 15
bwfc76: posts the ante 15
China459: posts the ante 15
Nachito0507: posts the ante 15
Gabrielfs13: posts the ante 15
boladao_39: posts small blind 50
vandal1st: posts big blind 100
*** HOLE CARDS ***
Dealt to Gabrielfs13 [Ts 5s]
Zafar81: folds 
bwfc76: folds 
China459: folds 
Nachito0507: folds 
Gabrielfs13: raises 100 to 200
AlexBogla: raises 400 to 600
boladao_39: folds 
vandal1st: folds 
Gabrielfs13: folds 
Uncalled bet (400) returned to AlexBogla
AlexBogla collected 670 from pot
AlexBogla: doesn't show hand 
*** SUMMARY ***
Total pot 670 | Rake 0 
Seat 1: AlexBogla (button) collected (670)
Seat 2: boladao_39 (small blind) folded before Flop
Seat 3: vandal1st (big blind) folded before Flop
Seat 4: Zafar81 folded before Flop (didn't bet)
Seat 5: bwfc76 folded before Flop (didn't bet)
Seat 6: China459 folded before Flop (didn't bet)
Seat 7: Nachito0507 folded before Flop (didn't bet)
Seat 8: Gabrielfs13 folded before Flop



PokerStars Hand #257225179632: Tournament #3914634194, $4.90+$4.90+$1.20 USD Hold'em No Limit - Level VI (50/100) - 2025/08/05 14:21:21 BRT [2025/08/05 13:21:21 ET]
Table '3914634194 178' 8-max Seat #2 is the button
Seat 1: AlexBogla (3520 in chips) 
Seat 2: boladao_39 (5820 in chips) 
Seat 3: vandal1st (3754 in chips) 
Seat 4: Zafar81 (6845 in chips) 
Seat 5: bwfc76 (4434 in chips) 
Seat 6: China459 (9336 in chips) 
Seat 7: Nachito0507 (5894 in chips) 
Seat 8: Gabrielfs13 (4744 in chips) 
AlexBogla: posts the ante 15
boladao_39: posts the ante 15
vandal1st: posts the ante 15
Zafar81: posts the ante 15
bwfc76: posts the ante 15
China459: posts the ante 15
Nachito0507: posts the ante 15
Gabrielfs13: posts the ante 15
vandal1st: posts small blind 50
Zafar81: posts big blind 100
*** HOLE CARDS ***
Dealt to Gabrielfs13 [7c Qs]
bwfc76: folds 
China459: folds 
Nachito0507: raises 100 to 200
Gabrielfs13: folds 
AlexBogla: folds 
boladao_39: calls 200
vandal1st: folds 
Zafar81: calls 100
*** FLOP *** [Tc Ac 8s]
Zafar81: checks 
Nachito0507: checks 
boladao_39: checks 
*** TURN *** [Tc Ac 8s] [9c]
Zafar81: checks 
Nachito0507: checks 
boladao_39: bets 516
Zafar81: folds 
Nachito0507: folds 
Uncalled bet (516) returned to boladao_39
boladao_39 collected 770 from pot
boladao_39: doesn't show hand 
*** SUMMARY ***
Total pot 770 | Rake 0 
Board [Tc Ac 8s 9c]
Seat 1: AlexBogla folded before Flop (didn't bet)
Seat 2: boladao_39 (button) collected (770)
Seat 3: vandal1st (small blind) folded before Flop
Seat 4: Zafar81 (big blind) folded on the Turn
Seat 5: bwfc76 folded before Flop (didn't bet)
Seat 6: China459 folded before Flop (didn't bet)
Seat 7: Nachito0507 folded on the Turn
Seat 8: Gabrielfs13 folded before Flop (didn't bet)



PokerStars Hand #257225196553: Tournament #3914634194, $4.90+$4.90+$1.20 USD Hold'em No Limit - Level VI (50/100) - 2025/08/05 14:22:44 BRT [2025/08/05 13:22:44 ET]
Table '3914634194 178' 8-max Seat #3 is the button
Seat 1: AlexBogla (3505 in chips) 
Seat 2: boladao_39 (6375 in chips) 
Seat 3: vandal1st (3689 in chips) 
Seat 4: Zafar81 (6630 in chips) 
Seat 5: bwfc76 (4419 in chips) 
Seat 6: China459 (9321 in chips) 
Seat 7: Nachito0507 (5679 in chips) 
Seat 8: Gabrielfs13 (4729 in chips) 
AlexBogla: posts the ante 15
boladao_39: posts the ante 15
vandal1st: posts the ante 15
Zafar81: posts the ante 15
bwfc76: posts the ante 15
China459: posts the ante 15
Nachito0507: posts the ante 15
Gabrielfs13: posts the ante 15
Zafar81: posts small blind 50
bwfc76: posts big blind 100
*** HOLE CARDS ***
Dealt to Gabrielfs13 [Ts Kd]
China459: folds 
Nachito0507: folds 
Gabrielfs13: raises 100 to 200
AlexBogla: folds 
boladao_39: folds 
vandal1st: folds 
Zafar81: folds 
bwfc76: folds 
Uncalled bet (100) returned to Gabrielfs13
Gabrielfs13 collected 370 from pot
Gabrielfs13: doesn't show hand 
*** SUMMARY ***
Total pot 370 | Rake 0 
Seat 1: AlexBogla folded before Flop (didn't bet)
Seat 2: boladao_39 folded before Flop (didn't bet)
Seat 3: vandal1st (button) folded before Flop (didn't bet)
Seat 4: Zafar81 (small blind) folded before Flop
Seat 5: bwfc76 (big blind) folded before Flop
Seat 6: China459 folded before Flop (didn't bet)
Seat 7: Nachito0507 folded before Flop (didn't bet)
Seat 8: Gabrielfs13 collected (370)



PokerStars Hand #257225201469: Tournament #3914634194, $4.90+$4.90+$1.20 USD Hold'em No Limit - Level VI (50/100) - 2025/08/05 14:23:09 BRT [2025/08/05 13:23:09 ET]
Table '3914634194 178' 8-max Seat #4 is the button
Seat 1: AlexBogla (3490 in chips) 
Seat 2: boladao_39 (6360 in chips) 
Seat 3: vandal1st (3674 in chips) 
Seat 4: Zafar81 (6565 in chips) 
Seat 5: bwfc76 (4304 in chips) 
Seat 6: China459 (9306 in chips) 
Seat 7: Nachito0507 (5664 in chips) 
Seat 8: Gabrielfs13 (4984 in chips) 
AlexBogla: posts the ante 15
boladao_39: posts the ante 15
vandal1st: posts the ante 15
Zafar81: posts the ante 15
bwfc76: posts the ante 15
China459: posts the ante 15
Nachito0507: posts the ante 15
Gabrielfs13: posts the ante 15
bwfc76: posts small blind 50
China459: posts big blind 100
*** HOLE CARDS ***
Dealt to Gabrielfs13 [Kh 3d]
Nachito0507: folds 
Gabrielfs13: folds 
AlexBogla: folds 
boladao_39: folds 
vandal1st: raises 100 to 200
Zafar81: folds 
bwfc76: folds 
China459: folds 
Uncalled bet (100) returned to vandal1st
vandal1st collected 370 from pot
vandal1st: doesn't show hand 
*** SUMMARY ***
Total pot 370 | Rake 0 
Seat 1: AlexBogla folded before Flop (didn't bet)
Seat 2: boladao_39 folded before Flop (didn't bet)
Seat 3: vandal1st collected (370)
Seat 4: Zafar81 (button) folded before Flop (didn't bet)
Seat 5: bwfc76 (small blind) folded before Flop
Seat 6: China459 (big blind) folded before Flop
Seat 7: Nachito0507 folded before Flop (didn't bet)
Seat 8: Gabrielfs13 folded before Flop (didn't bet)



PokerStars Hand #257225206574: Tournament #3914634194, $4.90+$4.90+$1.20 USD Hold'em No Limit - Level VI (50/100) - 2025/08/05 14:23:33 BRT [2025/08/05 13:23:33 ET]
Table '3914634194 178' 8-max Seat #5 is the button
Seat 1: AlexBogla (3475 in chips) 
Seat 2: boladao_39 (6345 in chips) 
Seat 3: vandal1st (3929 in chips) 
Seat 4: Zafar81 (6550 in chips) 
Seat 5: bwfc76 (4239 in chips) 
Seat 6: China459 (9191 in chips) 
Seat 7: Nachito0507 (5649 in chips) 
Seat 8: Gabrielfs13 (4969 in chips) 
AlexBogla: posts the ante 15
boladao_39: posts the ante 15
vandal1st: posts the ante 15
Zafar81: posts the ante 15
bwfc76: posts the ante 15
China459: posts the ante 15
Nachito0507: posts the ante 15
Gabrielfs13: posts the ante 15
China459: posts small blind 50
Nachito0507: posts big blind 100
*** HOLE CARDS ***
Dealt to Gabrielfs13 [2c 5d]
Gabrielfs13: folds 
AlexBogla: raises 100 to 200
boladao_39: calls 200
vandal1st: folds 
Zafar81: folds 
bwfc76: folds 
China459: folds 
Nachito0507: folds 
*** FLOP *** [Tc 8h Jd]
AlexBogla: checks 
boladao_39: bets 200
AlexBogla: raises 600 to 800
boladao_39: calls 600
*** TURN *** [Tc 8h Jd] [Ad]
AlexBogla: bets 2460 and is all-in
boladao_39: calls 2460
*** RIVER *** [Tc 8h Jd Ad] [Kd]
*** SHOW DOWN ***
AlexBogla: shows [Js Ts] (two pair, Jacks and Tens)
boladao_39: shows [Ah Qd] (a straight, Ten to Ace)
boladao_39 collected 7190 from pot
AlexBogla finished the tournament
*** SUMMARY ***
Total pot 7190 | Rake 0 
Board [Tc 8h Jd Ad Kd]
Seat 1: AlexBogla showed [Js Ts] and lost with two pair, Jacks and Tens
Seat 2: boladao_39 showed [Ah Qd] and won (7190) with a straight, Ten to Ace
Seat 3: vandal1st folded before Flop (didn't bet)
Seat 4: Zafar81 folded before Flop (didn't bet)
Seat 5: bwfc76 (button) folded before Flop (didn't bet)
Seat 6: China459 (small blind) folded before Flop
Seat 7: Nachito0507 (big blind) folded before Flop
Seat 8: Gabrielfs13 folded before Flop (didn't bet)



PokerStars Hand #257225224729: Tournament #3914634194, $4.90+$4.90+$1.20 USD Hold'em No Limit - Level VI (50/100) - 2025/08/05 14:25:01 BRT [2025/08/05 13:25:01 ET]
Table '3914634194 178' 8-max Seat #6 is the button
Seat 2: boladao_39 (10060 in chips) 
Seat 3: vandal1st (3914 in chips) 
Seat 4: Zafar81 (6535 in chips) 
Seat 5: bwfc76 (4224 in chips) 
Seat 6: China459 (9126 in chips) 
Seat 7: Nachito0507 (5534 in chips) 
Seat 8: Gabrielfs13 (4954 in chips) 
boladao_39: posts the ante 15
vandal1st: posts the ante 15
Zafar81: posts the ante 15
bwfc76: posts the ante 15
China459: posts the ante 15
Nachito0507: posts the ante 15
Gabrielfs13: posts the ante 15
Nachito0507: posts small blind 50
Gabrielfs13: posts big blind 100
*** HOLE CARDS ***
Dealt to Gabrielfs13 [4s Kc]
boladao_39: folds 
vandal1st: folds 
Zafar81: raises 100 to 200
bwfc76: folds 
China459: folds 
Nachito0507: raises 550 to 750
Gabrielfs13: folds 
Zafar81: folds 
Uncalled bet (550) returned to Nachito0507
Nachito0507 collected 605 from pot
Nachito0507: doesn't show hand 
*** SUMMARY ***
Total pot 605 | Rake 0 
Seat 2: boladao_39 folded before Flop (didn't bet)
Seat 3: vandal1st folded before Flop (didn't bet)
Seat 4: Zafar81 folded before Flop
Seat 5: bwfc76 folded before Flop (didn't bet)
Seat 6: China459 (button) folded before Flop (didn't bet)
Seat 7: Nachito0507 (small blind) collected (605)
Seat 8: Gabrielfs13 (big blind) folded before Flop



PokerStars Hand #257225232040: Tournament #3914634194, $4.90+$4.90+$1.20 USD Hold'em No Limit - Level VI (50/100) - 2025/08/05 14:25:37 BRT [2025/08/05 13:25:37 ET]
Table '3914634194 178' 8-max Seat #7 is the button
Seat 1: Odenscol (5000 in chips) 
Seat 3: vandal1st (3899 in chips) 
Seat 4: Zafar81 (6320 in chips) 
Seat 5: bwfc76 (4209 in chips) 
Seat 6: China459 (9111 in chips) 
Seat 7: Nachito0507 (5924 in chips) 
Seat 8: Gabrielfs13 (4839 in chips) 
Odenscol: posts the ante 15
vandal1st: posts the ante 15
Zafar81: posts the ante 15
bwfc76: posts the ante 15
China459: posts the ante 15
Nachito0507: posts the ante 15
Gabrielfs13: posts the ante 15
Gabrielfs13: posts small blind 50
Odenscol: posts big blind 100
*** HOLE CARDS ***
Dealt to Gabrielfs13 [Qh 5s]
vandal1st: folds 
Zafar81: folds 
bwfc76: folds 
China459: folds 
Nachito0507: folds 
Gabrielfs13: raises 150 to 250
Odenscol: calls 150
*** FLOP *** [3h Qc 8d]
Gabrielfs13: bets 303
Odenscol: folds 
Uncalled bet (303) returned to Gabrielfs13
Gabrielfs13 collected 605 from pot
Gabrielfs13: doesn't show hand 
MpowerNiko is disconnected 
*** SUMMARY ***
Total pot 605 | Rake 0 
Board [3h Qc 8d]
Seat 1: Odenscol (big blind) folded on the Flop
Seat 3: vandal1st folded before Flop (didn't bet)
Seat 4: Zafar81 folded before Flop (didn't bet)
Seat 5: bwfc76 folded before Flop (didn't bet)
Seat 6: China459 folded before Flop (didn't bet)
Seat 7: Nachito0507 (button) folded before Flop (didn't bet)
Seat 8: Gabrielfs13 (small blind) collected (605)



PokerStars Hand #257225239833: Tournament #3914634194, $4.90+$4.90+$1.20 USD Hold'em No Limit - Level VII (60/120) - 2025/08/05 14:26:14 BRT [2025/08/05 13:26:14 ET]
Table '3914634194 178' 8-max Seat #8 is the button
Seat 1: Odenscol (4735 in chips) 
Seat 2: MpowerNiko (5000 in chips) 
Seat 3: vandal1st (3884 in chips) 
Seat 4: Zafar81 (6305 in chips) 
Seat 5: bwfc76 (4194 in chips) 
Seat 6: China459 (9096 in chips) 
Seat 7: Nachito0507 (5909 in chips) 
Seat 8: Gabrielfs13 (5179 in chips) 
Odenscol: posts the ante 18
MpowerNiko: posts the ante 18
vandal1st: posts the ante 18
Zafar81: posts the ante 18
bwfc76: posts the ante 18
China459: posts the ante 18
Nachito0507: posts the ante 18
Gabrielfs13: posts the ante 18
Odenscol: posts small blind 60
MpowerNiko: posts big blind 120
*** HOLE CARDS ***
Dealt to Gabrielfs13 [Ts 5c]
vandal1st: folds 
Zafar81: folds 
bwfc76: folds 
China459: folds 
Nachito0507: folds 
Gabrielfs13: folds 
Odenscol: folds 
Uncalled bet (60) returned to MpowerNiko
MpowerNiko collected 264 from pot
MpowerNiko: doesn't show hand 
*** SUMMARY ***
Total pot 264 | Rake 0 
Seat 1: Odenscol (small blind) folded before Flop
Seat 2: MpowerNiko (big blind) collected (264)
Seat 3: vandal1st folded before Flop (didn't bet)
Seat 4: Zafar81 folded before Flop (didn't bet)
Seat 5: bwfc76 folded before Flop (didn't bet)
Seat 6: China459 folded before Flop (didn't bet)
Seat 7: Nachito0507 folded before Flop (didn't bet)
Seat 8: Gabrielfs13 (button) folded before Flop (didn't bet)



PokerStars Hand #257225243099: Tournament #3914634194, $4.90+$4.90+$1.20 USD Hold'em No Limit - Level VII (60/120) - 2025/08/05 14:26:30 BRT [2025/08/05 13:26:30 ET]
Table '3914634194 178' 8-max Seat #1 is the button
Seat 1: Odenscol (4657 in chips) 
Seat 2: MpowerNiko (5186 in chips) 
Seat 3: vandal1st (3866 in chips) 
Seat 4: Zafar81 (6287 in chips) 
Seat 5: bwfc76 (4176 in chips) 
Seat 6: China459 (9078 in chips) 
Seat 7: Nachito0507 (5891 in chips) 
Seat 8: Gabrielfs13 (5161 in chips) 
Odenscol: posts the ante 18
MpowerNiko: posts the ante 18
vandal1st: posts the ante 18
Zafar81: posts the ante 18
bwfc76: posts the ante 18
China459: posts the ante 18
Nachito0507: posts the ante 18
Gabrielfs13: posts the ante 18
MpowerNiko: posts small blind 60
vandal1st: posts big blind 120
*** HOLE CARDS ***
Dealt to Gabrielfs13 [7s 3d]
Zafar81: folds 
bwfc76: folds 
China459: folds 
Nachito0507: folds 
Gabrielfs13: folds 
Odenscol: folds 
MpowerNiko: folds 
Uncalled bet (60) returned to vandal1st
vandal1st collected 264 from pot
vandal1st: doesn't show hand 
*** SUMMARY ***
Total pot 264 | Rake 0 
Seat 1: Odenscol (button) folded before Flop (didn't bet)
Seat 2: MpowerNiko (small blind) folded before Flop
Seat 3: vandal1st (big blind) collected (264)
Seat 4: Zafar81 folded before Flop (didn't bet)
Seat 5: bwfc76 folded before Flop (didn't bet)
Seat 6: China459 folded before Flop (didn't bet)
Seat 7: Nachito0507 folded before Flop (didn't bet)
Seat 8: Gabrielfs13 folded before Flop (didn't bet)



PokerStars Hand #257225251022: Tournament #3914634194, $4.90+$4.90+$1.20 USD Hold'em No Limit - Level VII (60/120) - 2025/08/05 14:27:09 BRT [2025/08/05 13:27:09 ET]
Table '3914634194 178' 8-max Seat #2 is the button
Seat 1: Odenscol (4639 in chips) 
Seat 2: MpowerNiko (5108 in chips) 
Seat 3: vandal1st (4052 in chips) 
Seat 4: Zafar81 (6269 in chips) 
Seat 5: bwfc76 (4158 in chips) 
Seat 6: China459 (9060 in chips) 
Seat 7: Nachito0507 (5873 in chips) 
Seat 8: Gabrielfs13 (5143 in chips) 
Odenscol: posts the ante 18
MpowerNiko: posts the ante 18
vandal1st: posts the ante 18
Zafar81: posts the ante 18
bwfc76: posts the ante 18
China459: posts the ante 18
Nachito0507: posts the ante 18
Gabrielfs13: posts the ante 18
vandal1st: posts small blind 60
Zafar81: posts big blind 120
*** HOLE CARDS ***
Dealt to Gabrielfs13 [4d 8h]
bwfc76: folds 
China459: folds 
Nachito0507: folds 
Gabrielfs13: folds 
Odenscol: folds 
MpowerNiko: folds 
vandal1st: raises 300 to 420
Zafar81: calls 300
*** FLOP *** [Kc Ks 9d]
vandal1st: bets 246
Zafar81: folds 
Uncalled bet (246) returned to vandal1st
vandal1st collected 984 from pot
vandal1st: doesn't show hand 
*** SUMMARY ***
Total pot 984 | Rake 0 
Board [Kc Ks 9d]
Seat 1: Odenscol folded before Flop (didn't bet)
Seat 2: MpowerNiko (button) folded before Flop (didn't bet)
Seat 3: vandal1st (small blind) collected (984)
Seat 4: Zafar81 (big blind) folded on the Flop
Seat 5: bwfc76 folded before Flop (didn't bet)
Seat 6: China459 folded before Flop (didn't bet)
Seat 7: Nachito0507 folded before Flop (didn't bet)
Seat 8: Gabrielfs13 folded before Flop (didn't bet)



PokerStars Hand #257225261530: Tournament #3914634194, $4.90+$4.90+$1.20 USD Hold'em No Limit - Level VII (60/120) - 2025/08/05 14:27:59 BRT [2025/08/05 13:27:59 ET]
Table '3914634194 178' 8-max Seat #3 is the button
Seat 1: Odenscol (4621 in chips) 
Seat 2: MpowerNiko (5090 in chips) 
Seat 3: vandal1st (4598 in chips) 
Seat 4: Zafar81 (5831 in chips) 
Seat 5: bwfc76 (4140 in chips) 
Seat 6: China459 (9042 in chips) 
Seat 7: Nachito0507 (5855 in chips) 
Seat 8: Gabrielfs13 (5125 in chips) 
Odenscol: posts the ante 18
MpowerNiko: posts the ante 18
vandal1st: posts the ante 18
Zafar81: posts the ante 18
bwfc76: posts the ante 18
China459: posts the ante 18
Nachito0507: posts the ante 18
Gabrielfs13: posts the ante 18
Zafar81: posts small blind 60
bwfc76: posts big blind 120
*** HOLE CARDS ***
Dealt to Gabrielfs13 [2s Tc]
China459: folds 
Nachito0507: raises 120 to 240
Gabrielfs13: folds 
Odenscol: folds 
MpowerNiko: folds 
vandal1st: folds 
Zafar81: calls 180
bwfc76: calls 120
*** FLOP *** [Kh 8s Qh]
Zafar81: checks 
bwfc76: checks 
Nachito0507: bets 285
Zafar81: folds 
bwfc76: folds 
Uncalled bet (285) returned to Nachito0507
Nachito0507 collected 864 from pot
Nachito0507: doesn't show hand 
*** SUMMARY ***
Total pot 864 | Rake 0 
Board [Kh 8s Qh]
Seat 1: Odenscol folded before Flop (didn't bet)
Seat 2: MpowerNiko folded before Flop (didn't bet)
Seat 3: vandal1st (button) folded before Flop (didn't bet)
Seat 4: Zafar81 (small blind) folded on the Flop
Seat 5: bwfc76 (big blind) folded on the Flop
Seat 6: China459 folded before Flop (didn't bet)
Seat 7: Nachito0507 collected (864)
Seat 8: Gabrielfs13 folded before Flop (didn't bet)



PokerStars Hand #257225273920: Tournament #3914634194, $4.90+$4.90+$1.20 USD Hold'em No Limit - Level VII (60/120) - 2025/08/05 14:29:00 BRT [2025/08/05 13:29:00 ET]
Table '3914634194 178' 8-max Seat #4 is the button
Seat 1: Odenscol (4603 in chips) 
Seat 2: MpowerNiko (5072 in chips) 
Seat 3: vandal1st (4580 in chips) 
Seat 4: Zafar81 (5573 in chips) 
Seat 5: bwfc76 (3882 in chips) 
Seat 6: China459 (9024 in chips) 
Seat 7: Nachito0507 (6461 in chips) 
Seat 8: Gabrielfs13 (5107 in chips) 
Odenscol: posts the ante 18
MpowerNiko: posts the ante 18
vandal1st: posts the ante 18
Zafar81: posts the ante 18
bwfc76: posts the ante 18
China459: posts the ante 18
Nachito0507: posts the ante 18
Gabrielfs13: posts the ante 18
bwfc76: posts small blind 60
China459: posts big blind 120
*** HOLE CARDS ***
Dealt to Gabrielfs13 [3s 8c]
Nachito0507: folds 
Gabrielfs13: folds 
Odenscol: folds 
MpowerNiko: folds 
vandal1st: folds 
Zafar81: raises 144 to 264
bwfc76: calls 204
China459: folds 
*** FLOP *** [4s 9d 8s]
bwfc76: checks 
Zafar81: bets 317
bwfc76: folds 
Uncalled bet (317) returned to Zafar81
Zafar81 collected 792 from pot
Zafar81: doesn't show hand 
*** SUMMARY ***
Total pot 792 | Rake 0 
Board [4s 9d 8s]
Seat 1: Odenscol folded before Flop (didn't bet)
Seat 2: MpowerNiko folded before Flop (didn't bet)
Seat 3: vandal1st folded before Flop (didn't bet)
Seat 4: Zafar81 (button) collected (792)
Seat 5: bwfc76 (small blind) folded on the Flop
Seat 6: China459 (big blind) folded before Flop
Seat 7: Nachito0507 folded before Flop (didn't bet)
Seat 8: Gabrielfs13 folded before Flop (didn't bet)



PokerStars Hand #257225282508: Tournament #3914634194, $4.90+$4.90+$1.20 USD Hold'em No Limit - Level VII (60/120) - 2025/08/05 14:29:42 BRT [2025/08/05 13:29:42 ET]
Table '3914634194 178' 8-max Seat #5 is the button
Seat 1: Odenscol (4585 in chips) 
Seat 2: MpowerNiko (5054 in chips) 
Seat 3: vandal1st (4562 in chips) 
Seat 4: Zafar81 (6083 in chips) 
Seat 5: bwfc76 (3600 in chips) 
Seat 6: China459 (8886 in chips) 
Seat 7: Nachito0507 (6443 in chips) 
Seat 8: Gabrielfs13 (5089 in chips) 
Odenscol: posts the ante 18
MpowerNiko: posts the ante 18
vandal1st: posts the ante 18
Zafar81: posts the ante 18
bwfc76: posts the ante 18
China459: posts the ante 18
Nachito0507: posts the ante 18
Gabrielfs13: posts the ante 18
China459: posts small blind 60
Nachito0507: posts big blind 120
*** HOLE CARDS ***
Dealt to Gabrielfs13 [5d 4c]
Gabrielfs13: folds 
Odenscol: raises 120 to 240
MpowerNiko: folds 
vandal1st: folds 
Zafar81: calls 240
bwfc76: calls 240
China459: folds 
Nachito0507: calls 120
*** FLOP *** [7c Kc 8c]
Nachito0507: checks 
Odenscol: bets 684
Zafar81: folds 
bwfc76: folds 
Nachito0507: raises 996 to 1680
Odenscol: calls 996
*** TURN *** [7c Kc 8c] [5s]
Nachito0507: bets 4505 and is all-in
Odenscol: calls 2647 and is all-in
Uncalled bet (1858) returned to Nachito0507
*** RIVER *** [7c Kc 8c 5s] [6c]
*** SHOW DOWN ***
Nachito0507: shows [8s 7d] (two pair, Eights and Sevens)
Odenscol: shows [3c Ac] (a flush, Ace high)
Odenscol collected 9818 from pot
*** SUMMARY ***
Total pot 9818 | Rake 0 
Board [7c Kc 8c 5s 6c]
Seat 1: Odenscol showed [3c Ac] and won (9818) with a flush, Ace high
Seat 2: MpowerNiko folded before Flop (didn't bet)
Seat 3: vandal1st folded before Flop (didn't bet)
Seat 4: Zafar81 folded on the Flop
Seat 5: bwfc76 (button) folded on the Flop
Seat 6: China459 (small blind) folded before Flop
Seat 7: Nachito0507 (big blind) showed [8s 7d] and lost with two pair, Eights and Sevens
Seat 8: Gabrielfs13 folded before Flop (didn't bet)



PokerStars Hand #257225298740: Tournament #3914634194, $4.90+$4.90+$1.20 USD Hold'em No Limit - Level VII (60/120) - 2025/08/05 14:30:59 BRT [2025/08/05 13:30:59 ET]
Table '3914634194 178' 8-max Seat #6 is the button
Seat 1: Odenscol (9818 in chips) 
Seat 2: MpowerNiko (5036 in chips) 
Seat 3: vandal1st (4544 in chips) 
Seat 4: Zafar81 (5825 in chips) 
Seat 5: bwfc76 (3342 in chips) 
Seat 6: China459 (8808 in chips) 
Seat 7: Nachito0507 (1858 in chips) 
Seat 8: Gabrielfs13 (5071 in chips) 
Odenscol: posts the ante 18
MpowerNiko: posts the ante 18
vandal1st: posts the ante 18
Zafar81: posts the ante 18
bwfc76: posts the ante 18
China459: posts the ante 18
Nachito0507: posts the ante 18
Gabrielfs13: posts the ante 18
Nachito0507: posts small blind 60
Gabrielfs13: posts big blind 120
*** HOLE CARDS ***
Dealt to Gabrielfs13 [Ac Qc]
Odenscol: folds 
MpowerNiko: folds 
vandal1st: folds 
Zafar81: raises 120 to 240
bwfc76: folds 
China459: folds 
Nachito0507: folds 
Gabrielfs13: raises 4813 to 5053 and is all-in
Zafar81: calls 4813
*** FLOP *** [Ad Qd Jc]
*** TURN *** [Ad Qd Jc] [Jh]
*** RIVER *** [Ad Qd Jc Jh] [7c]
*** SHOW DOWN ***
Gabrielfs13: shows [Ac Qc] (two pair, Aces and Queens)
Zafar81: shows [6s 5s] (a pair of Jacks)
Gabrielfs13 collected 10310 from pot
*** SUMMARY ***
Total pot 10310 | Rake 0 
Board [Ad Qd Jc Jh 7c]
Seat 1: Odenscol folded before Flop (didn't bet)
Seat 2: MpowerNiko folded before Flop (didn't bet)
Seat 3: vandal1st folded before Flop (didn't bet)
Seat 4: Zafar81 showed [6s 5s] and lost with a pair of Jacks
Seat 5: bwfc76 folded before Flop (didn't bet)
Seat 6: China459 (button) folded before Flop (didn't bet)
Seat 7: Nachito0507 (small blind) folded before Flop
Seat 8: Gabrielfs13 (big blind) showed [Ac Qc] and won (10310) with two pair, Aces and Queens



PokerStars Hand #257225305062: Tournament #3914634194, $4.90+$4.90+$1.20 USD Hold'em No Limit - Level VII (60/120) - 2025/08/05 14:31:28 BRT [2025/08/05 13:31:28 ET]
Table '3914634194 178' 8-max Seat #7 is the button
Seat 1: Odenscol (9800 in chips) 
Seat 2: MpowerNiko (5018 in chips) 
Seat 3: vandal1st (4526 in chips) 
Seat 4: Zafar81 (754 in chips) 
Seat 5: bwfc76 (3324 in chips) 
Seat 6: China459 (8790 in chips) 
Seat 7: Nachito0507 (1780 in chips) 
Seat 8: Gabrielfs13 (10310 in chips) 
Odenscol: posts the ante 18
MpowerNiko: posts the ante 18
vandal1st: posts the ante 18
Zafar81: posts the ante 18
bwfc76: posts the ante 18
China459: posts the ante 18
Nachito0507: posts the ante 18
Gabrielfs13: posts the ante 18
Gabrielfs13: posts small blind 60
Odenscol: posts big blind 120
*** HOLE CARDS ***
Dealt to Gabrielfs13 [9s Qd]
MpowerNiko: folds 
vandal1st: folds 
Zafar81: raises 616 to 736 and is all-in
bwfc76: folds 
China459: folds 
Nachito0507: folds 
Gabrielfs13: folds 
Odenscol: calls 616
*** FLOP *** [3h 9c Ac]
*** TURN *** [3h 9c Ac] [Kc]
*** RIVER *** [3h 9c Ac Kc] [5d]
*** SHOW DOWN ***
Odenscol: shows [Kd 6d] (a pair of Kings)
Zafar81: shows [6s Jc] (high card Ace)
Odenscol collected 1676 from pot
Zafar81 finished the tournament
*** SUMMARY ***
Total pot 1676 | Rake 0 
Board [3h 9c Ac Kc 5d]
Seat 1: Odenscol (big blind) showed [Kd 6d] and won (1676) with a pair of Kings
Seat 2: MpowerNiko folded before Flop (didn't bet)
Seat 3: vandal1st folded before Flop (didn't bet)
Seat 4: Zafar81 showed [6s Jc] and lost with high card Ace
Seat 5: bwfc76 folded before Flop (didn't bet)
Seat 6: China459 folded before Flop (didn't bet)
Seat 7: Nachito0507 (button) folded before Flop (didn't bet)
Seat 8: Gabrielfs13 (small blind) folded before Flop



PokerStars Hand #257225313441: Tournament #3914634194, $4.90+$4.90+$1.20 USD Hold'em No Limit - Level VII (60/120) - 2025/08/05 14:32:08 BRT [2025/08/05 13:32:08 ET]
Table '3914634194 178' 8-max Seat #8 is the button
Seat 1: Odenscol (10722 in chips) 
Seat 2: MpowerNiko (5000 in chips) 
Seat 3: vandal1st (4508 in chips) 
Seat 5: bwfc76 (3306 in chips) 
Seat 6: China459 (8772 in chips) 
Seat 7: Nachito0507 (1762 in chips) 
Seat 8: Gabrielfs13 (10232 in chips) 
Odenscol: posts the ante 18
MpowerNiko: posts the ante 18
vandal1st: posts the ante 18
bwfc76: posts the ante 18
China459: posts the ante 18
Nachito0507: posts the ante 18
Gabrielfs13: posts the ante 18
Odenscol: posts small blind 60
MpowerNiko: posts big blind 120
*** HOLE CARDS ***
Dealt to Gabrielfs13 [Tc Jh]
vandal1st: folds 
bwfc76: calls 120
CoconutzAlex0 is disconnected 
China459: folds 
Nachito0507: folds 
Gabrielfs13: raises 300 to 420
Odenscol: folds 
MpowerNiko: folds 
bwfc76: raises 2868 to 3288 and is all-in
Gabrielfs13: folds 
Uncalled bet (2868) returned to bwfc76
bwfc76 collected 1146 from pot
bwfc76: doesn't show hand 
*** SUMMARY ***
Total pot 1146 | Rake 0 
Seat 1: Odenscol (small blind) folded before Flop
Seat 2: MpowerNiko (big blind) folded before Flop
Seat 3: vandal1st folded before Flop (didn't bet)
Seat 5: bwfc76 collected (1146)
Seat 6: China459 folded before Flop (didn't bet)
Seat 7: Nachito0507 folded before Flop (didn't bet)
Seat 8: Gabrielfs13 (button) folded before Flop



PokerStars Hand #257225323333: Tournament #3914634194, $4.90+$4.90+$1.20 USD Hold'em No Limit - Level VII (60/120) - 2025/08/05 14:32:55 BRT [2025/08/05 13:32:55 ET]
Table '3914634194 178' 8-max Seat #1 is the button
Seat 1: Odenscol (10644 in chips) 
Seat 2: MpowerNiko (4862 in chips) 
Seat 3: vandal1st (4490 in chips) 
Seat 4: CoconutzAlex0 (5000 in chips) 
Seat 5: bwfc76 (4014 in chips) 
Seat 6: China459 (8754 in chips) 
Seat 7: Nachito0507 (1744 in chips) 
Seat 8: Gabrielfs13 (9794 in chips) 
Odenscol: posts the ante 18
MpowerNiko: posts the ante 18
vandal1st: posts the ante 18
CoconutzAlex0: posts the ante 18
bwfc76: posts the ante 18
China459: posts the ante 18
Nachito0507: posts the ante 18
Gabrielfs13: posts the ante 18
MpowerNiko: posts small blind 60
vandal1st: posts big blind 120
*** HOLE CARDS ***
Dealt to Gabrielfs13 [2s Jh]
CoconutzAlex0: folds 
bwfc76: folds 
China459: folds 
Nachito0507: raises 1606 to 1726 and is all-in
Gabrielfs13: folds 
Odenscol: calls 1726
MpowerNiko: folds 
vandal1st: folds 
*** FLOP *** [As 8d 8h]
*** TURN *** [As 8d 8h] [Qc]
*** RIVER *** [As 8d 8h Qc] [Th]
*** SHOW DOWN ***
Nachito0507: shows [6d 6h] (two pair, Eights and Sixes)
Odenscol: shows [Ah 4h] (two pair, Aces and Eights)
Odenscol collected 3776 from pot
Nachito0507 finished the tournament
*** SUMMARY ***
Total pot 3776 | Rake 0 
Board [As 8d 8h Qc Th]
Seat 1: Odenscol (button) showed [Ah 4h] and won (3776) with two pair, Aces and Eights
Seat 2: MpowerNiko (small blind) folded before Flop
Seat 3: vandal1st (big blind) folded before Flop
Seat 4: CoconutzAlex0 folded before Flop (didn't bet)
Seat 5: bwfc76 folded before Flop (didn't bet)
Seat 6: China459 folded before Flop (didn't bet)
Seat 7: Nachito0507 showed [6d 6h] and lost with two pair, Eights and Sixes
Seat 8: Gabrielfs13 folded before Flop (didn't bet)



PokerStars Hand #257225330974: Tournament #3914634194, $4.90+$4.90+$1.20 USD Hold'em No Limit - Level VII (60/120) - 2025/08/05 14:33:31 BRT [2025/08/05 13:33:31 ET]
Table '3914634194 178' 8-max Seat #2 is the button
Seat 1: Odenscol (12676 in chips) 
Seat 2: MpowerNiko (4784 in chips) 
Seat 3: vandal1st (4352 in chips) 
Seat 4: CoconutzAlex0 (4982 in chips) 
Seat 5: bwfc76 (3996 in chips) 
Seat 6: China459 (8736 in chips) 
Seat 8: Gabrielfs13 (9776 in chips) 
Odenscol: posts the ante 18
MpowerNiko: posts the ante 18
vandal1st: posts the ante 18
CoconutzAlex0: posts the ante 18
bwfc76: posts the ante 18
China459: posts the ante 18
Gabrielfs13: posts the ante 18
vandal1st: posts small blind 60
CoconutzAlex0: posts big blind 120
*** HOLE CARDS ***
Dealt to Gabrielfs13 [Jd 3d]
bwfc76: raises 120 to 240
China459: folds 
Gabrielfs13: folds 
Odenscol: folds 
MpowerNiko: folds 
vandal1st: folds 
CoconutzAlex0: folds 
Uncalled bet (120) returned to bwfc76
bwfc76 collected 426 from pot
bwfc76: doesn't show hand 
*** SUMMARY ***
Total pot 426 | Rake 0 
Seat 1: Odenscol folded before Flop (didn't bet)
Seat 2: MpowerNiko (button) folded before Flop (didn't bet)
Seat 3: vandal1st (small blind) folded before Flop
Seat 4: CoconutzAlex0 (big blind) folded before Flop
Seat 5: bwfc76 collected (426)
Seat 6: China459 folded before Flop (didn't bet)
Seat 8: Gabrielfs13 folded before Flop (didn't bet)



PokerStars Hand #257225337184: Tournament #3914634194, $4.90+$4.90+$1.20 USD Hold'em No Limit - Level VII (60/120) - 2025/08/05 14:34:01 BRT [2025/08/05 13:34:01 ET]
Table '3914634194 178' 8-max Seat #3 is the button
Seat 1: Odenscol (12658 in chips) 
Seat 2: MpowerNiko (4766 in chips) 
Seat 3: vandal1st (4274 in chips) 
Seat 4: CoconutzAlex0 (4844 in chips) 
Seat 5: bwfc76 (4284 in chips) 
Seat 6: China459 (8718 in chips) 
Seat 8: Gabrielfs13 (9758 in chips) 
Odenscol: posts the ante 18
MpowerNiko: posts the ante 18
vandal1st: posts the ante 18
CoconutzAlex0: posts the ante 18
bwfc76: posts the ante 18
China459: posts the ante 18
Gabrielfs13: posts the ante 18
CoconutzAlex0: posts small blind 60
bwfc76: posts big blind 120
*** HOLE CARDS ***
Dealt to Gabrielfs13 [Qs Ac]
China459: folds 
Gabrielfs13: raises 120 to 240
Odenscol: folds 
MpowerNiko: folds 
vandal1st: folds 
CoconutzAlex0: raises 4586 to 4826 and is all-in
bwfc76: folds 
Gabrielfs13: calls 4586
*** FLOP *** [8c Qc 3d]
*** TURN *** [8c Qc 3d] [9c]
*** RIVER *** [8c Qc 3d 9c] [Jh]
*** SHOW DOWN ***
CoconutzAlex0: shows [Kd Ks] (a pair of Kings)
Gabrielfs13: shows [Qs Ac] (a pair of Queens)
CoconutzAlex0 collected 9898 from pot
*** SUMMARY ***
Total pot 9898 | Rake 0 
Board [8c Qc 3d 9c Jh]
Seat 1: Odenscol folded before Flop (didn't bet)
Seat 2: MpowerNiko folded before Flop (didn't bet)
Seat 3: vandal1st (button) folded before Flop (didn't bet)
Seat 4: CoconutzAlex0 (small blind) showed [Kd Ks] and won (9898) with a pair of Kings
Seat 5: bwfc76 (big blind) folded before Flop
Seat 6: China459 folded before Flop (didn't bet)
Seat 8: Gabrielfs13 showed [Qs Ac] and lost with a pair of Queens



PokerStars Hand #257225346220: Tournament #3914634194, $4.90+$4.90+$1.20 USD Hold'em No Limit - Level VIII (70/140) - 2025/08/05 14:34:44 BRT [2025/08/05 13:34:44 ET]
Table '3914634194 178' 8-max Seat #4 is the button
Seat 1: Odenscol (12640 in chips) 
Seat 2: MpowerNiko (4748 in chips) 
Seat 3: vandal1st (4256 in chips) 
Seat 4: CoconutzAlex0 (9898 in chips) 
Seat 5: bwfc76 (4146 in chips) 
Seat 6: China459 (8700 in chips) 
Seat 7: Snr.Oliveira (5000 in chips) 
Seat 8: Gabrielfs13 (4914 in chips) 
Odenscol: posts the ante 21
MpowerNiko: posts the ante 21
vandal1st: posts the ante 21
CoconutzAlex0: posts the ante 21
bwfc76: posts the ante 21
China459: posts the ante 21
Snr.Oliveira: posts the ante 21
Gabrielfs13: posts the ante 21
bwfc76: posts small blind 70
China459: posts big blind 140
*** HOLE CARDS ***
Dealt to Gabrielfs13 [8s 4d]
Snr.Oliveira: folds 
Gabrielfs13: folds 
Odenscol: raises 176 to 316
MpowerNiko: folds 
vandal1st: folds 
CoconutzAlex0: folds 
bwfc76: folds 
China459: folds 
Uncalled bet (176) returned to Odenscol
Odenscol collected 518 from pot
*** SUMMARY ***
Total pot 518 | Rake 0 
Seat 1: Odenscol collected (518)
Seat 2: MpowerNiko folded before Flop (didn't bet)
Seat 3: vandal1st folded before Flop (didn't bet)
Seat 4: CoconutzAlex0 (button) folded before Flop (didn't bet)
Seat 5: bwfc76 (small blind) folded before Flop
Seat 6: China459 (big blind) folded before Flop
Seat 7: Snr.Oliveira folded before Flop (didn't bet)
Seat 8: Gabrielfs13 folded before Flop (didn't bet)



PokerStars Hand #257225355080: Tournament #3914634194, $4.90+$4.90+$1.20 USD Hold'em No Limit - Level VIII (70/140) - 2025/08/05 14:35:26 BRT [2025/08/05 13:35:26 ET]
Table '3914634194 178' 8-max Seat #5 is the button
Seat 1: Odenscol (12997 in chips) 
Seat 2: MpowerNiko (4727 in chips) 
Seat 3: vandal1st (4235 in chips) 
Seat 4: CoconutzAlex0 (9877 in chips) 
Seat 5: bwfc76 (4055 in chips) 
Seat 6: China459 (8539 in chips) 
Seat 7: Snr.Oliveira (4979 in chips) 
Seat 8: Gabrielfs13 (4893 in chips) 
Odenscol: posts the ante 21
MpowerNiko: posts the ante 21
vandal1st: posts the ante 21
CoconutzAlex0: posts the ante 21
bwfc76: posts the ante 21
China459: posts the ante 21
Snr.Oliveira: posts the ante 21
Gabrielfs13: posts the ante 21
China459: posts small blind 70
Snr.Oliveira: posts big blind 140
*** HOLE CARDS ***
Dealt to Gabrielfs13 [8c 7c]
Gabrielfs13: raises 140 to 280
Odenscol: raises 798 to 1078
MpowerNiko: folds 
vandal1st: folds 
CoconutzAlex0: folds 
bwfc76: folds 
China459: folds 
Snr.Oliveira: folds 
Gabrielfs13: raises 3794 to 4872 and is all-in
Odenscol: calls 3794
*** FLOP *** [5c Td As]
*** TURN *** [5c Td As] [9c]
*** RIVER *** [5c Td As 9c] [Ts]
*** SHOW DOWN ***
Gabrielfs13: shows [8c 7c] (a pair of Tens)
Odenscol: shows [Ac Qd] (two pair, Aces and Tens)
Odenscol collected 10122 from pot
Gabrielfs13 finished the tournament
*** SUMMARY ***
Total pot 10122 | Rake 0 
Board [5c Td As 9c Ts]
Seat 1: Odenscol showed [Ac Qd] and won (10122) with two pair, Aces and Tens
Seat 2: MpowerNiko folded before Flop (didn't bet)
Seat 3: vandal1st folded before Flop (didn't bet)
Seat 4: CoconutzAlex0 folded before Flop (didn't bet)
Seat 5: bwfc76 (button) folded before Flop (didn't bet)
Seat 6: China459 (small blind) folded before Flop
Seat 7: Snr.Oliveira (big blind) folded before Flop
Seat 8: Gabrielfs13 showed [8c 7c] and lost with a pair of Tens



