PokerStars Hand #257171386533: Tournament #3914012628, $4.80+$5.00+$1.20 USD Hold'em No Limit - Level IV (40/80) - 2025/08/01 13:02:06 BRT [2025/08/01 12:02:06 ET]
Table '3914012628 28' 8-max Seat #8 is the button
Seat 1: pingoin29 (6130 in chips, $5 bounty) 
Seat 2: Gabrielfs13 (5000 in chips, $5 bounty) 
Seat 3: proffnot (4414 in chips, $5 bounty) 
Seat 4: Rammler2017 (12626 in chips, $7.50 bounty) 
Seat 5: Tyrxc (5055 in chips, $5 bounty) 
Seat 6: Beto Macedo CCH (3865 in chips, $5 bounty) 
Seat 7: Vergilii1951 (13612 in chips, $10 bounty) 
Seat 8: EullerSantos (4359 in chips, $5 bounty) 
pingoin29: posts the ante 12
Gabrielfs13: posts the ante 12
proffnot: posts the ante 12
Rammler2017: posts the ante 12
Tyrxc: posts the ante 12
Beto Macedo CCH: posts the ante 12
Vergilii1951: posts the ante 12
EullerSantos: posts the ante 12
pingoin29: posts small blind 40
Gabrielfs13: posts big blind 80
*** HOLE CARDS ***
Dealt to Gabrielfs13 [2h 3c]
proffnot: folds 
Rammler2017: folds 
Tyrxc: folds 
Beto Macedo CCH: folds 
Vergilii1951: folds 
EullerSantos: raises 80 to 160
pingoin29: calls 120
Gabrielfs13: folds 
*** FLOP *** [Tc Ks Qc]
pingoin29: checks 
EullerSantos: bets 164
pingoin29: calls 164
*** TURN *** [Tc Ks Qc] [Ah]
pingoin29: checks 
EullerSantos: checks 
*** RIVER *** [Tc Ks Qc Ah] [Jc]
pingoin29: bets 80
EullerSantos: calls 80
*** SHOW DOWN ***
pingoin29: shows [7c Ad] (a straight, Ten to Ace)
EullerSantos: shows [Kd 5s] (a straight, Ten to Ace)
pingoin29 collected 492 from pot
EullerSantos collected 492 from pot
*** SUMMARY ***
Total pot 984 | Rake 0 
Board [Tc Ks Qc Ah Jc]
Seat 1: pingoin29 (small blind) showed [7c Ad] and won (492) with a straight, Ten to Ace
Seat 2: Gabrielfs13 (big blind) folded before Flop
Seat 3: proffnot folded before Flop (didn't bet)
Seat 4: Rammler2017 folded before Flop (didn't bet)
Seat 5: Tyrxc folded before Flop (didn't bet)
Seat 6: Beto Macedo CCH folded before Flop (didn't bet)
Seat 7: Vergilii1951 folded before Flop (didn't bet)
Seat 8: EullerSantos (button) showed [Kd 5s] and won (492) with a straight, Ten to Ace



PokerStars Hand #257171395998: Tournament #3914012628, $4.80+$5.00+$1.20 USD Hold'em No Limit - Level IV (40/80) - 2025/08/01 13:03:01 BRT [2025/08/01 12:03:01 ET]
Table '3914012628 28' 8-max Seat #1 is the button
Seat 1: pingoin29 (6206 in chips, $5 bounty) 
Seat 2: Gabrielfs13 (4908 in chips, $5 bounty) 
Seat 3: proffnot (4402 in chips, $5 bounty) 
Seat 4: Rammler2017 (12614 in chips, $7.50 bounty) 
Seat 5: Tyrxc (5043 in chips, $5 bounty) 
Seat 6: Beto Macedo CCH (3853 in chips, $5 bounty) 
Seat 7: Vergilii1951 (13600 in chips, $10 bounty) 
Seat 8: EullerSantos (4435 in chips, $5 bounty) 
pingoin29: posts the ante 12
Gabrielfs13: posts the ante 12
proffnot: posts the ante 12
Rammler2017: posts the ante 12
Tyrxc: posts the ante 12
Beto Macedo CCH: posts the ante 12
Vergilii1951: posts the ante 12
EullerSantos: posts the ante 12
Gabrielfs13: posts small blind 40
proffnot: posts big blind 80
*** HOLE CARDS ***
Dealt to Gabrielfs13 [6c 8s]
Rammler2017: calls 80
Tyrxc: folds 
Beto Macedo CCH: folds 
Vergilii1951: raises 80 to 160
EullerSantos: folds 
pingoin29: folds 
Gabrielfs13: folds 
proffnot: folds 
Rammler2017: calls 80
*** FLOP *** [5h Kd 6h]
Rammler2017: checks 
Vergilii1951 is disconnected 
Vergilii1951 is connected 
Vergilii1951 is disconnected 
Vergilii1951 is connected 
Vergilii1951: checks 
*** TURN *** [5h Kd 6h] [9c]
Rammler2017: bets 616
Vergilii1951: calls 616
*** RIVER *** [5h Kd 6h 9c] [5s]
Rammler2017: bets 1768
Vergilii1951: calls 1768
*** SHOW DOWN ***
Rammler2017: shows [Ah 8d] (a pair of Fives)
Vergilii1951: shows [9d Js] (two pair, Nines and Fives)
Vergilii1951 collected 5304 from pot
*** SUMMARY ***
Total pot 5304 | Rake 0 
Board [5h Kd 6h 9c 5s]
Seat 1: pingoin29 (button) folded before Flop (didn't bet)
Seat 2: Gabrielfs13 (small blind) folded before Flop
Seat 3: proffnot (big blind) folded before Flop
Seat 4: Rammler2017 showed [Ah 8d] and lost with a pair of Fives
Seat 5: Tyrxc folded before Flop (didn't bet)
Seat 6: Beto Macedo CCH folded before Flop (didn't bet)
Seat 7: Vergilii1951 showed [9d Js] and won (5304) with two pair, Nines and Fives
Seat 8: EullerSantos folded before Flop (didn't bet)



PokerStars Hand #257171412621: Tournament #3914012628, $4.80+$5.00+$1.20 USD Hold'em No Limit - Level IV (40/80) - 2025/08/01 13:04:36 BRT [2025/08/01 12:04:36 ET]
Table '3914012628 28' 8-max Seat #2 is the button
Seat 1: pingoin29 (6194 in chips, $5 bounty) 
Seat 2: Gabrielfs13 (4856 in chips, $5 bounty) 
Seat 3: proffnot (4310 in chips, $5 bounty) 
Seat 4: Rammler2017 (10058 in chips, $7.50 bounty) 
Seat 5: Tyrxc (5031 in chips, $5 bounty) 
Seat 6: Beto Macedo CCH (3841 in chips, $5 bounty) 
Seat 7: Vergilii1951 (16348 in chips, $10 bounty) 
Seat 8: EullerSantos (4423 in chips, $5 bounty) 
pingoin29: posts the ante 12
Gabrielfs13: posts the ante 12
proffnot: posts the ante 12
Rammler2017: posts the ante 12
Tyrxc: posts the ante 12
Beto Macedo CCH: posts the ante 12
Vergilii1951: posts the ante 12
EullerSantos: posts the ante 12
proffnot: posts small blind 40
Rammler2017: posts big blind 80
*** HOLE CARDS ***
Dealt to Gabrielfs13 [Kh Ts]
Tyrxc: folds 
Beto Macedo CCH: raises 80 to 160
Vergilii1951: folds 
EullerSantos: folds 
Vergilii1951 is disconnected 
pingoin29: calls 160
Gabrielfs13: folds 
proffnot: folds 
Rammler2017: calls 80
*** FLOP *** [As Ah Th]
Rammler2017: checks 
Beto Macedo CCH: checks 
pingoin29: bets 308
Rammler2017: folds 
Vergilii1951 is disconnected 
Beto Macedo CCH: folds 
Uncalled bet (308) returned to pingoin29
pingoin29 collected 616 from pot
pingoin29: doesn't show hand 
*** SUMMARY ***
Total pot 616 | Rake 0 
Board [As Ah Th]
Seat 1: pingoin29 collected (616)
Seat 2: Gabrielfs13 (button) folded before Flop (didn't bet)
Seat 3: proffnot (small blind) folded before Flop
Seat 4: Rammler2017 (big blind) folded on the Flop
Seat 5: Tyrxc folded before Flop (didn't bet)
Seat 6: Beto Macedo CCH folded on the Flop
Seat 7: Vergilii1951 folded before Flop (didn't bet)
Seat 8: EullerSantos folded before Flop (didn't bet)



PokerStars Hand #257171419804: Tournament #3914012628, $4.80+$5.00+$1.20 USD Hold'em No Limit - Level IV (40/80) - 2025/08/01 13:05:17 BRT [2025/08/01 12:05:17 ET]
Table '3914012628 28' 8-max Seat #3 is the button
Seat 1: pingoin29 (6638 in chips, $5 bounty) 
Seat 2: Gabrielfs13 (4844 in chips, $5 bounty) 
Seat 3: proffnot (4258 in chips, $5 bounty) 
Seat 4: Rammler2017 (9886 in chips, $7.50 bounty) 
Seat 5: Tyrxc (5019 in chips, $5 bounty) 
Seat 6: Beto Macedo CCH (3669 in chips, $5 bounty) 
Seat 7: Vergilii1951 (16336 in chips, $10 bounty) 
Seat 8: EullerSantos (4411 in chips, $5 bounty) 
pingoin29: posts the ante 12
Gabrielfs13: posts the ante 12
proffnot: posts the ante 12
Rammler2017: posts the ante 12
Tyrxc: posts the ante 12
Beto Macedo CCH: posts the ante 12
Vergilii1951: posts the ante 12
EullerSantos: posts the ante 12
Rammler2017: posts small blind 40
Tyrxc: posts big blind 80
*** HOLE CARDS ***
Dealt to Gabrielfs13 [8h 6s]
Beto Macedo CCH: folds 
Vergilii1951: folds 
EullerSantos: raises 80 to 160
pingoin29: folds 
Gabrielfs13: folds 
proffnot: calls 160
Rammler2017: folds 
Tyrxc: folds 
*** FLOP *** [Kc 4d Jh]
EullerSantos: bets 177
proffnot: calls 177
*** TURN *** [Kc 4d Jh] [5s]
EullerSantos: checks 
proffnot: checks 
*** RIVER *** [Kc 4d Jh 5s] [Td]
EullerSantos: checks 
proffnot: checks 
*** SHOW DOWN ***
EullerSantos: shows [Ad 9h] (high card Ace)
proffnot: shows [As 4s] (a pair of Fours)
proffnot collected 890 from pot
*** SUMMARY ***
Total pot 890 | Rake 0 
Board [Kc 4d Jh 5s Td]
Seat 1: pingoin29 folded before Flop (didn't bet)
Seat 2: Gabrielfs13 folded before Flop (didn't bet)
Seat 3: proffnot (button) showed [As 4s] and won (890) with a pair of Fours
Seat 4: Rammler2017 (small blind) folded before Flop
Seat 5: Tyrxc (big blind) folded before Flop
Seat 6: Beto Macedo CCH folded before Flop (didn't bet)
Seat 7: Vergilii1951 folded before Flop (didn't bet)
Seat 8: EullerSantos showed [Ad 9h] and lost with high card Ace



PokerStars Hand #257171435639: Tournament #3914012628, $4.80+$5.00+$1.20 USD Hold'em No Limit - Level IV (40/80) - 2025/08/01 13:06:47 BRT [2025/08/01 12:06:47 ET]
Table '3914012628 28' 8-max Seat #4 is the button
Seat 1: pingoin29 (6626 in chips, $5 bounty) 
Seat 2: Gabrielfs13 (4832 in chips, $5 bounty) 
Seat 3: proffnot (4799 in chips, $5 bounty) 
Seat 4: Rammler2017 (9834 in chips, $7.50 bounty) 
Seat 5: Tyrxc (4927 in chips, $5 bounty) 
Seat 6: Beto Macedo CCH (3657 in chips, $5 bounty) 
Seat 7: Vergilii1951 (16324 in chips, $10 bounty) 
Seat 8: EullerSantos (4062 in chips, $5 bounty) 
pingoin29: posts the ante 12
Gabrielfs13: posts the ante 12
proffnot: posts the ante 12
Rammler2017: posts the ante 12
Tyrxc: posts the ante 12
Beto Macedo CCH: posts the ante 12
Vergilii1951: posts the ante 12
EullerSantos: posts the ante 12
Tyrxc: posts small blind 40
Beto Macedo CCH: posts big blind 80
*** HOLE CARDS ***
Dealt to Gabrielfs13 [Ks 5h]
Vergilii1951: raises 80 to 160
EullerSantos: folds 
pingoin29: calls 160
Gabrielfs13: folds 
proffnot: folds 
Rammler2017: calls 160
Tyrxc: folds 
Beto Macedo CCH: calls 80
*** FLOP *** [Js 9h Qs]
Beto Macedo CCH: checks 
Vergilii1951: checks 
pingoin29: checks 
Rammler2017: checks 
*** TURN *** [Js 9h Qs] [Jh]
Beto Macedo CCH: checks 
Vergilii1951: checks 
pingoin29: checks 
Rammler2017: bets 856
Beto Macedo CCH: folds 
Vergilii1951: folds 
pingoin29: folds 
Uncalled bet (856) returned to Rammler2017
Rammler2017 collected 776 from pot
*** SUMMARY ***
Total pot 776 | Rake 0 
Board [Js 9h Qs Jh]
Seat 1: pingoin29 folded on the Turn
Seat 2: Gabrielfs13 folded before Flop (didn't bet)
Seat 3: proffnot folded before Flop (didn't bet)
Seat 4: Rammler2017 (button) collected (776)
Seat 5: Tyrxc (small blind) folded before Flop
Seat 6: Beto Macedo CCH (big blind) folded on the Turn
Seat 7: Vergilii1951 folded on the Turn
Seat 8: EullerSantos folded before Flop (didn't bet)



PokerStars Hand #257171447056: Tournament #3914012628, $4.80+$5.00+$1.20 USD Hold'em No Limit - Level IV (40/80) - 2025/08/01 13:07:53 BRT [2025/08/01 12:07:53 ET]
Table '3914012628 28' 8-max Seat #5 is the button
Seat 1: pingoin29 (6454 in chips, $5 bounty) 
Seat 2: Gabrielfs13 (4820 in chips, $5 bounty) 
Seat 3: proffnot (4787 in chips, $5 bounty) 
Seat 4: Rammler2017 (10438 in chips, $7.50 bounty) 
Seat 5: Tyrxc (4875 in chips, $5 bounty) 
Seat 6: Beto Macedo CCH (3485 in chips, $5 bounty) 
Seat 7: Vergilii1951 (16152 in chips, $10 bounty) 
Seat 8: EullerSantos (4050 in chips, $5 bounty) 
pingoin29: posts the ante 12
Gabrielfs13: posts the ante 12
proffnot: posts the ante 12
Rammler2017: posts the ante 12
Tyrxc: posts the ante 12
Beto Macedo CCH: posts the ante 12
Vergilii1951: posts the ante 12
EullerSantos: posts the ante 12
Beto Macedo CCH: posts small blind 40
Vergilii1951: posts big blind 80
*** HOLE CARDS ***
Dealt to Gabrielfs13 [6s 7d]
EullerSantos: raises 80 to 160
pingoin29: folds 
Gabrielfs13: folds 
proffnot: folds 
Rammler2017: folds 
Tyrxc: calls 160
Beto Macedo CCH: raises 640 to 800
Vergilii1951: folds 
EullerSantos: raises 3238 to 4038 and is all-in
Tyrxc: folds 
Beto Macedo CCH: folds 
Uncalled bet (3238) returned to EullerSantos
EullerSantos collected 1936 from pot
*** SUMMARY ***
Total pot 1936 | Rake 0 
Seat 1: pingoin29 folded before Flop (didn't bet)
Seat 2: Gabrielfs13 folded before Flop (didn't bet)
Seat 3: proffnot folded before Flop (didn't bet)
Seat 4: Rammler2017 folded before Flop (didn't bet)
Seat 5: Tyrxc (button) folded before Flop
Seat 6: Beto Macedo CCH (small blind) folded before Flop
Seat 7: Vergilii1951 (big blind) folded before Flop
Seat 8: EullerSantos collected (1936)



PokerStars Hand #257171458375: Tournament #3914012628, $4.80+$5.00+$1.20 USD Hold'em No Limit - Level IV (40/80) - 2025/08/01 13:08:58 BRT [2025/08/01 12:08:58 ET]
Table '3914012628 28' 8-max Seat #6 is the button
Seat 1: pingoin29 (6442 in chips, $5 bounty) 
Seat 2: Gabrielfs13 (4808 in chips, $5 bounty) 
Seat 3: proffnot (4775 in chips, $5 bounty) 
Seat 4: Rammler2017 (10426 in chips, $7.50 bounty) 
Seat 5: Tyrxc (4703 in chips, $5 bounty) 
Seat 6: Beto Macedo CCH (2673 in chips, $5 bounty) 
Seat 7: Vergilii1951 (16060 in chips, $10 bounty) 
Seat 8: EullerSantos (5174 in chips, $5 bounty) 
pingoin29: posts the ante 12
Gabrielfs13: posts the ante 12
proffnot: posts the ante 12
Rammler2017: posts the ante 12
Tyrxc: posts the ante 12
Beto Macedo CCH: posts the ante 12
Vergilii1951: posts the ante 12
EullerSantos: posts the ante 12
Vergilii1951: posts small blind 40
EullerSantos: posts big blind 80
*** HOLE CARDS ***
Dealt to Gabrielfs13 [Jh 2c]
pingoin29: folds 
Gabrielfs13: folds 
proffnot: folds 
Rammler2017: folds 
Tyrxc: folds 
Beto Macedo CCH: folds 
Vergilii1951: calls 40
EullerSantos: checks 
*** FLOP *** [4c 5c Ac]
Vergilii1951: bets 80
EullerSantos: folds 
Uncalled bet (80) returned to Vergilii1951
Vergilii1951 collected 256 from pot
*** SUMMARY ***
Total pot 256 | Rake 0 
Board [4c 5c Ac]
Seat 1: pingoin29 folded before Flop (didn't bet)
Seat 2: Gabrielfs13 folded before Flop (didn't bet)
Seat 3: proffnot folded before Flop (didn't bet)
Seat 4: Rammler2017 folded before Flop (didn't bet)
Seat 5: Tyrxc folded before Flop (didn't bet)
Seat 6: Beto Macedo CCH (button) folded before Flop (didn't bet)
Seat 7: Vergilii1951 (small blind) collected (256)
Seat 8: EullerSantos (big blind) folded on the Flop



PokerStars Hand #257171465071: Tournament #3914012628, $4.80+$5.00+$1.20 USD Hold'em No Limit - Level V (45/90) - 2025/08/01 13:09:37 BRT [2025/08/01 12:09:37 ET]
Table '3914012628 28' 8-max Seat #7 is the button
Seat 1: pingoin29 (6430 in chips, $5 bounty) 
Seat 2: Gabrielfs13 (4796 in chips, $5 bounty) 
Seat 3: proffnot (4763 in chips, $5 bounty) 
Seat 4: Rammler2017 (10414 in chips, $7.50 bounty) 
Seat 5: Tyrxc (4691 in chips, $5 bounty) 
Seat 6: Beto Macedo CCH (2661 in chips, $5 bounty) 
Seat 7: Vergilii1951 (16224 in chips, $10 bounty) 
Seat 8: EullerSantos (5082 in chips, $5 bounty) 
pingoin29: posts the ante 14
Gabrielfs13: posts the ante 14
proffnot: posts the ante 14
Rammler2017: posts the ante 14
Tyrxc: posts the ante 14
Beto Macedo CCH: posts the ante 14
Vergilii1951: posts the ante 14
EullerSantos: posts the ante 14
EullerSantos: posts small blind 45
pingoin29: posts big blind 90
*** HOLE CARDS ***
Dealt to Gabrielfs13 [3h 6c]
Gabrielfs13: folds 
proffnot: folds 
Rammler2017: folds 
Tyrxc: folds 
Beto Macedo CCH: folds 
Vergilii1951: folds 
EullerSantos: calls 45
pingoin29: raises 180 to 270
EullerSantos: folds 
Uncalled bet (180) returned to pingoin29
pingoin29 collected 292 from pot
pingoin29: doesn't show hand 
*** SUMMARY ***
Total pot 292 | Rake 0 
Seat 1: pingoin29 (big blind) collected (292)
Seat 2: Gabrielfs13 folded before Flop (didn't bet)
Seat 3: proffnot folded before Flop (didn't bet)
Seat 4: Rammler2017 folded before Flop (didn't bet)
Seat 5: Tyrxc folded before Flop (didn't bet)
Seat 6: Beto Macedo CCH folded before Flop (didn't bet)
Seat 7: Vergilii1951 (button) folded before Flop (didn't bet)
Seat 8: EullerSantos (small blind) folded before Flop



PokerStars Hand #257171473527: Tournament #3914012628, $4.80+$5.00+$1.20 USD Hold'em No Limit - Level V (45/90) - 2025/08/01 13:10:25 BRT [2025/08/01 12:10:25 ET]
Table '3914012628 28' 8-max Seat #8 is the button
Seat 1: pingoin29 (6618 in chips, $5 bounty) 
Seat 2: Gabrielfs13 (4782 in chips, $5 bounty) 
Seat 3: proffnot (4749 in chips, $5 bounty) 
Seat 4: Rammler2017 (10400 in chips, $7.50 bounty) 
Seat 5: Tyrxc (4677 in chips, $5 bounty) 
Seat 6: Beto Macedo CCH (2647 in chips, $5 bounty) 
Seat 7: Vergilii1951 (16210 in chips, $10 bounty) 
Seat 8: EullerSantos (4978 in chips, $5 bounty) 
pingoin29: posts the ante 14
Gabrielfs13: posts the ante 14
proffnot: posts the ante 14
Rammler2017: posts the ante 14
Tyrxc: posts the ante 14
Beto Macedo CCH: posts the ante 14
Vergilii1951: posts the ante 14
EullerSantos: posts the ante 14
pingoin29: posts small blind 45
Gabrielfs13: posts big blind 90
*** HOLE CARDS ***
Dealt to Gabrielfs13 [Th Tc]
proffnot: folds 
Rammler2017: folds 
Tyrxc: folds 
Beto Macedo CCH: folds 
Vergilii1951: raises 90 to 180
EullerSantos: folds 
pingoin29: folds 
Gabrielfs13: raises 540 to 720
Vergilii1951: calls 540
*** FLOP *** [4d 7h Jc]
Gabrielfs13: bets 527
Vergilii1951: calls 527
*** TURN *** [4d 7h Jc] [9d]
Gabrielfs13: bets 1326
Vergilii1951: calls 1326
*** RIVER *** [4d 7h Jc 9d] [4h]
Gabrielfs13: checks 
Vergilii1951: bets 2652
Gabrielfs13: calls 2195 and is all-in
Uncalled bet (457) returned to Vergilii1951
*** SHOW DOWN ***
Vergilii1951: shows [Ad Qc] (a pair of Fours)
Gabrielfs13: shows [Th Tc] (two pair, Tens and Fours)
Gabrielfs13 collected 9693 from pot
*** SUMMARY ***
Total pot 9693 | Rake 0 
Board [4d 7h Jc 9d 4h]
Seat 1: pingoin29 (small blind) folded before Flop
Seat 2: Gabrielfs13 (big blind) showed [Th Tc] and won (9693) with two pair, Tens and Fours
Seat 3: proffnot folded before Flop (didn't bet)
Seat 4: Rammler2017 folded before Flop (didn't bet)
Seat 5: Tyrxc folded before Flop (didn't bet)
Seat 6: Beto Macedo CCH folded before Flop (didn't bet)
Seat 7: Vergilii1951 showed [Ad Qc] and lost with a pair of Fours
Seat 8: EullerSantos (button) folded before Flop (didn't bet)



PokerStars Hand #257171493089: Tournament #3914012628, $4.80+$5.00+$1.20 USD Hold'em No Limit - Level V (45/90) - 2025/08/01 13:12:14 BRT [2025/08/01 12:12:14 ET]
Table '3914012628 28' 8-max Seat #1 is the button
Seat 1: pingoin29 (6559 in chips, $5 bounty) 
Seat 2: Gabrielfs13 (9693 in chips, $5 bounty) 
Seat 3: proffnot (4735 in chips, $5 bounty) 
Seat 4: Rammler2017 (10386 in chips, $7.50 bounty) 
Seat 5: Tyrxc (4663 in chips, $5 bounty) 
Seat 6: Beto Macedo CCH (2633 in chips, $5 bounty) 
Seat 7: Vergilii1951 (11428 in chips, $10 bounty) 
Seat 8: EullerSantos (4964 in chips, $5 bounty) 
pingoin29: posts the ante 14
Gabrielfs13: posts the ante 14
proffnot: posts the ante 14
Rammler2017: posts the ante 14
Tyrxc: posts the ante 14
Beto Macedo CCH: posts the ante 14
Vergilii1951: posts the ante 14
EullerSantos: posts the ante 14
Gabrielfs13: posts small blind 45
proffnot: posts big blind 90
*** HOLE CARDS ***
Dealt to Gabrielfs13 [Td Qd]
Rammler2017: calls 90
Tyrxc: folds 
Beto Macedo CCH: folds 
Vergilii1951: folds 
EullerSantos: folds 
pingoin29: folds 
Gabrielfs13: raises 450 to 540
proffnot: folds 
Rammler2017: folds 
Uncalled bet (450) returned to Gabrielfs13
Gabrielfs13 collected 382 from pot
Gabrielfs13: doesn't show hand 
*** SUMMARY ***
Total pot 382 | Rake 0 
Seat 1: pingoin29 (button) folded before Flop (didn't bet)
Seat 2: Gabrielfs13 (small blind) collected (382)
Seat 3: proffnot (big blind) folded before Flop
Seat 4: Rammler2017 folded before Flop
Seat 5: Tyrxc folded before Flop (didn't bet)
Seat 6: Beto Macedo CCH folded before Flop (didn't bet)
Seat 7: Vergilii1951 folded before Flop (didn't bet)
Seat 8: EullerSantos folded before Flop (didn't bet)



PokerStars Hand #257171500677: Tournament #3914012628, $4.80+$5.00+$1.20 USD Hold'em No Limit - Level V (45/90) - 2025/08/01 13:12:56 BRT [2025/08/01 12:12:56 ET]
Table '3914012628 28' 8-max Seat #2 is the button
Seat 1: pingoin29 (6545 in chips, $5 bounty) 
Seat 2: Gabrielfs13 (9971 in chips, $5 bounty) 
Seat 3: proffnot (4631 in chips, $5 bounty) 
Seat 4: Rammler2017 (10282 in chips, $7.50 bounty) 
Seat 5: Tyrxc (4649 in chips, $5 bounty) 
Seat 6: Beto Macedo CCH (2619 in chips, $5 bounty) 
Seat 7: Vergilii1951 (11414 in chips, $10 bounty) 
Seat 8: EullerSantos (4950 in chips, $5 bounty) 
pingoin29: posts the ante 14
Gabrielfs13: posts the ante 14
proffnot: posts the ante 14
Rammler2017: posts the ante 14
Tyrxc: posts the ante 14
Beto Macedo CCH: posts the ante 14
Vergilii1951: posts the ante 14
EullerSantos: posts the ante 14
proffnot: posts small blind 45
Rammler2017: posts big blind 90
*** HOLE CARDS ***
Dealt to Gabrielfs13 [3c Jh]
Tyrxc: folds 
Beto Macedo CCH: raises 90 to 180
Vergilii1951: folds 
EullerSantos: folds 
pingoin29: folds 
Gabrielfs13: folds 
proffnot: folds 
Rammler2017: raises 10088 to 10268 and is all-in
Beto Macedo CCH: folds 
Uncalled bet (10088) returned to Rammler2017
Rammler2017 collected 517 from pot
*** SUMMARY ***
Total pot 517 | Rake 0 
Seat 1: pingoin29 folded before Flop (didn't bet)
Seat 2: Gabrielfs13 (button) folded before Flop (didn't bet)
Seat 3: proffnot (small blind) folded before Flop
Seat 4: Rammler2017 (big blind) collected (517)
Seat 5: Tyrxc folded before Flop (didn't bet)
Seat 6: Beto Macedo CCH folded before Flop
Seat 7: Vergilii1951 folded before Flop (didn't bet)
Seat 8: EullerSantos folded before Flop (didn't bet)



PokerStars Hand #257171507576: Tournament #3914012628, $4.80+$5.00+$1.20 USD Hold'em No Limit - Level V (45/90) - 2025/08/01 13:13:34 BRT [2025/08/01 12:13:34 ET]
Table '3914012628 28' 8-max Seat #3 is the button
Seat 1: pingoin29 (6531 in chips, $5 bounty) 
Seat 2: Gabrielfs13 (9957 in chips, $5 bounty) 
Seat 3: proffnot (4572 in chips, $5 bounty) 
Seat 4: Rammler2017 (10605 in chips, $7.50 bounty) 
Seat 5: Tyrxc (4635 in chips, $5 bounty) 
Seat 6: Beto Macedo CCH (2425 in chips, $5 bounty) 
Seat 7: Vergilii1951 (11400 in chips, $10 bounty) 
Seat 8: EullerSantos (4936 in chips, $5 bounty) 
pingoin29: posts the ante 14
Gabrielfs13: posts the ante 14
proffnot: posts the ante 14
Rammler2017: posts the ante 14
Tyrxc: posts the ante 14
Beto Macedo CCH: posts the ante 14
Vergilii1951: posts the ante 14
EullerSantos: posts the ante 14
Rammler2017: posts small blind 45
Tyrxc: posts big blind 90
*** HOLE CARDS ***
Dealt to Gabrielfs13 [3h 6h]
Beto Macedo CCH: folds 
Vergilii1951: folds 
EullerSantos: folds 
pingoin29: folds 
Gabrielfs13: folds 
proffnot: folds 
Rammler2017: calls 45
Tyrxc: raises 270 to 360
Rammler2017: folds 
Uncalled bet (270) returned to Tyrxc
Tyrxc collected 292 from pot
Tyrxc: doesn't show hand 
*** SUMMARY ***
Total pot 292 | Rake 0 
Seat 1: pingoin29 folded before Flop (didn't bet)
Seat 2: Gabrielfs13 folded before Flop (didn't bet)
Seat 3: proffnot (button) folded before Flop (didn't bet)
Seat 4: Rammler2017 (small blind) folded before Flop
Seat 5: Tyrxc (big blind) collected (292)
Seat 6: Beto Macedo CCH folded before Flop (didn't bet)
Seat 7: Vergilii1951 folded before Flop (didn't bet)
Seat 8: EullerSantos folded before Flop (didn't bet)



PokerStars Hand #257171515927: Tournament #3914012628, $4.80+$5.00+$1.20 USD Hold'em No Limit - Level V (45/90) - 2025/08/01 13:14:20 BRT [2025/08/01 12:14:20 ET]
Table '3914012628 28' 8-max Seat #4 is the button
Seat 1: pingoin29 (6517 in chips, $5 bounty) 
Seat 2: Gabrielfs13 (9943 in chips, $5 bounty) 
Seat 3: proffnot (4558 in chips, $5 bounty) 
Seat 4: Rammler2017 (10501 in chips, $7.50 bounty) 
Seat 5: Tyrxc (4823 in chips, $5 bounty) 
Seat 6: Beto Macedo CCH (2411 in chips, $5 bounty) 
Seat 7: Vergilii1951 (11386 in chips, $10 bounty) 
Seat 8: EullerSantos (4922 in chips, $5 bounty) 
pingoin29: posts the ante 14
Gabrielfs13: posts the ante 14
proffnot: posts the ante 14
Rammler2017: posts the ante 14
Tyrxc: posts the ante 14
Beto Macedo CCH: posts the ante 14
Vergilii1951: posts the ante 14
EullerSantos: posts the ante 14
Tyrxc: posts small blind 45
Beto Macedo CCH: posts big blind 90
*** HOLE CARDS ***
Dealt to Gabrielfs13 [4h 2h]
Vergilii1951: raises 90 to 180
EullerSantos: folds 
pingoin29: folds 
Gabrielfs13: folds 
proffnot: folds 
Rammler2017: folds 
Tyrxc: folds 
Beto Macedo CCH: folds 
Uncalled bet (90) returned to Vergilii1951
Vergilii1951 collected 337 from pot
*** SUMMARY ***
Total pot 337 | Rake 0 
Seat 1: pingoin29 folded before Flop (didn't bet)
Seat 2: Gabrielfs13 folded before Flop (didn't bet)
Seat 3: proffnot folded before Flop (didn't bet)
Seat 4: Rammler2017 (button) folded before Flop (didn't bet)
Seat 5: Tyrxc (small blind) folded before Flop
Seat 6: Beto Macedo CCH (big blind) folded before Flop
Seat 7: Vergilii1951 collected (337)
Seat 8: EullerSantos folded before Flop (didn't bet)



PokerStars Hand #257171520279: Tournament #3914012628, $4.80+$5.00+$1.20 USD Hold'em No Limit - Level V (45/90) - 2025/08/01 13:14:44 BRT [2025/08/01 12:14:44 ET]
Table '3914012628 28' 8-max Seat #5 is the button
Seat 1: pingoin29 (6503 in chips, $5 bounty) 
Seat 2: Gabrielfs13 (9929 in chips, $5 bounty) 
Seat 3: proffnot (4544 in chips, $5 bounty) 
Seat 4: Rammler2017 (10487 in chips, $7.50 bounty) 
Seat 5: Tyrxc (4764 in chips, $5 bounty) 
Seat 6: Beto Macedo CCH (2307 in chips, $5 bounty) 
Seat 7: Vergilii1951 (11619 in chips, $10 bounty) 
Seat 8: EullerSantos (4908 in chips, $5 bounty) 
pingoin29: posts the ante 14
Gabrielfs13: posts the ante 14
proffnot: posts the ante 14
Rammler2017: posts the ante 14
Tyrxc: posts the ante 14
Beto Macedo CCH: posts the ante 14
Vergilii1951: posts the ante 14
EullerSantos: posts the ante 14
Beto Macedo CCH: posts small blind 45
Vergilii1951: posts big blind 90
*** HOLE CARDS ***
Dealt to Gabrielfs13 [7d Qc]
EullerSantos: folds 
pingoin29: folds 
Gabrielfs13: folds 
proffnot: folds 
Rammler2017: raises 180 to 270
Tyrxc: folds 
Beto Macedo CCH: folds 
Vergilii1951: calls 180
*** FLOP *** [Qs Tc 6s]
Vergilii1951: checks 
Rammler2017: bets 787
Vergilii1951: raises 1136 to 1923
Rammler2017: folds 
Uncalled bet (1136) returned to Vergilii1951
Vergilii1951 collected 2271 from pot
*** SUMMARY ***
Total pot 2271 | Rake 0 
Board [Qs Tc 6s]
Seat 1: pingoin29 folded before Flop (didn't bet)
Seat 2: Gabrielfs13 folded before Flop (didn't bet)
Seat 3: proffnot folded before Flop (didn't bet)
Seat 4: Rammler2017 folded on the Flop
Seat 5: Tyrxc (button) folded before Flop (didn't bet)
Seat 6: Beto Macedo CCH (small blind) folded before Flop
Seat 7: Vergilii1951 (big blind) collected (2271)
Seat 8: EullerSantos folded before Flop (didn't bet)



PokerStars Hand #257171529368: Tournament #3914012628, $4.80+$5.00+$1.20 USD Hold'em No Limit - Level V (45/90) - 2025/08/01 13:15:33 BRT [2025/08/01 12:15:33 ET]
Table '3914012628 28' 8-max Seat #6 is the button
Seat 1: pingoin29 (6489 in chips, $5 bounty) 
Seat 2: Gabrielfs13 (9915 in chips, $5 bounty) 
Seat 3: proffnot (4530 in chips, $5 bounty) 
Seat 4: Rammler2017 (9416 in chips, $7.50 bounty) 
Seat 5: Tyrxc (4750 in chips, $5 bounty) 
Seat 6: Beto Macedo CCH (2248 in chips, $5 bounty) 
Seat 7: Vergilii1951 (12819 in chips, $10 bounty) 
Seat 8: EullerSantos (4894 in chips, $5 bounty) 
pingoin29: posts the ante 14
Gabrielfs13: posts the ante 14
proffnot: posts the ante 14
Rammler2017: posts the ante 14
Tyrxc: posts the ante 14
Beto Macedo CCH: posts the ante 14
Vergilii1951: posts the ante 14
EullerSantos: posts the ante 14
Vergilii1951: posts small blind 45
EullerSantos: posts big blind 90
*** HOLE CARDS ***
Dealt to Gabrielfs13 [4c 8s]
pingoin29: folds 
Gabrielfs13: folds 
proffnot: folds 
Rammler2017: folds 
Tyrxc: folds 
Beto Macedo CCH: folds 
Vergilii1951: calls 45
EullerSantos: raises 225 to 315
Vergilii1951: calls 225
*** FLOP *** [9d 5s Kc]
Vergilii1951: checks 
EullerSantos: bets 245
Vergilii1951: calls 245
*** TURN *** [9d 5s Kc] [3c]
Vergilii1951: checks 
EullerSantos: checks 
*** RIVER *** [9d 5s Kc 3c] [4s]
Vergilii1951: bets 616
EullerSantos: calls 616
*** SHOW DOWN ***
Vergilii1951: shows [6d 7c] (a straight, Three to Seven)
EullerSantos: mucks hand 
Vergilii1951 collected 2464 from pot
*** SUMMARY ***
Total pot 2464 | Rake 0 
Board [9d 5s Kc 3c 4s]
Seat 1: pingoin29 folded before Flop (didn't bet)
Seat 2: Gabrielfs13 folded before Flop (didn't bet)
Seat 3: proffnot folded before Flop (didn't bet)
Seat 4: Rammler2017 folded before Flop (didn't bet)
Seat 5: Tyrxc folded before Flop (didn't bet)
Seat 6: Beto Macedo CCH (button) folded before Flop (didn't bet)
Seat 7: Vergilii1951 (small blind) showed [6d 7c] and won (2464) with a straight, Three to Seven
Seat 8: EullerSantos (big blind) mucked [Qc Qh]



PokerStars Hand #257171543705: Tournament #3914012628, $4.80+$5.00+$1.20 USD Hold'em No Limit - Level V (45/90) - 2025/08/01 13:16:51 BRT [2025/08/01 12:16:51 ET]
Table '3914012628 28' 8-max Seat #7 is the button
Seat 1: pingoin29 (6475 in chips, $5 bounty) 
Seat 2: Gabrielfs13 (9901 in chips, $5 bounty) 
Seat 3: proffnot (4516 in chips, $5 bounty) 
Seat 4: Rammler2017 (9402 in chips, $7.50 bounty) 
Seat 5: Tyrxc (4736 in chips, $5 bounty) 
Seat 6: Beto Macedo CCH (2234 in chips, $5 bounty) 
Seat 7: Vergilii1951 (14093 in chips, $10 bounty) 
Seat 8: EullerSantos (3704 in chips, $5 bounty) 
pingoin29: posts the ante 14
Gabrielfs13: posts the ante 14
proffnot: posts the ante 14
Rammler2017: posts the ante 14
Tyrxc: posts the ante 14
Beto Macedo CCH: posts the ante 14
Vergilii1951: posts the ante 14
EullerSantos: posts the ante 14
EullerSantos: posts small blind 45
pingoin29: posts big blind 90
*** HOLE CARDS ***
Dealt to Gabrielfs13 [9c Qd]
Gabrielfs13: folds 
proffnot: folds 
Rammler2017: folds 
Tyrxc: folds 
Beto Macedo CCH: folds 
Vergilii1951: folds 
EullerSantos: calls 45
pingoin29: checks 
*** FLOP *** [Kh Js 7c]
EullerSantos: checks 
pingoin29: checks 
*** TURN *** [Kh Js 7c] [4s]
EullerSantos: bets 193
pingoin29: folds 
Uncalled bet (193) returned to EullerSantos
EullerSantos collected 292 from pot
*** SUMMARY ***
Total pot 292 | Rake 0 
Board [Kh Js 7c 4s]
Seat 1: pingoin29 (big blind) folded on the Turn
Seat 2: Gabrielfs13 folded before Flop (didn't bet)
Seat 3: proffnot folded before Flop (didn't bet)
Seat 4: Rammler2017 folded before Flop (didn't bet)
Seat 5: Tyrxc folded before Flop (didn't bet)
Seat 6: Beto Macedo CCH folded before Flop (didn't bet)
Seat 7: Vergilii1951 (button) folded before Flop (didn't bet)
Seat 8: EullerSantos (small blind) collected (292)



PokerStars Hand #257171554415: Tournament #3914012628, $4.80+$5.00+$1.20 USD Hold'em No Limit - Level VI (50/100) - 2025/08/01 13:17:49 BRT [2025/08/01 12:17:49 ET]
Table '3914012628 28' 8-max Seat #8 is the button
Seat 1: pingoin29 (6371 in chips, $5 bounty) 
Seat 2: Gabrielfs13 (9887 in chips, $5 bounty) 
Seat 3: proffnot (4502 in chips, $5 bounty) 
Seat 4: Rammler2017 (9388 in chips, $7.50 bounty) 
Seat 5: Tyrxc (4722 in chips, $5 bounty) 
Seat 6: Beto Macedo CCH (2220 in chips, $5 bounty) 
Seat 7: Vergilii1951 (14079 in chips, $10 bounty) 
Seat 8: EullerSantos (3892 in chips, $5 bounty) 
pingoin29: posts the ante 15
Gabrielfs13: posts the ante 15
proffnot: posts the ante 15
Rammler2017: posts the ante 15
Tyrxc: posts the ante 15
Beto Macedo CCH: posts the ante 15
Vergilii1951: posts the ante 15
EullerSantos: posts the ante 15
pingoin29: posts small blind 50
Gabrielfs13: posts big blind 100
*** HOLE CARDS ***
Dealt to Gabrielfs13 [4d 2h]
proffnot: folds 
Rammler2017: folds 
Tyrxc: raises 120 to 220
Beto Macedo CCH: folds 
Vergilii1951: calls 220
EullerSantos: folds 
pingoin29: folds 
Gabrielfs13: folds 
*** FLOP *** [6c 6d Td]
Tyrxc: bets 234
Vergilii1951: raises 434 to 668
Tyrxc: raises 3132 to 3800
Vergilii1951: folds 
Uncalled bet (3132) returned to Tyrxc
Tyrxc collected 2046 from pot
Tyrxc: doesn't show hand 
*** SUMMARY ***
Total pot 2046 | Rake 0 
Board [6c 6d Td]
Seat 1: pingoin29 (small blind) folded before Flop
Seat 2: Gabrielfs13 (big blind) folded before Flop
Seat 3: proffnot folded before Flop (didn't bet)
Seat 4: Rammler2017 folded before Flop (didn't bet)
Seat 5: Tyrxc collected (2046)
Seat 6: Beto Macedo CCH folded before Flop (didn't bet)
Seat 7: Vergilii1951 folded on the Flop
Seat 8: EullerSantos (button) folded before Flop (didn't bet)



PokerStars Hand #257171566794: Tournament #3914012628, $4.80+$5.00+$1.20 USD Hold'em No Limit - Level VI (50/100) - 2025/08/01 13:18:57 BRT [2025/08/01 12:18:57 ET]
Table '3914012628 28' 8-max Seat #1 is the button
Seat 1: pingoin29 (6306 in chips, $5 bounty) 
Seat 2: Gabrielfs13 (9772 in chips, $5 bounty) 
Seat 3: proffnot (4487 in chips, $5 bounty) 
Seat 4: Rammler2017 (9373 in chips, $7.50 bounty) 
Seat 5: Tyrxc (5865 in chips, $5 bounty) 
Seat 6: Beto Macedo CCH (2205 in chips, $5 bounty) 
Seat 7: Vergilii1951 (13176 in chips, $10 bounty) 
Seat 8: EullerSantos (3877 in chips, $5 bounty) 
pingoin29: posts the ante 15
Gabrielfs13: posts the ante 15
proffnot: posts the ante 15
Rammler2017: posts the ante 15
Tyrxc: posts the ante 15
Beto Macedo CCH: posts the ante 15
Vergilii1951: posts the ante 15
EullerSantos: posts the ante 15
Gabrielfs13: posts small blind 50
proffnot: posts big blind 100
*** HOLE CARDS ***
Dealt to Gabrielfs13 [8c 9s]
Rammler2017: folds 
Tyrxc: folds 
Beto Macedo CCH: raises 100 to 200
Vergilii1951: folds 
EullerSantos: folds 
pingoin29: calls 200
Gabrielfs13: folds 
proffnot: folds 
*** FLOP *** [Jd 9c 6c]
Beto Macedo CCH: checks 
pingoin29: checks 
*** TURN *** [Jd 9c 6c] [Kh]
Beto Macedo CCH: bets 536
pingoin29: folds 
Uncalled bet (536) returned to Beto Macedo CCH
Beto Macedo CCH collected 670 from pot
Beto Macedo CCH: doesn't show hand 
*** SUMMARY ***
Total pot 670 | Rake 0 
Board [Jd 9c 6c Kh]
Seat 1: pingoin29 (button) folded on the Turn
Seat 2: Gabrielfs13 (small blind) folded before Flop
Seat 3: proffnot (big blind) folded before Flop
Seat 4: Rammler2017 folded before Flop (didn't bet)
Seat 5: Tyrxc folded before Flop (didn't bet)
Seat 6: Beto Macedo CCH collected (670)
Seat 7: Vergilii1951 folded before Flop (didn't bet)
Seat 8: EullerSantos folded before Flop (didn't bet)



PokerStars Hand #257171577845: Tournament #3914012628, $4.80+$5.00+$1.20 USD Hold'em No Limit - Level VI (50/100) - 2025/08/01 13:19:57 BRT [2025/08/01 12:19:57 ET]
Table '3914012628 28' 8-max Seat #2 is the button
Seat 1: pingoin29 (6091 in chips, $5 bounty) 
Seat 2: Gabrielfs13 (9707 in chips, $5 bounty) 
Seat 3: proffnot (4372 in chips, $5 bounty) 
Seat 4: Rammler2017 (9358 in chips, $7.50 bounty) 
Seat 5: Tyrxc (5850 in chips, $5 bounty) 
Seat 6: Beto Macedo CCH (2660 in chips, $5 bounty) 
Seat 7: Vergilii1951 (13161 in chips, $10 bounty) 
Seat 8: EullerSantos (3862 in chips, $5 bounty) 
pingoin29: posts the ante 15
Gabrielfs13: posts the ante 15
proffnot: posts the ante 15
Rammler2017: posts the ante 15
Tyrxc: posts the ante 15
Beto Macedo CCH: posts the ante 15
Vergilii1951: posts the ante 15
EullerSantos: posts the ante 15
proffnot: posts small blind 50
Rammler2017: posts big blind 100
*** HOLE CARDS ***
Dealt to Gabrielfs13 [5d Jh]
Tyrxc: folds 
Beto Macedo CCH: folds 
Vergilii1951: folds 
EullerSantos: folds 
pingoin29: folds 
Gabrielfs13: folds 
proffnot: folds 
Uncalled bet (50) returned to Rammler2017
Rammler2017 collected 220 from pot
*** SUMMARY ***
Total pot 220 | Rake 0 
Seat 1: pingoin29 folded before Flop (didn't bet)
Seat 2: Gabrielfs13 (button) folded before Flop (didn't bet)
Seat 3: proffnot (small blind) folded before Flop
Seat 4: Rammler2017 (big blind) collected (220)
Seat 5: Tyrxc folded before Flop (didn't bet)
Seat 6: Beto Macedo CCH folded before Flop (didn't bet)
Seat 7: Vergilii1951 folded before Flop (didn't bet)
Seat 8: EullerSantos folded before Flop (didn't bet)



PokerStars Hand #257171582023: Tournament #3914012628, $4.80+$5.00+$1.20 USD Hold'em No Limit - Level VI (50/100) - 2025/08/01 13:20:19 BRT [2025/08/01 12:20:19 ET]
Table '3914012628 28' 8-max Seat #3 is the button
Seat 1: pingoin29 (6076 in chips, $5 bounty) 
Seat 2: Gabrielfs13 (9692 in chips, $5 bounty) 
Seat 3: proffnot (4307 in chips, $5 bounty) 
Seat 4: Rammler2017 (9513 in chips, $7.50 bounty) 
Seat 5: Tyrxc (5835 in chips, $5 bounty) 
Seat 6: Beto Macedo CCH (2645 in chips, $5 bounty) 
Seat 7: Vergilii1951 (13146 in chips, $10 bounty) 
Seat 8: EullerSantos (3847 in chips, $5 bounty) 
pingoin29: posts the ante 15
Gabrielfs13: posts the ante 15
proffnot: posts the ante 15
Rammler2017: posts the ante 15
Tyrxc: posts the ante 15
Beto Macedo CCH: posts the ante 15
Vergilii1951: posts the ante 15
EullerSantos: posts the ante 15
Rammler2017: posts small blind 50
Tyrxc: posts big blind 100
*** HOLE CARDS ***
Dealt to Gabrielfs13 [2h 8s]
Beto Macedo CCH: folds 
Vergilii1951: raises 100 to 200
EullerSantos: calls 200
pingoin29: folds 
Gabrielfs13: folds 
proffnot: calls 200
Rammler2017: calls 150
Tyrxc: folds 
*** FLOP *** [6c 9s 2c]
Rammler2017: checks 
Vergilii1951: bets 510
EullerSantos: folds 
proffnot: folds 
Rammler2017: folds 
Uncalled bet (510) returned to Vergilii1951
Vergilii1951 collected 1020 from pot
*** SUMMARY ***
Total pot 1020 | Rake 0 
Board [6c 9s 2c]
Seat 1: pingoin29 folded before Flop (didn't bet)
Seat 2: Gabrielfs13 folded before Flop (didn't bet)
Seat 3: proffnot (button) folded on the Flop
Seat 4: Rammler2017 (small blind) folded on the Flop
Seat 5: Tyrxc (big blind) folded before Flop
Seat 6: Beto Macedo CCH folded before Flop (didn't bet)
Seat 7: Vergilii1951 collected (1020)
Seat 8: EullerSantos folded on the Flop



PokerStars Hand #257171591931: Tournament #3914012628, $4.80+$5.00+$1.20 USD Hold'em No Limit - Level VI (50/100) - 2025/08/01 13:21:14 BRT [2025/08/01 12:21:14 ET]
Table '3914012628 28' 8-max Seat #4 is the button
Seat 1: pingoin29 (6061 in chips, $5 bounty) 
Seat 2: Gabrielfs13 (9677 in chips, $5 bounty) 
Seat 3: proffnot (4092 in chips, $5 bounty) 
Seat 4: Rammler2017 (9298 in chips, $7.50 bounty) 
Seat 5: Tyrxc (5720 in chips, $5 bounty) 
Seat 6: Beto Macedo CCH (2630 in chips, $5 bounty) 
Seat 7: Vergilii1951 (13951 in chips, $10 bounty) 
Seat 8: EullerSantos (3632 in chips, $5 bounty) 
pingoin29: posts the ante 15
Gabrielfs13: posts the ante 15
proffnot: posts the ante 15
Rammler2017: posts the ante 15
Tyrxc: posts the ante 15
Beto Macedo CCH: posts the ante 15
Vergilii1951: posts the ante 15
EullerSantos: posts the ante 15
Tyrxc: posts small blind 50
Beto Macedo CCH: posts big blind 100
*** HOLE CARDS ***
Dealt to Gabrielfs13 [Ac Qc]
Vergilii1951: folds 
EullerSantos: folds 
pingoin29: folds 
Gabrielfs13: raises 100 to 200
proffnot: folds 
Rammler2017: folds 
Tyrxc: raises 700 to 900
Beto Macedo CCH: folds 
Gabrielfs13: calls 700
*** FLOP *** [Qh 4d 6s]
Tyrxc: bets 667
Gabrielfs13: raises 883 to 1550
Tyrxc: calls 883
*** TURN *** [Qh 4d 6s] [Jc]
Tyrxc: checks 
Gabrielfs13: bets 3379
Tyrxc: folds 
Uncalled bet (3379) returned to Gabrielfs13
Gabrielfs13 collected 5120 from pot
Gabrielfs13: doesn't show hand 
*** SUMMARY ***
Total pot 5120 | Rake 0 
Board [Qh 4d 6s Jc]
Seat 1: pingoin29 folded before Flop (didn't bet)
Seat 2: Gabrielfs13 collected (5120)
Seat 3: proffnot folded before Flop (didn't bet)
Seat 4: Rammler2017 (button) folded before Flop (didn't bet)
Seat 5: Tyrxc (small blind) folded on the Turn
Seat 6: Beto Macedo CCH (big blind) folded before Flop
Seat 7: Vergilii1951 folded before Flop (didn't bet)
Seat 8: EullerSantos folded before Flop (didn't bet)



PokerStars Hand #257171612802: Tournament #3914012628, $4.80+$5.00+$1.20 USD Hold'em No Limit - Level VI (50/100) - 2025/08/01 13:23:06 BRT [2025/08/01 12:23:06 ET]
Table '3914012628 28' 8-max Seat #5 is the button
Seat 1: pingoin29 (6046 in chips, $5 bounty) 
Seat 2: Gabrielfs13 (12332 in chips, $5 bounty) 
Seat 3: proffnot (4077 in chips, $5 bounty) 
Seat 4: Rammler2017 (9283 in chips, $7.50 bounty) 
Seat 5: Tyrxc (3255 in chips, $5 bounty) 
Seat 6: Beto Macedo CCH (2515 in chips, $5 bounty) 
Seat 7: Vergilii1951 (13936 in chips, $10 bounty) 
Seat 8: EullerSantos (3617 in chips, $5 bounty) 
pingoin29: posts the ante 15
Gabrielfs13: posts the ante 15
proffnot: posts the ante 15
Rammler2017: posts the ante 15
Tyrxc: posts the ante 15
Beto Macedo CCH: posts the ante 15
Vergilii1951: posts the ante 15
EullerSantos: posts the ante 15
Beto Macedo CCH: posts small blind 50
Vergilii1951: posts big blind 100
*** HOLE CARDS ***
Dealt to Gabrielfs13 [9c Qd]
EullerSantos: folds 
pingoin29: raises 100 to 200
Gabrielfs13 has timed out
Gabrielfs13: folds 
Gabrielfs13 is sitting out
proffnot: folds 
Rammler2017: folds 
Tyrxc: folds 
Beto Macedo CCH: calls 150
Gabrielfs13 has returned
Vergilii1951: calls 100
*** FLOP *** [6d 2h Jd]
Beto Macedo CCH: checks 
Vergilii1951: checks 
pingoin29: checks 
*** TURN *** [6d 2h Jd] [Ts]
Beto Macedo CCH: bets 520
Vergilii1951: raises 520 to 1040
pingoin29: folds 
Beto Macedo CCH: raises 1260 to 2300 and is all-in
Vergilii1951: calls 1260
*** RIVER *** [6d 2h Jd Ts] [3c]
*** SHOW DOWN ***
Beto Macedo CCH: shows [2s 2c] (three of a kind, Deuces)
Vergilii1951: shows [6h Tc] (two pair, Tens and Sixes)
Beto Macedo CCH collected 5320 from pot
*** SUMMARY ***
Total pot 5320 | Rake 0 
Board [6d 2h Jd Ts 3c]
Seat 1: pingoin29 folded on the Turn
Seat 2: Gabrielfs13 folded before Flop (didn't bet)
Seat 3: proffnot folded before Flop (didn't bet)
Seat 4: Rammler2017 folded before Flop (didn't bet)
Seat 5: Tyrxc (button) folded before Flop (didn't bet)
Seat 6: Beto Macedo CCH (small blind) showed [2s 2c] and won (5320) with three of a kind, Deuces
Seat 7: Vergilii1951 (big blind) showed [6h Tc] and lost with two pair, Tens and Sixes
Seat 8: EullerSantos folded before Flop (didn't bet)



PokerStars Hand #257171629514: Tournament #3914012628, $4.80+$5.00+$1.20 USD Hold'em No Limit - Level VI (50/100) - 2025/08/01 13:24:35 BRT [2025/08/01 12:24:35 ET]
Table '3914012628 28' 8-max Seat #6 is the button
Seat 1: pingoin29 (5831 in chips, $5 bounty) 
Seat 2: Gabrielfs13 (12317 in chips, $5 bounty) 
Seat 3: proffnot (4062 in chips, $5 bounty) 
Seat 4: Rammler2017 (9268 in chips, $7.50 bounty) 
Seat 5: Tyrxc (3240 in chips, $5 bounty) 
Seat 6: Beto Macedo CCH (5320 in chips, $5 bounty) 
Seat 7: Vergilii1951 (11421 in chips, $10 bounty) 
Seat 8: EullerSantos (3602 in chips, $5 bounty) 
pingoin29: posts the ante 15
Gabrielfs13: posts the ante 15
proffnot: posts the ante 15
Rammler2017: posts the ante 15
Tyrxc: posts the ante 15
Beto Macedo CCH: posts the ante 15
Vergilii1951: posts the ante 15
EullerSantos: posts the ante 15
Vergilii1951: posts small blind 50
EullerSantos: posts big blind 100
*** HOLE CARDS ***
Dealt to Gabrielfs13 [6c Jc]
pingoin29: folds 
Gabrielfs13: folds 
proffnot: folds 
Rammler2017: folds 
Tyrxc: folds 
Beto Macedo CCH: raises 100 to 200
Vergilii1951: folds 
EullerSantos: calls 100
*** FLOP *** [3h Qh 8c]
EullerSantos: checks 
Beto Macedo CCH: bets 171
EullerSantos: folds 
Uncalled bet (171) returned to Beto Macedo CCH
Beto Macedo CCH collected 570 from pot
Beto Macedo CCH: doesn't show hand 
*** SUMMARY ***
Total pot 570 | Rake 0 
Board [3h Qh 8c]
Seat 1: pingoin29 folded before Flop (didn't bet)
Seat 2: Gabrielfs13 folded before Flop (didn't bet)
Seat 3: proffnot folded before Flop (didn't bet)
Seat 4: Rammler2017 folded before Flop (didn't bet)
Seat 5: Tyrxc folded before Flop (didn't bet)
Seat 6: Beto Macedo CCH (button) collected (570)
Seat 7: Vergilii1951 (small blind) folded before Flop
Seat 8: EullerSantos (big blind) folded on the Flop



PokerStars Hand #257171635452: Tournament #3914012628, $4.80+$5.00+$1.20 USD Hold'em No Limit - Level VII (60/120) - 2025/08/01 13:25:08 BRT [2025/08/01 12:25:08 ET]
Table '3914012628 28' 8-max Seat #7 is the button
Seat 1: pingoin29 (5816 in chips, $5 bounty) 
Seat 2: Gabrielfs13 (12302 in chips, $5 bounty) 
Seat 3: proffnot (4047 in chips, $5 bounty) 
Seat 4: Rammler2017 (9253 in chips, $7.50 bounty) 
Seat 5: Tyrxc (3225 in chips, $5 bounty) 
Seat 6: Beto Macedo CCH (5675 in chips, $5 bounty) 
Seat 7: Vergilii1951 (11356 in chips, $10 bounty) 
Seat 8: EullerSantos (3387 in chips, $5 bounty) 
pingoin29: posts the ante 18
Gabrielfs13: posts the ante 18
proffnot: posts the ante 18
Rammler2017: posts the ante 18
Tyrxc: posts the ante 18
Beto Macedo CCH: posts the ante 18
Vergilii1951: posts the ante 18
EullerSantos: posts the ante 18
EullerSantos: posts small blind 60
pingoin29: posts big blind 120
*** HOLE CARDS ***
Dealt to Gabrielfs13 [8h Jh]
Gabrielfs13: raises 120 to 240
proffnot: folds 
Rammler2017: calls 240
Tyrxc: folds 
Beto Macedo CCH: folds 
Vergilii1951: calls 240
EullerSantos: folds 
pingoin29: calls 120
*** FLOP *** [2h Jc 3s]
pingoin29: checks 
Gabrielfs13: checks 
Rammler2017: checks 
Vergilii1951: bets 582
pingoin29: folds 
Gabrielfs13: calls 582
Rammler2017: calls 582
*** TURN *** [2h Jc 3s] [Qc]
Gabrielfs13: checks 
Rammler2017: bets 2910
Vergilii1951: calls 2910
Gabrielfs13: folds 
*** RIVER *** [2h Jc 3s Qc] [Js]
Rammler2017: checks 
Vergilii1951: bets 4245
Rammler2017: folds 
Uncalled bet (4245) returned to Vergilii1951
Vergilii1951 collected 8730 from pot
*** SUMMARY ***
Total pot 8730 | Rake 0 
Board [2h Jc 3s Qc Js]
Seat 1: pingoin29 (big blind) folded on the Flop
Seat 2: Gabrielfs13 folded on the Turn
Seat 3: proffnot folded before Flop (didn't bet)
Seat 4: Rammler2017 folded on the River
Seat 5: Tyrxc folded before Flop (didn't bet)
Seat 6: Beto Macedo CCH folded before Flop (didn't bet)
Seat 7: Vergilii1951 (button) collected (8730)
Seat 8: EullerSantos (small blind) folded before Flop



PokerStars Hand #257171649731: Tournament #3914012628, $4.80+$5.00+$1.20 USD Hold'em No Limit - Level VII (60/120) - 2025/08/01 13:26:26 BRT [2025/08/01 12:26:26 ET]
Table '3914012628 28' 8-max Seat #8 is the button
Seat 1: pingoin29 (5558 in chips, $5 bounty) 
Seat 2: Gabrielfs13 (11462 in chips, $5 bounty) 
Seat 3: proffnot (4029 in chips, $5 bounty) 
Seat 4: Rammler2017 (5503 in chips, $7.50 bounty) 
Seat 5: Tyrxc (3207 in chips, $5 bounty) 
Seat 6: Beto Macedo CCH (5657 in chips, $5 bounty) 
Seat 7: Vergilii1951 (16336 in chips, $10 bounty) 
Seat 8: EullerSantos (3309 in chips, $5 bounty) 
pingoin29: posts the ante 18
Gabrielfs13: posts the ante 18
proffnot: posts the ante 18
Rammler2017: posts the ante 18
Tyrxc: posts the ante 18
Beto Macedo CCH: posts the ante 18
Vergilii1951: posts the ante 18
EullerSantos: posts the ante 18
pingoin29: posts small blind 60
Gabrielfs13: posts big blind 120
*** HOLE CARDS ***
Dealt to Gabrielfs13 [9s As]
proffnot: folds 
Rammler2017: raises 240 to 360
Tyrxc: folds 
Beto Macedo CCH: folds 
Vergilii1951: calls 360
EullerSantos: folds 
pingoin29: folds 
Gabrielfs13: calls 240
*** FLOP *** [8c 9d Qh]
Gabrielfs13: checks 
Rammler2017: bets 642
Vergilii1951: calls 642
Gabrielfs13 has timed out
Gabrielfs13: folds 
Gabrielfs13 is sitting out
*** TURN *** [8c 9d Qh] [Ad]
Rammler2017: checks 
Vergilii1951: bets 1284
Rammler2017: folds 
Uncalled bet (1284) returned to Vergilii1951
Vergilii1951 collected 2568 from pot
*** SUMMARY ***
Total pot 2568 | Rake 0 
Board [8c 9d Qh Ad]
Seat 1: pingoin29 (small blind) folded before Flop
Seat 2: Gabrielfs13 (big blind) folded on the Flop
Seat 3: proffnot folded before Flop (didn't bet)
Seat 4: Rammler2017 folded on the Turn
Seat 5: Tyrxc folded before Flop (didn't bet)
Seat 6: Beto Macedo CCH folded before Flop (didn't bet)
Seat 7: Vergilii1951 collected (2568)
Seat 8: EullerSantos (button) folded before Flop (didn't bet)



PokerStars Hand #257171664878: Tournament #3914012628, $4.80+$5.00+$1.20 USD Hold'em No Limit - Level VII (60/120) - 2025/08/01 13:27:48 BRT [2025/08/01 12:27:48 ET]
Table '3914012628 28' 8-max Seat #1 is the button
Seat 1: pingoin29 (5480 in chips, $5 bounty) 
Seat 2: Gabrielfs13 (11084 in chips, $5 bounty) is sitting out
Seat 3: proffnot (4011 in chips, $5 bounty) 
Seat 4: Rammler2017 (4483 in chips, $7.50 bounty) 
Seat 5: Tyrxc (3189 in chips, $5 bounty) 
Seat 6: Beto Macedo CCH (5639 in chips, $5 bounty) 
Seat 7: Vergilii1951 (17884 in chips, $10 bounty) 
Seat 8: EullerSantos (3291 in chips, $5 bounty) 
pingoin29: posts the ante 18
Gabrielfs13: posts the ante 18
proffnot: posts the ante 18
Rammler2017: posts the ante 18
Tyrxc: posts the ante 18
Beto Macedo CCH: posts the ante 18
Vergilii1951: posts the ante 18
EullerSantos: posts the ante 18
Gabrielfs13: posts small blind 60
proffnot: posts big blind 120
*** HOLE CARDS ***
Dealt to Gabrielfs13 [6s 7d]
Rammler2017: calls 120
Tyrxc: folds 
Gabrielfs13 has returned
Beto Macedo CCH: folds 
Vergilii1951: calls 120
EullerSantos: raises 420 to 540
pingoin29: folds 
Gabrielfs13: folds 
proffnot: folds 
Rammler2017: calls 420
Vergilii1951: calls 420
*** FLOP *** [Ah Qc 5c]
Rammler2017: checks 
Vergilii1951: checks 
EullerSantos: bets 486
Rammler2017: folds 
Vergilii1951: calls 486
*** TURN *** [Ah Qc 5c] [2s]
Vergilii1951: checks 
EullerSantos: bets 2247 and is all-in
Vergilii1951: folds 
Uncalled bet (2247) returned to EullerSantos
EullerSantos collected 2916 from pot
*** SUMMARY ***
Total pot 2916 | Rake 0 
Board [Ah Qc 5c 2s]
Seat 1: pingoin29 (button) folded before Flop (didn't bet)
Seat 2: Gabrielfs13 (small blind) folded before Flop
Seat 3: proffnot (big blind) folded before Flop
Seat 4: Rammler2017 folded on the Flop
Seat 5: Tyrxc folded before Flop (didn't bet)
Seat 6: Beto Macedo CCH folded before Flop (didn't bet)
Seat 7: Vergilii1951 folded on the Turn
Seat 8: EullerSantos collected (2916)



PokerStars Hand #257171682329: Tournament #3914012628, $4.80+$5.00+$1.20 USD Hold'em No Limit - Level VII (60/120) - 2025/08/01 13:29:24 BRT [2025/08/01 12:29:24 ET]
Table '3914012628 28' 8-max Seat #2 is the button
Seat 1: pingoin29 (5462 in chips, $5 bounty) 
Seat 2: Gabrielfs13 (11006 in chips, $5 bounty) 
Seat 3: proffnot (3873 in chips, $5 bounty) 
Seat 4: Rammler2017 (3925 in chips, $7.50 bounty) 
Seat 5: Tyrxc (3171 in chips, $5 bounty) 
Seat 6: Beto Macedo CCH (5621 in chips, $5 bounty) 
Seat 7: Vergilii1951 (16840 in chips, $10 bounty) 
Seat 8: EullerSantos (5163 in chips, $5 bounty) 
pingoin29: posts the ante 18
Gabrielfs13: posts the ante 18
proffnot: posts the ante 18
Rammler2017: posts the ante 18
Tyrxc: posts the ante 18
Beto Macedo CCH: posts the ante 18
Vergilii1951: posts the ante 18
EullerSantos: posts the ante 18
proffnot: posts small blind 60
Rammler2017: posts big blind 120
*** HOLE CARDS ***
Dealt to Gabrielfs13 [4d Kd]
Tyrxc: raises 132 to 252
Beto Macedo CCH: folds 
Vergilii1951: calls 252
EullerSantos: folds 
pingoin29: folds 
Gabrielfs13: calls 252
proffnot: raises 3603 to 3855 and is all-in
Rammler2017: folds 
Tyrxc: folds 
Vergilii1951: folds 
Gabrielfs13: folds 
Uncalled bet (3603) returned to proffnot
proffnot collected 1272 from pot
proffnot: doesn't show hand 
*** SUMMARY ***
Total pot 1272 | Rake 0 
Seat 1: pingoin29 folded before Flop (didn't bet)
Seat 2: Gabrielfs13 (button) folded before Flop
Seat 3: proffnot (small blind) collected (1272)
Seat 4: Rammler2017 (big blind) folded before Flop
Seat 5: Tyrxc folded before Flop
Seat 6: Beto Macedo CCH folded before Flop (didn't bet)
Seat 7: Vergilii1951 folded before Flop
Seat 8: EullerSantos folded before Flop (didn't bet)



PokerStars Hand #257171688757: Tournament #3914012628, $4.80+$5.00+$1.20 USD Hold'em No Limit - Level VII (60/120) - 2025/08/01 13:29:59 BRT [2025/08/01 12:29:59 ET]
Table '3914012628 28' 8-max Seat #3 is the button
Seat 1: pingoin29 (5444 in chips, $5 bounty) 
Seat 2: Gabrielfs13 (10736 in chips, $5 bounty) 
Seat 3: proffnot (4875 in chips, $5 bounty) 
Seat 4: Rammler2017 (3787 in chips, $7.50 bounty) 
Seat 5: Tyrxc (2901 in chips, $5 bounty) 
Seat 6: Beto Macedo CCH (5603 in chips, $5 bounty) 
Seat 7: Vergilii1951 (16570 in chips, $10 bounty) 
Seat 8: EullerSantos (5145 in chips, $5 bounty) 
pingoin29: posts the ante 18
Gabrielfs13: posts the ante 18
proffnot: posts the ante 18
Rammler2017: posts the ante 18
Tyrxc: posts the ante 18
Beto Macedo CCH: posts the ante 18
Vergilii1951: posts the ante 18
EullerSantos: posts the ante 18
Rammler2017: posts small blind 60
Tyrxc: posts big blind 120
*** HOLE CARDS ***
Dealt to Gabrielfs13 [6c Kh]
Beto Macedo CCH: raises 120 to 240
Vergilii1951: calls 240
EullerSantos: folds 
pingoin29: folds 
Gabrielfs13 has timed out
Gabrielfs13: folds 
Gabrielfs13 is sitting out
proffnot: folds 
Rammler2017: folds 
Gabrielfs13 has returned
Tyrxc: folds 
*** FLOP *** [8s 8c 2c]
Beto Macedo CCH: bets 241
Vergilii1951: calls 241
*** TURN *** [8s 8c 2c] [Qs]
Beto Macedo CCH: bets 1200
Vergilii1951: calls 1200
*** RIVER *** [8s 8c 2c Qs] [Kd]
Beto Macedo CCH: checks 
Vergilii1951: checks 
*** SHOW DOWN ***
Beto Macedo CCH: shows [Jc Qc] (two pair, Queens and Eights)
Vergilii1951: shows [4h Qh] (two pair, Queens and Eights)
Beto Macedo CCH collected 1843 from pot
Vergilii1951 collected 1843 from pot
*** SUMMARY ***
Total pot 3686 | Rake 0 
Board [8s 8c 2c Qs Kd]
Seat 1: pingoin29 folded before Flop (didn't bet)
Seat 2: Gabrielfs13 folded before Flop (didn't bet)
Seat 3: proffnot (button) folded before Flop (didn't bet)
Seat 4: Rammler2017 (small blind) folded before Flop
Seat 5: Tyrxc (big blind) folded before Flop
Seat 6: Beto Macedo CCH showed [Jc Qc] and won (1843) with two pair, Queens and Eights
Seat 7: Vergilii1951 showed [4h Qh] and won (1843) with two pair, Queens and Eights
Seat 8: EullerSantos folded before Flop (didn't bet)



PokerStars Hand #257171705083: Tournament #3914012628, $4.80+$5.00+$1.20 USD Hold'em No Limit - Level VII (60/120) - 2025/08/01 13:31:25 BRT [2025/08/01 12:31:25 ET]
Table '3914012628 28' 8-max Seat #4 is the button
Seat 1: pingoin29 (5426 in chips, $5 bounty) 
Seat 2: Gabrielfs13 (10718 in chips, $5 bounty) 
Seat 3: proffnot (4857 in chips, $5 bounty) 
Seat 4: Rammler2017 (3709 in chips, $7.50 bounty) 
Seat 5: Tyrxc (2763 in chips, $5 bounty) 
Seat 6: Beto Macedo CCH (5747 in chips, $5 bounty) 
Seat 7: Vergilii1951 (16714 in chips, $10 bounty) 
Seat 8: EullerSantos (5127 in chips, $5 bounty) 
pingoin29: posts the ante 18
Gabrielfs13: posts the ante 18
proffnot: posts the ante 18
Rammler2017: posts the ante 18
Tyrxc: posts the ante 18
Beto Macedo CCH: posts the ante 18
Vergilii1951: posts the ante 18
EullerSantos: posts the ante 18
Tyrxc: posts small blind 60
Beto Macedo CCH: posts big blind 120
*** HOLE CARDS ***
Dealt to Gabrielfs13 [Ks 9d]
Vergilii1951: folds 
EullerSantos: folds 
pingoin29: folds 
Gabrielfs13: raises 120 to 240
proffnot: folds 
Rammler2017: raises 3451 to 3691 and is all-in
Tyrxc: folds 
Beto Macedo CCH: folds 
Gabrielfs13: folds 
Uncalled bet (3451) returned to Rammler2017
Vergilii1951 is disconnected 
Rammler2017 collected 804 from pot
*** SUMMARY ***
Total pot 804 | Rake 0 
Seat 1: pingoin29 folded before Flop (didn't bet)
Seat 2: Gabrielfs13 folded before Flop
Seat 3: proffnot folded before Flop (didn't bet)
Seat 4: Rammler2017 (button) collected (804)
Seat 5: Tyrxc (small blind) folded before Flop
Seat 6: Beto Macedo CCH (big blind) folded before Flop
Seat 7: Vergilii1951 folded before Flop (didn't bet)
Seat 8: EullerSantos folded before Flop (didn't bet)



PokerStars Hand #257171711455: Tournament #3914012628, $4.80+$5.00+$1.20 USD Hold'em No Limit - Level VII (60/120) - 2025/08/01 13:31:59 BRT [2025/08/01 12:31:59 ET]
Table '3914012628 28' 8-max Seat #5 is the button
Seat 1: pingoin29 (5408 in chips, $5 bounty) 
Seat 2: Gabrielfs13 (10460 in chips, $5 bounty) 
Seat 3: proffnot (4839 in chips, $5 bounty) 
Seat 4: Rammler2017 (4255 in chips, $7.50 bounty) 
Seat 5: Tyrxc (2685 in chips, $5 bounty) 
Seat 6: Beto Macedo CCH (5609 in chips, $5 bounty) 
Seat 7: Vergilii1951 (16696 in chips, $10 bounty) 
Seat 8: EullerSantos (5109 in chips, $5 bounty) 
pingoin29: posts the ante 18
Gabrielfs13: posts the ante 18
proffnot: posts the ante 18
Rammler2017: posts the ante 18
Tyrxc: posts the ante 18
Beto Macedo CCH: posts the ante 18
Vergilii1951: posts the ante 18
EullerSantos: posts the ante 18
Beto Macedo CCH: posts small blind 60
Vergilii1951: posts big blind 120
*** HOLE CARDS ***
Dealt to Gabrielfs13 [3s Td]
EullerSantos: folds 
Vergilii1951 is disconnected 
pingoin29: folds 
Gabrielfs13: folds 
proffnot: folds 
Rammler2017: folds 
Tyrxc: folds 
Beto Macedo CCH: calls 60
Vergilii1951: raises 384 to 504
Beto Macedo CCH: folds 
Uncalled bet (384) returned to Vergilii1951
Vergilii1951 collected 384 from pot
*** SUMMARY ***
Total pot 384 | Rake 0 
Seat 1: pingoin29 folded before Flop (didn't bet)
Seat 2: Gabrielfs13 folded before Flop (didn't bet)
Seat 3: proffnot folded before Flop (didn't bet)
Seat 4: Rammler2017 folded before Flop (didn't bet)
Seat 5: Tyrxc (button) folded before Flop (didn't bet)
Seat 6: Beto Macedo CCH (small blind) folded before Flop
Seat 7: Vergilii1951 (big blind) collected (384)
Seat 8: EullerSantos folded before Flop (didn't bet)



PokerStars Hand #257171717966: Tournament #3914012628, $4.80+$5.00+$1.20 USD Hold'em No Limit - Level VII (60/120) - 2025/08/01 13:32:33 BRT [2025/08/01 12:32:33 ET]
Table '3914012628 28' 8-max Seat #6 is the button
Seat 1: pingoin29 (5390 in chips, $5 bounty) 
Seat 2: Gabrielfs13 (10442 in chips, $5 bounty) 
Seat 3: proffnot (4821 in chips, $5 bounty) 
Seat 4: Rammler2017 (4237 in chips, $7.50 bounty) 
Seat 5: Tyrxc (2667 in chips, $5 bounty) 
Seat 6: Beto Macedo CCH (5471 in chips, $5 bounty) 
Seat 7: Vergilii1951 (16942 in chips, $10 bounty) 
Seat 8: EullerSantos (5091 in chips, $5 bounty) 
pingoin29: posts the ante 18
Gabrielfs13: posts the ante 18
proffnot: posts the ante 18
Rammler2017: posts the ante 18
Tyrxc: posts the ante 18
Beto Macedo CCH: posts the ante 18
Vergilii1951: posts the ante 18
EullerSantos: posts the ante 18
Vergilii1951: posts small blind 60
EullerSantos: posts big blind 120
*** HOLE CARDS ***
Dealt to Gabrielfs13 [Kh 5d]
pingoin29: raises 120 to 240
Gabrielfs13: folds 
proffnot: folds 
Rammler2017: calls 240
Tyrxc: folds 
Beto Macedo CCH: folds 
Vergilii1951: calls 180
EullerSantos: calls 120
*** FLOP *** [5s Ad 6h]
Vergilii1951: checks 
EullerSantos: checks 
pingoin29: checks 
Rammler2017: checks 
*** TURN *** [5s Ad 6h] [8d]
Vergilii1951: bets 552
EullerSantos: raises 552 to 1104
pingoin29: folds 
Rammler2017: folds 
Vergilii1951: calls 552
*** RIVER *** [5s Ad 6h 8d] [3c]
Vergilii1951: checks 
EullerSantos: bets 3729 and is all-in
Vergilii1951: folds 
Uncalled bet (3729) returned to EullerSantos
EullerSantos collected 3312 from pot
*** SUMMARY ***
Total pot 3312 | Rake 0 
Board [5s Ad 6h 8d 3c]
Seat 1: pingoin29 folded on the Turn
Seat 2: Gabrielfs13 folded before Flop (didn't bet)
Seat 3: proffnot folded before Flop (didn't bet)
Seat 4: Rammler2017 folded on the Turn
Seat 5: Tyrxc folded before Flop (didn't bet)
Seat 6: Beto Macedo CCH (button) folded before Flop (didn't bet)
Seat 7: Vergilii1951 (small blind) folded on the River
Seat 8: EullerSantos (big blind) collected (3312)



PokerStars Hand #257171734752: Tournament #3914012628, $4.80+$5.00+$1.20 USD Hold'em No Limit - Level VIII (70/140) - 2025/08/01 13:34:02 BRT [2025/08/01 12:34:02 ET]
Table '3914012628 28' 8-max Seat #7 is the button
Seat 1: pingoin29 (5132 in chips, $5 bounty) 
Seat 2: Gabrielfs13 (10424 in chips, $5 bounty) 
Seat 3: proffnot (4803 in chips, $5 bounty) 
Seat 4: Rammler2017 (3979 in chips, $7.50 bounty) 
Seat 5: Tyrxc (2649 in chips, $5 bounty) 
Seat 6: Beto Macedo CCH (5453 in chips, $5 bounty) 
Seat 7: Vergilii1951 (15580 in chips, $10 bounty) 
Seat 8: EullerSantos (7041 in chips, $5 bounty) 
pingoin29: posts the ante 21
Gabrielfs13: posts the ante 21
proffnot: posts the ante 21
Rammler2017: posts the ante 21
Tyrxc: posts the ante 21
Beto Macedo CCH: posts the ante 21
Vergilii1951: posts the ante 21
EullerSantos: posts the ante 21
EullerSantos: posts small blind 70
pingoin29: posts big blind 140
*** HOLE CARDS ***
Dealt to Gabrielfs13 [7c As]
Gabrielfs13: folds 
proffnot: folds 
Rammler2017: folds 
Tyrxc: folds 
Beto Macedo CCH: folds 
Vergilii1951: folds 
EullerSantos: calls 70
pingoin29: checks 
*** FLOP *** [6d 6h 7d]
EullerSantos: checks 
pingoin29: bets 140
EullerSantos: calls 140
*** TURN *** [6d 6h 7d] [8h]
EullerSantos: checks 
pingoin29: checks 
*** RIVER *** [6d 6h 7d 8h] [2s]
EullerSantos: bets 728
pingoin29: calls 728
*** SHOW DOWN ***
EullerSantos: shows [5c 4h] (a straight, Four to Eight)
pingoin29: mucks hand 
EullerSantos collected 2184 from pot
*** SUMMARY ***
Total pot 2184 | Rake 0 
Board [6d 6h 7d 8h 2s]
Seat 1: pingoin29 (big blind) mucked [7s Js]
Seat 2: Gabrielfs13 folded before Flop (didn't bet)
Seat 3: proffnot folded before Flop (didn't bet)
Seat 4: Rammler2017 folded before Flop (didn't bet)
Seat 5: Tyrxc folded before Flop (didn't bet)
Seat 6: Beto Macedo CCH folded before Flop (didn't bet)
Seat 7: Vergilii1951 (button) folded before Flop (didn't bet)
Seat 8: EullerSantos (small blind) showed [5c 4h] and won (2184) with a straight, Four to Eight



PokerStars Hand #257171743178: Tournament #3914012628, $4.80+$5.00+$1.20 USD Hold'em No Limit - Level VIII (70/140) - 2025/08/01 13:34:47 BRT [2025/08/01 12:34:47 ET]
Table '3914012628 28' 8-max Seat #8 is the button
Seat 1: pingoin29 (4103 in chips, $5 bounty) 
Seat 2: Gabrielfs13 (10403 in chips, $5 bounty) 
Seat 3: proffnot (4782 in chips, $5 bounty) 
Seat 4: Rammler2017 (3958 in chips, $7.50 bounty) 
Seat 5: Tyrxc (2628 in chips, $5 bounty) 
Seat 6: Beto Macedo CCH (5432 in chips, $5 bounty) 
Seat 7: Vergilii1951 (15559 in chips, $10 bounty) 
Seat 8: EullerSantos (8196 in chips, $5 bounty) 
pingoin29: posts the ante 21
Gabrielfs13: posts the ante 21
proffnot: posts the ante 21
Rammler2017: posts the ante 21
Tyrxc: posts the ante 21
Beto Macedo CCH: posts the ante 21
Vergilii1951: posts the ante 21
EullerSantos: posts the ante 21
pingoin29: posts small blind 70
Gabrielfs13: posts big blind 140
*** HOLE CARDS ***
Dealt to Gabrielfs13 [Jh Jc]
proffnot: folds 
Rammler2017: folds 
Tyrxc: folds 
Beto Macedo CCH: folds 
Vergilii1951: folds 
EullerSantos: folds 
pingoin29: calls 70
Gabrielfs13: raises 350 to 490
pingoin29: folds 
Uncalled bet (350) returned to Gabrielfs13
Gabrielfs13 collected 448 from pot
Gabrielfs13: doesn't show hand 
*** SUMMARY ***
Total pot 448 | Rake 0 
Seat 1: pingoin29 (small blind) folded before Flop
Seat 2: Gabrielfs13 (big blind) collected (448)
Seat 3: proffnot folded before Flop (didn't bet)
Seat 4: Rammler2017 folded before Flop (didn't bet)
Seat 5: Tyrxc folded before Flop (didn't bet)
Seat 6: Beto Macedo CCH folded before Flop (didn't bet)
Seat 7: Vergilii1951 folded before Flop (didn't bet)
Seat 8: EullerSantos (button) folded before Flop (didn't bet)



PokerStars Hand #257171749045: Tournament #3914012628, $4.80+$5.00+$1.20 USD Hold'em No Limit - Level VIII (70/140) - 2025/08/01 13:35:18 BRT [2025/08/01 12:35:18 ET]
Table '3914012628 28' 8-max Seat #1 is the button
Seat 1: pingoin29 (3942 in chips, $5 bounty) 
Seat 2: Gabrielfs13 (10690 in chips, $5 bounty) 
Seat 3: proffnot (4761 in chips, $5 bounty) 
Seat 4: Rammler2017 (3937 in chips, $7.50 bounty) 
Seat 5: Tyrxc (2607 in chips, $5 bounty) 
Seat 6: Beto Macedo CCH (5411 in chips, $5 bounty) 
Seat 7: Vergilii1951 (15538 in chips, $10 bounty) 
Seat 8: EullerSantos (8175 in chips, $5 bounty) 
pingoin29: posts the ante 21
Gabrielfs13: posts the ante 21
proffnot: posts the ante 21
Rammler2017: posts the ante 21
Tyrxc: posts the ante 21
Beto Macedo CCH: posts the ante 21
Vergilii1951: posts the ante 21
EullerSantos: posts the ante 21
Gabrielfs13: posts small blind 70
proffnot: posts big blind 140
*** HOLE CARDS ***
Dealt to Gabrielfs13 [Kc 9d]
Rammler2017: folds 
Tyrxc: raises 168 to 308
Beto Macedo CCH: calls 308
Vergilii1951: calls 308
EullerSantos: folds 
pingoin29: folds 
Gabrielfs13: folds 
proffnot: calls 168
*** FLOP *** [3s 3c Js]
proffnot: checks 
Tyrxc: bets 485
Beto Macedo CCH: raises 635 to 1120
Vergilii1951: folds 
proffnot: raises 3312 to 4432 and is all-in
Tyrxc: calls 1793 and is all-in
Beto Macedo CCH: calls 3312
*** TURN *** [3s 3c Js] [6c]
*** RIVER *** [3s 3c Js 6c] [Ad]
*** SHOW DOWN ***
proffnot: shows [Ac 3d] (a full house, Threes full of Aces)
Beto Macedo CCH: shows [4s As] (two pair, Aces and Threes)
proffnot collected 4308 from side pot
Tyrxc: shows [Ks Kh] (two pair, Kings and Threes)
proffnot collected 8304 from main pot
proffnot wins $2.50 for eliminating Tyrxc and their own bounty increases by $2.50 to $7.50
Tyrxc finished the tournament
*** SUMMARY ***
Total pot 12612 Main pot 8304. Side pot 4308. | Rake 0 
Board [3s 3c Js 6c Ad]
Seat 1: pingoin29 (button) folded before Flop (didn't bet)
Seat 2: Gabrielfs13 (small blind) folded before Flop
Seat 3: proffnot (big blind) showed [Ac 3d] and won (12612) with a full house, Threes full of Aces
Seat 4: Rammler2017 folded before Flop (didn't bet)
Seat 5: Tyrxc showed [Ks Kh] and lost with two pair, Kings and Threes
Seat 6: Beto Macedo CCH showed [4s As] and lost with two pair, Aces and Threes
Seat 7: Vergilii1951 folded on the Flop
Seat 8: EullerSantos folded before Flop (didn't bet)



PokerStars Hand #257171764779: Tournament #3914012628, $4.80+$5.00+$1.20 USD Hold'em No Limit - Level VIII (70/140) - 2025/08/01 13:36:41 BRT [2025/08/01 12:36:41 ET]
Table '3914012628 28' 8-max Seat #2 is the button
Seat 1: pingoin29 (3921 in chips, $5 bounty) 
Seat 2: Gabrielfs13 (10599 in chips, $5 bounty) 
Seat 3: proffnot (12612 in chips, $7.50 bounty) 
Seat 4: Rammler2017 (3916 in chips, $7.50 bounty) 
Seat 6: Beto Macedo CCH (650 in chips, $5 bounty) 
Seat 7: Vergilii1951 (15209 in chips, $10 bounty) 
Seat 8: EullerSantos (8154 in chips, $5 bounty) 
pingoin29: posts the ante 21
Gabrielfs13: posts the ante 21
proffnot: posts the ante 21
Rammler2017: posts the ante 21
Beto Macedo CCH: posts the ante 21
Vergilii1951: posts the ante 21
EullerSantos: posts the ante 21
proffnot: posts small blind 70
Rammler2017: posts big blind 140
*** HOLE CARDS ***
Dealt to Gabrielfs13 [8c 8h]
Beto Macedo CCH: raises 489 to 629 and is all-in
Vergilii1951: calls 629
EullerSantos: folds 
pingoin29: folds 
Gabrielfs13: calls 629
proffnot: folds 
Rammler2017: folds 
*** FLOP *** [5d 2d 3c]
Vergilii1951: bets 1122
Gabrielfs13: raises 1122 to 2244
Vergilii1951: calls 1122
*** TURN *** [5d 2d 3c] [Tc]
Vergilii1951: bets 3366
Gabrielfs13: calls 3366
*** RIVER *** [5d 2d 3c Tc] [4h]
Vergilii1951: checks 
Gabrielfs13: checks 
*** SHOW DOWN ***
Vergilii1951: shows [Td 9d] (a pair of Tens)
Gabrielfs13: mucks hand 
Vergilii1951 collected 11220 from side pot
Beto Macedo CCH: shows [6c Jc] (a straight, Deuce to Six)
Beto Macedo CCH collected 2244 from main pot
*** SUMMARY ***
Total pot 13464 Main pot 2244. Side pot 11220. | Rake 0 
Board [5d 2d 3c Tc 4h]
Seat 1: pingoin29 folded before Flop (didn't bet)
Seat 2: Gabrielfs13 (button) mucked [8c 8h]
Seat 3: proffnot (small blind) folded before Flop
Seat 4: Rammler2017 (big blind) folded before Flop
Seat 6: Beto Macedo CCH showed [6c Jc] and won (2244) with a straight, Deuce to Six
Seat 7: Vergilii1951 showed [Td 9d] and won (11220) with a pair of Tens
Seat 8: EullerSantos folded before Flop (didn't bet)



PokerStars Hand #257171780068: Tournament #3914012628, $4.80+$5.00+$1.20 USD Hold'em No Limit - Level VIII (70/140) - 2025/08/01 13:38:02 BRT [2025/08/01 12:38:02 ET]
Table '3914012628 28' 8-max Seat #3 is the button
Seat 1: pingoin29 (3900 in chips, $5 bounty) 
Seat 2: Gabrielfs13 (4339 in chips, $5 bounty) 
Seat 3: proffnot (12521 in chips, $7.50 bounty) 
Seat 4: Rammler2017 (3755 in chips, $7.50 bounty) 
Seat 5: RomWR (5000 in chips, $5 bounty) 
Seat 6: Beto Macedo CCH (2244 in chips, $5 bounty) 
Seat 7: Vergilii1951 (20169 in chips, $10 bounty) 
Seat 8: EullerSantos (8133 in chips, $5 bounty) 
pingoin29: posts the ante 21
Gabrielfs13: posts the ante 21
proffnot: posts the ante 21
Rammler2017: posts the ante 21
RomWR: posts the ante 21
Beto Macedo CCH: posts the ante 21
Vergilii1951: posts the ante 21
EullerSantos: posts the ante 21
Rammler2017: posts small blind 70
RomWR: posts big blind 140
*** HOLE CARDS ***
Dealt to Gabrielfs13 [Js Tc]
Beto Macedo CCH: folds 
Vergilii1951: raises 140 to 280
RomWR is disconnected 
EullerSantos: folds 
pingoin29: folds 
Gabrielfs13: folds 
proffnot: folds 
Rammler2017: calls 210
RomWR has timed out while disconnected
RomWR: folds 
RomWR is sitting out
*** FLOP *** [Ac 3c 2c]
RomWR is disconnected 
RomWR has returned
Rammler2017: checks 
Vergilii1951: bets 420
Rammler2017: raises 854 to 1274
Vergilii1951: calls 854
*** TURN *** [Ac 3c 2c] [Kh]
Rammler2017: bets 980
Vergilii1951: calls 980
*** RIVER *** [Ac 3c 2c Kh] [Ts]
Rammler2017: bets 1200 and is all-in
Vergilii1951: calls 1200
*** SHOW DOWN ***
Rammler2017: shows [7c 9c] (a flush, Ace high)
Vergilii1951: shows [Jc Qd] (a straight, Ten to Ace)
Rammler2017 collected 7776 from pot
*** SUMMARY ***
Total pot 7776 | Rake 0 
Board [Ac 3c 2c Kh Ts]
Seat 1: pingoin29 folded before Flop (didn't bet)
Seat 2: Gabrielfs13 folded before Flop (didn't bet)
Seat 3: proffnot (button) folded before Flop (didn't bet)
Seat 4: Rammler2017 (small blind) showed [7c 9c] and won (7776) with a flush, Ace high
Seat 5: RomWR (big blind) folded before Flop
Seat 6: Beto Macedo CCH folded before Flop (didn't bet)
Seat 7: Vergilii1951 showed [Jc Qd] and lost with a straight, Ten to Ace
Seat 8: EullerSantos folded before Flop (didn't bet)



PokerStars Hand #257171795447: Tournament #3914012628, $4.80+$5.00+$1.20 USD Hold'em No Limit - Level VIII (70/140) - 2025/08/01 13:39:23 BRT [2025/08/01 12:39:23 ET]
Table '3914012628 28' 8-max Seat #4 is the button
Seat 1: pingoin29 (3879 in chips, $5 bounty) 
Seat 2: Gabrielfs13 (4318 in chips, $5 bounty) 
Seat 3: proffnot (12500 in chips, $7.50 bounty) 
Seat 4: Rammler2017 (7776 in chips, $7.50 bounty) 
Seat 5: RomWR (4839 in chips, $5 bounty) 
Seat 6: Beto Macedo CCH (2223 in chips, $5 bounty) 
Seat 7: Vergilii1951 (16414 in chips, $10 bounty) 
Seat 8: EullerSantos (8112 in chips, $5 bounty) 
pingoin29: posts the ante 21
Gabrielfs13: posts the ante 21
proffnot: posts the ante 21
Rammler2017: posts the ante 21
RomWR: posts the ante 21
Beto Macedo CCH: posts the ante 21
Vergilii1951: posts the ante 21
EullerSantos: posts the ante 21
RomWR: posts small blind 70
Beto Macedo CCH: posts big blind 140
*** HOLE CARDS ***
Dealt to Gabrielfs13 [As 3s]
Vergilii1951: folds 
EullerSantos: folds 
pingoin29: folds 
Gabrielfs13: raises 140 to 280
proffnot: folds 
Rammler2017: folds 
RomWR: folds 
Beto Macedo CCH: calls 140
*** FLOP *** [7c Th Tc]
Beto Macedo CCH: checks 
Gabrielfs13: bets 210
Beto Macedo CCH: folds 
Uncalled bet (210) returned to Gabrielfs13
Gabrielfs13 collected 798 from pot
Gabrielfs13: doesn't show hand 
*** SUMMARY ***
Total pot 798 | Rake 0 
Board [7c Th Tc]
Seat 1: pingoin29 folded before Flop (didn't bet)
Seat 2: Gabrielfs13 collected (798)
Seat 3: proffnot folded before Flop (didn't bet)
Seat 4: Rammler2017 (button) folded before Flop (didn't bet)
Seat 5: RomWR (small blind) folded before Flop
Seat 6: Beto Macedo CCH (big blind) folded on the Flop
Seat 7: Vergilii1951 folded before Flop (didn't bet)
Seat 8: EullerSantos folded before Flop (didn't bet)



PokerStars Hand #257171803943: Tournament #3914012628, $4.80+$5.00+$1.20 USD Hold'em No Limit - Level VIII (70/140) - 2025/08/01 13:40:08 BRT [2025/08/01 12:40:08 ET]
Table '3914012628 28' 8-max Seat #5 is the button
Seat 1: pingoin29 (3858 in chips, $5 bounty) 
Seat 2: Gabrielfs13 (4815 in chips, $5 bounty) 
Seat 3: proffnot (12479 in chips, $7.50 bounty) 
Seat 4: Rammler2017 (7755 in chips, $7.50 bounty) 
Seat 5: RomWR (4748 in chips, $5 bounty) 
Seat 6: Beto Macedo CCH (1922 in chips, $5 bounty) 
Seat 7: Vergilii1951 (16393 in chips, $10 bounty) 
Seat 8: EullerSantos (8091 in chips, $5 bounty) 
pingoin29: posts the ante 21
Gabrielfs13: posts the ante 21
proffnot: posts the ante 21
Rammler2017: posts the ante 21
RomWR: posts the ante 21
Beto Macedo CCH: posts the ante 21
Vergilii1951: posts the ante 21
EullerSantos: posts the ante 21
Beto Macedo CCH: posts small blind 70
Vergilii1951: posts big blind 140
*** HOLE CARDS ***
Dealt to Gabrielfs13 [9s 7h]
EullerSantos: folds 
pingoin29: folds 
Gabrielfs13: folds 
proffnot: calls 140
Rammler2017: folds 
RomWR: folds 
Beto Macedo CCH: calls 70
Vergilii1951: checks 
*** FLOP *** [Kd 2h Qh]
Beto Macedo CCH: checks 
Vergilii1951: checks 
proffnot: checks 
*** TURN *** [Kd 2h Qh] [4d]
RomWR is disconnected 
Beto Macedo CCH: checks 
Vergilii1951: bets 294
proffnot: folds 
Beto Macedo CCH: folds 
Uncalled bet (294) returned to Vergilii1951
Vergilii1951 collected 588 from pot
*** SUMMARY ***
Total pot 588 | Rake 0 
Board [Kd 2h Qh 4d]
Seat 1: pingoin29 folded before Flop (didn't bet)
Seat 2: Gabrielfs13 folded before Flop (didn't bet)
Seat 3: proffnot folded on the Turn
Seat 4: Rammler2017 folded before Flop (didn't bet)
Seat 5: RomWR (button) folded before Flop (didn't bet)
Seat 6: Beto Macedo CCH (small blind) folded on the Turn
Seat 7: Vergilii1951 (big blind) collected (588)
Seat 8: EullerSantos folded before Flop (didn't bet)



PokerStars Hand #257171817941: Tournament #3914012628, $4.80+$5.00+$1.20 USD Hold'em No Limit - Level IX (80/160) - 2025/08/01 13:41:21 BRT [2025/08/01 12:41:21 ET]
Table '3914012628 28' 8-max Seat #6 is the button
Seat 1: pingoin29 (3837 in chips, $5 bounty) 
Seat 2: Gabrielfs13 (4794 in chips, $5 bounty) 
Seat 3: proffnot (12318 in chips, $7.50 bounty) 
Seat 4: Rammler2017 (7734 in chips, $7.50 bounty) 
Seat 5: RomWR (4727 in chips, $5 bounty) 
Seat 6: Beto Macedo CCH (1761 in chips, $5 bounty) 
Seat 7: Vergilii1951 (16820 in chips, $10 bounty) 
Seat 8: EullerSantos (8070 in chips, $5 bounty) 
pingoin29: posts the ante 24
Gabrielfs13: posts the ante 24
proffnot: posts the ante 24
Rammler2017: posts the ante 24
RomWR: posts the ante 24
Beto Macedo CCH: posts the ante 24
Vergilii1951: posts the ante 24
EullerSantos: posts the ante 24
Vergilii1951: posts small blind 80
EullerSantos: posts big blind 160
*** HOLE CARDS ***
Dealt to Gabrielfs13 [Tc Kd]
pingoin29: folds 
RomWR is disconnected 
Gabrielfs13: folds 
proffnot: folds 
Rammler2017: folds 
RomWR: raises 160 to 320
Beto Macedo CCH: folds 
Vergilii1951 is disconnected 
Vergilii1951 has timed out while disconnected
Vergilii1951: folds 
Vergilii1951 is sitting out
Vergilii1951 is disconnected 
Vergilii1951 has returned
EullerSantos: calls 160
*** FLOP *** [3h 5s 4h]
EullerSantos: bets 301
RomWR: calls 301
*** TURN *** [3h 5s 4h] [8s]
EullerSantos: bets 757
RomWR: calls 757
*** RIVER *** [3h 5s 4h 8s] [8h]
EullerSantos: checks 
RomWR: bets 3325 and is all-in
EullerSantos: folds 
Uncalled bet (3325) returned to RomWR
RomWR collected 3028 from pot
*** SUMMARY ***
Total pot 3028 | Rake 0 
Board [3h 5s 4h 8s 8h]
Seat 1: pingoin29 folded before Flop (didn't bet)
Seat 2: Gabrielfs13 folded before Flop (didn't bet)
Seat 3: proffnot folded before Flop (didn't bet)
Seat 4: Rammler2017 folded before Flop (didn't bet)
Seat 5: RomWR collected (3028)
Seat 6: Beto Macedo CCH (button) folded before Flop (didn't bet)
Seat 7: Vergilii1951 (small blind) folded before Flop
Seat 8: EullerSantos (big blind) folded on the River



PokerStars Hand #257171838042: Tournament #3914012628, $4.80+$5.00+$1.20 USD Hold'em No Limit - Level IX (80/160) - 2025/08/01 13:43:06 BRT [2025/08/01 12:43:06 ET]
Table '3914012628 28' 8-max Seat #7 is the button
Seat 1: pingoin29 (3813 in chips, $5 bounty) 
Seat 2: Gabrielfs13 (4770 in chips, $5 bounty) 
Seat 3: proffnot (12294 in chips, $7.50 bounty) 
Seat 4: Rammler2017 (7710 in chips, $7.50 bounty) 
Seat 5: RomWR (6353 in chips, $5 bounty) 
Seat 6: Beto Macedo CCH (1737 in chips, $5 bounty) 
Seat 7: Vergilii1951 (16716 in chips, $10 bounty) 
Seat 8: EullerSantos (6668 in chips, $5 bounty) 
pingoin29: posts the ante 24
Gabrielfs13: posts the ante 24
proffnot: posts the ante 24
Rammler2017: posts the ante 24
RomWR: posts the ante 24
Beto Macedo CCH: posts the ante 24
Vergilii1951: posts the ante 24
EullerSantos: posts the ante 24
EullerSantos: posts small blind 80
pingoin29: posts big blind 160
*** HOLE CARDS ***
Dealt to Gabrielfs13 [5c 4s]
Gabrielfs13: folds 
proffnot: calls 160
Rammler2017: folds 
RomWR: folds 
Beto Macedo CCH: calls 160
Vergilii1951: folds 
EullerSantos: calls 80
RomWR is disconnected 
pingoin29: raises 160 to 320
proffnot: calls 160
Beto Macedo CCH: calls 160
RomWR is disconnected 
EullerSantos: calls 160
*** FLOP *** [Kd 4h 9s]
EullerSantos: checks 
pingoin29: checks 
proffnot: checks 
Beto Macedo CCH: bets 320
EullerSantos: folds 
pingoin29: calls 320
proffnot: calls 320
*** TURN *** [Kd 4h 9s] [6d]
pingoin29: checks 
proffnot: checks 
Beto Macedo CCH: bets 1073 and is all-in
pingoin29: folds 
proffnot: calls 1073
*** RIVER *** [Kd 4h 9s 6d] [8s]
*** SHOW DOWN ***
proffnot: shows [8d 9d] (two pair, Nines and Eights)
Beto Macedo CCH: shows [Kh Jd] (a pair of Kings)
proffnot collected 4578 from pot
proffnot wins $2.50 for eliminating Beto Macedo CCH and their own bounty increases by $2.50 to $10
Beto Macedo CCH finished the tournament
*** SUMMARY ***
Total pot 4578 | Rake 0 
Board [Kd 4h 9s 6d 8s]
Seat 1: pingoin29 (big blind) folded on the Turn
Seat 2: Gabrielfs13 folded before Flop (didn't bet)
Seat 3: proffnot showed [8d 9d] and won (4578) with two pair, Nines and Eights
Seat 4: Rammler2017 folded before Flop (didn't bet)
Seat 5: RomWR folded before Flop (didn't bet)
Seat 6: Beto Macedo CCH showed [Kh Jd] and lost with a pair of Kings
Seat 7: Vergilii1951 (button) folded before Flop (didn't bet)
Seat 8: EullerSantos (small blind) folded on the Flop



PokerStars Hand #257171851546: Tournament #3914012628, $4.80+$5.00+$1.20 USD Hold'em No Limit - Level IX (80/160) - 2025/08/01 13:44:17 BRT [2025/08/01 12:44:17 ET]
Table '3914012628 28' 8-max Seat #8 is the button
Seat 1: pingoin29 (3149 in chips, $5 bounty) 
Seat 2: Gabrielfs13 (4746 in chips, $5 bounty) 
Seat 3: proffnot (15135 in chips, $10 bounty) 
Seat 4: Rammler2017 (7686 in chips, $7.50 bounty) 
Seat 5: RomWR (6329 in chips, $5 bounty) 
Seat 7: Vergilii1951 (16692 in chips, $10 bounty) 
Seat 8: EullerSantos (6324 in chips, $5 bounty) 
pingoin29: posts the ante 24
Gabrielfs13: posts the ante 24
proffnot: posts the ante 24
Rammler2017: posts the ante 24
RomWR: posts the ante 24
Vergilii1951: posts the ante 24
EullerSantos: posts the ante 24
pingoin29: posts small blind 80
Gabrielfs13: posts big blind 160
*** HOLE CARDS ***
Dealt to Gabrielfs13 [As 7c]
proffnot: folds 
Rammler2017: folds 
RomWR: folds 
Vergilii1951: raises 160 to 320
EullerSantos: folds 
pingoin29: raises 2805 to 3125 and is all-in
Gabrielfs13: folds 
Vergilii1951: calls 2805
*** FLOP *** [Td 4d Qh]
*** TURN *** [Td 4d Qh] [Jd]
*** RIVER *** [Td 4d Qh Jd] [9c]
*** SHOW DOWN ***
pingoin29: shows [Ac Ah] (a pair of Aces)
Vergilii1951: shows [8d Ad] (a flush, Ace high)
Vergilii1951 collected 6578 from pot
Vergilii1951 wins $2.50 for eliminating pingoin29 and their own bounty increases by $2.50 to $12.50
pingoin29 finished the tournament
theplumber96 is disconnected 
*** SUMMARY ***
Total pot 6578 | Rake 0 
Board [Td 4d Qh Jd 9c]
Seat 1: pingoin29 (small blind) showed [Ac Ah] and lost with a pair of Aces
Seat 2: Gabrielfs13 (big blind) folded before Flop
Seat 3: proffnot folded before Flop (didn't bet)
Seat 4: Rammler2017 folded before Flop (didn't bet)
Seat 5: RomWR folded before Flop (didn't bet)
Seat 7: Vergilii1951 showed [8d Ad] and won (6578) with a flush, Ace high
Seat 8: EullerSantos (button) folded before Flop (didn't bet)



PokerStars Hand #257171861520: Tournament #3914012628, $4.80+$5.00+$1.20 USD Hold'em No Limit - Level IX (80/160) - 2025/08/01 13:45:09 BRT [2025/08/01 12:45:09 ET]
Table '3914012628 28' 8-max Seat #2 is the button
Seat 2: Gabrielfs13 (4562 in chips, $5 bounty) 
Seat 3: proffnot (15111 in chips, $10 bounty) 
Seat 4: Rammler2017 (7662 in chips, $7.50 bounty) 
Seat 5: RomWR (6305 in chips, $5 bounty) 
Seat 6: theplumber96 (5772 in chips, $5 bounty) 
Seat 7: Vergilii1951 (20121 in chips, $12.50 bounty) 
Seat 8: EullerSantos (6300 in chips, $5 bounty) 
Gabrielfs13: posts the ante 24
proffnot: posts the ante 24
Rammler2017: posts the ante 24
RomWR: posts the ante 24
theplumber96: posts the ante 24
Vergilii1951: posts the ante 24
EullerSantos: posts the ante 24
proffnot: posts small blind 80
Rammler2017: posts big blind 160
*** HOLE CARDS ***
Dealt to Gabrielfs13 [9d Ah]
RomWR: folds 
theplumber96: folds 
Vergilii1951: folds 
EullerSantos: folds 
Gabrielfs13: raises 160 to 320
proffnot: folds 
Rammler2017: calls 160
*** FLOP *** [3s 3h 3d]
Rammler2017: checks 
Gabrielfs13: bets 240
Rammler2017: folds 
Uncalled bet (240) returned to Gabrielfs13
Gabrielfs13 collected 888 from pot
Gabrielfs13: doesn't show hand 
*** SUMMARY ***
Total pot 888 | Rake 0 
Board [3s 3h 3d]
Seat 2: Gabrielfs13 (button) collected (888)
Seat 3: proffnot (small blind) folded before Flop
Seat 4: Rammler2017 (big blind) folded on the Flop
Seat 5: RomWR folded before Flop (didn't bet)
Seat 6: theplumber96 folded before Flop (didn't bet)
Seat 7: Vergilii1951 folded before Flop (didn't bet)
Seat 8: EullerSantos folded before Flop (didn't bet)



PokerStars Hand #257171870889: Tournament #3914012628, $4.80+$5.00+$1.20 USD Hold'em No Limit - Level IX (80/160) - 2025/08/01 13:45:58 BRT [2025/08/01 12:45:58 ET]
Table '3914012628 28' 8-max Seat #3 is the button
Seat 1: RobertYeghikyan (5000 in chips, $5 bounty) 
Seat 2: Gabrielfs13 (5106 in chips, $5 bounty) 
Seat 3: proffnot (15007 in chips, $10 bounty) 
Seat 4: Rammler2017 (7318 in chips, $7.50 bounty) 
Seat 5: RomWR (6281 in chips, $5 bounty) 
Seat 6: theplumber96 (5748 in chips, $5 bounty) 
Seat 7: Vergilii1951 (20097 in chips, $12.50 bounty) 
Seat 8: EullerSantos (6276 in chips, $5 bounty) 
RobertYeghikyan: posts the ante 24
Gabrielfs13: posts the ante 24
proffnot: posts the ante 24
Rammler2017: posts the ante 24
RomWR: posts the ante 24
theplumber96: posts the ante 24
Vergilii1951: posts the ante 24
EullerSantos: posts the ante 24
Rammler2017: posts small blind 80
RomWR: posts big blind 160
*** HOLE CARDS ***
Dealt to Gabrielfs13 [As Ts]
theplumber96: folds 
Vergilii1951: raises 160 to 320
EullerSantos: folds 
RobertYeghikyan: folds 
Gabrielfs13: calls 320
proffnot: folds 
Rammler2017: folds 
RomWR: calls 160
*** FLOP *** [8s 4d 4s]
RomWR: checks 
Vergilii1951 is disconnected 
Vergilii1951 has timed out while being disconnected
Vergilii1951: checks 
Gabrielfs13: bets 616
RomWR: folds 
Vergilii1951 is connected 
Vergilii1951 is disconnected 
Vergilii1951 is connected 
Vergilii1951: raises 616 to 1232
Gabrielfs13: calls 616
*** TURN *** [8s 4d 4s] [7d]
Vergilii1951: bets 3696
Gabrielfs13: calls 3530 and is all-in
Uncalled bet (166) returned to Vergilii1951
*** RIVER *** [8s 4d 4s 7d] [8h]
*** SHOW DOWN ***
Vergilii1951: shows [6c 6s] (two pair, Eights and Sixes)
Gabrielfs13: shows [As Ts] (two pair, Eights and Fours)
Vergilii1951 collected 10756 from pot
Vergilii1951 wins $2.50 for eliminating Gabrielfs13 and their own bounty increases by $2.50 to $15
Gabrielfs13 finished the tournament
*** SUMMARY ***
Total pot 10756 | Rake 0 
Board [8s 4d 4s 7d 8h]
Seat 1: RobertYeghikyan folded before Flop (didn't bet)
Seat 2: Gabrielfs13 showed [As Ts] and lost with two pair, Eights and Fours
Seat 3: proffnot (button) folded before Flop (didn't bet)
Seat 4: Rammler2017 (small blind) folded before Flop
Seat 5: RomWR (big blind) folded on the Flop
Seat 6: theplumber96 folded before Flop (didn't bet)
Seat 7: Vergilii1951 showed [6c 6s] and won (10756) with two pair, Eights and Sixes
Seat 8: EullerSantos folded before Flop (didn't bet)



PokerStars Hand #257171897514: Tournament #3914012628, $4.80+$5.00+$1.20 USD Hold'em No Limit - Level IX (80/160) - 2025/08/01 13:48:18 BRT [2025/08/01 12:48:18 ET]
Table '3914012628 104' 8-max Seat #6 is the button
Seat 1: PKSVD (4952 in chips, $5 bounty) 
Seat 2: radudjj (12177 in chips, $8.75 bounty) 
Seat 3: Pitinnnn (7841 in chips, $8.75 bounty) 
Seat 4: Gabrielfs13 (5000 in chips, $5 bounty) 
Seat 5: faelmichelman33 (8370 in chips, $5 bounty) 
Seat 6: Silver Melo (10631 in chips, $7.50 bounty) is sitting out
Seat 7: rafaelberts (20767 in chips, $12.50 bounty) 
Seat 8: TheGorgon333 (4976 in chips, $5 bounty) 
PKSVD: posts the ante 24
radudjj: posts the ante 24
Pitinnnn: posts the ante 24
Gabrielfs13: posts the ante 24
faelmichelman33: posts the ante 24
Silver Melo: posts the ante 24
rafaelberts: posts the ante 24
TheGorgon333: posts the ante 24
rafaelberts: posts small blind 80
TheGorgon333: posts big blind 160
*** HOLE CARDS ***
Dealt to Gabrielfs13 [2s Jh]
PKSVD: folds 
radudjj: folds 
Pitinnnn: folds 
Gabrielfs13: folds 
faelmichelman33: folds 
Silver Melo: folds 
rafaelberts: raises 320 to 480
TheGorgon333: folds 
Uncalled bet (320) returned to rafaelberts
rafaelberts collected 512 from pot
rafaelberts: doesn't show hand 
*** SUMMARY ***
Total pot 512 | Rake 0 
Seat 1: PKSVD folded before Flop (didn't bet)
Seat 2: radudjj folded before Flop (didn't bet)
Seat 3: Pitinnnn folded before Flop (didn't bet)
Seat 4: Gabrielfs13 folded before Flop (didn't bet)
Seat 5: faelmichelman33 folded before Flop (didn't bet)
Seat 6: Silver Melo (button) folded before Flop (didn't bet)
Seat 7: rafaelberts (small blind) collected (512)
Seat 8: TheGorgon333 (big blind) folded before Flop



PokerStars Hand #257171903031: Tournament #3914012628, $4.80+$5.00+$1.20 USD Hold'em No Limit - Level IX (80/160) - 2025/08/01 13:48:46 BRT [2025/08/01 12:48:46 ET]
Table '3914012628 104' 8-max Seat #7 is the button
Seat 1: PKSVD (4928 in chips, $5 bounty) 
Seat 2: radudjj (12153 in chips, $8.75 bounty) 
Seat 3: Pitinnnn (7817 in chips, $8.75 bounty) 
Seat 4: Gabrielfs13 (4976 in chips, $5 bounty) 
Seat 5: faelmichelman33 (8346 in chips, $5 bounty) 
Seat 6: Silver Melo (10607 in chips, $7.50 bounty) is sitting out
Seat 7: rafaelberts (21095 in chips, $12.50 bounty) 
Seat 8: TheGorgon333 (4792 in chips, $5 bounty) 
PKSVD: posts the ante 24
radudjj: posts the ante 24
Pitinnnn: posts the ante 24
Gabrielfs13: posts the ante 24
faelmichelman33: posts the ante 24
Silver Melo: posts the ante 24
rafaelberts: posts the ante 24
TheGorgon333: posts the ante 24
TheGorgon333: posts small blind 80
PKSVD: posts big blind 160
*** HOLE CARDS ***
Dealt to Gabrielfs13 [9s Jd]
radudjj: raises 160 to 320
Pitinnnn: folds 
Gabrielfs13: folds 
faelmichelman33: folds 
Silver Melo: folds 
rafaelberts: folds 
TheGorgon333: folds 
PKSVD: folds 
Uncalled bet (160) returned to radudjj
radudjj collected 592 from pot
radudjj: doesn't show hand 
*** SUMMARY ***
Total pot 592 | Rake 0 
Seat 1: PKSVD (big blind) folded before Flop
Seat 2: radudjj collected (592)
Seat 3: Pitinnnn folded before Flop (didn't bet)
Seat 4: Gabrielfs13 folded before Flop (didn't bet)
Seat 5: faelmichelman33 folded before Flop (didn't bet)
Seat 6: Silver Melo folded before Flop (didn't bet)
Seat 7: rafaelberts (button) folded before Flop (didn't bet)
Seat 8: TheGorgon333 (small blind) folded before Flop



PokerStars Hand #257171908418: Tournament #3914012628, $4.80+$5.00+$1.20 USD Hold'em No Limit - Level X (90/180) - 2025/08/01 13:49:15 BRT [2025/08/01 12:49:15 ET]
Table '3914012628 104' 8-max Seat #8 is the button
Seat 1: PKSVD (4744 in chips, $5 bounty) 
Seat 2: radudjj (12561 in chips, $8.75 bounty) 
Seat 3: Pitinnnn (7793 in chips, $8.75 bounty) 
Seat 4: Gabrielfs13 (4952 in chips, $5 bounty) 
Seat 5: faelmichelman33 (8322 in chips, $5 bounty) 
Seat 6: Silver Melo (10583 in chips, $7.50 bounty) is sitting out
Seat 7: rafaelberts (21071 in chips, $12.50 bounty) 
Seat 8: TheGorgon333 (4688 in chips, $5 bounty) 
PKSVD: posts the ante 27
radudjj: posts the ante 27
Pitinnnn: posts the ante 27
Gabrielfs13: posts the ante 27
faelmichelman33: posts the ante 27
Silver Melo: posts the ante 27
rafaelberts: posts the ante 27
TheGorgon333: posts the ante 27
PKSVD: posts small blind 90
radudjj: posts big blind 180
*** HOLE CARDS ***
Dealt to Gabrielfs13 [Kc 6s]
Pitinnnn: folds 
Gabrielfs13: folds 
faelmichelman33: raises 180 to 360
Silver Melo: folds 
rafaelberts: calls 360
TheGorgon333: folds 
PKSVD: folds 
radudjj: folds 
*** FLOP *** [2c 8s Kd]
faelmichelman33: checks 
rafaelberts: checks 
*** TURN *** [2c 8s Kd] [5h]
faelmichelman33: bets 482
rafaelberts: calls 482
*** RIVER *** [2c 8s Kd 5h] [As]
faelmichelman33: bets 1845
rafaelberts: folds 
Uncalled bet (1845) returned to faelmichelman33
faelmichelman33 collected 2170 from pot
*** SUMMARY ***
Total pot 2170 | Rake 0 
Board [2c 8s Kd 5h As]
Seat 1: PKSVD (small blind) folded before Flop
Seat 2: radudjj (big blind) folded before Flop
Seat 3: Pitinnnn folded before Flop (didn't bet)
Seat 4: Gabrielfs13 folded before Flop (didn't bet)
Seat 5: faelmichelman33 collected (2170)
Seat 6: Silver Melo folded before Flop (didn't bet)
Seat 7: rafaelberts folded on the River
Seat 8: TheGorgon333 (button) folded before Flop (didn't bet)



PokerStars Hand #257171933465: Tournament #3914012628, $4.80+$5.00+$1.20 USD Hold'em No Limit - Level X (90/180) - 2025/08/01 13:51:26 BRT [2025/08/01 12:51:26 ET]
Table '3914012628 104' 8-max Seat #1 is the button
Seat 1: PKSVD (4627 in chips, $5 bounty) 
Seat 2: radudjj (12354 in chips, $8.75 bounty) 
Seat 3: Pitinnnn (7766 in chips, $8.75 bounty) 
Seat 4: Gabrielfs13 (4925 in chips, $5 bounty) 
Seat 5: faelmichelman33 (9623 in chips, $5 bounty) 
Seat 6: Silver Melo (10556 in chips, $7.50 bounty) is sitting out
Seat 7: rafaelberts (20202 in chips, $12.50 bounty) 
Seat 8: TheGorgon333 (4661 in chips, $5 bounty) 
PKSVD: posts the ante 27
radudjj: posts the ante 27
Pitinnnn: posts the ante 27
Gabrielfs13: posts the ante 27
faelmichelman33: posts the ante 27
Silver Melo: posts the ante 27
rafaelberts: posts the ante 27
TheGorgon333: posts the ante 27
radudjj: posts small blind 90
Pitinnnn: posts big blind 180
*** HOLE CARDS ***
Dealt to Gabrielfs13 [Kc 3s]
Gabrielfs13: folds 
faelmichelman33: folds 
Silver Melo: folds 
rafaelberts: folds 
TheGorgon333: raises 180 to 360
PKSVD: folds 
radudjj: calls 270
Pitinnnn: folds 
*** FLOP *** [6d 2d 4s]
radudjj: checks 
TheGorgon333: bets 378
radudjj: calls 378
*** TURN *** [6d 2d 4s] [Ac]
radudjj: checks 
TheGorgon333: bets 756
radudjj: calls 756
*** RIVER *** [6d 2d 4s Ac] [6s]
radudjj: checks 
TheGorgon333: bets 3140 and is all-in
radudjj: folds 
Uncalled bet (3140) returned to TheGorgon333
TheGorgon333 collected 3384 from pot
*** SUMMARY ***
Total pot 3384 | Rake 0 
Board [6d 2d 4s Ac 6s]
Seat 1: PKSVD (button) folded before Flop (didn't bet)
Seat 2: radudjj (small blind) folded on the River
Seat 3: Pitinnnn (big blind) folded before Flop
Seat 4: Gabrielfs13 folded before Flop (didn't bet)
Seat 5: faelmichelman33 folded before Flop (didn't bet)
Seat 6: Silver Melo folded before Flop (didn't bet)
Seat 7: rafaelberts folded before Flop (didn't bet)
Seat 8: TheGorgon333 collected (3384)



PokerStars Hand #257171947842: Tournament #3914012628, $4.80+$5.00+$1.20 USD Hold'em No Limit - Level X (90/180) - 2025/08/01 13:52:42 BRT [2025/08/01 12:52:42 ET]
Table '3914012628 104' 8-max Seat #2 is the button
Seat 1: PKSVD (4600 in chips, $5 bounty) 
Seat 2: radudjj (10833 in chips, $8.75 bounty) 
Seat 3: Pitinnnn (7559 in chips, $8.75 bounty) 
Seat 4: Gabrielfs13 (4898 in chips, $5 bounty) 
Seat 5: faelmichelman33 (9596 in chips, $5 bounty) 
Seat 6: Silver Melo (10529 in chips, $7.50 bounty) is sitting out
Seat 7: rafaelberts (20175 in chips, $12.50 bounty) 
Seat 8: TheGorgon333 (6524 in chips, $5 bounty) 
PKSVD: posts the ante 27
radudjj: posts the ante 27
Pitinnnn: posts the ante 27
Gabrielfs13: posts the ante 27
faelmichelman33: posts the ante 27
Silver Melo: posts the ante 27
rafaelberts: posts the ante 27
TheGorgon333: posts the ante 27
Pitinnnn: posts small blind 90
Gabrielfs13: posts big blind 180
*** HOLE CARDS ***
Dealt to Gabrielfs13 [6d Js]
faelmichelman33: folds 
Silver Melo: folds 
rafaelberts: raises 180 to 360
TheGorgon333: folds 
PKSVD: raises 4213 to 4573 and is all-in
radudjj: folds 
Pitinnnn: folds 
Gabrielfs13: folds 
rafaelberts: calls 4213
*** FLOP *** [Jc Jh Jd]
*** TURN *** [Jc Jh Jd] [8h]
*** RIVER *** [Jc Jh Jd 8h] [3c]
*** SHOW DOWN ***
rafaelberts: shows [2h 2c] (a full house, Jacks full of Deuces)
PKSVD: shows [Ad Qh] (three of a kind, Jacks)
rafaelberts collected 9632 from pot
rafaelberts wins $2.50 for eliminating PKSVD and their own bounty increases by $2.50 to $15
PKSVD finished the tournament
*** SUMMARY ***
Total pot 9632 | Rake 0 
Board [Jc Jh Jd 8h 3c]
Seat 1: PKSVD showed [Ad Qh] and lost with three of a kind, Jacks
Seat 2: radudjj (button) folded before Flop (didn't bet)
Seat 3: Pitinnnn (small blind) folded before Flop
Seat 4: Gabrielfs13 (big blind) folded before Flop
Seat 5: faelmichelman33 folded before Flop (didn't bet)
Seat 6: Silver Melo folded before Flop (didn't bet)
Seat 7: rafaelberts showed [2h 2c] and won (9632) with a full house, Jacks full of Deuces
Seat 8: TheGorgon333 folded before Flop (didn't bet)



PokerStars Hand #257171958984: Tournament #3914012628, $4.80+$5.00+$1.20 USD Hold'em No Limit - Level X (90/180) - 2025/08/01 13:53:40 BRT [2025/08/01 12:53:40 ET]
Table '3914012628 104' 8-max Seat #3 is the button
Seat 2: radudjj (10806 in chips, $8.75 bounty) 
Seat 3: Pitinnnn (7442 in chips, $8.75 bounty) 
Seat 4: Gabrielfs13 (4691 in chips, $5 bounty) 
Seat 5: faelmichelman33 (9569 in chips, $5 bounty) 
Seat 6: Silver Melo (10502 in chips, $7.50 bounty) is sitting out
Seat 7: rafaelberts (25207 in chips, $15 bounty) 
Seat 8: TheGorgon333 (6497 in chips, $5 bounty) 
radudjj: posts the ante 27
Pitinnnn: posts the ante 27
Gabrielfs13: posts the ante 27
faelmichelman33: posts the ante 27
Silver Melo: posts the ante 27
rafaelberts: posts the ante 27
TheGorgon333: posts the ante 27
Gabrielfs13: posts small blind 90
faelmichelman33: posts big blind 180
*** HOLE CARDS ***
Dealt to Gabrielfs13 [2h Jd]
Silver Melo: folds 
rafaelberts: folds 
TheGorgon333: folds 
radudjj: folds 
Pitinnnn: raises 180 to 360
Gabrielfs13: folds 
faelmichelman33: folds 
Uncalled bet (180) returned to Pitinnnn
Pitinnnn collected 639 from pot
Pitinnnn: doesn't show hand 
*** SUMMARY ***
Total pot 639 | Rake 0 
Seat 2: radudjj folded before Flop (didn't bet)
Seat 3: Pitinnnn (button) collected (639)
Seat 4: Gabrielfs13 (small blind) folded before Flop
Seat 5: faelmichelman33 (big blind) folded before Flop
Seat 6: Silver Melo folded before Flop (didn't bet)
Seat 7: rafaelberts folded before Flop (didn't bet)
Seat 8: TheGorgon333 folded before Flop (didn't bet)



PokerStars Hand #257171964699: Tournament #3914012628, $4.80+$5.00+$1.20 USD Hold'em No Limit - Level X (90/180) - 2025/08/01 13:54:10 BRT [2025/08/01 12:54:10 ET]
Table '3914012628 104' 8-max Seat #4 is the button
Seat 2: radudjj (10779 in chips, $8.75 bounty) 
Seat 3: Pitinnnn (7874 in chips, $8.75 bounty) 
Seat 4: Gabrielfs13 (4574 in chips, $5 bounty) 
Seat 5: faelmichelman33 (9362 in chips, $5 bounty) 
Seat 6: Silver Melo (10475 in chips, $7.50 bounty) is sitting out
Seat 7: rafaelberts (25180 in chips, $15 bounty) 
Seat 8: TheGorgon333 (6470 in chips, $5 bounty) 
radudjj: posts the ante 27
Pitinnnn: posts the ante 27
Gabrielfs13: posts the ante 27
faelmichelman33: posts the ante 27
Silver Melo: posts the ante 27
rafaelberts: posts the ante 27
TheGorgon333: posts the ante 27
faelmichelman33: posts small blind 90
Silver Melo: posts big blind 180
*** HOLE CARDS ***
Dealt to Gabrielfs13 [4c Qh]
rafaelberts: folds 
TheGorgon333: folds 
radudjj: folds 
Pitinnnn: folds 
Gabrielfs13: folds 
faelmichelman33: raises 576 to 756
Silver Melo: folds 
Uncalled bet (576) returned to faelmichelman33
faelmichelman33 collected 549 from pot
*** SUMMARY ***
Total pot 549 | Rake 0 
Seat 2: radudjj folded before Flop (didn't bet)
Seat 3: Pitinnnn folded before Flop (didn't bet)
Seat 4: Gabrielfs13 (button) folded before Flop (didn't bet)
Seat 5: faelmichelman33 (small blind) collected (549)
Seat 6: Silver Melo (big blind) folded before Flop
Seat 7: rafaelberts folded before Flop (didn't bet)
Seat 8: TheGorgon333 folded before Flop (didn't bet)



PokerStars Hand #257171970749: Tournament #3914012628, $4.80+$5.00+$1.20 USD Hold'em No Limit - Level X (90/180) - 2025/08/01 13:54:41 BRT [2025/08/01 12:54:41 ET]
Table '3914012628 104' 8-max Seat #5 is the button
Seat 2: radudjj (10752 in chips, $8.75 bounty) 
Seat 3: Pitinnnn (7847 in chips, $8.75 bounty) 
Seat 4: Gabrielfs13 (4547 in chips, $5 bounty) 
Seat 5: faelmichelman33 (9704 in chips, $5 bounty) 
Seat 6: Silver Melo (10268 in chips, $7.50 bounty) is sitting out
Seat 7: rafaelberts (25153 in chips, $15 bounty) 
Seat 8: TheGorgon333 (6443 in chips, $5 bounty) 
radudjj: posts the ante 27
Pitinnnn: posts the ante 27
Gabrielfs13: posts the ante 27
faelmichelman33: posts the ante 27
Silver Melo: posts the ante 27
rafaelberts: posts the ante 27
TheGorgon333: posts the ante 27
Silver Melo: posts small blind 90
rafaelberts: posts big blind 180
*** HOLE CARDS ***
Dealt to Gabrielfs13 [Qd Qh]
TheGorgon333: folds 
radudjj: raises 180 to 360
Pitinnnn: folds 
Gabrielfs13: raises 720 to 1080
faelmichelman33: folds 
Silver Melo: folds 
rafaelberts: folds 
radudjj: calls 720
*** FLOP *** [Ad 5d Ah]
radudjj: checks 
Gabrielfs13: bets 655
radudjj: calls 655
*** TURN *** [Ad 5d Ah] [9s]
radudjj: checks 
Gabrielfs13: checks 
*** RIVER *** [Ad 5d Ah 9s] [8h]
radudjj: checks 
Gabrielfs13: checks 
*** SHOW DOWN ***
radudjj: shows [9d Td] (two pair, Aces and Nines)
Gabrielfs13: shows [Qd Qh] (two pair, Aces and Queens)
Gabrielfs13 collected 3929 from pot
*** SUMMARY ***
Total pot 3929 | Rake 0 
Board [Ad 5d Ah 9s 8h]
Seat 2: radudjj showed [9d Td] and lost with two pair, Aces and Nines
Seat 3: Pitinnnn folded before Flop (didn't bet)
Seat 4: Gabrielfs13 showed [Qd Qh] and won (3929) with two pair, Aces and Queens
Seat 5: faelmichelman33 (button) folded before Flop (didn't bet)
Seat 6: Silver Melo (small blind) folded before Flop
Seat 7: rafaelberts (big blind) folded before Flop
Seat 8: TheGorgon333 folded before Flop (didn't bet)



PokerStars Hand #257172035883: Tournament #3914012628, $4.80+$5.00+$1.20 USD Hold'em No Limit - Level X (90/180) - 2025/08/01 14:01:53 BRT [2025/08/01 13:01:53 ET]
Table '3914012628 104' 8-max Seat #6 is the button
Seat 1: MixmcFly (8189 in chips, $7.50 bounty) 
Seat 2: radudjj (8990 in chips, $8.75 bounty) 
Seat 3: Pitinnnn (7820 in chips, $8.75 bounty) 
Seat 4: Gabrielfs13 (6714 in chips, $5 bounty) 
Seat 5: faelmichelman33 (9677 in chips, $5 bounty) 
Seat 6: Silver Melo (10151 in chips, $7.50 bounty) is sitting out
Seat 7: rafaelberts (24946 in chips, $15 bounty) 
Seat 8: TheGorgon333 (6416 in chips, $5 bounty) 
MixmcFly: posts the ante 27
radudjj: posts the ante 27
Pitinnnn: posts the ante 27
Gabrielfs13: posts the ante 27
faelmichelman33: posts the ante 27
Silver Melo: posts the ante 27
rafaelberts: posts the ante 27
TheGorgon333: posts the ante 27
rafaelberts: posts small blind 90
TheGorgon333: posts big blind 180
*** HOLE CARDS ***
Dealt to Gabrielfs13 [6d 2s]
MixmcFly: folds 
radudjj: folds 
Pitinnnn: folds 
Gabrielfs13: folds 
faelmichelman33: folds 
Silver Melo: folds 
rafaelberts: raises 360 to 540
TheGorgon333: folds 
Uncalled bet (360) returned to rafaelberts
rafaelberts collected 576 from pot
rafaelberts: doesn't show hand 
*** SUMMARY ***
Total pot 576 | Rake 0 
Seat 1: MixmcFly folded before Flop (didn't bet)
Seat 2: radudjj folded before Flop (didn't bet)
Seat 3: Pitinnnn folded before Flop (didn't bet)
Seat 4: Gabrielfs13 folded before Flop (didn't bet)
Seat 5: faelmichelman33 folded before Flop (didn't bet)
Seat 6: Silver Melo (button) folded before Flop (didn't bet)
Seat 7: rafaelberts (small blind) collected (576)
Seat 8: TheGorgon333 (big blind) folded before Flop



PokerStars Hand #257172043331: Tournament #3914012628, $4.80+$5.00+$1.20 USD Hold'em No Limit - Level X (90/180) - 2025/08/01 14:02:33 BRT [2025/08/01 13:02:33 ET]
Table '3914012628 104' 8-max Seat #7 is the button
Seat 1: MixmcFly (8162 in chips, $7.50 bounty) 
Seat 2: radudjj (8963 in chips, $8.75 bounty) 
Seat 3: Pitinnnn (7793 in chips, $8.75 bounty) 
Seat 4: Gabrielfs13 (6687 in chips, $5 bounty) 
Seat 5: faelmichelman33 (9650 in chips, $5 bounty) 
Seat 6: Silver Melo (10124 in chips, $7.50 bounty) is sitting out
Seat 7: rafaelberts (25315 in chips, $15 bounty) 
Seat 8: TheGorgon333 (6209 in chips, $5 bounty) 
MixmcFly: posts the ante 27
radudjj: posts the ante 27
Pitinnnn: posts the ante 27
Gabrielfs13: posts the ante 27
faelmichelman33: posts the ante 27
Silver Melo: posts the ante 27
rafaelberts: posts the ante 27
TheGorgon333: posts the ante 27
TheGorgon333: posts small blind 90
MixmcFly: posts big blind 180
*** HOLE CARDS ***
Dealt to Gabrielfs13 [Js 5h]
radudjj: folds 
Pitinnnn: folds 
Gabrielfs13: folds 
faelmichelman33: raises 180 to 360
Silver Melo: folds 
rafaelberts: folds 
TheGorgon333: folds 
MixmcFly: calls 180
*** FLOP *** [Qs Qd 4h]
MixmcFly: checks 
faelmichelman33: bets 246
MixmcFly: calls 246
*** TURN *** [Qs Qd 4h] [5c]
MixmcFly: checks 
faelmichelman33: checks 
*** RIVER *** [Qs Qd 4h 5c] [9s]
MixmcFly: bets 540
faelmichelman33: folds 
Uncalled bet (540) returned to MixmcFly
MixmcFly collected 1518 from pot
MixmcFly: doesn't show hand 
*** SUMMARY ***
Total pot 1518 | Rake 0 
Board [Qs Qd 4h 5c 9s]
Seat 1: MixmcFly (big blind) collected (1518)
Seat 2: radudjj folded before Flop (didn't bet)
Seat 3: Pitinnnn folded before Flop (didn't bet)
Seat 4: Gabrielfs13 folded before Flop (didn't bet)
Seat 5: faelmichelman33 folded on the River
Seat 6: Silver Melo folded before Flop (didn't bet)
Seat 7: rafaelberts (button) folded before Flop (didn't bet)
Seat 8: TheGorgon333 (small blind) folded before Flop



PokerStars Hand #257172060785: Tournament #3914012628, $4.80+$5.00+$1.20 USD Hold'em No Limit - Level XI (100/200) - 2025/08/01 14:04:06 BRT [2025/08/01 13:04:06 ET]
Table '3914012628 104' 8-max Seat #8 is the button
Seat 1: MixmcFly (9047 in chips, $7.50 bounty) 
Seat 2: radudjj (8936 in chips, $8.75 bounty) 
Seat 3: Pitinnnn (7766 in chips, $8.75 bounty) 
Seat 4: Gabrielfs13 (6660 in chips, $5 bounty) 
Seat 5: faelmichelman33 (9017 in chips, $5 bounty) 
Seat 6: Silver Melo (10097 in chips, $7.50 bounty) is sitting out
Seat 7: rafaelberts (25288 in chips, $15 bounty) 
Seat 8: TheGorgon333 (6092 in chips, $5 bounty) 
MixmcFly: posts the ante 30
radudjj: posts the ante 30
Pitinnnn: posts the ante 30
Gabrielfs13: posts the ante 30
faelmichelman33: posts the ante 30
Silver Melo: posts the ante 30
rafaelberts: posts the ante 30
TheGorgon333: posts the ante 30
MixmcFly: posts small blind 100
radudjj: posts big blind 200
*** HOLE CARDS ***
Dealt to Gabrielfs13 [6s 6d]
Pitinnnn: folds 
Gabrielfs13: raises 200 to 400
faelmichelman33: folds 
Silver Melo: folds 
rafaelberts: folds 
TheGorgon333: folds 
MixmcFly: folds 
radudjj: calls 200
*** FLOP *** [Kh 9h Ac]
radudjj: checks 
Gabrielfs13: bets 300
radudjj: calls 300
*** TURN *** [Kh 9h Ac] [Qh]
radudjj: checks 
Gabrielfs13: checks 
*** RIVER *** [Kh 9h Ac Qh] [2d]
radudjj: bets 418
Gabrielfs13: folds 
Uncalled bet (418) returned to radudjj
radudjj collected 1740 from pot
radudjj: doesn't show hand 
*** SUMMARY ***
Total pot 1740 | Rake 0 
Board [Kh 9h Ac Qh 2d]
Seat 1: MixmcFly (small blind) folded before Flop
Seat 2: radudjj (big blind) collected (1740)
Seat 3: Pitinnnn folded before Flop (didn't bet)
Seat 4: Gabrielfs13 folded on the River
Seat 5: faelmichelman33 folded before Flop (didn't bet)
Seat 6: Silver Melo folded before Flop (didn't bet)
Seat 7: rafaelberts folded before Flop (didn't bet)
Seat 8: TheGorgon333 (button) folded before Flop (didn't bet)



PokerStars Hand #257172072964: Tournament #3914012628, $4.80+$5.00+$1.20 USD Hold'em No Limit - Level XI (100/200) - 2025/08/01 14:05:10 BRT [2025/08/01 13:05:10 ET]
Table '3914012628 104' 8-max Seat #1 is the button
Seat 1: MixmcFly (8917 in chips, $7.50 bounty) 
Seat 2: radudjj (9946 in chips, $8.75 bounty) 
Seat 3: Pitinnnn (7736 in chips, $8.75 bounty) 
Seat 4: Gabrielfs13 (5930 in chips, $5 bounty) 
Seat 5: faelmichelman33 (8987 in chips, $5 bounty) 
Seat 6: Silver Melo (10067 in chips, $7.50 bounty) is sitting out
Seat 7: rafaelberts (25258 in chips, $15 bounty) 
Seat 8: TheGorgon333 (6062 in chips, $5 bounty) 
MixmcFly: posts the ante 30
radudjj: posts the ante 30
Pitinnnn: posts the ante 30
Gabrielfs13: posts the ante 30
faelmichelman33: posts the ante 30
Silver Melo: posts the ante 30
rafaelberts: posts the ante 30
TheGorgon333: posts the ante 30
radudjj: posts small blind 100
Pitinnnn: posts big blind 200
*** HOLE CARDS ***
Dealt to Gabrielfs13 [9h Ad]
Gabrielfs13: folds 
faelmichelman33: folds 
Silver Melo: folds 
rafaelberts: folds 
TheGorgon333: folds 
MixmcFly: folds 
radudjj: folds 
Uncalled bet (100) returned to Pitinnnn
Pitinnnn collected 440 from pot
Pitinnnn: doesn't show hand 
*** SUMMARY ***
Total pot 440 | Rake 0 
Seat 1: MixmcFly (button) folded before Flop (didn't bet)
Seat 2: radudjj (small blind) folded before Flop
Seat 3: Pitinnnn (big blind) collected (440)
Seat 4: Gabrielfs13 folded before Flop (didn't bet)
Seat 5: faelmichelman33 folded before Flop (didn't bet)
Seat 6: Silver Melo folded before Flop (didn't bet)
Seat 7: rafaelberts folded before Flop (didn't bet)
Seat 8: TheGorgon333 folded before Flop (didn't bet)



PokerStars Hand #257172078667: Tournament #3914012628, $4.80+$5.00+$1.20 USD Hold'em No Limit - Level XI (100/200) - 2025/08/01 14:05:40 BRT [2025/08/01 13:05:40 ET]
Table '3914012628 104' 8-max Seat #2 is the button
Seat 1: MixmcFly (8887 in chips, $7.50 bounty) 
Seat 2: radudjj (9816 in chips, $8.75 bounty) 
Seat 3: Pitinnnn (8046 in chips, $8.75 bounty) 
Seat 4: Gabrielfs13 (5900 in chips, $5 bounty) 
Seat 5: faelmichelman33 (8957 in chips, $5 bounty) 
Seat 6: Silver Melo (10037 in chips, $7.50 bounty) is sitting out
Seat 7: rafaelberts (25228 in chips, $15 bounty) 
Seat 8: TheGorgon333 (6032 in chips, $5 bounty) 
MixmcFly: posts the ante 30
radudjj: posts the ante 30
Pitinnnn: posts the ante 30
Gabrielfs13: posts the ante 30
faelmichelman33: posts the ante 30
Silver Melo: posts the ante 30
rafaelberts: posts the ante 30
TheGorgon333: posts the ante 30
Pitinnnn: posts small blind 100
Gabrielfs13: posts big blind 200
*** HOLE CARDS ***
Dealt to Gabrielfs13 [7h 7s]
faelmichelman33: folds 
Silver Melo: folds 
Silver Melo is disconnected 
Silver Melo has returned
rafaelberts: raises 200 to 400
TheGorgon333: folds 
MixmcFly: folds 
radudjj: raises 800 to 1200
Pitinnnn: folds 
Gabrielfs13: calls 1000
rafaelberts: folds 
*** FLOP *** [5h 2c Td]
Gabrielfs13: checks 
radudjj: bets 1539
Gabrielfs13: calls 1539
*** TURN *** [5h 2c Td] [Kc]
Gabrielfs13: checks 
radudjj: checks 
*** RIVER *** [5h 2c Td Kc] [Jd]
Gabrielfs13: checks 
radudjj: checks 
*** SHOW DOWN ***
Gabrielfs13: shows [7h 7s] (a pair of Sevens)
radudjj: shows [Qd Qh] (a pair of Queens)
radudjj collected 6218 from pot
*** SUMMARY ***
Total pot 6218 | Rake 0 
Board [5h 2c Td Kc Jd]
Seat 1: MixmcFly folded before Flop (didn't bet)
Seat 2: radudjj (button) showed [Qd Qh] and won (6218) with a pair of Queens
Seat 3: Pitinnnn (small blind) folded before Flop
Seat 4: Gabrielfs13 (big blind) showed [7h 7s] and lost with a pair of Sevens
Seat 5: faelmichelman33 folded before Flop (didn't bet)
Seat 6: Silver Melo folded before Flop (didn't bet)
Seat 7: rafaelberts folded before Flop
Seat 8: TheGorgon333 folded before Flop (didn't bet)



PokerStars Hand #257172097603: Tournament #3914012628, $4.80+$5.00+$1.20 USD Hold'em No Limit - Level XI (100/200) - 2025/08/01 14:07:19 BRT [2025/08/01 13:07:19 ET]
Table '3914012628 104' 8-max Seat #3 is the button
Seat 1: MixmcFly (8857 in chips, $7.50 bounty) 
Seat 2: radudjj (13265 in chips, $8.75 bounty) 
Seat 3: Pitinnnn (7916 in chips, $8.75 bounty) 
Seat 4: Gabrielfs13 (3131 in chips, $5 bounty) 
Seat 5: faelmichelman33 (8927 in chips, $5 bounty) 
Seat 6: Silver Melo (10007 in chips, $7.50 bounty) 
Seat 7: rafaelberts (24798 in chips, $15 bounty) 
Seat 8: TheGorgon333 (6002 in chips, $5 bounty) 
MixmcFly: posts the ante 30
radudjj: posts the ante 30
Pitinnnn: posts the ante 30
Gabrielfs13: posts the ante 30
faelmichelman33: posts the ante 30
Silver Melo: posts the ante 30
rafaelberts: posts the ante 30
TheGorgon333: posts the ante 30
Gabrielfs13: posts small blind 100
faelmichelman33: posts big blind 200
*** HOLE CARDS ***
Dealt to Gabrielfs13 [7d Ah]
Silver Melo: folds 
rafaelberts: raises 200 to 400
TheGorgon333: folds 
MixmcFly: folds 
radudjj: raises 800 to 1200
Pitinnnn: folds 
Gabrielfs13: folds 
faelmichelman33: folds 
rafaelberts: calls 800
*** FLOP *** [7c 3s 2d]
rafaelberts: checks 
radudjj: bets 1000
rafaelberts: calls 1000
*** TURN *** [7c 3s 2d] [3h]
rafaelberts: checks 
radudjj: bets 2421
rafaelberts: calls 2421
*** RIVER *** [7c 3s 2d 3h] [3c]
rafaelberts: checks 
radudjj: bets 4793
rafaelberts: calls 4793
*** SHOW DOWN ***
radudjj: shows [Qh Qs] (a full house, Threes full of Queens)
rafaelberts: mucks hand 
radudjj collected 19368 from pot
*** SUMMARY ***
Total pot 19368 | Rake 0 
Board [7c 3s 2d 3h 3c]
Seat 1: MixmcFly folded before Flop (didn't bet)
Seat 2: radudjj showed [Qh Qs] and won (19368) with a full house, Threes full of Queens
Seat 3: Pitinnnn (button) folded before Flop (didn't bet)
Seat 4: Gabrielfs13 (small blind) folded before Flop
Seat 5: faelmichelman33 (big blind) folded before Flop
Seat 6: Silver Melo folded before Flop (didn't bet)
Seat 7: rafaelberts mucked [6s 6d]
Seat 8: TheGorgon333 folded before Flop (didn't bet)



PokerStars Hand #257172119515: Tournament #3914012628, $4.80+$5.00+$1.20 USD Hold'em No Limit - Level XI (100/200) - 2025/08/01 14:09:14 BRT [2025/08/01 13:09:14 ET]
Table '3914012628 104' 8-max Seat #4 is the button
Seat 1: MixmcFly (8827 in chips, $7.50 bounty) 
Seat 2: radudjj (23189 in chips, $8.75 bounty) 
Seat 3: Pitinnnn (7886 in chips, $8.75 bounty) 
Seat 4: Gabrielfs13 (3001 in chips, $5 bounty) 
Seat 5: faelmichelman33 (8697 in chips, $5 bounty) 
Seat 6: Silver Melo (9977 in chips, $7.50 bounty) 
Seat 7: rafaelberts (15354 in chips, $15 bounty) 
Seat 8: TheGorgon333 (5972 in chips, $5 bounty) 
MixmcFly: posts the ante 30
radudjj: posts the ante 30
Pitinnnn: posts the ante 30
Gabrielfs13: posts the ante 30
faelmichelman33: posts the ante 30
Silver Melo: posts the ante 30
rafaelberts: posts the ante 30
TheGorgon333: posts the ante 30
faelmichelman33: posts small blind 100
Silver Melo: posts big blind 200
*** HOLE CARDS ***
Dealt to Gabrielfs13 [7h Qs]
rafaelberts: folds 
TheGorgon333: folds 
MixmcFly: raises 240 to 440
radudjj: folds 
Pitinnnn: folds 
Gabrielfs13: folds 
TheGorgon333 is disconnected 
faelmichelman33: folds 
Silver Melo: calls 240
*** FLOP *** [Jc Kd 5h]
Silver Melo: checks 
MixmcFly: bets 400
Silver Melo: calls 400
*** TURN *** [Jc Kd 5h] [3h]
TheGorgon333 is disconnected 
Silver Melo: checks 
MixmcFly: bets 800
Silver Melo: calls 800
*** RIVER *** [Jc Kd 5h 3h] [2s]
Silver Melo: checks 
MixmcFly: bets 2800
Silver Melo: folds 
Uncalled bet (2800) returned to MixmcFly
MixmcFly collected 3620 from pot
MixmcFly: doesn't show hand 
*** SUMMARY ***
Total pot 3620 | Rake 0 
Board [Jc Kd 5h 3h 2s]
Seat 1: MixmcFly collected (3620)
Seat 2: radudjj folded before Flop (didn't bet)
Seat 3: Pitinnnn folded before Flop (didn't bet)
Seat 4: Gabrielfs13 (button) folded before Flop (didn't bet)
Seat 5: faelmichelman33 (small blind) folded before Flop
Seat 6: Silver Melo (big blind) folded on the River
Seat 7: rafaelberts folded before Flop (didn't bet)
Seat 8: TheGorgon333 folded before Flop (didn't bet)



PokerStars Hand #257172140280: Tournament #3914012628, $4.80+$5.00+$1.20 USD Hold'em No Limit - Level XI (100/200) - 2025/08/01 14:11:01 BRT [2025/08/01 13:11:01 ET]
Table '3914012628 104' 8-max Seat #5 is the button
Seat 1: MixmcFly (10777 in chips, $7.50 bounty) 
Seat 2: radudjj (23159 in chips, $8.75 bounty) 
Seat 3: Pitinnnn (7856 in chips, $8.75 bounty) 
Seat 4: Gabrielfs13 (2971 in chips, $5 bounty) 
Seat 5: faelmichelman33 (8567 in chips, $5 bounty) 
Seat 6: Silver Melo (8307 in chips, $7.50 bounty) 
Seat 7: rafaelberts (15324 in chips, $15 bounty) 
Seat 8: TheGorgon333 (5942 in chips, $5 bounty) 
MixmcFly: posts the ante 30
radudjj: posts the ante 30
Pitinnnn: posts the ante 30
Gabrielfs13: posts the ante 30
faelmichelman33: posts the ante 30
Silver Melo: posts the ante 30
rafaelberts: posts the ante 30
TheGorgon333: posts the ante 30
Silver Melo: posts small blind 100
rafaelberts: posts big blind 200
*** HOLE CARDS ***
Dealt to Gabrielfs13 [Th 5c]
TheGorgon333: folds 
MixmcFly: folds 
radudjj: folds 
Pitinnnn: folds 
Gabrielfs13: folds 
faelmichelman33: folds 
Silver Melo: raises 500 to 700
rafaelberts: calls 500
*** FLOP *** [8d 8c 6s]
Silver Melo: bets 820
rafaelberts: folds 
Uncalled bet (820) returned to Silver Melo
Silver Melo collected 1640 from pot
Silver Melo: doesn't show hand 
*** SUMMARY ***
Total pot 1640 | Rake 0 
Board [8d 8c 6s]
Seat 1: MixmcFly folded before Flop (didn't bet)
Seat 2: radudjj folded before Flop (didn't bet)
Seat 3: Pitinnnn folded before Flop (didn't bet)
Seat 4: Gabrielfs13 folded before Flop (didn't bet)
Seat 5: faelmichelman33 (button) folded before Flop (didn't bet)
Seat 6: Silver Melo (small blind) collected (1640)
Seat 7: rafaelberts (big blind) folded on the Flop
Seat 8: TheGorgon333 folded before Flop (didn't bet)



PokerStars Hand #257172152943: Tournament #3914012628, $4.80+$5.00+$1.20 USD Hold'em No Limit - Level XII (125/250) - 2025/08/01 14:12:06 BRT [2025/08/01 13:12:06 ET]
Table '3914012628 104' 8-max Seat #6 is the button
Seat 1: MixmcFly (10747 in chips, $7.50 bounty) 
Seat 2: radudjj (23129 in chips, $8.75 bounty) 
Seat 3: Pitinnnn (7826 in chips, $8.75 bounty) 
Seat 4: Gabrielfs13 (2941 in chips, $5 bounty) 
Seat 5: faelmichelman33 (8537 in chips, $5 bounty) 
Seat 6: Silver Melo (9217 in chips, $7.50 bounty) 
Seat 7: rafaelberts (14594 in chips, $15 bounty) 
Seat 8: TheGorgon333 (5912 in chips, $5 bounty) 
MixmcFly: posts the ante 36
radudjj: posts the ante 36
Pitinnnn: posts the ante 36
Gabrielfs13: posts the ante 36
faelmichelman33: posts the ante 36
Silver Melo: posts the ante 36
rafaelberts: posts the ante 36
TheGorgon333: posts the ante 36
rafaelberts: posts small blind 125
TheGorgon333: posts big blind 250
*** HOLE CARDS ***
Dealt to Gabrielfs13 [Qs 2h]
MixmcFly: folds 
radudjj: folds 
Pitinnnn: raises 250 to 500
Gabrielfs13: folds 
faelmichelman33: folds 
Silver Melo: raises 750 to 1250
rafaelberts: folds 
TheGorgon333: folds 
Pitinnnn: calls 750
*** FLOP *** [7s 3h 5d]
Pitinnnn: checks 
Silver Melo: bets 696
Pitinnnn: calls 696
*** TURN *** [7s 3h 5d] [As]
Pitinnnn: checks 
Silver Melo: bets 1503
Pitinnnn: calls 1503
*** RIVER *** [7s 3h 5d As] [8s]
Pitinnnn: checks 
Silver Melo: bets 5732 and is all-in
Pitinnnn: calls 4341 and is all-in
Uncalled bet (1391) returned to Silver Melo
*** SHOW DOWN ***
Silver Melo: shows [Ah 7d] (two pair, Aces and Sevens)
Pitinnnn: shows [Ad Js] (a pair of Aces)
Silver Melo collected 16243 from pot
Silver Melo wins $4.38 for eliminating Pitinnnn and their own bounty increases by $4.37 to $11.87
Pitinnnn finished the tournament
*** SUMMARY ***
Total pot 16243 | Rake 0 
Board [7s 3h 5d As 8s]
Seat 1: MixmcFly folded before Flop (didn't bet)
Seat 2: radudjj folded before Flop (didn't bet)
Seat 3: Pitinnnn showed [Ad Js] and lost with a pair of Aces
Seat 4: Gabrielfs13 folded before Flop (didn't bet)
Seat 5: faelmichelman33 folded before Flop (didn't bet)
Seat 6: Silver Melo (button) showed [Ah 7d] and won (16243) with two pair, Aces and Sevens
Seat 7: rafaelberts (small blind) folded before Flop
Seat 8: TheGorgon333 (big blind) folded before Flop



PokerStars Hand #257172175915: Tournament #3914012628, $4.80+$5.00+$1.20 USD Hold'em No Limit - Level XII (125/250) - 2025/08/01 14:14:04 BRT [2025/08/01 13:14:04 ET]
Table '3914012628 104' 8-max Seat #7 is the button
Seat 1: MixmcFly (10711 in chips, $7.50 bounty) 
Seat 2: radudjj (23093 in chips, $8.75 bounty) 
Seat 4: Gabrielfs13 (2905 in chips, $5 bounty) 
Seat 5: faelmichelman33 (8501 in chips, $5 bounty) 
Seat 6: Silver Melo (17634 in chips, $11.87 bounty) 
Seat 7: rafaelberts (14433 in chips, $15 bounty) 
Seat 8: TheGorgon333 (5626 in chips, $5 bounty) 
MixmcFly: posts the ante 36
radudjj: posts the ante 36
Gabrielfs13: posts the ante 36
faelmichelman33: posts the ante 36
Silver Melo: posts the ante 36
rafaelberts: posts the ante 36
TheGorgon333: posts the ante 36
TheGorgon333: posts small blind 125
MixmcFly: posts big blind 250
*** HOLE CARDS ***
Dealt to Gabrielfs13 [8d Ad]
radudjj: folds 
Gabrielfs13: raises 2619 to 2869 and is all-in
4betEV+Only is disconnected 
faelmichelman33: folds 
Silver Melo: folds 
rafaelberts: folds 
TheGorgon333: folds 
MixmcFly: folds 
Uncalled bet (2619) returned to Gabrielfs13
Gabrielfs13 collected 877 from pot
Gabrielfs13: doesn't show hand 
*** SUMMARY ***
Total pot 877 | Rake 0 
Seat 1: MixmcFly (big blind) folded before Flop
Seat 2: radudjj folded before Flop (didn't bet)
Seat 4: Gabrielfs13 collected (877)
Seat 5: faelmichelman33 folded before Flop (didn't bet)
Seat 6: Silver Melo folded before Flop (didn't bet)
Seat 7: rafaelberts (button) folded before Flop (didn't bet)
Seat 8: TheGorgon333 (small blind) folded before Flop



PokerStars Hand #257172181905: Tournament #3914012628, $4.80+$5.00+$1.20 USD Hold'em No Limit - Level XII (125/250) - 2025/08/01 14:14:35 BRT [2025/08/01 13:14:35 ET]
Table '3914012628 104' 8-max Seat #8 is the button
Seat 1: MixmcFly (10425 in chips, $7.50 bounty) 
Seat 2: radudjj (23057 in chips, $8.75 bounty) 
Seat 3: 4betEV+Only (5000 in chips, $5 bounty) 
Seat 4: Gabrielfs13 (3496 in chips, $5 bounty) 
Seat 5: faelmichelman33 (8465 in chips, $5 bounty) 
Seat 6: Silver Melo (17598 in chips, $11.87 bounty) 
Seat 7: rafaelberts (14397 in chips, $15 bounty) 
Seat 8: TheGorgon333 (5465 in chips, $5 bounty) 
MixmcFly: posts the ante 36
radudjj: posts the ante 36
4betEV+Only: posts the ante 36
Gabrielfs13: posts the ante 36
faelmichelman33: posts the ante 36
Silver Melo: posts the ante 36
rafaelberts: posts the ante 36
TheGorgon333: posts the ante 36
MixmcFly: posts small blind 125
radudjj: posts big blind 250
*** HOLE CARDS ***
Dealt to Gabrielfs13 [Qd Qc]
4betEV+Only: folds 
Gabrielfs13: raises 3210 to 3460 and is all-in
faelmichelman33: folds 
Silver Melo: folds 
rafaelberts: folds 
TheGorgon333: folds 
MixmcFly: folds 
radudjj: folds 
Uncalled bet (3210) returned to Gabrielfs13
Gabrielfs13 collected 913 from pot
Gabrielfs13: doesn't show hand 
*** SUMMARY ***
Total pot 913 | Rake 0 
Seat 1: MixmcFly (small blind) folded before Flop
Seat 2: radudjj (big blind) folded before Flop
Seat 3: 4betEV+Only folded before Flop (didn't bet)
Seat 4: Gabrielfs13 collected (913)
Seat 5: faelmichelman33 folded before Flop (didn't bet)
Seat 6: Silver Melo folded before Flop (didn't bet)
Seat 7: rafaelberts folded before Flop (didn't bet)
Seat 8: TheGorgon333 (button) folded before Flop (didn't bet)



PokerStars Hand #257172190005: Tournament #3914012628, $4.80+$5.00+$1.20 USD Hold'em No Limit - Level XII (125/250) - 2025/08/01 14:15:16 BRT [2025/08/01 13:15:16 ET]
Table '3914012628 104' 8-max Seat #1 is the button
Seat 1: MixmcFly (10264 in chips, $7.50 bounty) 
Seat 2: radudjj (22771 in chips, $8.75 bounty) 
Seat 3: 4betEV+Only (4964 in chips, $5 bounty) 
Seat 4: Gabrielfs13 (4123 in chips, $5 bounty) 
Seat 5: faelmichelman33 (8429 in chips, $5 bounty) 
Seat 6: Silver Melo (17562 in chips, $11.87 bounty) 
Seat 7: rafaelberts (14361 in chips, $15 bounty) 
Seat 8: TheGorgon333 (5429 in chips, $5 bounty) 
MixmcFly: posts the ante 36
radudjj: posts the ante 36
4betEV+Only: posts the ante 36
Gabrielfs13: posts the ante 36
faelmichelman33: posts the ante 36
Silver Melo: posts the ante 36
rafaelberts: posts the ante 36
TheGorgon333: posts the ante 36
radudjj: posts small blind 125
4betEV+Only: posts big blind 250
*** HOLE CARDS ***
Dealt to Gabrielfs13 [6c Ad]
Gabrielfs13: folds 
faelmichelman33: folds 
Silver Melo: folds 
rafaelberts: folds 
TheGorgon333: folds 
MixmcFly: folds 
radudjj: folds 
Uncalled bet (125) returned to 4betEV+Only
4betEV+Only collected 538 from pot
4betEV+Only: doesn't show hand 
*** SUMMARY ***
Total pot 538 | Rake 0 
Seat 1: MixmcFly (button) folded before Flop (didn't bet)
Seat 2: radudjj (small blind) folded before Flop
Seat 3: 4betEV+Only (big blind) collected (538)
Seat 4: Gabrielfs13 folded before Flop (didn't bet)
Seat 5: faelmichelman33 folded before Flop (didn't bet)
Seat 6: Silver Melo folded before Flop (didn't bet)
Seat 7: rafaelberts folded before Flop (didn't bet)
Seat 8: TheGorgon333 folded before Flop (didn't bet)



PokerStars Hand #257172195412: Tournament #3914012628, $4.80+$5.00+$1.20 USD Hold'em No Limit - Level XII (125/250) - 2025/08/01 14:15:44 BRT [2025/08/01 13:15:44 ET]
Table '3914012628 104' 8-max Seat #2 is the button
Seat 1: MixmcFly (10228 in chips, $7.50 bounty) 
Seat 2: radudjj (22610 in chips, $8.75 bounty) 
Seat 3: 4betEV+Only (5341 in chips, $5 bounty) 
Seat 4: Gabrielfs13 (4087 in chips, $5 bounty) 
Seat 5: faelmichelman33 (8393 in chips, $5 bounty) 
Seat 6: Silver Melo (17526 in chips, $11.87 bounty) 
Seat 7: rafaelberts (14325 in chips, $15 bounty) 
Seat 8: TheGorgon333 (5393 in chips, $5 bounty) 
MixmcFly: posts the ante 36
radudjj: posts the ante 36
4betEV+Only: posts the ante 36
Gabrielfs13: posts the ante 36
faelmichelman33: posts the ante 36
Silver Melo: posts the ante 36
rafaelberts: posts the ante 36
TheGorgon333: posts the ante 36
4betEV+Only: posts small blind 125
Gabrielfs13: posts big blind 250
*** HOLE CARDS ***
Dealt to Gabrielfs13 [Ts Kc]
faelmichelman33: folds 
Silver Melo: folds 
rafaelberts: raises 250 to 500
TheGorgon333: folds 
MixmcFly: folds 
radudjj: calls 500
4betEV+Only: folds 
Gabrielfs13: calls 250
*** FLOP *** [7h Jc 8d]
Gabrielfs13: checks 
rafaelberts: checks 
radudjj: bets 459
Gabrielfs13: folds 
rafaelberts: raises 873 to 1332
radudjj: calls 873
*** TURN *** [7h Jc 8d] [5s]
rafaelberts: bets 1257
radudjj: folds 
Uncalled bet (1257) returned to rafaelberts
rafaelberts collected 4577 from pot
rafaelberts: doesn't show hand 
*** SUMMARY ***
Total pot 4577 | Rake 0 
Board [7h Jc 8d 5s]
Seat 1: MixmcFly folded before Flop (didn't bet)
Seat 2: radudjj (button) folded on the Turn
Seat 3: 4betEV+Only (small blind) folded before Flop
Seat 4: Gabrielfs13 (big blind) folded on the Flop
Seat 5: faelmichelman33 folded before Flop (didn't bet)
Seat 6: Silver Melo folded before Flop (didn't bet)
Seat 7: rafaelberts collected (4577)
Seat 8: TheGorgon333 folded before Flop (didn't bet)



PokerStars Hand #257172209791: Tournament #3914012628, $4.80+$5.00+$1.20 USD Hold'em No Limit - Level XII (125/250) - 2025/08/01 14:16:59 BRT [2025/08/01 13:16:59 ET]
Table '3914012628 104' 8-max Seat #3 is the button
Seat 1: MixmcFly (10192 in chips, $7.50 bounty) 
Seat 2: radudjj (20742 in chips, $8.75 bounty) 
Seat 3: 4betEV+Only (5180 in chips, $5 bounty) 
Seat 4: Gabrielfs13 (3551 in chips, $5 bounty) 
Seat 5: faelmichelman33 (8357 in chips, $5 bounty) 
Seat 6: Silver Melo (17490 in chips, $11.87 bounty) 
Seat 7: rafaelberts (17034 in chips, $15 bounty) 
Seat 8: TheGorgon333 (5357 in chips, $5 bounty) 
MixmcFly: posts the ante 36
radudjj: posts the ante 36
4betEV+Only: posts the ante 36
Gabrielfs13: posts the ante 36
faelmichelman33: posts the ante 36
Silver Melo: posts the ante 36
rafaelberts: posts the ante 36
TheGorgon333: posts the ante 36
Gabrielfs13: posts small blind 125
faelmichelman33: posts big blind 250
*** HOLE CARDS ***
Dealt to Gabrielfs13 [As Ac]
Silver Melo: folds 
rafaelberts: folds 
TheGorgon333: folds 
MixmcFly: raises 300 to 550
radudjj: folds 
4betEV+Only: folds 
Gabrielfs13: raises 2965 to 3515 and is all-in
faelmichelman33: folds 
MixmcFly: calls 2965
*** FLOP *** [4s Js 9s]
*** TURN *** [4s Js 9s] [2d]
*** RIVER *** [4s Js 9s 2d] [Ah]
*** SHOW DOWN ***
Gabrielfs13: shows [As Ac] (three of a kind, Aces)
MixmcFly: shows [Tc Ad] (a pair of Aces)
Gabrielfs13 collected 7568 from pot
*** SUMMARY ***
Total pot 7568 | Rake 0 
Board [4s Js 9s 2d Ah]
Seat 1: MixmcFly showed [Tc Ad] and lost with a pair of Aces
Seat 2: radudjj folded before Flop (didn't bet)
Seat 3: 4betEV+Only (button) folded before Flop (didn't bet)
Seat 4: Gabrielfs13 (small blind) showed [As Ac] and won (7568) with three of a kind, Aces
Seat 5: faelmichelman33 (big blind) folded before Flop
Seat 6: Silver Melo folded before Flop (didn't bet)
Seat 7: rafaelberts folded before Flop (didn't bet)
Seat 8: TheGorgon333 folded before Flop (didn't bet)



PokerStars Hand #257172219092: Tournament #3914012628, $4.80+$5.00+$1.20 USD Hold'em No Limit - Level XII (125/250) - 2025/08/01 14:17:46 BRT [2025/08/01 13:17:46 ET]
Table '3914012628 104' 8-max Seat #4 is the button
Seat 1: MixmcFly (6641 in chips, $7.50 bounty) 
Seat 2: radudjj (20706 in chips, $8.75 bounty) 
Seat 3: 4betEV+Only (5144 in chips, $5 bounty) 
Seat 4: Gabrielfs13 (7568 in chips, $5 bounty) 
Seat 5: faelmichelman33 (8071 in chips, $5 bounty) 
Seat 6: Silver Melo (17454 in chips, $11.87 bounty) 
Seat 7: rafaelberts (16998 in chips, $15 bounty) 
Seat 8: TheGorgon333 (5321 in chips, $5 bounty) 
MixmcFly: posts the ante 36
radudjj: posts the ante 36
4betEV+Only: posts the ante 36
Gabrielfs13: posts the ante 36
faelmichelman33: posts the ante 36
Silver Melo: posts the ante 36
rafaelberts: posts the ante 36
TheGorgon333: posts the ante 36
faelmichelman33: posts small blind 125
Silver Melo: posts big blind 250
*** HOLE CARDS ***
Dealt to Gabrielfs13 [4h 2h]
rafaelberts: raises 250 to 500
TheGorgon333: folds 
MixmcFly: folds 
radudjj: folds 
4betEV+Only: folds 
Gabrielfs13: folds 
faelmichelman33: folds 
Silver Melo: calls 250
*** FLOP *** [9h 5h Td]
Silver Melo: checks 
rafaelberts: bets 777
Silver Melo: raises 2458 to 3235
rafaelberts: calls 2458
*** TURN *** [9h 5h Td] [2s]
Silver Melo: bets 2601
rafaelberts: raises 10626 to 13227 and is all-in
Silver Melo: calls 10626
*** RIVER *** [9h 5h Td 2s] [7c]
*** SHOW DOWN ***
Silver Melo: shows [Ts 9c] (two pair, Tens and Nines)
rafaelberts: shows [Ac Ad] (a pair of Aces)
Silver Melo collected 34337 from pot
Silver Melo wins $7.50 for eliminating rafaelberts and their own bounty increases by $7.50 to $19.37
rafaelberts finished the tournament in 726th place
*** SUMMARY ***
Total pot 34337 | Rake 0 
Board [9h 5h Td 2s 7c]
Seat 1: MixmcFly folded before Flop (didn't bet)
Seat 2: radudjj folded before Flop (didn't bet)
Seat 3: 4betEV+Only folded before Flop (didn't bet)
Seat 4: Gabrielfs13 (button) folded before Flop (didn't bet)
Seat 5: faelmichelman33 (small blind) folded before Flop
Seat 6: Silver Melo (big blind) showed [Ts 9c] and won (34337) with two pair, Tens and Nines
Seat 7: rafaelberts showed [Ac Ad] and lost with a pair of Aces
Seat 8: TheGorgon333 folded before Flop (didn't bet)



PokerStars Hand #257172241144: Tournament #3914012628, $4.80+$5.00+$1.20 USD Hold'em No Limit - Level XII (125/250) - 2025/08/01 14:19:41 BRT [2025/08/01 13:19:41 ET]
Table '3914012628 104' 8-max Seat #5 is the button
Seat 1: MixmcFly (6605 in chips, $7.50 bounty) 
Seat 2: radudjj (20670 in chips, $8.75 bounty) 
Seat 3: 4betEV+Only (5108 in chips, $5 bounty) 
Seat 4: Gabrielfs13 (7532 in chips, $5 bounty) 
Seat 5: faelmichelman33 (7910 in chips, $5 bounty) 
Seat 6: Silver Melo (34793 in chips, $19.37 bounty) 
Seat 8: TheGorgon333 (5285 in chips, $5 bounty) 
MixmcFly: posts the ante 36
radudjj: posts the ante 36
4betEV+Only: posts the ante 36
Gabrielfs13: posts the ante 36
faelmichelman33: posts the ante 36
Silver Melo: posts the ante 36
TheGorgon333: posts the ante 36
Silver Melo: posts small blind 125
TheGorgon333: posts big blind 250
*** HOLE CARDS ***
Dealt to Gabrielfs13 [2d 5c]
MixmcFly has timed out
MixmcFly: folds 
MixmcFly is sitting out
radudjj: folds 
4betEV+Only: folds 
MayVik89 is disconnected 
MixmcFly has returned
Gabrielfs13: folds 
faelmichelman33: folds 
Silver Melo: calls 125
TheGorgon333: checks 
*** FLOP *** [Jd 4d 5d]
Silver Melo: bets 250
TheGorgon333: folds 
Uncalled bet (250) returned to Silver Melo
Silver Melo collected 752 from pot
Silver Melo: doesn't show hand 
*** SUMMARY ***
Total pot 752 | Rake 0 
Board [Jd 4d 5d]
Seat 1: MixmcFly folded before Flop (didn't bet)
Seat 2: radudjj folded before Flop (didn't bet)
Seat 3: 4betEV+Only folded before Flop (didn't bet)
Seat 4: Gabrielfs13 folded before Flop (didn't bet)
Seat 5: faelmichelman33 (button) folded before Flop (didn't bet)
Seat 6: Silver Melo (small blind) collected (752)
Seat 8: TheGorgon333 (big blind) folded on the Flop



PokerStars Hand #257172253179: Tournament #3914012628, $4.80+$5.00+$1.20 USD Hold'em No Limit - Level XIII (150/300) - 2025/08/01 14:20:44 BRT [2025/08/01 13:20:44 ET]
Table '3914012628 104' 8-max Seat #6 is the button
Seat 1: MixmcFly (6569 in chips, $7.50 bounty) 
Seat 2: radudjj (20634 in chips, $8.75 bounty) 
Seat 3: 4betEV+Only (5072 in chips, $5 bounty) 
Seat 4: Gabrielfs13 (7496 in chips, $5 bounty) 
Seat 5: faelmichelman33 (7874 in chips, $5 bounty) 
Seat 6: Silver Melo (35259 in chips, $19.37 bounty) 
Seat 7: MayVik89 (8704 in chips) out of hand (moved from another table into small blind)
Seat 8: TheGorgon333 (4999 in chips, $5 bounty) 
MayVik89 will be allowed to play after the button
MixmcFly: posts the ante 42
radudjj: posts the ante 42
4betEV+Only: posts the ante 42
Gabrielfs13: posts the ante 42
faelmichelman33: posts the ante 42
Silver Melo: posts the ante 42
TheGorgon333: posts the ante 42
TheGorgon333: posts small blind 150
MixmcFly: posts big blind 300
*** HOLE CARDS ***
Dealt to Gabrielfs13 [5d 7h]
radudjj: folds 
4betEV+Only: folds 
Gabrielfs13: folds 
faelmichelman33: folds 
Silver Melo: raises 300 to 600
TheGorgon333: folds 
MixmcFly: calls 300
*** FLOP *** [5s Ks 9s]
MixmcFly: checks 
Silver Melo: bets 330
MixmcFly: calls 330
*** TURN *** [5s Ks 9s] [Qh]
MixmcFly: checks 
Silver Melo: bets 1728
MixmcFly: folds 
Uncalled bet (1728) returned to Silver Melo
Silver Melo collected 2304 from pot
Silver Melo: doesn't show hand 
*** SUMMARY ***
Total pot 2304 | Rake 0 
Board [5s Ks 9s Qh]
Seat 1: MixmcFly (big blind) folded on the Turn
Seat 2: radudjj folded before Flop (didn't bet)
Seat 3: 4betEV+Only folded before Flop (didn't bet)
Seat 4: Gabrielfs13 folded before Flop (didn't bet)
Seat 5: faelmichelman33 folded before Flop (didn't bet)
Seat 6: Silver Melo (button) collected (2304)
Seat 8: TheGorgon333 (small blind) folded before Flop



PokerStars Hand #257172264512: Tournament #3914012628, $4.80+$5.00+$1.20 USD Hold'em No Limit - Level XIII (150/300) - 2025/08/01 14:21:42 BRT [2025/08/01 13:21:42 ET]
Table '3914012628 104' 8-max Seat #8 is the button
Seat 1: MixmcFly (5597 in chips, $7.50 bounty) 
Seat 2: radudjj (20592 in chips, $8.75 bounty) 
Seat 3: 4betEV+Only (5030 in chips, $5 bounty) 
Seat 4: Gabrielfs13 (7454 in chips, $5 bounty) 
Seat 5: faelmichelman33 (7832 in chips, $5 bounty) 
Seat 6: Silver Melo (36591 in chips, $19.37 bounty) 
Seat 7: MayVik89 (8704 in chips, $7.50 bounty) 
Seat 8: TheGorgon333 (4807 in chips, $5 bounty) 
MixmcFly: posts the ante 42
radudjj: posts the ante 42
4betEV+Only: posts the ante 42
Gabrielfs13: posts the ante 42
faelmichelman33: posts the ante 42
Silver Melo: posts the ante 42
MayVik89: posts the ante 42
TheGorgon333: posts the ante 42
MixmcFly: posts small blind 150
radudjj: posts big blind 300
*** HOLE CARDS ***
Dealt to Gabrielfs13 [Qd 9d]
4betEV+Only: folds 
Gabrielfs13: folds 
faelmichelman33: folds 
Silver Melo: folds 
MayVik89: raises 300 to 600
TheGorgon333: calls 600
MixmcFly: folds 
radudjj: folds 
*** FLOP *** [7h 8h 2d]
MayVik89: bets 600
TheGorgon333: calls 600
*** TURN *** [7h 8h 2d] [4d]
MayVik89: checks 
TheGorgon333: bets 600
MayVik89: calls 600
*** RIVER *** [7h 8h 2d 4d] [6h]
MayVik89: bets 6862 and is all-in
TheGorgon333: folds 
Uncalled bet (6862) returned to MayVik89
MayVik89 collected 4386 from pot
MayVik89: doesn't show hand 
*** SUMMARY ***
Total pot 4386 | Rake 0 
Board [7h 8h 2d 4d 6h]
Seat 1: MixmcFly (small blind) folded before Flop
Seat 2: radudjj (big blind) folded before Flop
Seat 3: 4betEV+Only folded before Flop (didn't bet)
Seat 4: Gabrielfs13 folded before Flop (didn't bet)
Seat 5: faelmichelman33 folded before Flop (didn't bet)
Seat 6: Silver Melo folded before Flop (didn't bet)
Seat 7: MayVik89 collected (4386)
Seat 8: TheGorgon333 (button) folded on the River



PokerStars Hand #257172286044: Tournament #3914012628, $4.80+$5.00+$1.20 USD Hold'em No Limit - Level XIII (150/300) - 2025/08/01 14:23:32 BRT [2025/08/01 13:23:32 ET]
Table '3914012628 104' 8-max Seat #1 is the button
Seat 1: MixmcFly (5405 in chips, $7.50 bounty) 
Seat 2: radudjj (20250 in chips, $8.75 bounty) 
Seat 3: 4betEV+Only (4988 in chips, $5 bounty) 
Seat 4: Gabrielfs13 (7412 in chips, $5 bounty) 
Seat 5: faelmichelman33 (7790 in chips, $5 bounty) 
Seat 6: Silver Melo (36549 in chips, $19.37 bounty) 
Seat 7: MayVik89 (11248 in chips, $7.50 bounty) 
Seat 8: TheGorgon333 (2965 in chips, $5 bounty) 
MixmcFly: posts the ante 42
radudjj: posts the ante 42
4betEV+Only: posts the ante 42
Gabrielfs13: posts the ante 42
faelmichelman33: posts the ante 42
Silver Melo: posts the ante 42
MayVik89: posts the ante 42
TheGorgon333: posts the ante 42
radudjj: posts small blind 150
4betEV+Only: posts big blind 300
*** HOLE CARDS ***
Dealt to Gabrielfs13 [8d 5c]
Gabrielfs13: folds 
faelmichelman33: folds 
Silver Melo: folds 
MayVik89: folds 
TheGorgon333: raises 2623 to 2923 and is all-in
MixmcFly: raises 2440 to 5363 and is all-in
radudjj: folds 
4betEV+Only: folds 
Uncalled bet (2440) returned to MixmcFly
*** FLOP *** [3s 9d Kc]
*** TURN *** [3s 9d Kc] [Js]
*** RIVER *** [3s 9d Kc Js] [7c]
*** SHOW DOWN ***
TheGorgon333: shows [Th Ac] (high card Ace)
MixmcFly: shows [Ah Qd] (high card Ace - King+Queen kicker)
MixmcFly collected 6632 from pot
MixmcFly wins $2.50 for eliminating TheGorgon333 and their own bounty increases by $2.50 to $10
TheGorgon333 finished the tournament in 670th place
*** SUMMARY ***
Total pot 6632 | Rake 0 
Board [3s 9d Kc Js 7c]
Seat 1: MixmcFly (button) showed [Ah Qd] and won (6632) with high card Ace
Seat 2: radudjj (small blind) folded before Flop
Seat 3: 4betEV+Only (big blind) folded before Flop
Seat 4: Gabrielfs13 folded before Flop (didn't bet)
Seat 5: faelmichelman33 folded before Flop (didn't bet)
Seat 6: Silver Melo folded before Flop (didn't bet)
Seat 7: MayVik89 folded before Flop (didn't bet)
Seat 8: TheGorgon333 showed [Th Ac] and lost with high card Ace



PokerStars Hand #257172295499: Tournament #3914012628, $4.80+$5.00+$1.20 USD Hold'em No Limit - Level XIII (150/300) - 2025/08/01 14:24:21 BRT [2025/08/01 13:24:21 ET]
Table '3914012628 104' 8-max Seat #2 is the button
Seat 1: MixmcFly (9072 in chips, $10 bounty) 
Seat 2: radudjj (20058 in chips, $8.75 bounty) 
Seat 3: 4betEV+Only (4646 in chips, $5 bounty) 
Seat 4: Gabrielfs13 (7370 in chips, $5 bounty) 
Seat 5: faelmichelman33 (7748 in chips, $5 bounty) 
Seat 6: Silver Melo (36507 in chips, $19.37 bounty) 
Seat 7: MayVik89 (11206 in chips, $7.50 bounty) 
MixmcFly: posts the ante 42
radudjj: posts the ante 42
4betEV+Only: posts the ante 42
Gabrielfs13: posts the ante 42
faelmichelman33: posts the ante 42
Silver Melo: posts the ante 42
MayVik89: posts the ante 42
4betEV+Only: posts small blind 150
Gabrielfs13: posts big blind 300
*** HOLE CARDS ***
Dealt to Gabrielfs13 [9h Jd]
PlinioFerraz is disconnected 
faelmichelman33: folds 
Silver Melo: folds 
MayVik89: folds 
MixmcFly: raises 330 to 630
radudjj: raises 1170 to 1800
4betEV+Only: folds 
Gabrielfs13: folds 
MixmcFly: folds 
Uncalled bet (1170) returned to radudjj
radudjj collected 2004 from pot
radudjj: doesn't show hand 
*** SUMMARY ***
Total pot 2004 | Rake 0 
Seat 1: MixmcFly folded before Flop
Seat 2: radudjj (button) collected (2004)
Seat 3: 4betEV+Only (small blind) folded before Flop
Seat 4: Gabrielfs13 (big blind) folded before Flop
Seat 5: faelmichelman33 folded before Flop (didn't bet)
Seat 6: Silver Melo folded before Flop (didn't bet)
Seat 7: MayVik89 folded before Flop (didn't bet)



PokerStars Hand #257172304248: Tournament #3914012628, $4.80+$5.00+$1.20 USD Hold'em No Limit - Level XIII (150/300) - 2025/08/01 14:25:06 BRT [2025/08/01 13:25:06 ET]
Table '3914012628 104' 8-max Seat #3 is the button
Seat 1: MixmcFly (8400 in chips, $10 bounty) 
Seat 2: radudjj (21390 in chips, $8.75 bounty) 
Seat 3: 4betEV+Only (4454 in chips, $5 bounty) 
Seat 4: Gabrielfs13 (7028 in chips, $5 bounty) 
Seat 5: faelmichelman33 (7706 in chips, $5 bounty) 
Seat 6: Silver Melo (36465 in chips, $19.37 bounty) 
Seat 7: MayVik89 (11164 in chips, $7.50 bounty) 
Seat 8: PlinioFerraz (57122 in chips, $12.50 bounty) 
MixmcFly: posts the ante 42
radudjj: posts the ante 42
4betEV+Only: posts the ante 42
Gabrielfs13: posts the ante 42
faelmichelman33: posts the ante 42
Silver Melo: posts the ante 42
MayVik89: posts the ante 42
PlinioFerraz: posts the ante 42
Gabrielfs13: posts small blind 150
faelmichelman33: posts big blind 300
*** HOLE CARDS ***
Dealt to Gabrielfs13 [7d 9h]
Silver Melo: folds 
MayVik89: folds 
PlinioFerraz: folds 
MixmcFly: folds 
radudjj: raises 600 to 900
4betEV+Only: folds 
Gabrielfs13: folds 
faelmichelman33: folds 
Uncalled bet (600) returned to radudjj
radudjj collected 1086 from pot
radudjj: doesn't show hand 
*** SUMMARY ***
Total pot 1086 | Rake 0 
Seat 1: MixmcFly folded before Flop (didn't bet)
Seat 2: radudjj collected (1086)
Seat 3: 4betEV+Only (button) folded before Flop (didn't bet)
Seat 4: Gabrielfs13 (small blind) folded before Flop
Seat 5: faelmichelman33 (big blind) folded before Flop
Seat 6: Silver Melo folded before Flop (didn't bet)
Seat 7: MayVik89 folded before Flop (didn't bet)
Seat 8: PlinioFerraz folded before Flop (didn't bet)



PokerStars Hand #257172310248: Tournament #3914012628, $4.80+$5.00+$1.20 USD Hold'em No Limit - Level XIII (150/300) - 2025/08/01 14:25:37 BRT [2025/08/01 13:25:37 ET]
Table '3914012628 104' 8-max Seat #4 is the button
Seat 1: MixmcFly (8358 in chips, $10 bounty) 
Seat 2: radudjj (22134 in chips, $8.75 bounty) 
Seat 3: 4betEV+Only (4412 in chips, $5 bounty) 
Seat 4: Gabrielfs13 (6836 in chips, $5 bounty) 
Seat 5: faelmichelman33 (7364 in chips, $5 bounty) 
Seat 6: Silver Melo (36423 in chips, $19.37 bounty) 
Seat 7: MayVik89 (11122 in chips, $7.50 bounty) 
Seat 8: PlinioFerraz (57080 in chips, $12.50 bounty) 
MixmcFly: posts the ante 42
radudjj: posts the ante 42
4betEV+Only: posts the ante 42
Gabrielfs13: posts the ante 42
faelmichelman33: posts the ante 42
Silver Melo: posts the ante 42
MayVik89: posts the ante 42
PlinioFerraz: posts the ante 42
faelmichelman33: posts small blind 150
Silver Melo: posts big blind 300
*** HOLE CARDS ***
Dealt to Gabrielfs13 [9c Qs]
MayVik89: raises 300 to 600
PlinioFerraz: folds 
MixmcFly: folds 
radudjj: folds 
4betEV+Only: raises 3770 to 4370 and is all-in
Gabrielfs13: folds 
faelmichelman33: folds 
Silver Melo: raises 32011 to 36381 and is all-in
MayVik89: folds 
Uncalled bet (32011) returned to Silver Melo
*** FLOP *** [8s 7d Jd]
*** TURN *** [8s 7d Jd] [2s]
*** RIVER *** [8s 7d Jd 2s] [8d]
*** SHOW DOWN ***
Silver Melo: shows [Jc Jh] (a full house, Jacks full of Eights)
4betEV+Only: shows [Qd Qh] (two pair, Queens and Eights)
Silver Melo collected 9826 from pot
Silver Melo wins $2.50 for eliminating 4betEV+Only and their own bounty increases by $2.50 to $21.87
4betEV+Only finished the tournament in 640th place
*** SUMMARY ***
Total pot 9826 | Rake 0 
Board [8s 7d Jd 2s 8d]
Seat 1: MixmcFly folded before Flop (didn't bet)
Seat 2: radudjj folded before Flop (didn't bet)
Seat 3: 4betEV+Only showed [Qd Qh] and lost with two pair, Queens and Eights
Seat 4: Gabrielfs13 (button) folded before Flop (didn't bet)
Seat 5: faelmichelman33 (small blind) folded before Flop
Seat 6: Silver Melo (big blind) showed [Jc Jh] and won (9826) with a full house, Jacks full of Eights
Seat 7: MayVik89 folded before Flop
Seat 8: PlinioFerraz folded before Flop (didn't bet)



PokerStars Hand #257172317649: Tournament #3914012628, $4.80+$5.00+$1.20 USD Hold'em No Limit - Level XIII (150/300) - 2025/08/01 14:26:15 BRT [2025/08/01 13:26:15 ET]
Table '3914012628 104' 8-max Seat #5 is the button
Seat 1: MixmcFly (8316 in chips, $10 bounty) 
Seat 2: radudjj (22092 in chips, $8.75 bounty) 
Seat 4: Gabrielfs13 (6794 in chips, $5 bounty) 
Seat 5: faelmichelman33 (7172 in chips, $5 bounty) 
Seat 6: Silver Melo (41837 in chips, $21.87 bounty) 
Seat 7: MayVik89 (10480 in chips, $7.50 bounty) 
Seat 8: PlinioFerraz (57038 in chips, $12.50 bounty) 
MixmcFly: posts the ante 42
radudjj: posts the ante 42
Gabrielfs13: posts the ante 42
faelmichelman33: posts the ante 42
Silver Melo: posts the ante 42
MayVik89: posts the ante 42
PlinioFerraz: posts the ante 42
Silver Melo: posts small blind 150
MayVik89: posts big blind 300
*** HOLE CARDS ***
Dealt to Gabrielfs13 [3d 6s]
PlinioFerraz: folds 
MixmcFly: folds 
radudjj: raises 360 to 660
Gabrielfs13: folds 
faelmichelman33: folds 
Eliovan is disconnected 
Silver Melo: folds 
MayVik89: folds 
Uncalled bet (360) returned to radudjj
radudjj collected 1044 from pot
radudjj: doesn't show hand 
*** SUMMARY ***
Total pot 1044 | Rake 0 
Seat 1: MixmcFly folded before Flop (didn't bet)
Seat 2: radudjj collected (1044)
Seat 4: Gabrielfs13 folded before Flop (didn't bet)
Seat 5: faelmichelman33 (button) folded before Flop (didn't bet)
Seat 6: Silver Melo (small blind) folded before Flop
Seat 7: MayVik89 (big blind) folded before Flop
Seat 8: PlinioFerraz folded before Flop (didn't bet)



PokerStars Hand #257172325166: Tournament #3914012628, $4.80+$5.00+$1.20 USD Hold'em No Limit - Level XIII (150/300) - 2025/08/01 14:26:54 BRT [2025/08/01 13:26:54 ET]
Table '3914012628 104' 8-max Seat #6 is the button
Seat 1: MixmcFly (8274 in chips, $10 bounty) 
Seat 2: radudjj (22794 in chips, $8.75 bounty) 
Seat 3: Eliovan (12439 in chips, $10 bounty) 
Seat 4: Gabrielfs13 (6752 in chips, $5 bounty) 
Seat 5: faelmichelman33 (7130 in chips, $5 bounty) 
Seat 6: Silver Melo (41645 in chips, $21.87 bounty) 
Seat 7: MayVik89 (10138 in chips, $7.50 bounty) 
Seat 8: PlinioFerraz (56996 in chips, $12.50 bounty) 
MixmcFly: posts the ante 42
radudjj: posts the ante 42
Eliovan: posts the ante 42
Gabrielfs13: posts the ante 42
faelmichelman33: posts the ante 42
Silver Melo: posts the ante 42
MayVik89: posts the ante 42
PlinioFerraz: posts the ante 42
MayVik89: posts small blind 150
PlinioFerraz: posts big blind 300
*** HOLE CARDS ***
Dealt to Gabrielfs13 [8d Kh]
MixmcFly: folds 
radudjj: folds 
Eliovan: folds 
Gabrielfs13: folds 
faelmichelman33: folds 
Silver Melo: raises 300 to 600
MayVik89: folds 
PlinioFerraz: calls 300
*** FLOP *** [2c Qd Qc]
PlinioFerraz: checks 
Silver Melo: bets 336
PlinioFerraz: raises 864 to 1200
Silver Melo: calls 864
*** TURN *** [2c Qd Qc] [6s]
PlinioFerraz: bets 1348
Silver Melo: calls 1348
*** RIVER *** [2c Qd Qc 6s] [9s]
PlinioFerraz: checks 
Silver Melo: bets 2238
PlinioFerraz: calls 2238
*** SHOW DOWN ***
Silver Melo: shows [2h 2s] (a full house, Deuces full of Queens)
PlinioFerraz: mucks hand 
Silver Melo collected 11258 from pot
*** SUMMARY ***
Total pot 11258 | Rake 0 
Board [2c Qd Qc 6s 9s]
Seat 1: MixmcFly folded before Flop (didn't bet)
Seat 2: radudjj folded before Flop (didn't bet)
Seat 3: Eliovan folded before Flop (didn't bet)
Seat 4: Gabrielfs13 folded before Flop (didn't bet)
Seat 5: faelmichelman33 folded before Flop (didn't bet)
Seat 6: Silver Melo (button) showed [2h 2s] and won (11258) with a full house, Deuces full of Queens
Seat 7: MayVik89 (small blind) folded before Flop
Seat 8: PlinioFerraz (big blind) mucked [6d 3d]



PokerStars Hand #257172347741: Tournament #3914012628, $4.80+$5.00+$1.20 USD Hold'em No Limit - Level XIV (175/350) - 2025/08/01 14:28:51 BRT [2025/08/01 13:28:51 ET]
Table '3914012628 104' 8-max Seat #7 is the button
Seat 1: MixmcFly (8232 in chips, $10 bounty) 
Seat 2: radudjj (22752 in chips, $8.75 bounty) 
Seat 3: Eliovan (12397 in chips, $10 bounty) 
Seat 4: Gabrielfs13 (6710 in chips, $5 bounty) 
Seat 5: faelmichelman33 (7088 in chips, $5 bounty) 
Seat 6: Silver Melo (47475 in chips, $21.87 bounty) 
Seat 7: MayVik89 (9946 in chips, $7.50 bounty) 
Seat 8: PlinioFerraz (51568 in chips, $12.50 bounty) 
MixmcFly: posts the ante 50
radudjj: posts the ante 50
Eliovan: posts the ante 50
Gabrielfs13: posts the ante 50
faelmichelman33: posts the ante 50
Silver Melo: posts the ante 50
MayVik89: posts the ante 50
PlinioFerraz: posts the ante 50
PlinioFerraz: posts small blind 175
MixmcFly: posts big blind 350
*** HOLE CARDS ***
Dealt to Gabrielfs13 [6h 2d]
radudjj: folds 
Eliovan: folds 
Gabrielfs13: folds 
faelmichelman33: folds 
Silver Melo: raises 350 to 700
MayVik89: folds 
PlinioFerraz: calls 525
MixmcFly: calls 350
*** FLOP *** [5d 8s 8d]
PlinioFerraz: checks 
MixmcFly: checks 
Silver Melo: bets 500
PlinioFerraz: folds 
MixmcFly: folds 
Uncalled bet (500) returned to Silver Melo
Silver Melo collected 2500 from pot
Silver Melo: doesn't show hand 
*** SUMMARY ***
Total pot 2500 | Rake 0 
Board [5d 8s 8d]
Seat 1: MixmcFly (big blind) folded on the Flop
Seat 2: radudjj folded before Flop (didn't bet)
Seat 3: Eliovan folded before Flop (didn't bet)
Seat 4: Gabrielfs13 folded before Flop (didn't bet)
Seat 5: faelmichelman33 folded before Flop (didn't bet)
Seat 6: Silver Melo collected (2500)
Seat 7: MayVik89 (button) folded before Flop (didn't bet)
Seat 8: PlinioFerraz (small blind) folded on the Flop



PokerStars Hand #257172361072: Tournament #3914012628, $4.80+$5.00+$1.20 USD Hold'em No Limit - Level XIV (175/350) - 2025/08/01 14:30:00 BRT [2025/08/01 13:30:00 ET]
Table '3914012628 104' 8-max Seat #8 is the button
Seat 1: MixmcFly (7482 in chips, $10 bounty) 
Seat 2: radudjj (22702 in chips, $8.75 bounty) 
Seat 3: Eliovan (12347 in chips, $10 bounty) 
Seat 4: Gabrielfs13 (6660 in chips, $5 bounty) 
Seat 5: faelmichelman33 (7038 in chips, $5 bounty) 
Seat 6: Silver Melo (49225 in chips, $21.87 bounty) 
Seat 7: MayVik89 (9896 in chips, $7.50 bounty) 
Seat 8: PlinioFerraz (50818 in chips, $12.50 bounty) 
MixmcFly: posts the ante 50
radudjj: posts the ante 50
Eliovan: posts the ante 50
Gabrielfs13: posts the ante 50
faelmichelman33: posts the ante 50
Silver Melo: posts the ante 50
MayVik89: posts the ante 50
PlinioFerraz: posts the ante 50
MixmcFly: posts small blind 175
radudjj: posts big blind 350
*** HOLE CARDS ***
Dealt to Gabrielfs13 [7s 7c]
Eliovan: raises 385 to 735
Gabrielfs13: raises 5875 to 6610 and is all-in
faelmichelman33: folds 
Silver Melo: folds 
MayVik89: folds 
PlinioFerraz: folds 
MixmcFly: raises 822 to 7432 and is all-in
radudjj: folds 
Eliovan: folds 
Uncalled bet (822) returned to MixmcFly
*** FLOP *** [Ah 4d Qs]
*** TURN *** [Ah 4d Qs] [4c]
*** RIVER *** [Ah 4d Qs 4c] [Jc]
*** SHOW DOWN ***
MixmcFly: shows [Kh Ac] (two pair, Aces and Fours)
Gabrielfs13: shows [7s 7c] (two pair, Sevens and Fours)
MixmcFly collected 14705 from pot
MixmcFly wins $2.50 for eliminating Gabrielfs13 and their own bounty increases by $2.50 to $12.50
Gabrielfs13 finished the tournament in 579th place
*** SUMMARY ***
Total pot 14705 | Rake 0 
Board [Ah 4d Qs 4c Jc]
Seat 1: MixmcFly (small blind) showed [Kh Ac] and won (14705) with two pair, Aces and Fours
Seat 2: radudjj (big blind) folded before Flop
Seat 3: Eliovan folded before Flop
Seat 4: Gabrielfs13 showed [7s 7c] and lost with two pair, Sevens and Fours
Seat 5: faelmichelman33 folded before Flop (didn't bet)
Seat 6: Silver Melo folded before Flop (didn't bet)
Seat 7: MayVik89 folded before Flop (didn't bet)
Seat 8: PlinioFerraz (button) folded before Flop (didn't bet)



