PokerStars Hand #257263835915: Tournament #3914634380, $4.80+$5.00+$1.20 USD Hold'em No Limit - Level II (60/120) - 2025/08/08 14:38:07 BRT [2025/08/08 13:38:07 ET]
Table '3914634380 57' 7-max Seat #3 is the button
Seat 1: Rokyzas889 (12983 in chips, $5 bounty) 
Seat 2: Gabrielfs13 (10000 in chips, $5 bounty) 
Seat 3: paulinhom688 (9154 in chips, $5 bounty) 
Seat 4: RasHigher (10394 in chips, $5 bounty) 
Seat 5: valenski7777 (9764 in chips, $5 bounty) 
Seat 6: Bluting (9974 in chips, $5 bounty) 
Seat 7: JrVerme (17767 in chips, $7.50 bounty) 
Rokyzas889: posts the ante 14
Gabrielfs13: posts the ante 14
paulinhom688: posts the ante 14
RasHigher: posts the ante 14
valenski7777: posts the ante 14
Bluting: posts the ante 14
JrVerme: posts the ante 14
RasHigher: posts small blind 60
valenski7777: posts big blind 120
*** HOLE CARDS ***
Dealt to Gabrielfs13 [Td 3d]
Bluting: folds 
JrVerme: raises 120 to 240
Rokyzas889: folds 
Gabrielfs13: folds 
paulinhom688: folds 
RasHigher: folds 
valenski7777: calls 120
*** FLOP *** [Kh 6s 8c]
valenski7777: checks 
JrVerme: bets 211
valenski7777: folds 
Uncalled bet (211) returned to JrVerme
JrVerme collected 638 from pot
JrVerme: doesn't show hand 
*** SUMMARY ***
Total pot 638 | Rake 0 
Board [Kh 6s 8c]
Seat 1: Rokyzas889 folded before Flop (didn't bet)
Seat 2: Gabrielfs13 folded before Flop (didn't bet)
Seat 3: paulinhom688 (button) folded before Flop (didn't bet)
Seat 4: RasHigher (small blind) folded before Flop
Seat 5: valenski7777 (big blind) folded on the Flop
Seat 6: Bluting folded before Flop (didn't bet)
Seat 7: JrVerme collected (638)



PokerStars Hand #257263845746: Tournament #3914634380, $4.80+$5.00+$1.20 USD Hold'em No Limit - Level II (60/120) - 2025/08/08 14:38:56 BRT [2025/08/08 13:38:56 ET]
Table '3914634380 57' 7-max Seat #4 is the button
Seat 1: Rokyzas889 (12969 in chips, $5 bounty) 
Seat 2: Gabrielfs13 (9986 in chips, $5 bounty) 
Seat 3: paulinhom688 (9140 in chips, $5 bounty) 
Seat 4: RasHigher (10320 in chips, $5 bounty) 
Seat 5: valenski7777 (9510 in chips, $5 bounty) 
Seat 6: Bluting (9960 in chips, $5 bounty) 
Seat 7: JrVerme (18151 in chips, $7.50 bounty) 
Rokyzas889: posts the ante 14
Gabrielfs13: posts the ante 14
paulinhom688: posts the ante 14
RasHigher: posts the ante 14
valenski7777: posts the ante 14
Bluting: posts the ante 14
JrVerme: posts the ante 14
valenski7777: posts small blind 60
Bluting: posts big blind 120
*** HOLE CARDS ***
Dealt to Gabrielfs13 [9c 8h]
JrVerme: folds 
Rokyzas889: raises 180 to 300
Gabrielfs13: folds 
paulinhom688: calls 300
RasHigher: calls 300
valenski7777: folds 
Bluting: calls 180
*** FLOP *** [5c 6d As]
Bluting: checks 
Rokyzas889: checks 
paulinhom688: bets 448
RasHigher: calls 448
Bluting: calls 448
Rokyzas889: folds 
*** TURN *** [5c 6d As] [7c]
Bluting: checks 
paulinhom688: checks 
RasHigher: bets 1351
Bluting: folds 
paulinhom688: folds 
Uncalled bet (1351) returned to RasHigher
RasHigher collected 2702 from pot
RasHigher: doesn't show hand 
*** SUMMARY ***
Total pot 2702 | Rake 0 
Board [5c 6d As 7c]
Seat 1: Rokyzas889 folded on the Flop
Seat 2: Gabrielfs13 folded before Flop (didn't bet)
Seat 3: paulinhom688 folded on the Turn
Seat 4: RasHigher (button) collected (2702)
Seat 5: valenski7777 (small blind) folded before Flop
Seat 6: Bluting (big blind) folded on the Turn
Seat 7: JrVerme folded before Flop (didn't bet)



PokerStars Hand #257263868887: Tournament #3914634380, $4.80+$5.00+$1.20 USD Hold'em No Limit - Level II (60/120) - 2025/08/08 14:40:53 BRT [2025/08/08 13:40:53 ET]
Table '3914634380 57' 7-max Seat #5 is the button
Seat 1: Rokyzas889 (12655 in chips, $5 bounty) 
Seat 2: Gabrielfs13 (9972 in chips, $5 bounty) 
Seat 3: paulinhom688 (8378 in chips, $5 bounty) 
Seat 4: RasHigher (12260 in chips, $5 bounty) 
Seat 5: valenski7777 (9436 in chips, $5 bounty) 
Seat 6: Bluting (9198 in chips, $5 bounty) 
Seat 7: JrVerme (18137 in chips, $7.50 bounty) 
Rokyzas889: posts the ante 14
Gabrielfs13: posts the ante 14
paulinhom688: posts the ante 14
RasHigher: posts the ante 14
valenski7777: posts the ante 14
Bluting: posts the ante 14
JrVerme: posts the ante 14
Bluting: posts small blind 60
JrVerme: posts big blind 120
*** HOLE CARDS ***
Dealt to Gabrielfs13 [Ah 3h]
Rokyzas889: folds 
Gabrielfs13: raises 120 to 240
paulinhom688: folds 
RasHigher: folds 
valenski7777: calls 240
Bluting: folds 
JrVerme: calls 120
*** FLOP *** [Ks Qc 6d]
JrVerme: checks 
Gabrielfs13: checks 
valenski7777: checks 
*** TURN *** [Ks Qc 6d] [Th]
JrVerme: checks 
Gabrielfs13: bets 300
valenski7777: raises 540 to 840
JrVerme: folds 
Gabrielfs13: folds 
Uncalled bet (540) returned to valenski7777
valenski7777 collected 1478 from pot
valenski7777: doesn't show hand 
*** SUMMARY ***
Total pot 1478 | Rake 0 
Board [Ks Qc 6d Th]
Seat 1: Rokyzas889 folded before Flop (didn't bet)
Seat 2: Gabrielfs13 folded on the Turn
Seat 3: paulinhom688 folded before Flop (didn't bet)
Seat 4: RasHigher folded before Flop (didn't bet)
Seat 5: valenski7777 (button) collected (1478)
Seat 6: Bluting (small blind) folded before Flop
Seat 7: JrVerme (big blind) folded on the Turn



PokerStars Hand #257263879502: Tournament #3914634380, $4.80+$5.00+$1.20 USD Hold'em No Limit - Level II (60/120) - 2025/08/08 14:41:46 BRT [2025/08/08 13:41:46 ET]
Table '3914634380 57' 7-max Seat #6 is the button
Seat 1: Rokyzas889 (12641 in chips, $5 bounty) 
Seat 2: Gabrielfs13 (9418 in chips, $5 bounty) 
Seat 3: paulinhom688 (8364 in chips, $5 bounty) 
Seat 4: RasHigher (12246 in chips, $5 bounty) 
Seat 5: valenski7777 (10360 in chips, $5 bounty) 
Seat 6: Bluting (9124 in chips, $5 bounty) 
Seat 7: JrVerme (17883 in chips, $7.50 bounty) 
Rokyzas889: posts the ante 14
Gabrielfs13: posts the ante 14
paulinhom688: posts the ante 14
RasHigher: posts the ante 14
valenski7777: posts the ante 14
Bluting: posts the ante 14
JrVerme: posts the ante 14
JrVerme: posts small blind 60
Rokyzas889: posts big blind 120
*** HOLE CARDS ***
Dealt to Gabrielfs13 [9d 8h]
Gabrielfs13: folds 
paulinhom688: folds 
RasHigher: folds 
valenski7777: folds 
Bluting: folds 
JrVerme: calls 60
Rokyzas889: checks 
*** FLOP *** [9h 3c 6c]
JrVerme: bets 120
Rokyzas889: calls 120
*** TURN *** [9h 3c 6c] [6h]
JrVerme: bets 240
Rokyzas889: calls 240
*** RIVER *** [9h 3c 6c 6h] [Th]
JrVerme: bets 794
Rokyzas889: calls 794
*** SHOW DOWN ***
JrVerme: shows [Tc 9s] (two pair, Tens and Nines)
Rokyzas889: mucks hand 
JrVerme collected 2646 from pot
*** SUMMARY ***
Total pot 2646 | Rake 0 
Board [9h 3c 6c 6h Th]
Seat 1: Rokyzas889 (big blind) mucked [3h Td]
Seat 2: Gabrielfs13 folded before Flop (didn't bet)
Seat 3: paulinhom688 folded before Flop (didn't bet)
Seat 4: RasHigher folded before Flop (didn't bet)
Seat 5: valenski7777 folded before Flop (didn't bet)
Seat 6: Bluting (button) folded before Flop (didn't bet)
Seat 7: JrVerme (small blind) showed [Tc 9s] and won (2646) with two pair, Tens and Nines



PokerStars Hand #257263898286: Tournament #3914634380, $4.80+$5.00+$1.20 USD Hold'em No Limit - Level III (70/140) - 2025/08/08 14:43:20 BRT [2025/08/08 13:43:20 ET]
Table '3914634380 57' 7-max Seat #7 is the button
Seat 1: Rokyzas889 (11353 in chips, $5 bounty) 
Seat 2: Gabrielfs13 (9404 in chips, $5 bounty) 
Seat 3: paulinhom688 (8350 in chips, $5 bounty) 
Seat 4: RasHigher (12232 in chips, $5 bounty) 
Seat 5: valenski7777 (10346 in chips, $5 bounty) 
Seat 6: Bluting (9110 in chips, $5 bounty) 
Seat 7: JrVerme (19241 in chips, $7.50 bounty) 
Rokyzas889: posts the ante 16
Gabrielfs13: posts the ante 16
paulinhom688: posts the ante 16
RasHigher: posts the ante 16
valenski7777: posts the ante 16
Bluting: posts the ante 16
JrVerme: posts the ante 16
Rokyzas889: posts small blind 70
Gabrielfs13: posts big blind 140
*** HOLE CARDS ***
Dealt to Gabrielfs13 [Ad Th]
paulinhom688: folds 
RasHigher: folds 
valenski7777: folds 
Bluting: folds 
JrVerme: raises 140 to 280
Rokyzas889: folds 
Gabrielfs13: raises 910 to 1190
JrVerme: folds 
Uncalled bet (910) returned to Gabrielfs13
Gabrielfs13 collected 742 from pot
Gabrielfs13: doesn't show hand 
*** SUMMARY ***
Total pot 742 | Rake 0 
Seat 1: Rokyzas889 (small blind) folded before Flop
Seat 2: Gabrielfs13 (big blind) collected (742)
Seat 3: paulinhom688 folded before Flop (didn't bet)
Seat 4: RasHigher folded before Flop (didn't bet)
Seat 5: valenski7777 folded before Flop (didn't bet)
Seat 6: Bluting folded before Flop (didn't bet)
Seat 7: JrVerme (button) folded before Flop



PokerStars Hand #257263905861: Tournament #3914634380, $4.80+$5.00+$1.20 USD Hold'em No Limit - Level III (70/140) - 2025/08/08 14:43:59 BRT [2025/08/08 13:43:59 ET]
Table '3914634380 57' 7-max Seat #1 is the button
Seat 1: Rokyzas889 (11267 in chips, $5 bounty) 
Seat 2: Gabrielfs13 (9850 in chips, $5 bounty) 
Seat 3: paulinhom688 (8334 in chips, $5 bounty) 
Seat 4: RasHigher (12216 in chips, $5 bounty) 
Seat 5: valenski7777 (10330 in chips, $5 bounty) 
Seat 6: Bluting (9094 in chips, $5 bounty) 
Seat 7: JrVerme (18945 in chips, $7.50 bounty) 
Rokyzas889: posts the ante 16
Gabrielfs13: posts the ante 16
paulinhom688: posts the ante 16
RasHigher: posts the ante 16
valenski7777: posts the ante 16
Bluting: posts the ante 16
JrVerme: posts the ante 16
Gabrielfs13: posts small blind 70
paulinhom688: posts big blind 140
*** HOLE CARDS ***
Dealt to Gabrielfs13 [3s Ac]
RasHigher: raises 140 to 280
valenski7777: folds 
Bluting: folds 
JrVerme: folds 
Rokyzas889: folds 
Gabrielfs13: folds 
paulinhom688: folds 
Uncalled bet (140) returned to RasHigher
RasHigher collected 462 from pot
RasHigher: doesn't show hand 
*** SUMMARY ***
Total pot 462 | Rake 0 
Seat 1: Rokyzas889 (button) folded before Flop (didn't bet)
Seat 2: Gabrielfs13 (small blind) folded before Flop
Seat 3: paulinhom688 (big blind) folded before Flop
Seat 4: RasHigher collected (462)
Seat 5: valenski7777 folded before Flop (didn't bet)
Seat 6: Bluting folded before Flop (didn't bet)
Seat 7: JrVerme folded before Flop (didn't bet)



PokerStars Hand #257263910688: Tournament #3914634380, $4.80+$5.00+$1.20 USD Hold'em No Limit - Level III (70/140) - 2025/08/08 14:44:24 BRT [2025/08/08 13:44:24 ET]
Table '3914634380 57' 7-max Seat #2 is the button
Seat 1: Rokyzas889 (11251 in chips, $5 bounty) 
Seat 2: Gabrielfs13 (9764 in chips, $5 bounty) 
Seat 3: paulinhom688 (8178 in chips, $5 bounty) 
Seat 4: RasHigher (12522 in chips, $5 bounty) 
Seat 5: valenski7777 (10314 in chips, $5 bounty) 
Seat 6: Bluting (9078 in chips, $5 bounty) 
Seat 7: JrVerme (18929 in chips, $7.50 bounty) 
Rokyzas889: posts the ante 16
Gabrielfs13: posts the ante 16
paulinhom688: posts the ante 16
RasHigher: posts the ante 16
valenski7777: posts the ante 16
Bluting: posts the ante 16
JrVerme: posts the ante 16
paulinhom688: posts small blind 70
RasHigher: posts big blind 140
*** HOLE CARDS ***
Dealt to Gabrielfs13 [9h 7c]
valenski7777: raises 140 to 280
Bluting: folds 
JrVerme: folds 
Rokyzas889: folds 
Gabrielfs13: folds 
paulinhom688: folds 
RasHigher: calls 140
*** FLOP *** [3h Kc 9d]
RasHigher: checks 
valenski7777: bets 230
RasHigher: calls 230
*** TURN *** [3h Kc 9d] [5c]
RasHigher: checks 
valenski7777: checks 
*** RIVER *** [3h Kc 9d 5c] [Kd]
RasHigher: bets 397
valenski7777: raises 1996 to 2393
RasHigher: folds 
Uncalled bet (1996) returned to valenski7777
valenski7777 collected 1996 from pot
valenski7777: doesn't show hand 
*** SUMMARY ***
Total pot 1996 | Rake 0 
Board [3h Kc 9d 5c Kd]
Seat 1: Rokyzas889 folded before Flop (didn't bet)
Seat 2: Gabrielfs13 (button) folded before Flop (didn't bet)
Seat 3: paulinhom688 (small blind) folded before Flop
Seat 4: RasHigher (big blind) folded on the River
Seat 5: valenski7777 collected (1996)
Seat 6: Bluting folded before Flop (didn't bet)
Seat 7: JrVerme folded before Flop (didn't bet)



PokerStars Hand #257263924822: Tournament #3914634380, $4.80+$5.00+$1.20 USD Hold'em No Limit - Level III (70/140) - 2025/08/08 14:45:35 BRT [2025/08/08 13:45:35 ET]
Table '3914634380 57' 7-max Seat #3 is the button
Seat 1: Rokyzas889 (11235 in chips, $5 bounty) 
Seat 2: Gabrielfs13 (9748 in chips, $5 bounty) 
Seat 3: paulinhom688 (8092 in chips, $5 bounty) 
Seat 4: RasHigher (11599 in chips, $5 bounty) 
Seat 6: Bluting (9062 in chips, $5 bounty) 
Seat 7: JrVerme (18913 in chips, $7.50 bounty) 
Rokyzas889: posts the ante 16
Gabrielfs13: posts the ante 16
paulinhom688: posts the ante 16
RasHigher: posts the ante 16
Bluting: posts the ante 16
JrVerme: posts the ante 16
RasHigher: posts small blind 70
Bluting: posts big blind 140
*** HOLE CARDS ***
Dealt to Gabrielfs13 [3c 5c]
JrVerme: raises 140 to 280
Dududibre is disconnected 
Rokyzas889: folds 
Gabrielfs13: folds 
paulinhom688: folds 
RasHigher: folds 
Bluting: folds 
Uncalled bet (140) returned to JrVerme
JrVerme collected 446 from pot
JrVerme: doesn't show hand 
*** SUMMARY ***
Total pot 446 | Rake 0 
Seat 1: Rokyzas889 folded before Flop (didn't bet)
Seat 2: Gabrielfs13 folded before Flop (didn't bet)
Seat 3: paulinhom688 (button) folded before Flop (didn't bet)
Seat 4: RasHigher (small blind) folded before Flop
Seat 6: Bluting (big blind) folded before Flop
Seat 7: JrVerme collected (446)



PokerStars Hand #257263932910: Tournament #3914634380, $4.80+$5.00+$1.20 USD Hold'em No Limit - Level III (70/140) - 2025/08/08 14:46:15 BRT [2025/08/08 13:46:15 ET]
Table '3914634380 57' 7-max Seat #4 is the button
Seat 1: Rokyzas889 (11219 in chips, $5 bounty) 
Seat 2: Gabrielfs13 (9732 in chips, $5 bounty) 
Seat 3: paulinhom688 (8076 in chips, $5 bounty) 
Seat 4: RasHigher (11513 in chips, $5 bounty) 
Seat 5: Dududibre (10000 in chips) out of hand (moved from another table into small blind)
Seat 6: Bluting (8906 in chips, $5 bounty) 
Seat 7: JrVerme (19203 in chips, $7.50 bounty) 
Dududibre will be allowed to play after the button
Rokyzas889: posts the ante 16
Gabrielfs13: posts the ante 16
paulinhom688: posts the ante 16
RasHigher: posts the ante 16
Bluting: posts the ante 16
JrVerme: posts the ante 16
Bluting: posts small blind 70
JrVerme: posts big blind 140
*** HOLE CARDS ***
Dealt to Gabrielfs13 [3c Jh]
Rokyzas889: raises 140 to 280
Gabrielfs13: folds 
paulinhom688: folds 
RasHigher: raises 700 to 980
Bluting: folds 
JrVerme: folds 
Rokyzas889: folds 
Uncalled bet (700) returned to RasHigher
RasHigher collected 866 from pot
RasHigher: doesn't show hand 
*** SUMMARY ***
Total pot 866 | Rake 0 
Seat 1: Rokyzas889 folded before Flop
Seat 2: Gabrielfs13 folded before Flop (didn't bet)
Seat 3: paulinhom688 folded before Flop (didn't bet)
Seat 4: RasHigher (button) collected (866)
Seat 6: Bluting (small blind) folded before Flop
Seat 7: JrVerme (big blind) folded before Flop



PokerStars Hand #257263938912: Tournament #3914634380, $4.80+$5.00+$1.20 USD Hold'em No Limit - Level III (70/140) - 2025/08/08 14:46:46 BRT [2025/08/08 13:46:46 ET]
Table '3914634380 57' 7-max Seat #6 is the button
Seat 1: Rokyzas889 (10923 in chips, $5 bounty) 
Seat 2: Gabrielfs13 (9716 in chips, $5 bounty) 
Seat 3: paulinhom688 (8060 in chips, $5 bounty) 
Seat 4: RasHigher (12083 in chips, $5 bounty) 
Seat 5: Dududibre (10000 in chips, $5 bounty) 
Seat 6: Bluting (8820 in chips, $5 bounty) 
Seat 7: JrVerme (19047 in chips, $7.50 bounty) 
Rokyzas889: posts the ante 16
Gabrielfs13: posts the ante 16
paulinhom688: posts the ante 16
RasHigher: posts the ante 16
Dududibre: posts the ante 16
Bluting: posts the ante 16
JrVerme: posts the ante 16
JrVerme: posts small blind 70
Rokyzas889: posts big blind 140
*** HOLE CARDS ***
Dealt to Gabrielfs13 [4c 6d]
Gabrielfs13: folds 
paulinhom688: folds 
RasHigher: folds 
Dududibre: folds 
Bluting: folds 
JrVerme: raises 420 to 560
Rokyzas889: folds 
Uncalled bet (420) returned to JrVerme
JrVerme collected 392 from pot
JrVerme: doesn't show hand 
*** SUMMARY ***
Total pot 392 | Rake 0 
Seat 1: Rokyzas889 (big blind) folded before Flop
Seat 2: Gabrielfs13 folded before Flop (didn't bet)
Seat 3: paulinhom688 folded before Flop (didn't bet)
Seat 4: RasHigher folded before Flop (didn't bet)
Seat 5: Dududibre folded before Flop (didn't bet)
Seat 6: Bluting (button) folded before Flop (didn't bet)
Seat 7: JrVerme (small blind) collected (392)



PokerStars Hand #257263944668: Tournament #3914634380, $4.80+$5.00+$1.20 USD Hold'em No Limit - Level III (70/140) - 2025/08/08 14:47:15 BRT [2025/08/08 13:47:15 ET]
Table '3914634380 57' 7-max Seat #7 is the button
Seat 1: Rokyzas889 (10767 in chips, $5 bounty) 
Seat 2: Gabrielfs13 (9700 in chips, $5 bounty) 
Seat 3: paulinhom688 (8044 in chips, $5 bounty) 
Seat 4: RasHigher (12067 in chips, $5 bounty) 
Seat 5: Dududibre (9984 in chips, $5 bounty) 
Seat 6: Bluting (8804 in chips, $5 bounty) 
Seat 7: JrVerme (19283 in chips, $7.50 bounty) 
Rokyzas889: posts the ante 16
Gabrielfs13: posts the ante 16
paulinhom688: posts the ante 16
RasHigher: posts the ante 16
Dududibre: posts the ante 16
Bluting: posts the ante 16
JrVerme: posts the ante 16
Rokyzas889: posts small blind 70
Gabrielfs13: posts big blind 140
*** HOLE CARDS ***
Dealt to Gabrielfs13 [Jd 7d]
paulinhom688: folds 
RasHigher: raises 140 to 280
Dududibre: folds 
Bluting: folds 
JrVerme: raises 840 to 1120
Rokyzas889: folds 
Gabrielfs13: folds 
RasHigher: calls 840
*** FLOP *** [3c As 4s]
RasHigher: bets 1281
JrVerme: folds 
Uncalled bet (1281) returned to RasHigher
RasHigher collected 2562 from pot
RasHigher: doesn't show hand 
*** SUMMARY ***
Total pot 2562 | Rake 0 
Board [3c As 4s]
Seat 1: Rokyzas889 (small blind) folded before Flop
Seat 2: Gabrielfs13 (big blind) folded before Flop
Seat 3: paulinhom688 folded before Flop (didn't bet)
Seat 4: RasHigher collected (2562)
Seat 5: Dududibre folded before Flop (didn't bet)
Seat 6: Bluting folded before Flop (didn't bet)
Seat 7: JrVerme (button) folded on the Flop



PokerStars Hand #257263956777: Tournament #3914634380, $4.80+$5.00+$1.20 USD Hold'em No Limit - Level IV (80/160) - 2025/08/08 14:48:16 BRT [2025/08/08 13:48:16 ET]
Table '3914634380 57' 7-max Seat #1 is the button
Seat 1: Rokyzas889 (10681 in chips, $5 bounty) 
Seat 2: Gabrielfs13 (9544 in chips, $5 bounty) 
Seat 3: paulinhom688 (8028 in chips, $5 bounty) 
Seat 4: RasHigher (13493 in chips, $5 bounty) 
Seat 5: Dududibre (9968 in chips, $5 bounty) 
Seat 6: Bluting (8788 in chips, $5 bounty) 
Seat 7: JrVerme (18147 in chips, $7.50 bounty) 
Rokyzas889: posts the ante 20
Gabrielfs13: posts the ante 20
paulinhom688: posts the ante 20
RasHigher: posts the ante 20
Dududibre: posts the ante 20
Bluting: posts the ante 20
JrVerme: posts the ante 20
Gabrielfs13: posts small blind 80
paulinhom688: posts big blind 160
*** HOLE CARDS ***
Dealt to Gabrielfs13 [6h Th]
RasHigher: folds 
Dududibre: raises 160 to 320
Bluting: raises 800 to 1120
JrVerme: raises 1280 to 2400
Rokyzas889: folds 
Gabrielfs13: folds 
paulinhom688: folds 
Dududibre: folds 
Bluting: calls 1280
*** FLOP *** [Ks 4d Ts]
Bluting: checks 
JrVerme: bets 1815
Bluting: calls 1815
*** TURN *** [Ks 4d Ts] [Td]
Bluting: checks 
JrVerme: checks 
*** RIVER *** [Ks 4d Ts Td] [4c]
Bluting: bets 4553 and is all-in
JrVerme: calls 4553
*** SHOW DOWN ***
Bluting: shows [Kd 9d] (two pair, Kings and Tens)
JrVerme: shows [As Kc] (two pair, Kings and Tens - Ace kicker)
JrVerme collected 18236 from pot
JrVerme wins $2.50 for eliminating Bluting and their own bounty increases by $2.50 to $10
Bluting finished the tournament
*** SUMMARY ***
Total pot 18236 | Rake 0 
Board [Ks 4d Ts Td 4c]
Seat 1: Rokyzas889 (button) folded before Flop (didn't bet)
Seat 2: Gabrielfs13 (small blind) folded before Flop
Seat 3: paulinhom688 (big blind) folded before Flop
Seat 4: RasHigher folded before Flop (didn't bet)
Seat 5: Dududibre folded before Flop
Seat 6: Bluting showed [Kd 9d] and lost with two pair, Kings and Tens
Seat 7: JrVerme showed [As Kc] and won (18236) with two pair, Kings and Tens



PokerStars Hand #257263976348: Tournament #3914634380, $4.80+$5.00+$1.20 USD Hold'em No Limit - Level IV (80/160) - 2025/08/08 14:49:54 BRT [2025/08/08 13:49:54 ET]
Table '3914634380 57' 7-max Seat #2 is the button
Seat 1: Rokyzas889 (10661 in chips, $5 bounty) 
Seat 2: Gabrielfs13 (9444 in chips, $5 bounty) 
Seat 3: paulinhom688 (7848 in chips, $5 bounty) 
Seat 4: RasHigher (13473 in chips, $5 bounty) 
Seat 5: Dududibre (9628 in chips, $5 bounty) 
Seat 7: JrVerme (27595 in chips, $10 bounty) 
Rokyzas889: posts the ante 20
Gabrielfs13: posts the ante 20
paulinhom688: posts the ante 20
RasHigher: posts the ante 20
Dududibre: posts the ante 20
JrVerme: posts the ante 20
paulinhom688: posts small blind 80
RasHigher: posts big blind 160
*** HOLE CARDS ***
Dealt to Gabrielfs13 [Th 7d]
PokerAlex84 is disconnected 
Dududibre: folds 
JrVerme: folds 
Rokyzas889: folds 
Gabrielfs13: raises 160 to 320
paulinhom688: folds 
RasHigher: calls 160
*** FLOP *** [2c 9c Js]
RasHigher: checks 
Gabrielfs13: bets 210
RasHigher: raises 510 to 720
Gabrielfs13: folds 
Uncalled bet (510) returned to RasHigher
RasHigher collected 1260 from pot
RasHigher: doesn't show hand 
*** SUMMARY ***
Total pot 1260 | Rake 0 
Board [2c 9c Js]
Seat 1: Rokyzas889 folded before Flop (didn't bet)
Seat 2: Gabrielfs13 (button) folded on the Flop
Seat 3: paulinhom688 (small blind) folded before Flop
Seat 4: RasHigher (big blind) collected (1260)
Seat 5: Dududibre folded before Flop (didn't bet)
Seat 7: JrVerme folded before Flop (didn't bet)



PokerStars Hand #257263986066: Tournament #3914634380, $4.80+$5.00+$1.20 USD Hold'em No Limit - Level IV (80/160) - 2025/08/08 14:50:43 BRT [2025/08/08 13:50:43 ET]
Table '3914634380 57' 7-max Seat #3 is the button
Seat 1: Rokyzas889 (10641 in chips, $5 bounty) 
Seat 2: Gabrielfs13 (8894 in chips, $5 bounty) 
Seat 3: paulinhom688 (7748 in chips, $5 bounty) 
Seat 4: RasHigher (14183 in chips, $5 bounty) 
Seat 5: Dududibre (9608 in chips, $5 bounty) 
Seat 6: PokerAlex84 (10000 in chips, $5 bounty) 
Seat 7: JrVerme (27575 in chips, $10 bounty) 
Rokyzas889: posts the ante 20
Gabrielfs13: posts the ante 20
paulinhom688: posts the ante 20
RasHigher: posts the ante 20
Dududibre: posts the ante 20
PokerAlex84: posts the ante 20
JrVerme: posts the ante 20
RasHigher: posts small blind 80
Dududibre: posts big blind 160
*** HOLE CARDS ***
Dealt to Gabrielfs13 [8c 3h]
PokerAlex84: folds 
JrVerme: folds 
Rokyzas889: folds 
Gabrielfs13: folds 
paulinhom688: raises 160 to 320
RasHigher: folds 
Dududibre: raises 960 to 1280
paulinhom688: folds 
Uncalled bet (960) returned to Dududibre
Dududibre collected 860 from pot
Dududibre: doesn't show hand 
*** SUMMARY ***
Total pot 860 | Rake 0 
Seat 1: Rokyzas889 folded before Flop (didn't bet)
Seat 2: Gabrielfs13 folded before Flop (didn't bet)
Seat 3: paulinhom688 (button) folded before Flop
Seat 4: RasHigher (small blind) folded before Flop
Seat 5: Dududibre (big blind) collected (860)
Seat 6: PokerAlex84 folded before Flop (didn't bet)
Seat 7: JrVerme folded before Flop (didn't bet)



PokerStars Hand #257263993490: Tournament #3914634380, $4.80+$5.00+$1.20 USD Hold'em No Limit - Level IV (80/160) - 2025/08/08 14:51:21 BRT [2025/08/08 13:51:21 ET]
Table '3914634380 57' 7-max Seat #4 is the button
Seat 1: Rokyzas889 (10621 in chips, $5 bounty) 
Seat 2: Gabrielfs13 (8874 in chips, $5 bounty) 
Seat 3: paulinhom688 (7408 in chips, $5 bounty) 
Seat 4: RasHigher (14083 in chips, $5 bounty) 
Seat 5: Dududibre (10128 in chips, $5 bounty) 
Seat 6: PokerAlex84 (9980 in chips, $5 bounty) 
Seat 7: JrVerme (27555 in chips, $10 bounty) 
Rokyzas889: posts the ante 20
Gabrielfs13: posts the ante 20
paulinhom688: posts the ante 20
RasHigher: posts the ante 20
Dududibre: posts the ante 20
PokerAlex84: posts the ante 20
JrVerme: posts the ante 20
Dududibre: posts small blind 80
PokerAlex84: posts big blind 160
*** HOLE CARDS ***
Dealt to Gabrielfs13 [4s 8h]
JrVerme: raises 160 to 320
Rokyzas889: calls 320
Gabrielfs13: folds 
paulinhom688: folds 
RasHigher: folds 
Dududibre: folds 
PokerAlex84: calls 160
*** FLOP *** [7s 8d 5h]
PokerAlex84: checks 
JrVerme: bets 880
Rokyzas889: folds 
PokerAlex84: folds 
Uncalled bet (880) returned to JrVerme
JrVerme collected 1180 from pot
JrVerme: doesn't show hand 
*** SUMMARY ***
Total pot 1180 | Rake 0 
Board [7s 8d 5h]
Seat 1: Rokyzas889 folded on the Flop
Seat 2: Gabrielfs13 folded before Flop (didn't bet)
Seat 3: paulinhom688 folded before Flop (didn't bet)
Seat 4: RasHigher (button) folded before Flop (didn't bet)
Seat 5: Dududibre (small blind) folded before Flop
Seat 6: PokerAlex84 (big blind) folded on the Flop
Seat 7: JrVerme collected (1180)



PokerStars Hand #257264006225: Tournament #3914634380, $4.80+$5.00+$1.20 USD Hold'em No Limit - Level IV (80/160) - 2025/08/08 14:52:25 BRT [2025/08/08 13:52:25 ET]
Table '3914634380 57' 7-max Seat #5 is the button
Seat 1: Rokyzas889 (10281 in chips, $5 bounty) 
Seat 2: Gabrielfs13 (8854 in chips, $5 bounty) 
Seat 3: paulinhom688 (7388 in chips, $5 bounty) 
Seat 4: RasHigher (14063 in chips, $5 bounty) 
Seat 5: Dududibre (10028 in chips, $5 bounty) 
Seat 6: PokerAlex84 (9640 in chips, $5 bounty) 
Rokyzas889: posts the ante 20
Gabrielfs13: posts the ante 20
paulinhom688: posts the ante 20
RasHigher: posts the ante 20
Dududibre: posts the ante 20
PokerAlex84: posts the ante 20
PokerAlex84: posts small blind 80
Rokyzas889: posts big blind 160
*** HOLE CARDS ***
Dealt to Gabrielfs13 [Ac Kh]
Gabrielfs13: raises 160 to 320
paulinhom688: folds 
RasHigher: folds 
Dududibre: calls 320
PokerAlex84: folds 
Rokyzas889: calls 160
*** FLOP *** [4s 9d 3c]
Rokyzas889: checks 
Gabrielfs13: checks 
Dududibre: bets 383
Rokyzas889: folds 
Gabrielfs13: calls 383
*** TURN *** [4s 9d 3c] [5s]
Gabrielfs13: checks 
Dududibre: bets 1280
Gabrielfs13: calls 1280
*** RIVER *** [4s 9d 3c 5s] [Tc]
Gabrielfs13: checks 
Dududibre: checks 
*** SHOW DOWN ***
Gabrielfs13: shows [Ac Kh] (high card Ace)
Dududibre: shows [As 9s] (a pair of Nines)
Dududibre collected 4486 from pot
*** SUMMARY ***
Total pot 4486 | Rake 0 
Board [4s 9d 3c 5s Tc]
Seat 1: Rokyzas889 (big blind) folded on the Flop
Seat 2: Gabrielfs13 showed [Ac Kh] and lost with high card Ace
Seat 3: paulinhom688 folded before Flop (didn't bet)
Seat 4: RasHigher folded before Flop (didn't bet)
Seat 5: Dududibre (button) showed [As 9s] and won (4486) with a pair of Nines
Seat 6: PokerAlex84 (small blind) folded before Flop



PokerStars Hand #257264027903: Tournament #3914634380, $4.80+$5.00+$1.20 USD Hold'em No Limit - Level V (100/200) - 2025/08/08 14:54:14 BRT [2025/08/08 13:54:14 ET]
Table '3914634380 57' 7-max Seat #6 is the button
Seat 1: Rokyzas889 (9941 in chips, $5 bounty) 
Seat 2: Gabrielfs13 (6851 in chips, $5 bounty) 
Seat 3: paulinhom688 (7368 in chips, $5 bounty) 
Seat 4: RasHigher (14043 in chips, $5 bounty) 
Seat 5: Dududibre (12511 in chips, $5 bounty) 
Seat 6: PokerAlex84 (9540 in chips, $5 bounty) 
Seat 7: ak10fc (10000 in chips) out of hand (moved from another table into small blind)
ak10fc will be allowed to play after the button
Rokyzas889: posts the ante 25
Gabrielfs13: posts the ante 25
paulinhom688: posts the ante 25
RasHigher: posts the ante 25
Dududibre: posts the ante 25
PokerAlex84: posts the ante 25
Rokyzas889: posts small blind 100
Gabrielfs13: posts big blind 200
*** HOLE CARDS ***
Dealt to Gabrielfs13 [3s Ac]
paulinhom688: folds 
RasHigher: raises 200 to 400
Dududibre: folds 
PokerAlex84: folds 
Rokyzas889: calls 300
Gabrielfs13: calls 200
*** FLOP *** [9h 9c 6s]
Rokyzas889: checks 
Gabrielfs13: bets 446
RasHigher: calls 446
Rokyzas889: folds 
*** TURN *** [9h 9c 6s] [Kh]
Gabrielfs13: bets 1500
RasHigher: folds 
Uncalled bet (1500) returned to Gabrielfs13
Gabrielfs13 collected 2242 from pot
Gabrielfs13: doesn't show hand 
*** SUMMARY ***
Total pot 2242 | Rake 0 
Board [9h 9c 6s Kh]
Seat 1: Rokyzas889 (small blind) folded on the Flop
Seat 2: Gabrielfs13 (big blind) collected (2242)
Seat 3: paulinhom688 folded before Flop (didn't bet)
Seat 4: RasHigher folded on the Turn
Seat 5: Dududibre folded before Flop (didn't bet)
Seat 6: PokerAlex84 (button) folded before Flop (didn't bet)



PokerStars Hand #257264139548: Tournament #3914634380, $4.80+$5.00+$1.20 USD Hold'em No Limit - Level V (100/200) - 2025/08/08 15:05:27 BRT [2025/08/08 14:05:27 ET]
Table '3914634380 57' 7-max Seat #1 is the button
Seat 1: Rokyzas889 (9516 in chips, $5 bounty) 
Seat 2: Gabrielfs13 (8222 in chips, $5 bounty) 
Seat 3: paulinhom688 (7343 in chips, $5 bounty) 
Seat 4: RasHigher (13172 in chips, $5 bounty) 
Seat 5: Dududibre (12486 in chips, $5 bounty) 
Seat 6: PokerAlex84 (9515 in chips, $5 bounty) 
Seat 7: ak10fc (10000 in chips, $5 bounty) 
Rokyzas889: posts the ante 25
Gabrielfs13: posts the ante 25
paulinhom688: posts the ante 25
RasHigher: posts the ante 25
Dududibre: posts the ante 25
PokerAlex84: posts the ante 25
ak10fc: posts the ante 25
Gabrielfs13: posts small blind 100
paulinhom688: posts big blind 200
*** HOLE CARDS ***
Dealt to Gabrielfs13 [2c Qc]
RasHigher: folds 
Dududibre: folds 
PokerAlex84: folds 
ak10fc: folds 
Rokyzas889: raises 300 to 500
Gabrielfs13: folds 
paulinhom688: folds 
Uncalled bet (300) returned to Rokyzas889
Rokyzas889 collected 675 from pot
Rokyzas889: doesn't show hand 
*** SUMMARY ***
Total pot 675 | Rake 0 
Seat 1: Rokyzas889 (button) collected (675)
Seat 2: Gabrielfs13 (small blind) folded before Flop
Seat 3: paulinhom688 (big blind) folded before Flop
Seat 4: RasHigher folded before Flop (didn't bet)
Seat 5: Dududibre folded before Flop (didn't bet)
Seat 6: PokerAlex84 folded before Flop (didn't bet)
Seat 7: ak10fc folded before Flop (didn't bet)



PokerStars Hand #257264146639: Tournament #3914634380, $4.80+$5.00+$1.20 USD Hold'em No Limit - Level V (100/200) - 2025/08/08 15:06:03 BRT [2025/08/08 14:06:03 ET]
Table '3914634380 57' 7-max Seat #2 is the button
Seat 1: Rokyzas889 (9966 in chips, $5 bounty) 
Seat 2: Gabrielfs13 (8097 in chips, $5 bounty) 
Seat 3: paulinhom688 (7118 in chips, $5 bounty) 
Seat 4: RasHigher (13147 in chips, $5 bounty) 
Seat 6: PokerAlex84 (9490 in chips, $5 bounty) 
Seat 7: ak10fc (9975 in chips, $5 bounty) 
Rokyzas889: posts the ante 25
Gabrielfs13: posts the ante 25
paulinhom688: posts the ante 25
RasHigher: posts the ante 25
PokerAlex84: posts the ante 25
ak10fc: posts the ante 25
paulinhom688: posts small blind 100
RasHigher: posts big blind 200
*** HOLE CARDS ***
Dealt to Gabrielfs13 [7c 9s]
PokerAlex84: folds 
ak10fc: folds 
Rokyzas889: raises 300 to 500
Gabrielfs13: folds 
zFelippe7 is disconnected 
paulinhom688: folds 
RasHigher: folds 
Uncalled bet (300) returned to Rokyzas889
Rokyzas889 collected 650 from pot
Rokyzas889: doesn't show hand 
*** SUMMARY ***
Total pot 650 | Rake 0 
Seat 1: Rokyzas889 collected (650)
Seat 2: Gabrielfs13 (button) folded before Flop (didn't bet)
Seat 3: paulinhom688 (small blind) folded before Flop
Seat 4: RasHigher (big blind) folded before Flop
Seat 6: PokerAlex84 folded before Flop (didn't bet)
Seat 7: ak10fc folded before Flop (didn't bet)



PokerStars Hand #257264155904: Tournament #3914634380, $4.80+$5.00+$1.20 USD Hold'em No Limit - Level V (100/200) - 2025/08/08 15:06:50 BRT [2025/08/08 14:06:50 ET]
Table '3914634380 57' 7-max Seat #3 is the button
Seat 1: Rokyzas889 (10391 in chips, $5 bounty) 
Seat 2: Gabrielfs13 (8072 in chips, $5 bounty) 
Seat 3: paulinhom688 (6993 in chips, $5 bounty) 
Seat 4: RasHigher (12922 in chips, $5 bounty) 
Seat 5: zFelippe7 (10000 in chips, $5 bounty) 
Seat 6: PokerAlex84 (9465 in chips, $5 bounty) 
Seat 7: ak10fc (9950 in chips, $5 bounty) 
Rokyzas889: posts the ante 25
Gabrielfs13: posts the ante 25
paulinhom688: posts the ante 25
RasHigher: posts the ante 25
zFelippe7: posts the ante 25
PokerAlex84: posts the ante 25
ak10fc: posts the ante 25
RasHigher: posts small blind 100
zFelippe7: posts big blind 200
*** HOLE CARDS ***
Dealt to Gabrielfs13 [6s 2h]
PokerAlex84: folds 
ak10fc: folds 
Rokyzas889: folds 
Gabrielfs13: folds 
paulinhom688: folds 
RasHigher: calls 100
zFelippe7: raises 700 to 900
RasHigher: folds 
Uncalled bet (700) returned to zFelippe7
zFelippe7 collected 575 from pot
zFelippe7: doesn't show hand 
*** SUMMARY ***
Total pot 575 | Rake 0 
Seat 1: Rokyzas889 folded before Flop (didn't bet)
Seat 2: Gabrielfs13 folded before Flop (didn't bet)
Seat 3: paulinhom688 (button) folded before Flop (didn't bet)
Seat 4: RasHigher (small blind) folded before Flop
Seat 5: zFelippe7 (big blind) collected (575)
Seat 6: PokerAlex84 folded before Flop (didn't bet)
Seat 7: ak10fc folded before Flop (didn't bet)



PokerStars Hand #257264161660: Tournament #3914634380, $4.80+$5.00+$1.20 USD Hold'em No Limit - Level V (100/200) - 2025/08/08 15:07:19 BRT [2025/08/08 14:07:19 ET]
Table '3914634380 57' 7-max Seat #4 is the button
Seat 1: Rokyzas889 (10366 in chips, $5 bounty) 
Seat 2: Gabrielfs13 (8047 in chips, $5 bounty) 
Seat 3: paulinhom688 (6968 in chips, $5 bounty) 
Seat 4: RasHigher (12697 in chips, $5 bounty) 
Seat 5: zFelippe7 (10350 in chips, $5 bounty) 
Seat 6: PokerAlex84 (9440 in chips, $5 bounty) 
Seat 7: ak10fc (9925 in chips, $5 bounty) 
Rokyzas889: posts the ante 25
Gabrielfs13: posts the ante 25
paulinhom688: posts the ante 25
RasHigher: posts the ante 25
zFelippe7: posts the ante 25
PokerAlex84: posts the ante 25
ak10fc: posts the ante 25
zFelippe7: posts small blind 100
PokerAlex84: posts big blind 200
*** HOLE CARDS ***
Dealt to Gabrielfs13 [7h Qd]
ak10fc: folds 
Rokyzas889: folds 
Gabrielfs13: folds 
paulinhom688: folds 
RasHigher: raises 200 to 400
zFelippe7: raises 800 to 1200
PokerAlex84: folds 
RasHigher: calls 800
*** FLOP *** [2d 9h 9c]
zFelippe7: bets 916
RasHigher: folds 
Uncalled bet (916) returned to zFelippe7
zFelippe7 collected 2775 from pot
zFelippe7: doesn't show hand 
*** SUMMARY ***
Total pot 2775 | Rake 0 
Board [2d 9h 9c]
Seat 1: Rokyzas889 folded before Flop (didn't bet)
Seat 2: Gabrielfs13 folded before Flop (didn't bet)
Seat 3: paulinhom688 folded before Flop (didn't bet)
Seat 4: RasHigher (button) folded on the Flop
Seat 5: zFelippe7 (small blind) collected (2775)
Seat 6: PokerAlex84 (big blind) folded before Flop
Seat 7: ak10fc folded before Flop (didn't bet)



PokerStars Hand #257264170257: Tournament #3914634380, $4.80+$5.00+$1.20 USD Hold'em No Limit - Level V (100/200) - 2025/08/08 15:08:02 BRT [2025/08/08 14:08:02 ET]
Table '3914634380 57' 7-max Seat #5 is the button
Seat 1: Rokyzas889 (10341 in chips, $5 bounty) 
Seat 2: Gabrielfs13 (8022 in chips, $5 bounty) 
Seat 3: paulinhom688 (6943 in chips, $5 bounty) 
Seat 4: RasHigher (11472 in chips, $5 bounty) 
Seat 5: zFelippe7 (11900 in chips, $5 bounty) 
Seat 6: PokerAlex84 (9215 in chips, $5 bounty) 
Seat 7: ak10fc (9900 in chips, $5 bounty) 
Rokyzas889: posts the ante 25
Gabrielfs13: posts the ante 25
paulinhom688: posts the ante 25
RasHigher: posts the ante 25
zFelippe7: posts the ante 25
PokerAlex84: posts the ante 25
ak10fc: posts the ante 25
PokerAlex84: posts small blind 100
ak10fc: posts big blind 200
*** HOLE CARDS ***
Dealt to Gabrielfs13 [9h Ad]
Rokyzas889: folds 
Gabrielfs13: raises 200 to 400
paulinhom688: folds 
RasHigher: folds 
zFelippe7: folds 
PokerAlex84: folds 
ak10fc: calls 200
*** FLOP *** [Qh 4s 3d]
ak10fc: checks 
Gabrielfs13: bets 269
ak10fc: calls 269
*** TURN *** [Qh 4s 3d] [Tc]
ak10fc: checks 
Gabrielfs13: bets 807
ak10fc: raises 1207 to 2014
Gabrielfs13: folds 
Uncalled bet (1207) returned to ak10fc
ak10fc collected 3227 from pot
ak10fc: doesn't show hand 
*** SUMMARY ***
Total pot 3227 | Rake 0 
Board [Qh 4s 3d Tc]
Seat 1: Rokyzas889 folded before Flop (didn't bet)
Seat 2: Gabrielfs13 folded on the Turn
Seat 3: paulinhom688 folded before Flop (didn't bet)
Seat 4: RasHigher folded before Flop (didn't bet)
Seat 5: zFelippe7 (button) folded before Flop (didn't bet)
Seat 6: PokerAlex84 (small blind) folded before Flop
Seat 7: ak10fc (big blind) collected (3227)



PokerStars Hand #257264180665: Tournament #3914634380, $4.80+$5.00+$1.20 USD Hold'em No Limit - Level V (100/200) - 2025/08/08 15:08:54 BRT [2025/08/08 14:08:54 ET]
Table '3914634380 57' 7-max Seat #6 is the button
Seat 1: Rokyzas889 (10316 in chips, $5 bounty) 
Seat 2: Gabrielfs13 (6521 in chips, $5 bounty) 
Seat 3: paulinhom688 (6918 in chips, $5 bounty) 
Seat 4: RasHigher (11447 in chips, $5 bounty) 
Seat 5: zFelippe7 (11875 in chips, $5 bounty) 
Seat 6: PokerAlex84 (9090 in chips, $5 bounty) 
Seat 7: ak10fc (11626 in chips, $5 bounty) 
Rokyzas889: posts the ante 25
Gabrielfs13: posts the ante 25
paulinhom688: posts the ante 25
RasHigher: posts the ante 25
zFelippe7: posts the ante 25
PokerAlex84: posts the ante 25
ak10fc: posts the ante 25
ak10fc: posts small blind 100
Rokyzas889: posts big blind 200
*** HOLE CARDS ***
Dealt to Gabrielfs13 [Ad Ks]
Gabrielfs13: raises 200 to 400
paulinhom688: calls 400
RasHigher: folds 
zFelippe7: folds 
PokerAlex84: folds 
ak10fc: folds 
Rokyzas889: calls 200
*** FLOP *** [Tc Ts 8d]
Rokyzas889: checks 
Gabrielfs13: bets 487
paulinhom688: calls 487
Rokyzas889: folds 
*** TURN *** [Tc Ts 8d] [Td]
Gabrielfs13: checks 
paulinhom688: checks 
*** RIVER *** [Tc Ts 8d Td] [Qh]
Gabrielfs13: checks 
paulinhom688: bets 2000
Gabrielfs13: folds 
Uncalled bet (2000) returned to paulinhom688
paulinhom688 collected 2449 from pot
paulinhom688: doesn't show hand 
*** SUMMARY ***
Total pot 2449 | Rake 0 
Board [Tc Ts 8d Td Qh]
Seat 1: Rokyzas889 (big blind) folded on the Flop
Seat 2: Gabrielfs13 folded on the River
Seat 3: paulinhom688 collected (2449)
Seat 4: RasHigher folded before Flop (didn't bet)
Seat 5: zFelippe7 folded before Flop (didn't bet)
Seat 6: PokerAlex84 (button) folded before Flop (didn't bet)
Seat 7: ak10fc (small blind) folded before Flop



PokerStars Hand #257264196933: Tournament #3914634380, $4.80+$5.00+$1.20 USD Hold'em No Limit - Level VI (120/240) - 2025/08/08 15:10:16 BRT [2025/08/08 14:10:16 ET]
Table '3914634380 57' 7-max Seat #7 is the button
Seat 1: Rokyzas889 (9891 in chips, $5 bounty) 
Seat 2: Gabrielfs13 (5609 in chips, $5 bounty) 
Seat 3: paulinhom688 (8455 in chips, $5 bounty) 
Seat 4: RasHigher (11422 in chips, $5 bounty) 
Seat 5: zFelippe7 (11850 in chips, $5 bounty) 
Seat 6: PokerAlex84 (9065 in chips, $5 bounty) 
Seat 7: ak10fc (11501 in chips, $5 bounty) 
Rokyzas889: posts the ante 30
Gabrielfs13: posts the ante 30
paulinhom688: posts the ante 30
RasHigher: posts the ante 30
zFelippe7: posts the ante 30
PokerAlex84: posts the ante 30
ak10fc: posts the ante 30
Rokyzas889: posts small blind 120
Gabrielfs13: posts big blind 240
*** HOLE CARDS ***
Dealt to Gabrielfs13 [7s Td]
paulinhom688: folds 
RasHigher: folds 
zFelippe7: raises 240 to 480
PokerAlex84: folds 
ak10fc: folds 
Rokyzas889: folds 
Gabrielfs13: calls 240
*** FLOP *** [Jd 3c 8c]
Gabrielfs13: checks 
zFelippe7: bets 426
Gabrielfs13: folds 
Uncalled bet (426) returned to zFelippe7
zFelippe7 collected 1290 from pot
zFelippe7: doesn't show hand 
*** SUMMARY ***
Total pot 1290 | Rake 0 
Board [Jd 3c 8c]
Seat 1: Rokyzas889 (small blind) folded before Flop
Seat 2: Gabrielfs13 (big blind) folded on the Flop
Seat 3: paulinhom688 folded before Flop (didn't bet)
Seat 4: RasHigher folded before Flop (didn't bet)
Seat 5: zFelippe7 collected (1290)
Seat 6: PokerAlex84 folded before Flop (didn't bet)
Seat 7: ak10fc (button) folded before Flop (didn't bet)



PokerStars Hand #257264207589: Tournament #3914634380, $4.80+$5.00+$1.20 USD Hold'em No Limit - Level VI (120/240) - 2025/08/08 15:11:09 BRT [2025/08/08 14:11:09 ET]
Table '3914634380 57' 7-max Seat #1 is the button
Seat 1: Rokyzas889 (9741 in chips, $5 bounty) 
Seat 2: Gabrielfs13 (5099 in chips, $5 bounty) 
Seat 3: paulinhom688 (8425 in chips, $5 bounty) 
Seat 4: RasHigher (11392 in chips, $5 bounty) 
Seat 5: zFelippe7 (12630 in chips, $5 bounty) 
Seat 6: PokerAlex84 (9035 in chips, $5 bounty) 
Seat 7: ak10fc (11471 in chips, $5 bounty) 
Rokyzas889: posts the ante 30
Gabrielfs13: posts the ante 30
paulinhom688: posts the ante 30
RasHigher: posts the ante 30
zFelippe7: posts the ante 30
PokerAlex84: posts the ante 30
ak10fc: posts the ante 30
Gabrielfs13: posts small blind 120
paulinhom688: posts big blind 240
*** HOLE CARDS ***
Dealt to Gabrielfs13 [9h Td]
RasHigher: raises 240 to 480
zFelippe7: folds 
PokerAlex84: folds 
ak10fc: folds 
Rokyzas889: folds 
Gabrielfs13: calls 360
paulinhom688: calls 240
*** FLOP *** [Qh 5s 2h]
Gabrielfs13: checks 
paulinhom688: checks 
RasHigher: checks 
*** TURN *** [Qh 5s 2h] [4h]
Gabrielfs13: bets 825
paulinhom688: folds 
RasHigher: folds 
Uncalled bet (825) returned to Gabrielfs13
Gabrielfs13 collected 1650 from pot
Gabrielfs13: doesn't show hand 
*** SUMMARY ***
Total pot 1650 | Rake 0 
Board [Qh 5s 2h 4h]
Seat 1: Rokyzas889 (button) folded before Flop (didn't bet)
Seat 2: Gabrielfs13 (small blind) collected (1650)
Seat 3: paulinhom688 (big blind) folded on the Turn
Seat 4: RasHigher folded on the Turn
Seat 5: zFelippe7 folded before Flop (didn't bet)
Seat 6: PokerAlex84 folded before Flop (didn't bet)
Seat 7: ak10fc folded before Flop (didn't bet)



PokerStars Hand #257264215456: Tournament #3914634380, $4.80+$5.00+$1.20 USD Hold'em No Limit - Level VI (120/240) - 2025/08/08 15:11:49 BRT [2025/08/08 14:11:49 ET]
Table '3914634380 57' 7-max Seat #2 is the button
Seat 1: Rokyzas889 (9711 in chips, $5 bounty) 
Seat 2: Gabrielfs13 (6239 in chips, $5 bounty) 
Seat 3: paulinhom688 (7915 in chips, $5 bounty) 
Seat 4: RasHigher (10882 in chips, $5 bounty) 
Seat 5: zFelippe7 (12600 in chips, $5 bounty) 
Seat 6: PokerAlex84 (9005 in chips, $5 bounty) 
Seat 7: ak10fc (11441 in chips, $5 bounty) 
Rokyzas889: posts the ante 30
Gabrielfs13: posts the ante 30
paulinhom688: posts the ante 30
RasHigher: posts the ante 30
zFelippe7: posts the ante 30
PokerAlex84: posts the ante 30
ak10fc: posts the ante 30
paulinhom688: posts small blind 120
RasHigher: posts big blind 240
*** HOLE CARDS ***
Dealt to Gabrielfs13 [Js Ks]
zFelippe7: raises 240 to 480
PokerAlex84: folds 
ak10fc: folds 
Rokyzas889: folds 
Gabrielfs13: calls 480
paulinhom688: folds 
RasHigher: folds 
*** FLOP *** [4h 7d Qd]
zFelippe7: checks 
Gabrielfs13: bets 505
zFelippe7: calls 505
*** TURN *** [4h 7d Qd] [Kd]
zFelippe7: checks 
Gabrielfs13: bets 1270
zFelippe7: folds 
Uncalled bet (1270) returned to Gabrielfs13
Gabrielfs13 collected 2540 from pot
Gabrielfs13: doesn't show hand 
*** SUMMARY ***
Total pot 2540 | Rake 0 
Board [4h 7d Qd Kd]
Seat 1: Rokyzas889 folded before Flop (didn't bet)
Seat 2: Gabrielfs13 (button) collected (2540)
Seat 3: paulinhom688 (small blind) folded before Flop
Seat 4: RasHigher (big blind) folded before Flop
Seat 5: zFelippe7 folded on the Turn
Seat 6: PokerAlex84 folded before Flop (didn't bet)
Seat 7: ak10fc folded before Flop (didn't bet)



PokerStars Hand #257264224649: Tournament #3914634380, $4.80+$5.00+$1.20 USD Hold'em No Limit - Level VI (120/240) - 2025/08/08 15:12:34 BRT [2025/08/08 14:12:34 ET]
Table '3914634380 57' 7-max Seat #3 is the button
Seat 1: Rokyzas889 (9681 in chips, $5 bounty) 
Seat 2: Gabrielfs13 (7764 in chips, $5 bounty) 
Seat 3: paulinhom688 (7765 in chips, $5 bounty) 
Seat 4: RasHigher (10612 in chips, $5 bounty) 
Seat 5: zFelippe7 (11585 in chips, $5 bounty) 
Seat 6: PokerAlex84 (8975 in chips, $5 bounty) 
Seat 7: ak10fc (11411 in chips, $5 bounty) 
Rokyzas889: posts the ante 30
Gabrielfs13: posts the ante 30
paulinhom688: posts the ante 30
RasHigher: posts the ante 30
zFelippe7: posts the ante 30
PokerAlex84: posts the ante 30
ak10fc: posts the ante 30
RasHigher: posts small blind 120
zFelippe7: posts big blind 240
*** HOLE CARDS ***
Dealt to Gabrielfs13 [Td 4c]
PokerAlex84: folds 
ak10fc: raises 240 to 480
Rokyzas889: folds 
Gabrielfs13: folds 
paulinhom688: folds 
RasHigher: folds 
zFelippe7: calls 240
*** FLOP *** [5d Jh 5s]
zFelippe7: checks 
ak10fc: bets 720
zFelippe7: raises 1291 to 2011
ak10fc: calls 1291
*** TURN *** [5d Jh 5s] [Tc]
zFelippe7: bets 1993
ak10fc: calls 1993
*** RIVER *** [5d Jh 5s Tc] [Qc]
zFelippe7: bets 7071 and is all-in
ak10fc: calls 6897 and is all-in
Uncalled bet (174) returned to zFelippe7
*** SHOW DOWN ***
zFelippe7: shows [Kh 3s] (a pair of Fives)
ak10fc: shows [Kd Kc] (two pair, Kings and Fives)
ak10fc collected 23092 from pot
*** SUMMARY ***
Total pot 23092 | Rake 0 
Board [5d Jh 5s Tc Qc]
Seat 1: Rokyzas889 folded before Flop (didn't bet)
Seat 2: Gabrielfs13 folded before Flop (didn't bet)
Seat 3: paulinhom688 (button) folded before Flop (didn't bet)
Seat 4: RasHigher (small blind) folded before Flop
Seat 5: zFelippe7 (big blind) showed [Kh 3s] and lost with a pair of Fives
Seat 6: PokerAlex84 folded before Flop (didn't bet)
Seat 7: ak10fc showed [Kd Kc] and won (23092) with two pair, Kings and Fives



PokerStars Hand #257264241469: Tournament #3914634380, $4.80+$5.00+$1.20 USD Hold'em No Limit - Level VI (120/240) - 2025/08/08 15:13:56 BRT [2025/08/08 14:13:56 ET]
Table '3914634380 57' 7-max Seat #4 is the button
Seat 1: Rokyzas889 (9651 in chips, $5 bounty) 
Seat 2: Gabrielfs13 (7734 in chips, $5 bounty) 
Seat 3: paulinhom688 (7735 in chips, $5 bounty) 
Seat 4: RasHigher (10462 in chips, $5 bounty) 
Seat 5: zFelippe7 (174 in chips, $5 bounty) 
Seat 6: PokerAlex84 (8945 in chips, $5 bounty) 
Seat 7: ak10fc (23092 in chips, $5 bounty) 
Rokyzas889: posts the ante 30
Gabrielfs13: posts the ante 30
paulinhom688: posts the ante 30
RasHigher: posts the ante 30
zFelippe7: posts the ante 30
PokerAlex84: posts the ante 30
ak10fc: posts the ante 30
zFelippe7: posts small blind 120
PokerAlex84: posts big blind 240
*** HOLE CARDS ***
Dealt to Gabrielfs13 [4d 5h]
ak10fc: folds 
Rokyzas889: raises 288 to 528
Gabrielfs13: folds 
paulinhom688: folds 
RasHigher: folds 
zFelippe7: calls 24 and is all-in
PokerAlex84: folds 
Uncalled bet (288) returned to Rokyzas889
*** FLOP *** [9d 6c 5d]
*** TURN *** [9d 6c 5d] [Jd]
*** RIVER *** [9d 6c 5d Jd] [Ks]
*** SHOW DOWN ***
Rokyzas889: shows [Qc As] (high card Ace)
Rokyzas889 collected 192 from side pot
zFelippe7: shows [Jh 3c] (a pair of Jacks)
zFelippe7 collected 642 from main pot
*** SUMMARY ***
Total pot 834 Main pot 642. Side pot 192. | Rake 0 
Board [9d 6c 5d Jd Ks]
Seat 1: Rokyzas889 showed [Qc As] and won (192) with high card Ace
Seat 2: Gabrielfs13 folded before Flop (didn't bet)
Seat 3: paulinhom688 folded before Flop (didn't bet)
Seat 4: RasHigher (button) folded before Flop (didn't bet)
Seat 5: zFelippe7 (small blind) showed [Jh 3c] and won (642) with a pair of Jacks
Seat 6: PokerAlex84 (big blind) folded before Flop
Seat 7: ak10fc folded before Flop (didn't bet)



PokerStars Hand #257264249132: Tournament #3914634380, $4.80+$5.00+$1.20 USD Hold'em No Limit - Level VI (120/240) - 2025/08/08 15:14:34 BRT [2025/08/08 14:14:34 ET]
Table '3914634380 57' 7-max Seat #5 is the button
Seat 1: Rokyzas889 (9573 in chips, $5 bounty) 
Seat 2: Gabrielfs13 (7704 in chips, $5 bounty) 
Seat 3: paulinhom688 (7705 in chips, $5 bounty) 
Seat 4: RasHigher (10432 in chips, $5 bounty) 
Seat 5: zFelippe7 (642 in chips, $5 bounty) 
Seat 6: PokerAlex84 (8675 in chips, $5 bounty) 
Seat 7: ak10fc (23062 in chips, $5 bounty) 
Rokyzas889: posts the ante 30
Gabrielfs13: posts the ante 30
paulinhom688: posts the ante 30
RasHigher: posts the ante 30
zFelippe7: posts the ante 30
PokerAlex84: posts the ante 30
ak10fc: posts the ante 30
PokerAlex84: posts small blind 120
ak10fc: posts big blind 240
*** HOLE CARDS ***
Dealt to Gabrielfs13 [Qs 3h]
Rokyzas889: folds 
Gabrielfs13: folds 
paulinhom688: folds 
RasHigher: calls 240
zFelippe7: raises 372 to 612 and is all-in
PokerAlex84: raises 1788 to 2400
ak10fc: calls 2160
RasHigher: folds 
*** FLOP *** [Ks Ah 6s]
PokerAlex84: bets 240
ak10fc: calls 240
*** TURN *** [Ks Ah 6s] [3c]
PokerAlex84: bets 1776
ak10fc: calls 1776
*** RIVER *** [Ks Ah 6s 3c] [7c]
PokerAlex84: checks 
ak10fc: bets 5040
PokerAlex84: calls 4229 and is all-in
Uncalled bet (811) returned to ak10fc
*** SHOW DOWN ***
ak10fc: shows [4c 5c] (a straight, Three to Seven)
PokerAlex84: shows [9c 9d] (a pair of Nines)
ak10fc collected 16066 from side pot
zFelippe7: shows [Qc Ac] (a pair of Aces)
ak10fc collected 2286 from main pot
ak10fc wins $2.50 for eliminating zFelippe7 and their own bounty increases by $2.50 to $7.50
ak10fc wins $2.50 for eliminating PokerAlex84 and their own bounty increases by $2.50 to $10
PokerAlex84 finished the tournament
zFelippe7 finished the tournament
Bazinga23CRF is disconnected 
*** SUMMARY ***
Total pot 18352 Main pot 2286. Side pot 16066. | Rake 0 
Board [Ks Ah 6s 3c 7c]
Seat 1: Rokyzas889 folded before Flop (didn't bet)
Seat 2: Gabrielfs13 folded before Flop (didn't bet)
Seat 3: paulinhom688 folded before Flop (didn't bet)
Seat 4: RasHigher folded before Flop
Seat 5: zFelippe7 (button) showed [Qc Ac] and lost with a pair of Aces
Seat 6: PokerAlex84 (small blind) showed [9c 9d] and lost with a pair of Nines
Seat 7: ak10fc (big blind) showed [4c 5c] and won (18352) with a straight, Three to Seven



PokerStars Hand #257264268742: Tournament #3914634380, $4.80+$5.00+$1.20 USD Hold'em No Limit - Level VI (120/240) - 2025/08/08 15:16:09 BRT [2025/08/08 14:16:09 ET]
Table '3914634380 57' 7-max Seat #7 is the button
Seat 1: Rokyzas889 (9543 in chips, $5 bounty) 
Seat 2: Gabrielfs13 (7674 in chips, $5 bounty) 
Seat 3: paulinhom688 (7675 in chips, $5 bounty) 
Seat 4: RasHigher (10162 in chips, $5 bounty) 
Seat 6: Bazinga23CRF (21758 in chips, $7.50 bounty) 
Seat 7: ak10fc (32739 in chips, $10 bounty) 
Rokyzas889: posts the ante 30
Gabrielfs13: posts the ante 30
paulinhom688: posts the ante 30
RasHigher: posts the ante 30
Bazinga23CRF: posts the ante 30
ak10fc: posts the ante 30
Rokyzas889: posts small blind 120
Gabrielfs13: posts big blind 240
*** HOLE CARDS ***
Dealt to Gabrielfs13 [As Th]
paulinhom688: folds 
RasHigher: folds 
Bazinga23CRF: folds 
ak10fc: folds 
Rokyzas889: raises 480 to 720
Gabrielfs13: raises 1440 to 2160
Rokyzas889: folds 
Uncalled bet (1440) returned to Gabrielfs13
Gabrielfs13 collected 1620 from pot
Gabrielfs13: doesn't show hand 
*** SUMMARY ***
Total pot 1620 | Rake 0 
Seat 1: Rokyzas889 (small blind) folded before Flop
Seat 2: Gabrielfs13 (big blind) collected (1620)
Seat 3: paulinhom688 folded before Flop (didn't bet)
Seat 4: RasHigher folded before Flop (didn't bet)
Seat 6: Bazinga23CRF folded before Flop (didn't bet)
Seat 7: ak10fc (button) folded before Flop (didn't bet)



PokerStars Hand #257264276720: Tournament #3914634380, $4.80+$5.00+$1.20 USD Hold'em No Limit - Level VII (140/280) - 2025/08/08 15:16:49 BRT [2025/08/08 14:16:49 ET]
Table '3914634380 57' 7-max Seat #1 is the button
Seat 1: Rokyzas889 (8793 in chips, $5 bounty) 
Seat 2: Gabrielfs13 (8544 in chips, $5 bounty) 
Seat 3: paulinhom688 (7645 in chips, $5 bounty) 
Seat 4: RasHigher (10132 in chips, $5 bounty) 
Seat 5: Kopfhoch1983 (10000 in chips, $5 bounty) 
Seat 6: Bazinga23CRF (21728 in chips, $7.50 bounty) 
Seat 7: ak10fc (32709 in chips, $10 bounty) 
Rokyzas889: posts the ante 35
Gabrielfs13: posts the ante 35
paulinhom688: posts the ante 35
RasHigher: posts the ante 35
Kopfhoch1983: posts the ante 35
Bazinga23CRF: posts the ante 35
ak10fc: posts the ante 35
Gabrielfs13: posts small blind 140
paulinhom688: posts big blind 280
*** HOLE CARDS ***
Dealt to Gabrielfs13 [8d 4d]
RasHigher: folds 
Kopfhoch1983: raises 280 to 560
Bazinga23CRF: folds 
ak10fc: folds 
Rokyzas889: folds 
Gabrielfs13: folds 
paulinhom688: calls 280
*** FLOP *** [2h 2s Kc]
paulinhom688: checks 
Kopfhoch1983: checks 
*** TURN *** [2h 2s Kc] [5s]
paulinhom688: checks 
Kopfhoch1983: checks 
*** RIVER *** [2h 2s Kc 5s] [Qs]
paulinhom688: bets 1540
Kopfhoch1983: folds 
Uncalled bet (1540) returned to paulinhom688
paulinhom688 collected 1505 from pot
paulinhom688: doesn't show hand 
*** SUMMARY ***
Total pot 1505 | Rake 0 
Board [2h 2s Kc 5s Qs]
Seat 1: Rokyzas889 (button) folded before Flop (didn't bet)
Seat 2: Gabrielfs13 (small blind) folded before Flop
Seat 3: paulinhom688 (big blind) collected (1505)
Seat 4: RasHigher folded before Flop (didn't bet)
Seat 5: Kopfhoch1983 folded on the River
Seat 6: Bazinga23CRF folded before Flop (didn't bet)
Seat 7: ak10fc folded before Flop (didn't bet)



PokerStars Hand #257264290846: Tournament #3914634380, $4.80+$5.00+$1.20 USD Hold'em No Limit - Level VII (140/280) - 2025/08/08 15:17:57 BRT [2025/08/08 14:17:57 ET]
Table '3914634380 57' 7-max Seat #2 is the button
Seat 1: Rokyzas889 (8758 in chips, $5 bounty) 
Seat 2: Gabrielfs13 (8369 in chips, $5 bounty) 
Seat 3: paulinhom688 (8555 in chips, $5 bounty) 
Seat 4: RasHigher (10097 in chips, $5 bounty) 
Seat 5: Kopfhoch1983 (9405 in chips, $5 bounty) 
Seat 6: Bazinga23CRF (21693 in chips, $7.50 bounty) 
Seat 7: ak10fc (32674 in chips, $10 bounty) 
Rokyzas889: posts the ante 35
Gabrielfs13: posts the ante 35
paulinhom688: posts the ante 35
RasHigher: posts the ante 35
Kopfhoch1983: posts the ante 35
Bazinga23CRF: posts the ante 35
ak10fc: posts the ante 35
paulinhom688: posts small blind 140
RasHigher: posts big blind 280
*** HOLE CARDS ***
Dealt to Gabrielfs13 [Ah Kd]
Kopfhoch1983: folds 
Bazinga23CRF: raises 420 to 700
ak10fc: folds 
Rokyzas889: folds 
Gabrielfs13: raises 980 to 1680
paulinhom688: folds 
RasHigher: folds 
Bazinga23CRF: calls 980
*** FLOP *** [9d 2h Jd]
Bazinga23CRF: checks 
Gabrielfs13: bets 1006
Bazinga23CRF: raises 18972 to 19978 and is all-in
Gabrielfs13: calls 5648 and is all-in
Uncalled bet (13324) returned to Bazinga23CRF
*** TURN *** [9d 2h Jd] [Qh]
*** RIVER *** [9d 2h Jd Qh] [5h]
*** SHOW DOWN ***
Bazinga23CRF: shows [7d 8d] (high card Queen)
Gabrielfs13: shows [Ah Kd] (high card Ace)
Gabrielfs13 collected 17333 from pot
*** SUMMARY ***
Total pot 17333 | Rake 0 
Board [9d 2h Jd Qh 5h]
Seat 1: Rokyzas889 folded before Flop (didn't bet)
Seat 2: Gabrielfs13 (button) showed [Ah Kd] and won (17333) with high card Ace
Seat 3: paulinhom688 (small blind) folded before Flop
Seat 4: RasHigher (big blind) folded before Flop
Seat 5: Kopfhoch1983 folded before Flop (didn't bet)
Seat 6: Bazinga23CRF showed [7d 8d] and lost with high card Queen
Seat 7: ak10fc folded before Flop (didn't bet)



PokerStars Hand #257264304030: Tournament #3914634380, $4.80+$5.00+$1.20 USD Hold'em No Limit - Level VII (140/280) - 2025/08/08 15:19:01 BRT [2025/08/08 14:19:01 ET]
Table '3914634380 57' 7-max Seat #3 is the button
Seat 1: Rokyzas889 (8723 in chips, $5 bounty) 
Seat 2: Gabrielfs13 (17333 in chips, $5 bounty) 
Seat 3: paulinhom688 (8380 in chips, $5 bounty) 
Seat 4: RasHigher (9782 in chips, $5 bounty) 
Seat 5: Kopfhoch1983 (9370 in chips, $5 bounty) 
Seat 6: Bazinga23CRF (13324 in chips, $7.50 bounty) 
Seat 7: ak10fc (32639 in chips, $10 bounty) 
Rokyzas889: posts the ante 35
Gabrielfs13: posts the ante 35
paulinhom688: posts the ante 35
RasHigher: posts the ante 35
Kopfhoch1983: posts the ante 35
Bazinga23CRF: posts the ante 35
ak10fc: posts the ante 35
RasHigher: posts small blind 140
Kopfhoch1983: posts big blind 280
*** HOLE CARDS ***
Dealt to Gabrielfs13 [Ks 2d]
Bazinga23CRF: folds 
ak10fc: folds 
Rokyzas889: folds 
Gabrielfs13: folds 
paulinhom688: folds 
RasHigher: raises 9467 to 9747 and is all-in
Kopfhoch1983: folds 
Uncalled bet (9467) returned to RasHigher
RasHigher collected 805 from pot
RasHigher: doesn't show hand 
*** SUMMARY ***
Total pot 805 | Rake 0 
Seat 1: Rokyzas889 folded before Flop (didn't bet)
Seat 2: Gabrielfs13 folded before Flop (didn't bet)
Seat 3: paulinhom688 (button) folded before Flop (didn't bet)
Seat 4: RasHigher (small blind) collected (805)
Seat 5: Kopfhoch1983 (big blind) folded before Flop
Seat 6: Bazinga23CRF folded before Flop (didn't bet)
Seat 7: ak10fc folded before Flop (didn't bet)



PokerStars Hand #257264312639: Tournament #3914634380, $4.80+$5.00+$1.20 USD Hold'em No Limit - Level VII (140/280) - 2025/08/08 15:19:43 BRT [2025/08/08 14:19:43 ET]
Table '3914634380 57' 7-max Seat #4 is the button
Seat 1: Rokyzas889 (8688 in chips, $5 bounty) 
Seat 2: Gabrielfs13 (17298 in chips, $5 bounty) 
Seat 3: paulinhom688 (8345 in chips, $5 bounty) 
Seat 4: RasHigher (10272 in chips, $5 bounty) 
Seat 5: Kopfhoch1983 (9055 in chips, $5 bounty) 
Seat 6: Bazinga23CRF (13289 in chips, $7.50 bounty) 
Seat 7: ak10fc (32604 in chips, $10 bounty) 
Rokyzas889: posts the ante 35
Gabrielfs13: posts the ante 35
paulinhom688: posts the ante 35
RasHigher: posts the ante 35
Kopfhoch1983: posts the ante 35
Bazinga23CRF: posts the ante 35
ak10fc: posts the ante 35
Kopfhoch1983: posts small blind 140
Bazinga23CRF: posts big blind 280
*** HOLE CARDS ***
Dealt to Gabrielfs13 [Kc Kd]
ak10fc: raises 560 to 840
Rokyzas889: folds 
Gabrielfs13: calls 840
paulinhom688: folds 
RasHigher: folds 
Kopfhoch1983: folds 
Bazinga23CRF: folds 
*** FLOP *** [4s 9s 6h]
ak10fc: bets 1173
Gabrielfs13: raises 1627 to 2800
ak10fc: calls 1627
*** TURN *** [4s 9s 6h] [8d]
ak10fc: checks 
Gabrielfs13: bets 3973
ak10fc: calls 3973
*** RIVER *** [4s 9s 6h 8d] [As]
ak10fc: checks 
Gabrielfs13: checks 
*** SHOW DOWN ***
ak10fc: shows [Qs Ad] (a pair of Aces)
Gabrielfs13: mucks hand 
ak10fc collected 15891 from pot
*** SUMMARY ***
Total pot 15891 | Rake 0 
Board [4s 9s 6h 8d As]
Seat 1: Rokyzas889 folded before Flop (didn't bet)
Seat 2: Gabrielfs13 mucked [Kc Kd]
Seat 3: paulinhom688 folded before Flop (didn't bet)
Seat 4: RasHigher (button) folded before Flop (didn't bet)
Seat 5: Kopfhoch1983 (small blind) folded before Flop
Seat 6: Bazinga23CRF (big blind) folded before Flop
Seat 7: ak10fc showed [Qs Ad] and won (15891) with a pair of Aces



PokerStars Hand #257264329359: Tournament #3914634380, $4.80+$5.00+$1.20 USD Hold'em No Limit - Level VII (140/280) - 2025/08/08 15:21:04 BRT [2025/08/08 14:21:04 ET]
Table '3914634380 57' 7-max Seat #5 is the button
Seat 1: Rokyzas889 (8653 in chips, $5 bounty) 
Seat 2: Gabrielfs13 (9650 in chips, $5 bounty) 
Seat 3: paulinhom688 (8310 in chips, $5 bounty) 
Seat 4: RasHigher (10237 in chips, $5 bounty) 
Seat 5: Kopfhoch1983 (8880 in chips, $5 bounty) 
Seat 6: Bazinga23CRF (12974 in chips, $7.50 bounty) 
Seat 7: ak10fc (40847 in chips, $10 bounty) 
Rokyzas889: posts the ante 35
Gabrielfs13: posts the ante 35
paulinhom688: posts the ante 35
RasHigher: posts the ante 35
Kopfhoch1983: posts the ante 35
Bazinga23CRF: posts the ante 35
ak10fc: posts the ante 35
Bazinga23CRF: posts small blind 140
ak10fc: posts big blind 280
*** HOLE CARDS ***
Dealt to Gabrielfs13 [4s 2d]
Rokyzas889: folds 
Gabrielfs13: folds 
paulinhom688: raises 280 to 560
RasHigher: folds 
Kopfhoch1983: raises 1785 to 2345
Bazinga23CRF: folds 
ak10fc: folds 
paulinhom688: folds 
Uncalled bet (1785) returned to Kopfhoch1983
Kopfhoch1983 collected 1785 from pot
*** SUMMARY ***
Total pot 1785 | Rake 0 
Seat 1: Rokyzas889 folded before Flop (didn't bet)
Seat 2: Gabrielfs13 folded before Flop (didn't bet)
Seat 3: paulinhom688 folded before Flop
Seat 4: RasHigher folded before Flop (didn't bet)
Seat 5: Kopfhoch1983 (button) collected (1785)
Seat 6: Bazinga23CRF (small blind) folded before Flop
Seat 7: ak10fc (big blind) folded before Flop



PokerStars Hand #257264342184: Tournament #3914634380, $4.80+$5.00+$1.20 USD Hold'em No Limit - Level VII (140/280) - 2025/08/08 15:22:07 BRT [2025/08/08 14:22:07 ET]
Table '3914634380 57' 7-max Seat #6 is the button
Seat 1: Rokyzas889 (8618 in chips, $5 bounty) 
Seat 2: Gabrielfs13 (9615 in chips, $5 bounty) 
Seat 3: paulinhom688 (7715 in chips, $5 bounty) 
Seat 4: RasHigher (10202 in chips, $5 bounty) 
Seat 5: Kopfhoch1983 (10070 in chips, $5 bounty) 
Seat 6: Bazinga23CRF (12799 in chips, $7.50 bounty) 
Seat 7: ak10fc (40532 in chips, $10 bounty) 
Rokyzas889: posts the ante 35
Gabrielfs13: posts the ante 35
paulinhom688: posts the ante 35
RasHigher: posts the ante 35
Kopfhoch1983: posts the ante 35
Bazinga23CRF: posts the ante 35
ak10fc: posts the ante 35
ak10fc: posts small blind 140
Rokyzas889: posts big blind 280
*** HOLE CARDS ***
Dealt to Gabrielfs13 [5d Qh]
Gabrielfs13: folds 
paulinhom688: raises 280 to 560
RasHigher: raises 980 to 1540
Kopfhoch1983: folds 
Bazinga23CRF: folds 
ak10fc: folds 
Rokyzas889: folds 
paulinhom688: raises 6140 to 7680 and is all-in
RasHigher: calls 6140
*** FLOP *** [2d 3c Jc]
*** TURN *** [2d 3c Jc] [5s]
*** RIVER *** [2d 3c Jc 5s] [Ac]
*** SHOW DOWN ***
paulinhom688: shows [8c 8d] (a pair of Eights)
RasHigher: shows [Ts Td] (a pair of Tens)
RasHigher collected 16025 from pot
RasHigher wins $2.50 for eliminating paulinhom688 and their own bounty increases by $2.50 to $7.50
paulinhom688 finished the tournament
*** SUMMARY ***
Total pot 16025 | Rake 0 
Board [2d 3c Jc 5s Ac]
Seat 1: Rokyzas889 (big blind) folded before Flop
Seat 2: Gabrielfs13 folded before Flop (didn't bet)
Seat 3: paulinhom688 showed [8c 8d] and lost with a pair of Eights
Seat 4: RasHigher showed [Ts Td] and won (16025) with a pair of Tens
Seat 5: Kopfhoch1983 folded before Flop (didn't bet)
Seat 6: Bazinga23CRF (button) folded before Flop (didn't bet)
Seat 7: ak10fc (small blind) folded before Flop



PokerStars Hand #257264354913: Tournament #3914634380, $4.80+$5.00+$1.20 USD Hold'em No Limit - Level VIII (160/320) - 2025/08/08 15:23:09 BRT [2025/08/08 14:23:09 ET]
Table '3914634380 57' 7-max Seat #7 is the button
Seat 1: Rokyzas889 (8303 in chips, $5 bounty) 
Seat 2: Gabrielfs13 (9580 in chips, $5 bounty) 
Seat 3: Juchem1006 (10000 in chips, $5 bounty) 
Seat 4: RasHigher (18512 in chips, $7.50 bounty) 
Seat 5: Kopfhoch1983 (10035 in chips, $5 bounty) 
Seat 6: Bazinga23CRF (12764 in chips, $7.50 bounty) 
Seat 7: ak10fc (40357 in chips, $10 bounty) 
Rokyzas889: posts the ante 40
Gabrielfs13: posts the ante 40
Juchem1006: posts the ante 40
RasHigher: posts the ante 40
Kopfhoch1983: posts the ante 40
Bazinga23CRF: posts the ante 40
ak10fc: posts the ante 40
Rokyzas889: posts small blind 160
Gabrielfs13: posts big blind 320
*** HOLE CARDS ***
Dealt to Gabrielfs13 [5h 2d]
Juchem1006: raises 320 to 640
RasHigher: folds 
Kopfhoch1983: folds 
Bazinga23CRF: raises 1280 to 1920
ak10fc: folds 
Rokyzas889: folds 
Gabrielfs13: folds 
Juchem1006: folds 
Uncalled bet (1280) returned to Bazinga23CRF
Bazinga23CRF collected 2040 from pot
Bazinga23CRF: doesn't show hand 
*** SUMMARY ***
Total pot 2040 | Rake 0 
Seat 1: Rokyzas889 (small blind) folded before Flop
Seat 2: Gabrielfs13 (big blind) folded before Flop
Seat 3: Juchem1006 folded before Flop
Seat 4: RasHigher folded before Flop (didn't bet)
Seat 5: Kopfhoch1983 folded before Flop (didn't bet)
Seat 6: Bazinga23CRF collected (2040)
Seat 7: ak10fc (button) folded before Flop (didn't bet)



PokerStars Hand #257264363510: Tournament #3914634380, $4.80+$5.00+$1.20 USD Hold'em No Limit - Level VIII (160/320) - 2025/08/08 15:23:50 BRT [2025/08/08 14:23:50 ET]
Table '3914634380 57' 7-max Seat #1 is the button
Seat 1: Rokyzas889 (8103 in chips, $5 bounty) 
Seat 2: Gabrielfs13 (9220 in chips, $5 bounty) 
Seat 3: Juchem1006 (9320 in chips, $5 bounty) 
Seat 4: RasHigher (18472 in chips, $7.50 bounty) 
Seat 5: Kopfhoch1983 (9995 in chips, $5 bounty) 
Seat 6: Bazinga23CRF (14124 in chips, $7.50 bounty) 
Seat 7: ak10fc (40317 in chips, $10 bounty) 
Rokyzas889: posts the ante 40
Gabrielfs13: posts the ante 40
Juchem1006: posts the ante 40
RasHigher: posts the ante 40
Kopfhoch1983: posts the ante 40
Bazinga23CRF: posts the ante 40
ak10fc: posts the ante 40
Gabrielfs13: posts small blind 160
Juchem1006: posts big blind 320
*** HOLE CARDS ***
Dealt to Gabrielfs13 [3s 7s]
RasHigher: folds 
Kopfhoch1983: folds 
Bazinga23CRF: raises 320 to 640
ak10fc: folds 
Rokyzas889: raises 1120 to 1760
Gabrielfs13: folds 
Juchem1006: folds 
Bazinga23CRF: calls 1120
*** FLOP *** [5c 8s Jd]
Bazinga23CRF: checks 
Rokyzas889: bets 1070
Bazinga23CRF: folds 
Uncalled bet (1070) returned to Rokyzas889
Rokyzas889 collected 4280 from pot
Rokyzas889: doesn't show hand 
*** SUMMARY ***
Total pot 4280 | Rake 0 
Board [5c 8s Jd]
Seat 1: Rokyzas889 (button) collected (4280)
Seat 2: Gabrielfs13 (small blind) folded before Flop
Seat 3: Juchem1006 (big blind) folded before Flop
Seat 4: RasHigher folded before Flop (didn't bet)
Seat 5: Kopfhoch1983 folded before Flop (didn't bet)
Seat 6: Bazinga23CRF folded on the Flop
Seat 7: ak10fc folded before Flop (didn't bet)



PokerStars Hand #257264376923: Tournament #3914634380, $4.80+$5.00+$1.20 USD Hold'em No Limit - Level VIII (160/320) - 2025/08/08 15:24:55 BRT [2025/08/08 14:24:55 ET]
Table '3914634380 57' 7-max Seat #2 is the button
Seat 1: Rokyzas889 (10583 in chips, $5 bounty) 
Seat 2: Gabrielfs13 (9020 in chips, $5 bounty) 
Seat 3: Juchem1006 (8960 in chips, $5 bounty) 
Seat 4: RasHigher (18432 in chips, $7.50 bounty) 
Seat 5: Kopfhoch1983 (9955 in chips, $5 bounty) 
Seat 6: Bazinga23CRF (12324 in chips, $7.50 bounty) 
Seat 7: ak10fc (40277 in chips, $10 bounty) 
Rokyzas889: posts the ante 40
Gabrielfs13: posts the ante 40
Juchem1006: posts the ante 40
RasHigher: posts the ante 40
Kopfhoch1983: posts the ante 40
Bazinga23CRF: posts the ante 40
ak10fc: posts the ante 40
Juchem1006: posts small blind 160
RasHigher: posts big blind 320
*** HOLE CARDS ***
Dealt to Gabrielfs13 [Ks 9d]
Kopfhoch1983: raises 320 to 640
Bazinga23CRF: folds 
ak10fc: folds 
Rokyzas889: folds 
Gabrielfs13: folds 
Juchem1006: folds 
RasHigher: calls 320
*** FLOP *** [Js Jc 9s]
RasHigher: checks 
Kopfhoch1983: checks 
*** TURN *** [Js Jc 9s] [Ts]
RasHigher: bets 568
Kopfhoch1983: calls 568
*** RIVER *** [Js Jc 9s Ts] [5d]
RasHigher: bets 2205
Kopfhoch1983: calls 2205
*** SHOW DOWN ***
RasHigher: shows [6s Qs] (a flush, Queen high)
Kopfhoch1983: mucks hand 
RasHigher collected 7266 from pot
*** SUMMARY ***
Total pot 7266 | Rake 0 
Board [Js Jc 9s Ts 5d]
Seat 1: Rokyzas889 folded before Flop (didn't bet)
Seat 2: Gabrielfs13 (button) folded before Flop (didn't bet)
Seat 3: Juchem1006 (small blind) folded before Flop
Seat 4: RasHigher (big blind) showed [6s Qs] and won (7266) with a flush, Queen high
Seat 5: Kopfhoch1983 mucked [7c 7s]
Seat 6: Bazinga23CRF folded before Flop (didn't bet)
Seat 7: ak10fc folded before Flop (didn't bet)



PokerStars Hand #257264393884: Tournament #3914634380, $4.80+$5.00+$1.20 USD Hold'em No Limit - Level VIII (160/320) - 2025/08/08 15:26:18 BRT [2025/08/08 14:26:18 ET]
Table '3914634380 57' 7-max Seat #3 is the button
Seat 1: Rokyzas889 (10543 in chips, $5 bounty) 
Seat 2: Gabrielfs13 (8980 in chips, $5 bounty) 
Seat 3: Juchem1006 (8760 in chips, $5 bounty) 
Seat 4: RasHigher (22245 in chips, $7.50 bounty) 
Seat 5: Kopfhoch1983 (6502 in chips, $5 bounty) 
Seat 6: Bazinga23CRF (12284 in chips, $7.50 bounty) 
Seat 7: ak10fc (40237 in chips, $10 bounty) 
Rokyzas889: posts the ante 40
Gabrielfs13: posts the ante 40
Juchem1006: posts the ante 40
RasHigher: posts the ante 40
Kopfhoch1983: posts the ante 40
Bazinga23CRF: posts the ante 40
ak10fc: posts the ante 40
RasHigher: posts small blind 160
Kopfhoch1983: posts big blind 320
*** HOLE CARDS ***
Dealt to Gabrielfs13 [8s 2s]
Bazinga23CRF: folds 
ak10fc: folds 
Rokyzas889: raises 384 to 704
Gabrielfs13: folds 
Juchem1006: calls 704
RasHigher: folds 
Kopfhoch1983: raises 576 to 1280
Rokyzas889: calls 576
Juchem1006: calls 576
*** FLOP *** [Jh Th 3c]
Kopfhoch1983: bets 4280
Rokyzas889: folds 
Juchem1006: folds 
Uncalled bet (4280) returned to Kopfhoch1983
Kopfhoch1983 collected 4280 from pot
*** SUMMARY ***
Total pot 4280 | Rake 0 
Board [Jh Th 3c]
Seat 1: Rokyzas889 folded on the Flop
Seat 2: Gabrielfs13 folded before Flop (didn't bet)
Seat 3: Juchem1006 (button) folded on the Flop
Seat 4: RasHigher (small blind) folded before Flop
Seat 5: Kopfhoch1983 (big blind) collected (4280)
Seat 6: Bazinga23CRF folded before Flop (didn't bet)
Seat 7: ak10fc folded before Flop (didn't bet)



PokerStars Hand #257264406644: Tournament #3914634380, $4.80+$5.00+$1.20 USD Hold'em No Limit - Level VIII (160/320) - 2025/08/08 15:27:19 BRT [2025/08/08 14:27:19 ET]
Table '3914634380 57' 7-max Seat #4 is the button
Seat 1: Rokyzas889 (9223 in chips, $5 bounty) 
Seat 2: Gabrielfs13 (8940 in chips, $5 bounty) 
Seat 3: Juchem1006 (7440 in chips, $5 bounty) 
Seat 4: RasHigher (22045 in chips, $7.50 bounty) 
Seat 5: Kopfhoch1983 (9462 in chips, $5 bounty) 
Seat 6: Bazinga23CRF (12244 in chips, $7.50 bounty) 
Seat 7: ak10fc (40197 in chips, $10 bounty) 
Rokyzas889: posts the ante 40
Gabrielfs13: posts the ante 40
Juchem1006: posts the ante 40
RasHigher: posts the ante 40
Kopfhoch1983: posts the ante 40
Bazinga23CRF: posts the ante 40
ak10fc: posts the ante 40
Kopfhoch1983: posts small blind 160
Bazinga23CRF: posts big blind 320
*** HOLE CARDS ***
Dealt to Gabrielfs13 [Kc 7d]
ak10fc: folds 
Rokyzas889: raises 384 to 704
Gabrielfs13: folds 
Juchem1006: folds 
RasHigher: calls 704
Kopfhoch1983: calls 544
Bazinga23CRF: folds 
*** FLOP *** [3d 4c 9s]
Kopfhoch1983: checks 
Rokyzas889: checks 
RasHigher: checks 
*** TURN *** [3d 4c 9s] [3h]
Kopfhoch1983: checks 
Rokyzas889: checks 
RasHigher: checks 
*** RIVER *** [3d 4c 9s 3h] [2c]
Kopfhoch1983: checks 
Rokyzas889: checks 
RasHigher: checks 
*** SHOW DOWN ***
Kopfhoch1983: shows [Ac Th] (a pair of Threes)
Rokyzas889: mucks hand 
RasHigher: shows [6s 6c] (two pair, Sixes and Threes)
RasHigher collected 2712 from pot
*** SUMMARY ***
Total pot 2712 | Rake 0 
Board [3d 4c 9s 3h 2c]
Seat 1: Rokyzas889 mucked [Js Kh]
Seat 2: Gabrielfs13 folded before Flop (didn't bet)
Seat 3: Juchem1006 folded before Flop (didn't bet)
Seat 4: RasHigher (button) showed [6s 6c] and won (2712) with two pair, Sixes and Threes
Seat 5: Kopfhoch1983 (small blind) showed [Ac Th] and lost with a pair of Threes
Seat 6: Bazinga23CRF (big blind) folded before Flop
Seat 7: ak10fc folded before Flop (didn't bet)



PokerStars Hand #257264425068: Tournament #3914634380, $4.80+$5.00+$1.20 USD Hold'em No Limit - Level IX (180/360) - 2025/08/08 15:28:49 BRT [2025/08/08 14:28:49 ET]
Table '3914634380 57' 7-max Seat #5 is the button
Seat 1: Rokyzas889 (8479 in chips, $5 bounty) 
Seat 2: Gabrielfs13 (8900 in chips, $5 bounty) 
Seat 3: Juchem1006 (7400 in chips, $5 bounty) 
Seat 4: RasHigher (24013 in chips, $7.50 bounty) 
Seat 5: Kopfhoch1983 (8718 in chips, $5 bounty) 
Seat 6: Bazinga23CRF (11884 in chips, $7.50 bounty) 
Seat 7: ak10fc (40157 in chips, $10 bounty) 
Rokyzas889: posts the ante 45
Gabrielfs13: posts the ante 45
Juchem1006: posts the ante 45
RasHigher: posts the ante 45
Kopfhoch1983: posts the ante 45
Bazinga23CRF: posts the ante 45
ak10fc: posts the ante 45
Bazinga23CRF: posts small blind 180
ak10fc: posts big blind 360
*** HOLE CARDS ***
Dealt to Gabrielfs13 [7h Qh]
Rokyzas889: folds 
Gabrielfs13: raises 360 to 720
Juchem1006: folds 
RasHigher: folds 
Kopfhoch1983: raises 2295 to 3015
Bazinga23CRF: folds 
ak10fc: folds 
Gabrielfs13: folds 
Uncalled bet (2295) returned to Kopfhoch1983
Kopfhoch1983 collected 2295 from pot
*** SUMMARY ***
Total pot 2295 | Rake 0 
Seat 1: Rokyzas889 folded before Flop (didn't bet)
Seat 2: Gabrielfs13 folded before Flop
Seat 3: Juchem1006 folded before Flop (didn't bet)
Seat 4: RasHigher folded before Flop (didn't bet)
Seat 5: Kopfhoch1983 (button) collected (2295)
Seat 6: Bazinga23CRF (small blind) folded before Flop
Seat 7: ak10fc (big blind) folded before Flop



PokerStars Hand #257264434321: Tournament #3914634380, $4.80+$5.00+$1.20 USD Hold'em No Limit - Level IX (180/360) - 2025/08/08 15:29:34 BRT [2025/08/08 14:29:34 ET]
Table '3914634380 57' 7-max Seat #6 is the button
Seat 1: Rokyzas889 (8434 in chips, $5 bounty) 
Seat 2: Gabrielfs13 (8135 in chips, $5 bounty) 
Seat 3: Juchem1006 (7355 in chips, $5 bounty) 
Seat 4: RasHigher (23968 in chips, $7.50 bounty) 
Seat 5: Kopfhoch1983 (10248 in chips, $5 bounty) 
Seat 6: Bazinga23CRF (11659 in chips, $7.50 bounty) 
Seat 7: ak10fc (39752 in chips, $10 bounty) 
Rokyzas889: posts the ante 45
Gabrielfs13: posts the ante 45
Juchem1006: posts the ante 45
RasHigher: posts the ante 45
Kopfhoch1983: posts the ante 45
Bazinga23CRF: posts the ante 45
ak10fc: posts the ante 45
ak10fc: posts small blind 180
Rokyzas889: posts big blind 360
*** HOLE CARDS ***
Dealt to Gabrielfs13 [2c 3s]
Gabrielfs13: folds 
Juchem1006: folds 
RasHigher: folds 
Kopfhoch1983: folds 
Bazinga23CRF: folds 
ak10fc: raises 360 to 720
Rokyzas889: calls 360
*** FLOP *** [4s Ks Kh]
ak10fc: bets 878
Rokyzas889: folds 
Uncalled bet (878) returned to ak10fc
ak10fc collected 1755 from pot
ak10fc: doesn't show hand 
*** SUMMARY ***
Total pot 1755 | Rake 0 
Board [4s Ks Kh]
Seat 1: Rokyzas889 (big blind) folded on the Flop
Seat 2: Gabrielfs13 folded before Flop (didn't bet)
Seat 3: Juchem1006 folded before Flop (didn't bet)
Seat 4: RasHigher folded before Flop (didn't bet)
Seat 5: Kopfhoch1983 folded before Flop (didn't bet)
Seat 6: Bazinga23CRF (button) folded before Flop (didn't bet)
Seat 7: ak10fc (small blind) collected (1755)



PokerStars Hand #257264446687: Tournament #3914634380, $4.80+$5.00+$1.20 USD Hold'em No Limit - Level IX (180/360) - 2025/08/08 15:30:32 BRT [2025/08/08 14:30:32 ET]
Table '3914634380 57' 7-max Seat #7 is the button
Seat 1: Rokyzas889 (7669 in chips, $5 bounty) 
Seat 2: Gabrielfs13 (8090 in chips, $5 bounty) 
Seat 3: Juchem1006 (7310 in chips, $5 bounty) 
Seat 4: RasHigher (23923 in chips, $7.50 bounty) 
Seat 5: Kopfhoch1983 (10203 in chips, $5 bounty) 
Seat 6: Bazinga23CRF (11614 in chips, $7.50 bounty) 
Seat 7: ak10fc (40742 in chips, $10 bounty) 
Rokyzas889: posts the ante 45
Gabrielfs13: posts the ante 45
Juchem1006: posts the ante 45
RasHigher: posts the ante 45
Kopfhoch1983: posts the ante 45
Bazinga23CRF: posts the ante 45
ak10fc: posts the ante 45
Rokyzas889: posts small blind 180
Gabrielfs13: posts big blind 360
*** HOLE CARDS ***
Dealt to Gabrielfs13 [Qs 9h]
Juchem1006: folds 
RasHigher: folds 
Kopfhoch1983: raises 360 to 720
Bazinga23CRF: raises 1260 to 1980
ak10fc: folds 
Rokyzas889: folds 
Gabrielfs13: folds 
Kopfhoch1983: calls 1260
*** FLOP *** [3c 6d Js]
Kopfhoch1983: checks 
Bazinga23CRF: bets 1080
Kopfhoch1983: folds 
Uncalled bet (1080) returned to Bazinga23CRF
Bazinga23CRF collected 4815 from pot
Bazinga23CRF: doesn't show hand 
*** SUMMARY ***
Total pot 4815 | Rake 0 
Board [3c 6d Js]
Seat 1: Rokyzas889 (small blind) folded before Flop
Seat 2: Gabrielfs13 (big blind) folded before Flop
Seat 3: Juchem1006 folded before Flop (didn't bet)
Seat 4: RasHigher folded before Flop (didn't bet)
Seat 5: Kopfhoch1983 folded on the Flop
Seat 6: Bazinga23CRF collected (4815)
Seat 7: ak10fc (button) folded before Flop (didn't bet)



PokerStars Hand #257264458311: Tournament #3914634380, $4.80+$5.00+$1.20 USD Hold'em No Limit - Level IX (180/360) - 2025/08/08 15:31:28 BRT [2025/08/08 14:31:28 ET]
Table '3914634380 57' 7-max Seat #1 is the button
Seat 1: Rokyzas889 (7444 in chips, $5 bounty) 
Seat 2: Gabrielfs13 (7685 in chips, $5 bounty) 
Seat 3: Juchem1006 (7265 in chips, $5 bounty) 
Seat 4: RasHigher (23878 in chips, $7.50 bounty) 
Seat 5: Kopfhoch1983 (8178 in chips, $5 bounty) 
Seat 6: Bazinga23CRF (14404 in chips, $7.50 bounty) 
Seat 7: ak10fc (40697 in chips, $10 bounty) 
Rokyzas889: posts the ante 45
Gabrielfs13: posts the ante 45
Juchem1006: posts the ante 45
RasHigher: posts the ante 45
Kopfhoch1983: posts the ante 45
Bazinga23CRF: posts the ante 45
ak10fc: posts the ante 45
Gabrielfs13: posts small blind 180
Juchem1006: posts big blind 360
*** HOLE CARDS ***
Dealt to Gabrielfs13 [3s Kc]
RasHigher: raises 360 to 720
Kopfhoch1983: calls 720
Bazinga23CRF is disconnected 
Bazinga23CRF has timed out while disconnected
Bazinga23CRF: folds 
Bazinga23CRF is sitting out
ak10fc: calls 720
Rokyzas889: calls 720
Gabrielfs13: folds 
Juchem1006: folds 
*** FLOP *** [3c Jh 2c]
RasHigher: checks 
Kopfhoch1983: checks 
Bazinga23CRF is disconnected 
Bazinga23CRF has returned
ak10fc: checks 
Rokyzas889: checks 
*** TURN *** [3c Jh 2c] [5h]
RasHigher: checks 
Kopfhoch1983: bets 1080
ak10fc: folds 
Rokyzas889: folds 
RasHigher: calls 1080
*** RIVER *** [3c Jh 2c 5h] [Th]
RasHigher: checks 
Kopfhoch1983: bets 1440
RasHigher: folds 
Uncalled bet (1440) returned to Kopfhoch1983
Kopfhoch1983 collected 5895 from pot
*** SUMMARY ***
Total pot 5895 | Rake 0 
Board [3c Jh 2c 5h Th]
Seat 1: Rokyzas889 (button) folded on the Turn
Seat 2: Gabrielfs13 (small blind) folded before Flop
Seat 3: Juchem1006 (big blind) folded before Flop
Seat 4: RasHigher folded on the River
Seat 5: Kopfhoch1983 collected (5895)
Seat 6: Bazinga23CRF folded before Flop (didn't bet)
Seat 7: ak10fc folded on the Turn



PokerStars Hand #257264482829: Tournament #3914634380, $4.80+$5.00+$1.20 USD Hold'em No Limit - Level IX (180/360) - 2025/08/08 15:33:28 BRT [2025/08/08 14:33:28 ET]
Table '3914634380 57' 7-max Seat #2 is the button
Seat 1: Rokyzas889 (6679 in chips, $5 bounty) 
Seat 2: Gabrielfs13 (7460 in chips, $5 bounty) 
Seat 3: Juchem1006 (6860 in chips, $5 bounty) 
Seat 4: RasHigher (22033 in chips, $7.50 bounty) 
Seat 5: Kopfhoch1983 (12228 in chips, $5 bounty) 
Seat 6: Bazinga23CRF (14359 in chips, $7.50 bounty) 
Seat 7: ak10fc (39932 in chips, $10 bounty) 
Rokyzas889: posts the ante 45
Gabrielfs13: posts the ante 45
Juchem1006: posts the ante 45
RasHigher: posts the ante 45
Kopfhoch1983: posts the ante 45
Bazinga23CRF: posts the ante 45
ak10fc: posts the ante 45
Juchem1006: posts small blind 180
RasHigher: posts big blind 360
*** HOLE CARDS ***
Dealt to Gabrielfs13 [Ah 3c]
Kopfhoch1983: folds 
Bazinga23CRF: raises 360 to 720
ak10fc: calls 720
Rokyzas889: folds 
Gabrielfs13: folds 
Juchem1006: calls 540
RasHigher: folds 
*** FLOP *** [7s 5c 7d]
Juchem1006: checks 
Bazinga23CRF: bets 360
ak10fc: calls 360
Juchem1006: folds 
*** TURN *** [7s 5c 7d] [Qs]
Bazinga23CRF: checks 
ak10fc: checks 
*** RIVER *** [7s 5c 7d Qs] [8s]
Bazinga23CRF: checks 
ak10fc: bets 1418
Bazinga23CRF: calls 1418
*** SHOW DOWN ***
ak10fc: shows [Ts Qd] (two pair, Queens and Sevens)
Bazinga23CRF: mucks hand 
ak10fc collected 6391 from pot
*** SUMMARY ***
Total pot 6391 | Rake 0 
Board [7s 5c 7d Qs 8s]
Seat 1: Rokyzas889 folded before Flop (didn't bet)
Seat 2: Gabrielfs13 (button) folded before Flop (didn't bet)
Seat 3: Juchem1006 (small blind) folded on the Flop
Seat 4: RasHigher (big blind) folded before Flop
Seat 5: Kopfhoch1983 folded before Flop (didn't bet)
Seat 6: Bazinga23CRF mucked [Td Th]
Seat 7: ak10fc showed [Ts Qd] and won (6391) with two pair, Queens and Sevens



PokerStars Hand #257264505013: Tournament #3914634380, $4.80+$5.00+$1.20 USD Hold'em No Limit - Level X (200/400) - 2025/08/08 15:35:15 BRT [2025/08/08 14:35:15 ET]
Table '3914634380 57' 7-max Seat #3 is the button
Seat 1: Rokyzas889 (6634 in chips, $5 bounty) 
Seat 2: Gabrielfs13 (7415 in chips, $5 bounty) 
Seat 3: Juchem1006 (6095 in chips, $5 bounty) 
Seat 4: RasHigher (21628 in chips, $7.50 bounty) 
Seat 5: Kopfhoch1983 (12183 in chips, $5 bounty) 
Seat 6: Bazinga23CRF (11816 in chips, $7.50 bounty) 
Seat 7: ak10fc (43780 in chips, $10 bounty) 
Rokyzas889: posts the ante 50
Gabrielfs13: posts the ante 50
Juchem1006: posts the ante 50
RasHigher: posts the ante 50
Kopfhoch1983: posts the ante 50
Bazinga23CRF: posts the ante 50
ak10fc: posts the ante 50
RasHigher: posts small blind 200
Kopfhoch1983: posts big blind 400
*** HOLE CARDS ***
Dealt to Gabrielfs13 [Ah 9c]
Bazinga23CRF: raises 400 to 800
ak10fc: folds 
Rokyzas889: folds 
Gabrielfs13: folds 
Juchem1006: folds 
RasHigher: folds 
Kopfhoch1983: calls 400
*** FLOP *** [3s 8s Kd]
Kopfhoch1983: checks 
Bazinga23CRF: checks 
*** TURN *** [3s 8s Kd] [2s]
Kopfhoch1983: checks 
Bazinga23CRF: checks 
*** RIVER *** [3s 8s Kd 2s] [7d]
Kopfhoch1983: checks 
Bazinga23CRF: checks 
*** SHOW DOWN ***
Kopfhoch1983: shows [As 6d] (high card Ace)
Bazinga23CRF: shows [6s 6h] (a pair of Sixes)
Bazinga23CRF collected 2150 from pot
*** SUMMARY ***
Total pot 2150 | Rake 0 
Board [3s 8s Kd 2s 7d]
Seat 1: Rokyzas889 folded before Flop (didn't bet)
Seat 2: Gabrielfs13 folded before Flop (didn't bet)
Seat 3: Juchem1006 (button) folded before Flop (didn't bet)
Seat 4: RasHigher (small blind) folded before Flop
Seat 5: Kopfhoch1983 (big blind) showed [As 6d] and lost with high card Ace
Seat 6: Bazinga23CRF showed [6s 6h] and won (2150) with a pair of Sixes
Seat 7: ak10fc folded before Flop (didn't bet)



PokerStars Hand #257264522845: Tournament #3914634380, $4.80+$5.00+$1.20 USD Hold'em No Limit - Level X (200/400) - 2025/08/08 15:36:41 BRT [2025/08/08 14:36:41 ET]
Table '3914634380 57' 7-max Seat #4 is the button
Seat 1: Rokyzas889 (6584 in chips, $5 bounty) 
Seat 2: Gabrielfs13 (7365 in chips, $5 bounty) 
Seat 3: Juchem1006 (6045 in chips, $5 bounty) 
Seat 4: RasHigher (21378 in chips, $7.50 bounty) 
Seat 5: Kopfhoch1983 (11333 in chips, $5 bounty) 
Seat 6: Bazinga23CRF (13116 in chips, $7.50 bounty) 
Seat 7: ak10fc (43730 in chips, $10 bounty) 
Rokyzas889: posts the ante 50
Gabrielfs13: posts the ante 50
Juchem1006: posts the ante 50
RasHigher: posts the ante 50
Kopfhoch1983: posts the ante 50
Bazinga23CRF: posts the ante 50
ak10fc: posts the ante 50
Kopfhoch1983: posts small blind 200
Bazinga23CRF: posts big blind 400
*** HOLE CARDS ***
Dealt to Gabrielfs13 [9c 8s]
ak10fc: folds 
Rokyzas889: folds 
Gabrielfs13: folds 
Juchem1006: raises 400 to 800
RasHigher: raises 2200 to 3000
Kopfhoch1983: folds 
Bazinga23CRF: folds 
Juchem1006: raises 2995 to 5995 and is all-in
RasHigher: calls 2995
*** FLOP *** [2d 5c 3s]
*** TURN *** [2d 5c 3s] [Qc]
*** RIVER *** [2d 5c 3s Qc] [3d]
*** SHOW DOWN ***
Juchem1006: shows [Qd Jd] (two pair, Queens and Threes)
RasHigher: shows [2c 2h] (a full house, Deuces full of Threes)
RasHigher collected 12940 from pot
RasHigher wins $2.50 for eliminating Juchem1006 and their own bounty increases by $2.50 to $10
Juchem1006 finished the tournament
*** SUMMARY ***
Total pot 12940 | Rake 0 
Board [2d 5c 3s Qc 3d]
Seat 1: Rokyzas889 folded before Flop (didn't bet)
Seat 2: Gabrielfs13 folded before Flop (didn't bet)
Seat 3: Juchem1006 showed [Qd Jd] and lost with two pair, Queens and Threes
Seat 4: RasHigher (button) showed [2c 2h] and won (12940) with a full house, Deuces full of Threes
Seat 5: Kopfhoch1983 (small blind) folded before Flop
Seat 6: Bazinga23CRF (big blind) folded before Flop
Seat 7: ak10fc folded before Flop (didn't bet)



PokerStars Hand #257264535326: Tournament #3914634380, $4.80+$5.00+$1.20 USD Hold'em No Limit - Level X (200/400) - 2025/08/08 15:37:40 BRT [2025/08/08 14:37:40 ET]
Table '3914634380 57' 7-max Seat #5 is the button
Seat 1: Rokyzas889 (6534 in chips, $5 bounty) 
Seat 2: Gabrielfs13 (7315 in chips, $5 bounty) 
Seat 4: RasHigher (28273 in chips, $10 bounty) 
Seat 5: Kopfhoch1983 (11083 in chips, $5 bounty) 
Seat 6: Bazinga23CRF (12666 in chips, $7.50 bounty) 
Seat 7: ak10fc (43680 in chips, $10 bounty) 
Rokyzas889: posts the ante 50
Gabrielfs13: posts the ante 50
RasHigher: posts the ante 50
Kopfhoch1983: posts the ante 50
Bazinga23CRF: posts the ante 50
ak10fc: posts the ante 50
Bazinga23CRF: posts small blind 200
ak10fc: posts big blind 400
*** HOLE CARDS ***
Dealt to Gabrielfs13 [3s 6s]
kidbassa is disconnected 
Rokyzas889: folds 
Gabrielfs13: folds 
RasHigher: folds 
Kopfhoch1983: folds 
Bazinga23CRF: raises 800 to 1200
ak10fc: folds 
Uncalled bet (800) returned to Bazinga23CRF
Bazinga23CRF collected 1100 from pot
Bazinga23CRF: doesn't show hand 
*** SUMMARY ***
Total pot 1100 | Rake 0 
Seat 1: Rokyzas889 folded before Flop (didn't bet)
Seat 2: Gabrielfs13 folded before Flop (didn't bet)
Seat 4: RasHigher folded before Flop (didn't bet)
Seat 5: Kopfhoch1983 (button) folded before Flop (didn't bet)
Seat 6: Bazinga23CRF (small blind) collected (1100)
Seat 7: ak10fc (big blind) folded before Flop



PokerStars Hand #257264543310: Tournament #3914634380, $4.80+$5.00+$1.20 USD Hold'em No Limit - Level X (200/400) - 2025/08/08 15:38:19 BRT [2025/08/08 14:38:19 ET]
Table '3914634380 57' 7-max Seat #6 is the button
Seat 1: Rokyzas889 (6484 in chips, $5 bounty) 
Seat 2: Gabrielfs13 (7265 in chips, $5 bounty) 
Seat 3: kidbassa (10000 in chips, $5 bounty) 
Seat 4: RasHigher (28223 in chips, $10 bounty) 
Seat 5: Kopfhoch1983 (11033 in chips, $5 bounty) 
Seat 6: Bazinga23CRF (13316 in chips, $7.50 bounty) 
Seat 7: ak10fc (43230 in chips, $10 bounty) 
Rokyzas889: posts the ante 50
Gabrielfs13: posts the ante 50
kidbassa: posts the ante 50
RasHigher: posts the ante 50
Kopfhoch1983: posts the ante 50
Bazinga23CRF: posts the ante 50
ak10fc: posts the ante 50
ak10fc: posts small blind 200
Rokyzas889: posts big blind 400
*** HOLE CARDS ***
Dealt to Gabrielfs13 [Td Ts]
Gabrielfs13: raises 400 to 800
kidbassa: folds 
RasHigher: folds 
Kopfhoch1983: folds 
Bazinga23CRF: folds 
ak10fc: folds 
Rokyzas889: folds 
Uncalled bet (400) returned to Gabrielfs13
Gabrielfs13 collected 1350 from pot
Gabrielfs13: doesn't show hand 
*** SUMMARY ***
Total pot 1350 | Rake 0 
Seat 1: Rokyzas889 (big blind) folded before Flop
Seat 2: Gabrielfs13 collected (1350)
Seat 3: kidbassa folded before Flop (didn't bet)
Seat 4: RasHigher folded before Flop (didn't bet)
Seat 5: Kopfhoch1983 folded before Flop (didn't bet)
Seat 6: Bazinga23CRF (button) folded before Flop (didn't bet)
Seat 7: ak10fc (small blind) folded before Flop



PokerStars Hand #257264549080: Tournament #3914634380, $4.80+$5.00+$1.20 USD Hold'em No Limit - Level X (200/400) - 2025/08/08 15:38:47 BRT [2025/08/08 14:38:47 ET]
Table '3914634380 57' 7-max Seat #7 is the button
Seat 1: Rokyzas889 (6034 in chips, $5 bounty) 
Seat 2: Gabrielfs13 (8165 in chips, $5 bounty) 
Seat 3: kidbassa (9950 in chips, $5 bounty) 
Seat 4: RasHigher (28173 in chips, $10 bounty) 
Seat 5: Kopfhoch1983 (10983 in chips, $5 bounty) 
Seat 6: Bazinga23CRF (13266 in chips, $7.50 bounty) 
Seat 7: ak10fc (42980 in chips, $10 bounty) 
Rokyzas889: posts the ante 50
Gabrielfs13: posts the ante 50
kidbassa: posts the ante 50
RasHigher: posts the ante 50
Kopfhoch1983: posts the ante 50
Bazinga23CRF: posts the ante 50
ak10fc: posts the ante 50
Rokyzas889: posts small blind 200
Gabrielfs13: posts big blind 400
*** HOLE CARDS ***
Dealt to Gabrielfs13 [Ah Kc]
kidbassa: folds 
RasHigher: folds 
Kopfhoch1983: folds 
Bazinga23CRF: folds 
ak10fc: raises 400 to 800
Rokyzas889: raises 5184 to 5984 and is all-in
Gabrielfs13: raises 2131 to 8115 and is all-in
ak10fc: folds 
Uncalled bet (2131) returned to Gabrielfs13
*** FLOP *** [9h Kh 7c]
*** TURN *** [9h Kh 7c] [Js]
*** RIVER *** [9h Kh 7c Js] [4c]
*** SHOW DOWN ***
Rokyzas889: shows [Qs Ac] (high card Ace)
Gabrielfs13: shows [Ah Kc] (a pair of Kings)
Gabrielfs13 collected 13118 from pot
Gabrielfs13 wins $2.50 for eliminating Rokyzas889 and their own bounty increases by $2.50 to $7.50
Rokyzas889 finished the tournament
*** SUMMARY ***
Total pot 13118 | Rake 0 
Board [9h Kh 7c Js 4c]
Seat 1: Rokyzas889 (small blind) showed [Qs Ac] and lost with high card Ace
Seat 2: Gabrielfs13 (big blind) showed [Ah Kc] and won (13118) with a pair of Kings
Seat 3: kidbassa folded before Flop (didn't bet)
Seat 4: RasHigher folded before Flop (didn't bet)
Seat 5: Kopfhoch1983 folded before Flop (didn't bet)
Seat 6: Bazinga23CRF folded before Flop (didn't bet)
Seat 7: ak10fc (button) folded before Flop



PokerStars Hand #257264562242: Tournament #3914634380, $4.80+$5.00+$1.20 USD Hold'em No Limit - Level X (200/400) - 2025/08/08 15:39:50 BRT [2025/08/08 14:39:50 ET]
Table '3914634380 57' 7-max Seat #2 is the button
Seat 2: Gabrielfs13 (15249 in chips, $7.50 bounty) 
Seat 3: kidbassa (9900 in chips, $5 bounty) 
Seat 4: RasHigher (28123 in chips, $10 bounty) 
Seat 5: Kopfhoch1983 (10933 in chips, $5 bounty) 
Seat 6: Bazinga23CRF (13216 in chips, $7.50 bounty) 
Seat 7: ak10fc (42130 in chips, $10 bounty) 
Gabrielfs13: posts the ante 50
kidbassa: posts the ante 50
RasHigher: posts the ante 50
Kopfhoch1983: posts the ante 50
Bazinga23CRF: posts the ante 50
ak10fc: posts the ante 50
kidbassa: posts small blind 200
RasHigher: posts big blind 400
*** HOLE CARDS ***
Dealt to Gabrielfs13 [Th Jd]
tecaoo is disconnected 
Kopfhoch1983: folds 
Bazinga23CRF: raises 400 to 800
ak10fc: calls 800
Gabrielfs13: folds 
kidbassa: folds 
RasHigher: calls 400
*** FLOP *** [Qc 7h Qh]
RasHigher: checks 
Bazinga23CRF: checks 
ak10fc: checks 
*** TURN *** [Qc 7h Qh] [As]
RasHigher: checks 
Bazinga23CRF: checks 
ak10fc: checks 
*** RIVER *** [Qc 7h Qh As] [2c]
RasHigher: bets 957
Bazinga23CRF: folds 
ak10fc: folds 
Uncalled bet (957) returned to RasHigher
RasHigher collected 2900 from pot
RasHigher: doesn't show hand 
*** SUMMARY ***
Total pot 2900 | Rake 0 
Board [Qc 7h Qh As 2c]
Seat 2: Gabrielfs13 (button) folded before Flop (didn't bet)
Seat 3: kidbassa (small blind) folded before Flop
Seat 4: RasHigher (big blind) collected (2900)
Seat 5: Kopfhoch1983 folded before Flop (didn't bet)
Seat 6: Bazinga23CRF folded on the River
Seat 7: ak10fc folded on the River



PokerStars Hand #257264583373: Tournament #3914634380, $4.80+$5.00+$1.20 USD Hold'em No Limit - Level XI (225/450) - 2025/08/08 15:41:33 BRT [2025/08/08 14:41:33 ET]
Table '3914634380 57' 7-max Seat #3 is the button
Seat 1: tecaoo (10000 in chips, $5 bounty) 
Seat 2: Gabrielfs13 (15199 in chips, $7.50 bounty) 
Seat 3: kidbassa (9650 in chips, $5 bounty) 
Seat 4: RasHigher (30173 in chips, $10 bounty) 
Seat 5: Kopfhoch1983 (10883 in chips, $5 bounty) 
Seat 6: Bazinga23CRF (12366 in chips, $7.50 bounty) 
Seat 7: ak10fc (41280 in chips, $10 bounty) 
tecaoo: posts the ante 55
Gabrielfs13: posts the ante 55
kidbassa: posts the ante 55
RasHigher: posts the ante 55
Kopfhoch1983: posts the ante 55
Bazinga23CRF: posts the ante 55
ak10fc: posts the ante 55
RasHigher: posts small blind 225
Kopfhoch1983: posts big blind 450
*** HOLE CARDS ***
Dealt to Gabrielfs13 [Qc 2d]
Bazinga23CRF: raises 450 to 900
ak10fc: folds 
tecaoo: raises 1350 to 2250
Gabrielfs13: folds 
kidbassa: folds 
RasHigher: folds 
Kopfhoch1983: folds 
Bazinga23CRF: folds 
Uncalled bet (1350) returned to tecaoo
tecaoo collected 2860 from pot
tecaoo: doesn't show hand 
*** SUMMARY ***
Total pot 2860 | Rake 0 
Seat 1: tecaoo collected (2860)
Seat 2: Gabrielfs13 folded before Flop (didn't bet)
Seat 3: kidbassa (button) folded before Flop (didn't bet)
Seat 4: RasHigher (small blind) folded before Flop
Seat 5: Kopfhoch1983 (big blind) folded before Flop
Seat 6: Bazinga23CRF folded before Flop
Seat 7: ak10fc folded before Flop (didn't bet)



PokerStars Hand #257264591813: Tournament #3914634380, $4.80+$5.00+$1.20 USD Hold'em No Limit - Level XI (225/450) - 2025/08/08 15:42:13 BRT [2025/08/08 14:42:13 ET]
Table '3914634380 57' 7-max Seat #4 is the button
Seat 1: tecaoo (11905 in chips, $5 bounty) 
Seat 2: Gabrielfs13 (15144 in chips, $7.50 bounty) 
Seat 3: kidbassa (9595 in chips, $5 bounty) 
Seat 4: RasHigher (29893 in chips, $10 bounty) 
Seat 5: Kopfhoch1983 (10378 in chips, $5 bounty) 
Seat 6: Bazinga23CRF (11411 in chips, $7.50 bounty) 
Seat 7: ak10fc (41225 in chips, $10 bounty) 
tecaoo: posts the ante 55
Gabrielfs13: posts the ante 55
kidbassa: posts the ante 55
RasHigher: posts the ante 55
Kopfhoch1983: posts the ante 55
Bazinga23CRF: posts the ante 55
ak10fc: posts the ante 55
Kopfhoch1983: posts small blind 225
Bazinga23CRF: posts big blind 450
*** HOLE CARDS ***
Dealt to Gabrielfs13 [3c 3d]
ak10fc: folds 
tecaoo: folds 
Gabrielfs13: raises 450 to 900
kidbassa: folds 
RasHigher: folds 
Kopfhoch1983: calls 675
Bazinga23CRF: raises 10456 to 11356 and is all-in
Gabrielfs13: raises 3733 to 15089 and is all-in
Kopfhoch1983: calls 9423 and is all-in
Uncalled bet (3733) returned to Gabrielfs13
*** FLOP *** [6h 5h 2d]
*** TURN *** [6h 5h 2d] [7s]
*** RIVER *** [6h 5h 2d 7s] [8s]
*** SHOW DOWN ***
Bazinga23CRF: shows [Qh Qc] (a pair of Queens)
Gabrielfs13: shows [3c 3d] (a pair of Threes)
Bazinga23CRF collected 2066 from side pot
Kopfhoch1983: shows [Ah Ks] (high card Ace)
Bazinga23CRF collected 31354 from main pot
Bazinga23CRF wins $2.50 for eliminating Kopfhoch1983 and their own bounty increases by $2.50 to $10
Kopfhoch1983 finished the tournament
*** SUMMARY ***
Total pot 33420 Main pot 31354. Side pot 2066. | Rake 0 
Board [6h 5h 2d 7s 8s]
Seat 1: tecaoo folded before Flop (didn't bet)
Seat 2: Gabrielfs13 showed [3c 3d] and lost with a pair of Threes
Seat 3: kidbassa folded before Flop (didn't bet)
Seat 4: RasHigher (button) folded before Flop (didn't bet)
Seat 5: Kopfhoch1983 (small blind) showed [Ah Ks] and lost with high card Ace
Seat 6: Bazinga23CRF (big blind) showed [Qh Qc] and won (33420) with a pair of Queens
Seat 7: ak10fc folded before Flop (didn't bet)



PokerStars Hand #257264600993: Tournament #3914634380, $4.80+$5.00+$1.20 USD Hold'em No Limit - Level XI (225/450) - 2025/08/08 15:42:57 BRT [2025/08/08 14:42:57 ET]
Table '3914634380 57' 7-max Seat #6 is the button
Seat 1: tecaoo (11850 in chips, $5 bounty) 
Seat 2: Gabrielfs13 (3733 in chips, $7.50 bounty) 
Seat 3: kidbassa (9540 in chips, $5 bounty) 
Seat 4: RasHigher (29838 in chips, $10 bounty) 
Seat 6: Bazinga23CRF (33420 in chips, $10 bounty) 
Seat 7: ak10fc (41170 in chips, $10 bounty) 
tecaoo: posts the ante 55
Gabrielfs13: posts the ante 55
kidbassa: posts the ante 55
RasHigher: posts the ante 55
Bazinga23CRF: posts the ante 55
ak10fc: posts the ante 55
ak10fc: posts small blind 225
tecaoo: posts big blind 450
*** HOLE CARDS ***
Dealt to Gabrielfs13 [8c Jd]
YourMumSaysHi is disconnected 
Gabrielfs13: folds 
kidbassa: folds 
RasHigher: raises 450 to 900
Bazinga23CRF: calls 900
ak10fc: folds 
tecaoo: folds 
*** FLOP *** [Kh 6c 2s]
RasHigher: checks 
Bazinga23CRF: bets 1350
RasHigher: calls 1350
*** TURN *** [Kh 6c 2s] [3c]
RasHigher: checks 
Bazinga23CRF: checks 
*** RIVER *** [Kh 6c 2s 3c] [6d]
RasHigher: checks 
Bazinga23CRF: bets 5490
RasHigher: folds 
Uncalled bet (5490) returned to Bazinga23CRF
Bazinga23CRF collected 5505 from pot
Bazinga23CRF: doesn't show hand 
*** SUMMARY ***
Total pot 5505 | Rake 0 
Board [Kh 6c 2s 3c 6d]
Seat 1: tecaoo (big blind) folded before Flop
Seat 2: Gabrielfs13 folded before Flop (didn't bet)
Seat 3: kidbassa folded before Flop (didn't bet)
Seat 4: RasHigher folded on the River
Seat 6: Bazinga23CRF (button) collected (5505)
Seat 7: ak10fc (small blind) folded before Flop



PokerStars Hand #257264624218: Tournament #3914634380, $4.80+$5.00+$1.20 USD Hold'em No Limit - Level XI (225/450) - 2025/08/08 15:44:49 BRT [2025/08/08 14:44:49 ET]
Table '3914634380 57' 7-max Seat #7 is the button
Seat 1: tecaoo (11345 in chips, $5 bounty) 
Seat 2: Gabrielfs13 (3678 in chips, $7.50 bounty) 
Seat 3: kidbassa (9485 in chips, $5 bounty) 
Seat 4: RasHigher (27533 in chips, $10 bounty) 
Seat 5: YourMumSaysHi (10000 in chips, $5 bounty) 
Seat 6: Bazinga23CRF (36620 in chips, $10 bounty) 
Seat 7: ak10fc (40890 in chips, $10 bounty) 
tecaoo: posts the ante 55
Gabrielfs13: posts the ante 55
kidbassa: posts the ante 55
RasHigher: posts the ante 55
YourMumSaysHi: posts the ante 55
Bazinga23CRF: posts the ante 55
ak10fc: posts the ante 55
tecaoo: posts small blind 225
Gabrielfs13: posts big blind 450
*** HOLE CARDS ***
Dealt to Gabrielfs13 [Js 6h]
kidbassa: folds 
RasHigher: folds 
YourMumSaysHi: folds 
Bazinga23CRF: raises 675 to 1125
ak10fc: calls 1125
tecaoo: raises 10165 to 11290 and is all-in
Gabrielfs13: folds 
Bazinga23CRF: raises 25275 to 36565 and is all-in
ak10fc: folds 
Uncalled bet (25275) returned to Bazinga23CRF
*** FLOP *** [Jd 6s Kh]
*** TURN *** [Jd 6s Kh] [3s]
*** RIVER *** [Jd 6s Kh 3s] [Th]
*** SHOW DOWN ***
tecaoo: shows [9h 9d] (a pair of Nines)
Bazinga23CRF: shows [Ah Kc] (a pair of Kings)
Bazinga23CRF collected 24540 from pot
Bazinga23CRF wins $2.50 for eliminating tecaoo and their own bounty increases by $2.50 to $12.50
tecaoo finished the tournament
*** SUMMARY ***
Total pot 24540 | Rake 0 
Board [Jd 6s Kh 3s Th]
Seat 1: tecaoo (small blind) showed [9h 9d] and lost with a pair of Nines
Seat 2: Gabrielfs13 (big blind) folded before Flop
Seat 3: kidbassa folded before Flop (didn't bet)
Seat 4: RasHigher folded before Flop (didn't bet)
Seat 5: YourMumSaysHi folded before Flop (didn't bet)
Seat 6: Bazinga23CRF showed [Ah Kc] and won (24540) with a pair of Kings
Seat 7: ak10fc (button) folded before Flop



PokerStars Hand #257264632731: Tournament #3914634380, $4.80+$5.00+$1.20 USD Hold'em No Limit - Level XI (225/450) - 2025/08/08 15:45:30 BRT [2025/08/08 14:45:30 ET]
Table '3914634380 57' 7-max Seat #2 is the button
Seat 2: Gabrielfs13 (3173 in chips, $7.50 bounty) 
Seat 3: kidbassa (9430 in chips, $5 bounty) 
Seat 4: RasHigher (27478 in chips, $10 bounty) 
Seat 5: YourMumSaysHi (9945 in chips, $5 bounty) 
Seat 6: Bazinga23CRF (49815 in chips, $12.50 bounty) 
Seat 7: ak10fc (39710 in chips, $10 bounty) 
Gabrielfs13: posts the ante 55
kidbassa: posts the ante 55
RasHigher: posts the ante 55
YourMumSaysHi: posts the ante 55
Bazinga23CRF: posts the ante 55
ak10fc: posts the ante 55
kidbassa: posts small blind 225
RasHigher: posts big blind 450
*** HOLE CARDS ***
Dealt to Gabrielfs13 [3h 4s]
YourMumSaysHi: folds 
Bazinga23CRF: folds 
ak10fc: folds 
Gabrielfs13: folds 
totonio185 is disconnected 
kidbassa: folds 
Uncalled bet (225) returned to RasHigher
RasHigher collected 780 from pot
RasHigher: doesn't show hand 
*** SUMMARY ***
Total pot 780 | Rake 0 
Seat 2: Gabrielfs13 (button) folded before Flop (didn't bet)
Seat 3: kidbassa (small blind) folded before Flop
Seat 4: RasHigher (big blind) collected (780)
Seat 5: YourMumSaysHi folded before Flop (didn't bet)
Seat 6: Bazinga23CRF folded before Flop (didn't bet)
Seat 7: ak10fc folded before Flop (didn't bet)



PokerStars Hand #257264640078: Tournament #3914634380, $4.80+$5.00+$1.20 USD Hold'em No Limit - Level XI (225/450) - 2025/08/08 15:46:05 BRT [2025/08/08 14:46:05 ET]
Table '3914634380 57' 7-max Seat #3 is the button
Seat 1: totonio185 (10000 in chips, $5 bounty) 
Seat 2: Gabrielfs13 (3118 in chips, $7.50 bounty) 
Seat 3: kidbassa (9150 in chips, $5 bounty) 
Seat 4: RasHigher (27978 in chips, $10 bounty) 
Seat 5: YourMumSaysHi (9890 in chips, $5 bounty) 
Seat 6: Bazinga23CRF (49760 in chips, $12.50 bounty) 
Seat 7: ak10fc (39655 in chips, $10 bounty) 
totonio185: posts the ante 55
Gabrielfs13: posts the ante 55
kidbassa: posts the ante 55
RasHigher: posts the ante 55
YourMumSaysHi: posts the ante 55
Bazinga23CRF: posts the ante 55
ak10fc: posts the ante 55
RasHigher: posts small blind 225
YourMumSaysHi: posts big blind 450
*** HOLE CARDS ***
Dealt to Gabrielfs13 [Js Ac]
Bazinga23CRF: folds 
ak10fc: folds 
totonio185: folds 
Gabrielfs13: raises 2613 to 3063 and is all-in
kidbassa: folds 
RasHigher: folds 
YourMumSaysHi: folds 
Uncalled bet (2613) returned to Gabrielfs13
Gabrielfs13 collected 1510 from pot
Gabrielfs13: doesn't show hand 
*** SUMMARY ***
Total pot 1510 | Rake 0 
Seat 1: totonio185 folded before Flop (didn't bet)
Seat 2: Gabrielfs13 collected (1510)
Seat 3: kidbassa (button) folded before Flop (didn't bet)
Seat 4: RasHigher (small blind) folded before Flop
Seat 5: YourMumSaysHi (big blind) folded before Flop
Seat 6: Bazinga23CRF folded before Flop (didn't bet)
Seat 7: ak10fc folded before Flop (didn't bet)



PokerStars Hand #257264646113: Tournament #3914634380, $4.80+$5.00+$1.20 USD Hold'em No Limit - Level XI (225/450) - 2025/08/08 15:46:34 BRT [2025/08/08 14:46:34 ET]
Table '3914634380 57' 7-max Seat #4 is the button
Seat 1: totonio185 (9945 in chips, $5 bounty) 
Seat 2: Gabrielfs13 (4123 in chips, $7.50 bounty) 
Seat 3: kidbassa (9095 in chips, $5 bounty) 
Seat 4: RasHigher (27698 in chips, $10 bounty) 
Seat 5: YourMumSaysHi (9385 in chips, $5 bounty) 
Seat 6: Bazinga23CRF (49705 in chips, $12.50 bounty) 
Seat 7: ak10fc (39600 in chips, $10 bounty) 
totonio185: posts the ante 55
Gabrielfs13: posts the ante 55
kidbassa: posts the ante 55
RasHigher: posts the ante 55
YourMumSaysHi: posts the ante 55
Bazinga23CRF: posts the ante 55
ak10fc: posts the ante 55
YourMumSaysHi: posts small blind 225
Bazinga23CRF: posts big blind 450
*** HOLE CARDS ***
Dealt to Gabrielfs13 [3h Jc]
ak10fc: folds 
totonio185: folds 
Gabrielfs13: folds 
kidbassa: folds 
RasHigher: folds 
YourMumSaysHi: calls 225
Bazinga23CRF: checks 
*** FLOP *** [5s 9c 7d]
YourMumSaysHi: checks 
Bazinga23CRF: checks 
*** TURN *** [5s 9c 7d] [Js]
YourMumSaysHi: bets 643
Bazinga23CRF: calls 643
*** RIVER *** [5s 9c 7d Js] [Qc]
YourMumSaysHi: bets 1928
Bazinga23CRF: raises 46629 to 48557 and is all-in
YourMumSaysHi: folds 
Uncalled bet (46629) returned to Bazinga23CRF
Bazinga23CRF collected 6427 from pot
Bazinga23CRF: doesn't show hand 
*** SUMMARY ***
Total pot 6427 | Rake 0 
Board [5s 9c 7d Js Qc]
Seat 1: totonio185 folded before Flop (didn't bet)
Seat 2: Gabrielfs13 folded before Flop (didn't bet)
Seat 3: kidbassa folded before Flop (didn't bet)
Seat 4: RasHigher (button) folded before Flop (didn't bet)
Seat 5: YourMumSaysHi (small blind) folded on the River
Seat 6: Bazinga23CRF (big blind) collected (6427)
Seat 7: ak10fc folded before Flop (didn't bet)



PokerStars Hand #257264667448: Tournament #3914634380, $4.80+$5.00+$1.20 USD Hold'em No Limit - Level XII (250/500) - 2025/08/08 15:48:16 BRT [2025/08/08 14:48:16 ET]
Table '3914634380 57' 7-max Seat #5 is the button
Seat 1: totonio185 (9890 in chips, $5 bounty) 
Seat 2: Gabrielfs13 (4068 in chips, $7.50 bounty) 
Seat 3: kidbassa (9040 in chips, $5 bounty) 
Seat 4: RasHigher (27643 in chips, $10 bounty) 
Seat 5: YourMumSaysHi (6309 in chips, $5 bounty) 
Seat 6: Bazinga23CRF (53056 in chips, $12.50 bounty) 
Seat 7: ak10fc (39545 in chips, $10 bounty) 
totonio185: posts the ante 60
Gabrielfs13: posts the ante 60
kidbassa: posts the ante 60
RasHigher: posts the ante 60
YourMumSaysHi: posts the ante 60
Bazinga23CRF: posts the ante 60
ak10fc: posts the ante 60
Bazinga23CRF: posts small blind 250
ak10fc: posts big blind 500
*** HOLE CARDS ***
Dealt to Gabrielfs13 [4d 4s]
totonio185: raises 1000 to 1500
Gabrielfs13: raises 2508 to 4008 and is all-in
kidbassa: folds 
RasHigher: folds 
YourMumSaysHi: folds 
Bazinga23CRF: folds 
ak10fc: folds 
totonio185: calls 2508
*** FLOP *** [7d 6h 3d]
*** TURN *** [7d 6h 3d] [7s]
*** RIVER *** [7d 6h 3d 7s] [Ks]
*** SHOW DOWN ***
totonio185: shows [Qh Ad] (a pair of Sevens)
Gabrielfs13: shows [4d 4s] (two pair, Sevens and Fours)
Gabrielfs13 collected 9186 from pot
*** SUMMARY ***
Total pot 9186 | Rake 0 
Board [7d 6h 3d 7s Ks]
Seat 1: totonio185 showed [Qh Ad] and lost with a pair of Sevens
Seat 2: Gabrielfs13 showed [4d 4s] and won (9186) with two pair, Sevens and Fours
Seat 3: kidbassa folded before Flop (didn't bet)
Seat 4: RasHigher folded before Flop (didn't bet)
Seat 5: YourMumSaysHi (button) folded before Flop (didn't bet)
Seat 6: Bazinga23CRF (small blind) folded before Flop
Seat 7: ak10fc (big blind) folded before Flop



PokerStars Hand #257264684268: Tournament #3914634380, $4.80+$5.00+$1.20 USD Hold'em No Limit - Level XII (250/500) - 2025/08/08 15:49:37 BRT [2025/08/08 14:49:37 ET]
Table '3914634380 57' 7-max Seat #6 is the button
Seat 1: totonio185 (5822 in chips, $5 bounty) 
Seat 2: Gabrielfs13 (9186 in chips, $7.50 bounty) 
Seat 3: kidbassa (8980 in chips, $5 bounty) 
Seat 4: RasHigher (27583 in chips, $10 bounty) 
Seat 5: YourMumSaysHi (6249 in chips, $5 bounty) 
Seat 6: Bazinga23CRF (52746 in chips, $12.50 bounty) 
Seat 7: ak10fc (38985 in chips, $10 bounty) 
totonio185: posts the ante 60
Gabrielfs13: posts the ante 60
kidbassa: posts the ante 60
RasHigher: posts the ante 60
YourMumSaysHi: posts the ante 60
Bazinga23CRF: posts the ante 60
ak10fc: posts the ante 60
ak10fc: posts small blind 250
totonio185: posts big blind 500
*** HOLE CARDS ***
Dealt to Gabrielfs13 [Jh 3s]
Gabrielfs13: folds 
kidbassa: folds 
RasHigher: folds 
YourMumSaysHi: folds 
Bazinga23CRF: folds 
ak10fc: raises 500 to 1000
totonio185: calls 500
*** FLOP *** [7s 5c Qd]
ak10fc: bets 1210
totonio185: raises 3552 to 4762 and is all-in
ak10fc: calls 3552
*** TURN *** [7s 5c Qd] [9d]
*** RIVER *** [7s 5c Qd 9d] [6h]
*** SHOW DOWN ***
ak10fc: shows [6s 7h] (two pair, Sevens and Sixes)
totonio185: shows [Qh 9s] (two pair, Queens and Nines)
totonio185 collected 11944 from pot
*** SUMMARY ***
Total pot 11944 | Rake 0 
Board [7s 5c Qd 9d 6h]
Seat 1: totonio185 (big blind) showed [Qh 9s] and won (11944) with two pair, Queens and Nines
Seat 2: Gabrielfs13 folded before Flop (didn't bet)
Seat 3: kidbassa folded before Flop (didn't bet)
Seat 4: RasHigher folded before Flop (didn't bet)
Seat 5: YourMumSaysHi folded before Flop (didn't bet)
Seat 6: Bazinga23CRF (button) folded before Flop (didn't bet)
Seat 7: ak10fc (small blind) showed [6s 7h] and lost with two pair, Sevens and Sixes



PokerStars Hand #257264693618: Tournament #3914634380, $4.80+$5.00+$1.20 USD Hold'em No Limit - Level XII (250/500) - 2025/08/08 15:50:22 BRT [2025/08/08 14:50:22 ET]
Table '3914634380 57' 7-max Seat #7 is the button
Seat 1: totonio185 (11944 in chips, $5 bounty) 
Seat 2: Gabrielfs13 (9126 in chips, $7.50 bounty) 
Seat 3: kidbassa (8920 in chips, $5 bounty) 
Seat 4: RasHigher (27523 in chips, $10 bounty) 
Seat 5: YourMumSaysHi (6189 in chips, $5 bounty) 
Seat 6: Bazinga23CRF (52686 in chips, $12.50 bounty) 
Seat 7: ak10fc (33163 in chips, $10 bounty) 
totonio185: posts the ante 60
Gabrielfs13: posts the ante 60
kidbassa: posts the ante 60
RasHigher: posts the ante 60
YourMumSaysHi: posts the ante 60
Bazinga23CRF: posts the ante 60
ak10fc: posts the ante 60
totonio185: posts small blind 250
Gabrielfs13: posts big blind 500
*** HOLE CARDS ***
Dealt to Gabrielfs13 [9c 5d]
kidbassa: folds 
RasHigher: folds 
YourMumSaysHi: raises 5629 to 6129 and is all-in
Bazinga23CRF: folds 
ak10fc: folds 
totonio185: folds 
Gabrielfs13: folds 
Uncalled bet (5629) returned to YourMumSaysHi
YourMumSaysHi collected 1670 from pot
YourMumSaysHi: doesn't show hand 
*** SUMMARY ***
Total pot 1670 | Rake 0 
Seat 1: totonio185 (small blind) folded before Flop
Seat 2: Gabrielfs13 (big blind) folded before Flop
Seat 3: kidbassa folded before Flop (didn't bet)
Seat 4: RasHigher folded before Flop (didn't bet)
Seat 5: YourMumSaysHi collected (1670)
Seat 6: Bazinga23CRF folded before Flop (didn't bet)
Seat 7: ak10fc (button) folded before Flop (didn't bet)



PokerStars Hand #257264698136: Tournament #3914634380, $4.80+$5.00+$1.20 USD Hold'em No Limit - Level XII (250/500) - 2025/08/08 15:50:43 BRT [2025/08/08 14:50:43 ET]
Table '3914634380 57' 7-max Seat #1 is the button
Seat 1: totonio185 (11634 in chips, $5 bounty) 
Seat 2: Gabrielfs13 (8566 in chips, $7.50 bounty) 
Seat 3: kidbassa (8860 in chips, $5 bounty) 
Seat 4: RasHigher (27463 in chips, $10 bounty) 
Seat 5: YourMumSaysHi (7299 in chips, $5 bounty) 
Seat 6: Bazinga23CRF (52626 in chips, $12.50 bounty) 
Seat 7: ak10fc (33103 in chips, $10 bounty) 
totonio185: posts the ante 60
Gabrielfs13: posts the ante 60
kidbassa: posts the ante 60
RasHigher: posts the ante 60
YourMumSaysHi: posts the ante 60
Bazinga23CRF: posts the ante 60
ak10fc: posts the ante 60
Gabrielfs13: posts small blind 250
kidbassa: posts big blind 500
*** HOLE CARDS ***
Dealt to Gabrielfs13 [6h Jd]
RasHigher: raises 500 to 1000
YourMumSaysHi: folds 
Bazinga23CRF: folds 
ak10fc: calls 1000
totonio185: folds 
Gabrielfs13: folds 
kidbassa: folds 
*** FLOP *** [3c 9c Qh]
RasHigher: checks 
ak10fc: checks 
*** TURN *** [3c 9c Qh] [7h]
RasHigher: checks 
ak10fc: bets 1585
RasHigher: folds 
Uncalled bet (1585) returned to ak10fc
ak10fc collected 3170 from pot
ak10fc: doesn't show hand 
*** SUMMARY ***
Total pot 3170 | Rake 0 
Board [3c 9c Qh 7h]
Seat 1: totonio185 (button) folded before Flop (didn't bet)
Seat 2: Gabrielfs13 (small blind) folded before Flop
Seat 3: kidbassa (big blind) folded before Flop
Seat 4: RasHigher folded on the Turn
Seat 5: YourMumSaysHi folded before Flop (didn't bet)
Seat 6: Bazinga23CRF folded before Flop (didn't bet)
Seat 7: ak10fc collected (3170)



PokerStars Hand #257264710892: Tournament #3914634380, $4.80+$5.00+$1.20 USD Hold'em No Limit - Level XII (250/500) - 2025/08/08 15:51:45 BRT [2025/08/08 14:51:45 ET]
Table '3914634380 57' 7-max Seat #2 is the button
Seat 1: totonio185 (11574 in chips, $5 bounty) 
Seat 2: Gabrielfs13 (8256 in chips, $7.50 bounty) 
Seat 3: kidbassa (8300 in chips, $5 bounty) 
Seat 4: RasHigher (26403 in chips, $10 bounty) 
Seat 5: YourMumSaysHi (7239 in chips, $5 bounty) 
Seat 6: Bazinga23CRF (52566 in chips, $12.50 bounty) 
Seat 7: ak10fc (35213 in chips, $10 bounty) 
totonio185: posts the ante 60
Gabrielfs13: posts the ante 60
kidbassa: posts the ante 60
RasHigher: posts the ante 60
YourMumSaysHi: posts the ante 60
Bazinga23CRF: posts the ante 60
ak10fc: posts the ante 60
kidbassa: posts small blind 250
RasHigher: posts big blind 500
*** HOLE CARDS ***
Dealt to Gabrielfs13 [9s Ac]
YourMumSaysHi: folds 
Bazinga23CRF: raises 750 to 1250
ak10fc: folds 
totonio185: folds 
Gabrielfs13: folds 
kidbassa: folds 
RasHigher: folds 
Uncalled bet (750) returned to Bazinga23CRF
Bazinga23CRF collected 1670 from pot
Bazinga23CRF: doesn't show hand 
*** SUMMARY ***
Total pot 1670 | Rake 0 
Seat 1: totonio185 folded before Flop (didn't bet)
Seat 2: Gabrielfs13 (button) folded before Flop (didn't bet)
Seat 3: kidbassa (small blind) folded before Flop
Seat 4: RasHigher (big blind) folded before Flop
Seat 5: YourMumSaysHi folded before Flop (didn't bet)
Seat 6: Bazinga23CRF collected (1670)
Seat 7: ak10fc folded before Flop (didn't bet)



PokerStars Hand #257264720735: Tournament #3914634380, $4.80+$5.00+$1.20 USD Hold'em No Limit - Level XII (250/500) - 2025/08/08 15:52:32 BRT [2025/08/08 14:52:32 ET]
Table '3914634380 57' 7-max Seat #3 is the button
Seat 1: totonio185 (11514 in chips, $5 bounty) 
Seat 2: Gabrielfs13 (8196 in chips, $7.50 bounty) 
Seat 3: kidbassa (7990 in chips, $5 bounty) 
Seat 4: RasHigher (25843 in chips, $10 bounty) 
Seat 5: YourMumSaysHi (7179 in chips, $5 bounty) 
Seat 6: Bazinga23CRF (53676 in chips, $12.50 bounty) 
Seat 7: ak10fc (35153 in chips, $10 bounty) 
totonio185: posts the ante 60
Gabrielfs13: posts the ante 60
kidbassa: posts the ante 60
RasHigher: posts the ante 60
YourMumSaysHi: posts the ante 60
Bazinga23CRF: posts the ante 60
ak10fc: posts the ante 60
RasHigher: posts small blind 250
YourMumSaysHi: posts big blind 500
*** HOLE CARDS ***
Dealt to Gabrielfs13 [8d 5h]
Bazinga23CRF: folds 
ak10fc: raises 1000 to 1500
totonio185: folds 
Gabrielfs13: folds 
kidbassa: folds 
RasHigher: folds 
YourMumSaysHi: folds 
Uncalled bet (1000) returned to ak10fc
ak10fc collected 1670 from pot
ak10fc: doesn't show hand 
*** SUMMARY ***
Total pot 1670 | Rake 0 
Seat 1: totonio185 folded before Flop (didn't bet)
Seat 2: Gabrielfs13 folded before Flop (didn't bet)
Seat 3: kidbassa (button) folded before Flop (didn't bet)
Seat 4: RasHigher (small blind) folded before Flop
Seat 5: YourMumSaysHi (big blind) folded before Flop
Seat 6: Bazinga23CRF folded before Flop (didn't bet)
Seat 7: ak10fc collected (1670)



PokerStars Hand #257264731316: Tournament #3914634380, $4.80+$5.00+$1.20 USD Hold'em No Limit - Level XII (250/500) - 2025/08/08 15:53:22 BRT [2025/08/08 14:53:22 ET]
Table '3914634380 57' 7-max Seat #4 is the button
Seat 1: totonio185 (11454 in chips, $5 bounty) 
Seat 2: Gabrielfs13 (8136 in chips, $7.50 bounty) 
Seat 3: kidbassa (7930 in chips, $5 bounty) 
Seat 4: RasHigher (25533 in chips, $10 bounty) 
Seat 5: YourMumSaysHi (6619 in chips, $5 bounty) 
Seat 6: Bazinga23CRF (53616 in chips, $12.50 bounty) 
Seat 7: ak10fc (36263 in chips, $10 bounty) 
totonio185: posts the ante 60
Gabrielfs13: posts the ante 60
kidbassa: posts the ante 60
RasHigher: posts the ante 60
YourMumSaysHi: posts the ante 60
Bazinga23CRF: posts the ante 60
ak10fc: posts the ante 60
YourMumSaysHi: posts small blind 250
Bazinga23CRF: posts big blind 500
*** HOLE CARDS ***
Dealt to Gabrielfs13 [7c 3s]
ak10fc: raises 500 to 1000
totonio185: folds 
Gabrielfs13: folds 
kidbassa: folds 
RasHigher: calls 1000
YourMumSaysHi: calls 750
Bazinga23CRF: folds 
*** FLOP *** [Qs 9d 9c]
YourMumSaysHi: checks 
ak10fc: checks 
RasHigher: checks 
*** TURN *** [Qs 9d 9c] [2d]
YourMumSaysHi: bets 1294
ak10fc: calls 1294
RasHigher: folds 
*** RIVER *** [Qs 9d 9c 2d] [4d]
YourMumSaysHi: checks 
ak10fc: bets 3254
YourMumSaysHi: folds 
Uncalled bet (3254) returned to ak10fc
ak10fc collected 6508 from pot
ak10fc: doesn't show hand 
*** SUMMARY ***
Total pot 6508 | Rake 0 
Board [Qs 9d 9c 2d 4d]
Seat 1: totonio185 folded before Flop (didn't bet)
Seat 2: Gabrielfs13 folded before Flop (didn't bet)
Seat 3: kidbassa folded before Flop (didn't bet)
Seat 4: RasHigher (button) folded on the Turn
Seat 5: YourMumSaysHi (small blind) folded on the River
Seat 6: Bazinga23CRF (big blind) folded before Flop
Seat 7: ak10fc collected (6508)



PokerStars Hand #257264747589: Tournament #3914634380, $4.80+$5.00+$1.20 USD Hold'em No Limit - Level XII (250/500) - 2025/08/08 15:54:41 BRT [2025/08/08 14:54:41 ET]
Table '3914634380 57' 7-max Seat #5 is the button
Seat 1: totonio185 (11394 in chips, $5 bounty) 
Seat 2: Gabrielfs13 (8076 in chips, $7.50 bounty) 
Seat 3: kidbassa (7870 in chips, $5 bounty) 
Seat 4: RasHigher (24473 in chips, $10 bounty) 
Seat 5: YourMumSaysHi (4265 in chips, $5 bounty) 
Seat 6: Bazinga23CRF (53056 in chips, $12.50 bounty) 
Seat 7: ak10fc (40417 in chips, $10 bounty) 
totonio185: posts the ante 60
Gabrielfs13: posts the ante 60
kidbassa: posts the ante 60
RasHigher: posts the ante 60
YourMumSaysHi: posts the ante 60
Bazinga23CRF: posts the ante 60
ak10fc: posts the ante 60
Bazinga23CRF: posts small blind 250
ak10fc: posts big blind 500
*** HOLE CARDS ***
Dealt to Gabrielfs13 [9c 4d]
totonio185: folds 
Gabrielfs13: folds 
kidbassa: folds 
RasHigher: folds 
YourMumSaysHi: folds 
Bazinga23CRF: raises 1250 to 1750
ak10fc: raises 2750 to 4500
Bazinga23CRF: folds 
Uncalled bet (2750) returned to ak10fc
ak10fc collected 3920 from pot
ak10fc: doesn't show hand 
*** SUMMARY ***
Total pot 3920 | Rake 0 
Seat 1: totonio185 folded before Flop (didn't bet)
Seat 2: Gabrielfs13 folded before Flop (didn't bet)
Seat 3: kidbassa folded before Flop (didn't bet)
Seat 4: RasHigher folded before Flop (didn't bet)
Seat 5: YourMumSaysHi (button) folded before Flop (didn't bet)
Seat 6: Bazinga23CRF (small blind) folded before Flop
Seat 7: ak10fc (big blind) collected (3920)



PokerStars Hand #257264826339: Tournament #3914634380, $4.80+$5.00+$1.20 USD Hold'em No Limit - Level XIII (300/600) - 2025/08/08 16:02:49 BRT [2025/08/08 15:02:49 ET]
Table '3914634380 57' 7-max Seat #6 is the button
Seat 1: totonio185 (11334 in chips, $5 bounty) 
Seat 2: Gabrielfs13 (8016 in chips, $7.50 bounty) 
Seat 3: kidbassa (7810 in chips, $5 bounty) 
Seat 4: RasHigher (24413 in chips, $10 bounty) 
Seat 5: YourMumSaysHi (4205 in chips, $5 bounty) 
Seat 6: Bazinga23CRF (51246 in chips, $12.50 bounty) 
Seat 7: ak10fc (42527 in chips, $10 bounty) 
totonio185: posts the ante 80
Gabrielfs13: posts the ante 80
kidbassa: posts the ante 80
RasHigher: posts the ante 80
YourMumSaysHi: posts the ante 80
Bazinga23CRF: posts the ante 80
ak10fc: posts the ante 80
ak10fc: posts small blind 300
totonio185: posts big blind 600
*** HOLE CARDS ***
Dealt to Gabrielfs13 [8h Jd]
Gabrielfs13: folds 
kidbassa: folds 
RasHigher: folds 
YourMumSaysHi: raises 3525 to 4125 and is all-in
Bazinga23CRF: calls 4125
ak10fc: folds 
totonio185: folds 
*** FLOP *** [4d 9c 5s]
*** TURN *** [4d 9c 5s] [8d]
*** RIVER *** [4d 9c 5s 8d] [2c]
*** SHOW DOWN ***
YourMumSaysHi: shows [3h 3d] (a pair of Threes)
Bazinga23CRF: shows [Td 5d] (a pair of Fives)
Bazinga23CRF collected 9710 from pot
Bazinga23CRF wins $2.50 for eliminating YourMumSaysHi and their own bounty increases by $2.50 to $15
YourMumSaysHi finished the tournament
*** SUMMARY ***
Total pot 9710 | Rake 0 
Board [4d 9c 5s 8d 2c]
Seat 1: totonio185 (big blind) folded before Flop
Seat 2: Gabrielfs13 folded before Flop (didn't bet)
Seat 3: kidbassa folded before Flop (didn't bet)
Seat 4: RasHigher folded before Flop (didn't bet)
Seat 5: YourMumSaysHi showed [3h 3d] and lost with a pair of Threes
Seat 6: Bazinga23CRF (button) showed [Td 5d] and won (9710) with a pair of Fives
Seat 7: ak10fc (small blind) folded before Flop



PokerStars Hand #257264834296: Tournament #3914634380, $4.80+$5.00+$1.20 USD Hold'em No Limit - Level XIII (300/600) - 2025/08/08 16:03:28 BRT [2025/08/08 15:03:28 ET]
Table '3914634380 57' 7-max Seat #7 is the button
Seat 1: totonio185 (10654 in chips, $5 bounty) 
Seat 2: Gabrielfs13 (7936 in chips, $7.50 bounty) 
Seat 3: kidbassa (7730 in chips, $5 bounty) 
Seat 4: RasHigher (24333 in chips, $10 bounty) 
Seat 6: Bazinga23CRF (56751 in chips, $15 bounty) 
Seat 7: ak10fc (42147 in chips, $10 bounty) 
totonio185: posts the ante 80
Gabrielfs13: posts the ante 80
kidbassa: posts the ante 80
RasHigher: posts the ante 80
Bazinga23CRF: posts the ante 80
ak10fc: posts the ante 80
totonio185: posts small blind 300
Gabrielfs13: posts big blind 600
*** HOLE CARDS ***
Dealt to Gabrielfs13 [Ah 6h]
kidbassa: folds 
RasHigher: folds 
Bazinga23CRF: folds 
ak10fc: folds 
totonio185: raises 1800 to 2400
hellcat.77 is disconnected 
Gabrielfs13: raises 5456 to 7856 and is all-in
totonio185: calls 5456
*** FLOP *** [2s 2c Kc]
*** TURN *** [2s 2c Kc] [3c]
*** RIVER *** [2s 2c Kc 3c] [6c]
*** SHOW DOWN ***
totonio185: shows [Ad Jc] (a flush, King high)
Gabrielfs13: shows [Ah 6h] (two pair, Sixes and Deuces)
totonio185 collected 16192 from pot
totonio185 wins $3.75 for eliminating Gabrielfs13 and their own bounty increases by $3.75 to $8.75
Gabrielfs13 finished the tournament
*** SUMMARY ***
Total pot 16192 | Rake 0 
Board [2s 2c Kc 3c 6c]
Seat 1: totonio185 (small blind) showed [Ad Jc] and won (16192) with a flush, King high
Seat 2: Gabrielfs13 (big blind) showed [Ah 6h] and lost with two pair, Sixes and Deuces
Seat 3: kidbassa folded before Flop (didn't bet)
Seat 4: RasHigher folded before Flop (didn't bet)
Seat 6: Bazinga23CRF folded before Flop (didn't bet)
Seat 7: ak10fc (button) folded before Flop (didn't bet)



