PokerStars Hand #257395479938: Tournament #3918744129, $1.44+$1.50+$0.36 USD Hold'em No Limit - Level XX (1250/2500) - 2025/08/18 18:06:54 BRT [2025/08/18 17:06:54 ET]
Table '3918744129 239' 8-max Seat #5 is the button
Seat 1: keenanS12 (41250 in chips, $1.50 bounty) 
Seat 2: Gabrielfs13 (73484 in chips, $6.74 bounty) 
Seat 3: Saandroalves (223450 in chips, $9.74 bounty) 
Seat 4: 0oooAooo0 (64362 in chips, $2.25 bounty) 
Seat 5: HLIASZ (13024 in chips, $2.25 bounty) 
Seat 6: SergusAA (108985 in chips, $10.30 bounty) 
Seat 7: Nigh7 Wi$h (173450 in chips, $3.75 bounty) 
Seat 8: Dilks741 (42121 in chips, $4.50 bounty) 
keenanS12: posts the ante 325
Gabrielfs13: posts the ante 325
Saandroalves: posts the ante 325
0oooAooo0: posts the ante 325
HLIASZ: posts the ante 325
SergusAA: posts the ante 325
Nigh7 Wi$h: posts the ante 325
Dilks741: posts the ante 325
SergusAA: posts small blind 1250
Nigh7 Wi$h: posts big blind 2500
*** HOLE CARDS ***
Dealt to Gabrielfs13 [Ts Ks]
Dilks741 has timed out
Dilks741: folds 
Dilks741 is sitting out
Dilks741 has returned
keenanS12: raises 2500 to 5000
Gabrielfs13: calls 5000
Saandroalves: folds 
0oooAooo0: folds 
HLIASZ: folds 
SergusAA: folds 
Nigh7 Wi$h: folds 
*** FLOP *** [7h Tc 2s]
keenanS12: checks 
Gabrielfs13: bets 3750
keenanS12: calls 3750
*** TURN *** [7h Tc 2s] [6h]
keenanS12: checks 
Gabrielfs13: bets 8750
keenanS12: folds 
Uncalled bet (8750) returned to Gabrielfs13
Gabrielfs13 collected 23850 from pot
Gabrielfs13: doesn't show hand 
*** SUMMARY ***
Total pot 23850 | Rake 0 
Board [7h Tc 2s 6h]
Seat 1: keenanS12 folded on the Turn
Seat 2: Gabrielfs13 collected (23850)
Seat 3: Saandroalves folded before Flop (didn't bet)
Seat 4: 0oooAooo0 folded before Flop (didn't bet)
Seat 5: HLIASZ (button) folded before Flop (didn't bet)
Seat 6: SergusAA (small blind) folded before Flop
Seat 7: Nigh7 Wi$h (big blind) folded before Flop
Seat 8: Dilks741 folded before Flop (didn't bet)



PokerStars Hand #257395499614: Tournament #3918744129, $1.44+$1.50+$0.36 USD Hold'em No Limit - Level XXI (1500/3000) - 2025/08/18 18:08:12 BRT [2025/08/18 17:08:12 ET]
Table '3918744129 239' 8-max Seat #6 is the button
Seat 1: keenanS12 (32175 in chips, $1.50 bounty) 
Seat 2: Gabrielfs13 (88259 in chips, $6.74 bounty) 
Seat 3: Saandroalves (223125 in chips, $9.74 bounty) 
Seat 4: 0oooAooo0 (64037 in chips, $2.25 bounty) 
Seat 5: HLIASZ (12699 in chips, $2.25 bounty) 
Seat 6: SergusAA (107410 in chips, $10.30 bounty) 
Seat 7: Nigh7 Wi$h (170625 in chips, $3.75 bounty) 
Seat 8: Dilks741 (41796 in chips, $4.50 bounty) 
keenanS12: posts the ante 375
Gabrielfs13: posts the ante 375
Saandroalves: posts the ante 375
0oooAooo0: posts the ante 375
HLIASZ: posts the ante 375
SergusAA: posts the ante 375
Nigh7 Wi$h: posts the ante 375
Dilks741: posts the ante 375
Nigh7 Wi$h: posts small blind 1500
Dilks741: posts big blind 3000
*** HOLE CARDS ***
Dealt to Gabrielfs13 [Ac 6h]
keenanS12: folds 
Gabrielfs13: folds 
Saandroalves: folds 
0oooAooo0: raises 3000 to 6000
HLIASZ: folds 
SergusAA: folds 
Nigh7 Wi$h: folds 
Dilks741: calls 3000
*** FLOP *** [Ts 7s 7c]
Dilks741: checks 
0oooAooo0: bets 6000
Dilks741: folds 
Uncalled bet (6000) returned to 0oooAooo0
0oooAooo0 collected 16500 from pot
0oooAooo0: doesn't show hand 
*** SUMMARY ***
Total pot 16500 | Rake 0 
Board [Ts 7s 7c]
Seat 1: keenanS12 folded before Flop (didn't bet)
Seat 2: Gabrielfs13 folded before Flop (didn't bet)
Seat 3: Saandroalves folded before Flop (didn't bet)
Seat 4: 0oooAooo0 collected (16500)
Seat 5: HLIASZ folded before Flop (didn't bet)
Seat 6: SergusAA (button) folded before Flop (didn't bet)
Seat 7: Nigh7 Wi$h (small blind) folded before Flop
Seat 8: Dilks741 (big blind) folded on the Flop



PokerStars Hand #257395512756: Tournament #3918744129, $1.44+$1.50+$0.36 USD Hold'em No Limit - Level XXI (1500/3000) - 2025/08/18 18:09:05 BRT [2025/08/18 17:09:05 ET]
Table '3918744129 239' 8-max Seat #7 is the button
Seat 1: keenanS12 (31800 in chips, $1.50 bounty) 
Seat 2: Gabrielfs13 (87884 in chips, $6.74 bounty) 
Seat 3: Saandroalves (222750 in chips, $9.74 bounty) 
Seat 4: 0oooAooo0 (74162 in chips, $2.25 bounty) 
Seat 5: HLIASZ (12324 in chips, $2.25 bounty) 
Seat 6: SergusAA (107035 in chips, $10.30 bounty) 
Seat 7: Nigh7 Wi$h (168750 in chips, $3.75 bounty) 
Seat 8: Dilks741 (35421 in chips, $4.50 bounty) 
keenanS12: posts the ante 375
Gabrielfs13: posts the ante 375
Saandroalves: posts the ante 375
0oooAooo0: posts the ante 375
HLIASZ: posts the ante 375
SergusAA: posts the ante 375
Nigh7 Wi$h: posts the ante 375
Dilks741: posts the ante 375
Dilks741: posts small blind 1500
keenanS12: posts big blind 3000
*** HOLE CARDS ***
Dealt to Gabrielfs13 [4h Ks]
Gabrielfs13: folds 
Saandroalves: folds 
0oooAooo0: folds 
HLIASZ: folds 
SergusAA: raises 3600 to 6600
Nigh7 Wi$h: folds 
Dilks741: folds 
keenanS12: folds 
Uncalled bet (3600) returned to SergusAA
SergusAA collected 10500 from pot
SergusAA: doesn't show hand 
*** SUMMARY ***
Total pot 10500 | Rake 0 
Seat 1: keenanS12 (big blind) folded before Flop
Seat 2: Gabrielfs13 folded before Flop (didn't bet)
Seat 3: Saandroalves folded before Flop (didn't bet)
Seat 4: 0oooAooo0 folded before Flop (didn't bet)
Seat 5: HLIASZ folded before Flop (didn't bet)
Seat 6: SergusAA collected (10500)
Seat 7: Nigh7 Wi$h (button) folded before Flop (didn't bet)
Seat 8: Dilks741 (small blind) folded before Flop



PokerStars Hand #257395520331: Tournament #3918744129, $1.44+$1.50+$0.36 USD Hold'em No Limit - Level XXI (1500/3000) - 2025/08/18 18:09:35 BRT [2025/08/18 17:09:35 ET]
Table '3918744129 239' 8-max Seat #8 is the button
Seat 1: keenanS12 (28425 in chips, $1.50 bounty) 
Seat 2: Gabrielfs13 (87509 in chips, $6.74 bounty) 
Seat 3: Saandroalves (222375 in chips, $9.74 bounty) 
Seat 4: 0oooAooo0 (73787 in chips, $2.25 bounty) 
Seat 5: HLIASZ (11949 in chips, $2.25 bounty) 
Seat 6: SergusAA (114160 in chips, $10.30 bounty) 
Seat 7: Nigh7 Wi$h (168375 in chips, $3.75 bounty) 
Seat 8: Dilks741 (33546 in chips, $4.50 bounty) 
keenanS12: posts the ante 375
Gabrielfs13: posts the ante 375
Saandroalves: posts the ante 375
0oooAooo0: posts the ante 375
HLIASZ: posts the ante 375
SergusAA: posts the ante 375
Nigh7 Wi$h: posts the ante 375
Dilks741: posts the ante 375
keenanS12: posts small blind 1500
Gabrielfs13: posts big blind 3000
*** HOLE CARDS ***
Dealt to Gabrielfs13 [6d 6h]
Saandroalves: raises 3000 to 6000
0oooAooo0: calls 6000
HLIASZ: folds 
SergusAA: folds 
Nigh7 Wi$h: folds 
Dilks741: folds 
keenanS12: folds 
Gabrielfs13: raises 81134 to 87134 and is all-in
Saandroalves: folds 
0oooAooo0: calls 67412 and is all-in
Uncalled bet (13722) returned to Gabrielfs13
*** FLOP *** [7h 6s 4s]
*** TURN *** [7h 6s 4s] [8h]
*** RIVER *** [7h 6s 4s 8h] [3c]
*** SHOW DOWN ***
Gabrielfs13: shows [6d 6h] (three of a kind, Sixes)
0oooAooo0: shows [Ac Qd] (high card Ace)
Gabrielfs13 collected 157324 from pot
Gabrielfs13 wins $1.13 for eliminating 0oooAooo0 and their own bounty increases by $1.12 to $7.86
0oooAooo0 finished the tournament in 452nd place and received $3.50.
*** SUMMARY ***
Total pot 157324 | Rake 0 
Board [7h 6s 4s 8h 3c]
Seat 1: keenanS12 (small blind) folded before Flop
Seat 2: Gabrielfs13 (big blind) showed [6d 6h] and won (157324) with three of a kind, Sixes
Seat 3: Saandroalves folded before Flop
Seat 4: 0oooAooo0 showed [Ac Qd] and lost with high card Ace
Seat 5: HLIASZ folded before Flop (didn't bet)
Seat 6: SergusAA folded before Flop (didn't bet)
Seat 7: Nigh7 Wi$h folded before Flop (didn't bet)
Seat 8: Dilks741 (button) folded before Flop (didn't bet)



PokerStars Hand #257395537286: Tournament #3918744129, $1.44+$1.50+$0.36 USD Hold'em No Limit - Level XXI (1500/3000) - 2025/08/18 18:10:44 BRT [2025/08/18 17:10:44 ET]
Table '3918744129 239' 8-max Seat #1 is the button
Seat 1: keenanS12 (26550 in chips, $1.50 bounty) 
Seat 2: Gabrielfs13 (171046 in chips, $7.86 bounty) 
Seat 3: Saandroalves (216000 in chips, $9.74 bounty) 
Seat 5: HLIASZ (11574 in chips, $2.25 bounty) 
Seat 6: SergusAA (113785 in chips, $10.30 bounty) 
Seat 7: Nigh7 Wi$h (168000 in chips, $3.75 bounty) 
Seat 8: Dilks741 (33171 in chips, $4.50 bounty) 
keenanS12: posts the ante 375
Gabrielfs13: posts the ante 375
Saandroalves: posts the ante 375
HLIASZ: posts the ante 375
SergusAA: posts the ante 375
Nigh7 Wi$h: posts the ante 375
Dilks741: posts the ante 375
Gabrielfs13: posts small blind 1500
Saandroalves: posts big blind 3000
*** HOLE CARDS ***
Dealt to Gabrielfs13 [6h 3d]
HLIASZ: folds 
SergusAA: raises 3600 to 6600
WillMalvadao is disconnected 
Nigh7 Wi$h: raises 3600 to 10200
Dilks741: folds 
keenanS12: raises 15975 to 26175 and is all-in
Gabrielfs13: folds 
Saandroalves: folds 
SergusAA: folds 
Nigh7 Wi$h: calls 15975
*** FLOP *** [Ad 8s Kd]
*** TURN *** [Ad 8s Kd] [9d]
*** RIVER *** [Ad 8s Kd 9d] [7h]
*** SHOW DOWN ***
Nigh7 Wi$h: shows [As Js] (a pair of Aces)
keenanS12: shows [Qc Ks] (a pair of Kings)
Nigh7 Wi$h collected 66075 from pot
Nigh7 Wi$h wins $0.75 for eliminating keenanS12 and their own bounty increases by $0.75 to $4.50
keenanS12 finished the tournament in 442nd place and received $3.50.
*** SUMMARY ***
Total pot 66075 | Rake 0 
Board [Ad 8s Kd 9d 7h]
Seat 1: keenanS12 (button) showed [Qc Ks] and lost with a pair of Kings
Seat 2: Gabrielfs13 (small blind) folded before Flop
Seat 3: Saandroalves (big blind) folded before Flop
Seat 5: HLIASZ folded before Flop (didn't bet)
Seat 6: SergusAA folded before Flop
Seat 7: Nigh7 Wi$h showed [As Js] and won (66075) with a pair of Aces
Seat 8: Dilks741 folded before Flop (didn't bet)



PokerStars Hand #257395553777: Tournament #3918744129, $1.44+$1.50+$0.36 USD Hold'em No Limit - Level XXI (1500/3000) - 2025/08/18 18:11:50 BRT [2025/08/18 17:11:50 ET]
Table '3918744129 239' 8-max Seat #2 is the button
Seat 2: Gabrielfs13 (169171 in chips, $7.86 bounty) 
Seat 3: Saandroalves (212625 in chips, $9.74 bounty) 
Seat 4: WillMalvadao (107724 in chips, $5.99 bounty) 
Seat 5: HLIASZ (11199 in chips, $2.25 bounty) 
Seat 6: SergusAA (106810 in chips, $10.30 bounty) 
Seat 7: Nigh7 Wi$h (207525 in chips, $4.50 bounty) 
Seat 8: Dilks741 (32796 in chips, $4.50 bounty) 
Gabrielfs13: posts the ante 375
Saandroalves: posts the ante 375
WillMalvadao: posts the ante 375
HLIASZ: posts the ante 375
SergusAA: posts the ante 375
Nigh7 Wi$h: posts the ante 375
Dilks741: posts the ante 375
Saandroalves: posts small blind 1500
WillMalvadao: posts big blind 3000
*** HOLE CARDS ***
Dealt to Gabrielfs13 [2s 3c]
Bluf_To_Much is disconnected 
HLIASZ: folds 
SergusAA: folds 
Nigh7 Wi$h: raises 3000 to 6000
Dilks741: raises 26421 to 32421 and is all-in
Gabrielfs13: folds 
Saandroalves: folds 
WillMalvadao: folds 
Nigh7 Wi$h: calls 26421
*** FLOP *** [Jd 2c Jh]
*** TURN *** [Jd 2c Jh] [Qs]
*** RIVER *** [Jd 2c Jh Qs] [9c]
*** SHOW DOWN ***
Nigh7 Wi$h: shows [Ad 8c] (a pair of Jacks)
Dilks741: shows [Tc Kc] (a straight, Nine to King)
Dilks741 collected 71967 from pot
*** SUMMARY ***
Total pot 71967 | Rake 0 
Board [Jd 2c Jh Qs 9c]
Seat 2: Gabrielfs13 (button) folded before Flop (didn't bet)
Seat 3: Saandroalves (small blind) folded before Flop
Seat 4: WillMalvadao (big blind) folded before Flop
Seat 5: HLIASZ folded before Flop (didn't bet)
Seat 6: SergusAA folded before Flop (didn't bet)
Seat 7: Nigh7 Wi$h showed [Ad 8c] and lost with a pair of Jacks
Seat 8: Dilks741 showed [Tc Kc] and won (71967) with a straight, Nine to King



PokerStars Hand #257395569247: Tournament #3918744129, $1.44+$1.50+$0.36 USD Hold'em No Limit - Level XXI (1500/3000) - 2025/08/18 18:12:52 BRT [2025/08/18 17:12:52 ET]
Table '3918744129 239' 8-max Seat #3 is the button
Seat 1: Bluf_To_Much (82456 in chips, $2.25 bounty) 
Seat 2: Gabrielfs13 (168796 in chips, $7.86 bounty) 
Seat 3: Saandroalves (210750 in chips, $9.74 bounty) 
Seat 4: WillMalvadao (104349 in chips, $5.99 bounty) 
Seat 5: HLIASZ (10824 in chips, $2.25 bounty) 
Seat 6: SergusAA (106435 in chips, $10.30 bounty) 
Seat 7: Nigh7 Wi$h (174729 in chips, $4.50 bounty) 
Seat 8: Dilks741 (71967 in chips, $4.50 bounty) 
Bluf_To_Much: posts the ante 375
Gabrielfs13: posts the ante 375
Saandroalves: posts the ante 375
WillMalvadao: posts the ante 375
HLIASZ: posts the ante 375
SergusAA: posts the ante 375
Nigh7 Wi$h: posts the ante 375
Dilks741: posts the ante 375
WillMalvadao: posts small blind 1500
HLIASZ: posts big blind 3000
*** HOLE CARDS ***
Dealt to Gabrielfs13 [8d Th]
SergusAA: folds 
Nigh7 Wi$h: folds 
Dilks741: folds 
Bluf_To_Much: folds 
Gabrielfs13: raises 3000 to 6000
Saandroalves: folds 
WillMalvadao: folds 
HLIASZ: calls 3000
*** FLOP *** [3h Kh 5h]
HLIASZ: checks 
Gabrielfs13: bets 4500
HLIASZ: folds 
Uncalled bet (4500) returned to Gabrielfs13
Gabrielfs13 collected 16500 from pot
Gabrielfs13: doesn't show hand 
*** SUMMARY ***
Total pot 16500 | Rake 0 
Board [3h Kh 5h]
Seat 1: Bluf_To_Much folded before Flop (didn't bet)
Seat 2: Gabrielfs13 collected (16500)
Seat 3: Saandroalves (button) folded before Flop (didn't bet)
Seat 4: WillMalvadao (small blind) folded before Flop
Seat 5: HLIASZ (big blind) folded on the Flop
Seat 6: SergusAA folded before Flop (didn't bet)
Seat 7: Nigh7 Wi$h folded before Flop (didn't bet)
Seat 8: Dilks741 folded before Flop (didn't bet)



PokerStars Hand #257395583188: Tournament #3918744129, $1.44+$1.50+$0.36 USD Hold'em No Limit - Level XXI (1500/3000) - 2025/08/18 18:13:49 BRT [2025/08/18 17:13:49 ET]
Table '3918744129 239' 8-max Seat #4 is the button
Seat 1: Bluf_To_Much (82081 in chips, $2.25 bounty) 
Seat 2: Gabrielfs13 (178921 in chips, $7.86 bounty) 
Seat 3: Saandroalves (210375 in chips, $9.74 bounty) 
Seat 4: WillMalvadao (102474 in chips, $5.99 bounty) 
Seat 5: HLIASZ (4449 in chips, $2.25 bounty) 
Seat 6: SergusAA (106060 in chips, $10.30 bounty) 
Seat 7: Nigh7 Wi$h (174354 in chips, $4.50 bounty) 
Seat 8: Dilks741 (71592 in chips, $4.50 bounty) 
Bluf_To_Much: posts the ante 375
Gabrielfs13: posts the ante 375
Saandroalves: posts the ante 375
WillMalvadao: posts the ante 375
HLIASZ: posts the ante 375
SergusAA: posts the ante 375
Nigh7 Wi$h: posts the ante 375
Dilks741: posts the ante 375
HLIASZ: posts small blind 1500
SergusAA: posts big blind 3000
*** HOLE CARDS ***
Dealt to Gabrielfs13 [5h 9h]
Nigh7 Wi$h: folds 
Dilks741: folds 
Bluf_To_Much: folds 
Gabrielfs13: raises 3000 to 6000
Saandroalves: folds 
WillMalvadao: folds 
HLIASZ: calls 2574 and is all-in
SergusAA: calls 3000
*** FLOP *** [7s Qd Qs]
SergusAA: checks 
Gabrielfs13: checks 
*** TURN *** [7s Qd Qs] [Qh]
SergusAA: checks 
Gabrielfs13: checks 
*** RIVER *** [7s Qd Qs Qh] [6h]
SergusAA: checks 
Gabrielfs13: checks 
*** SHOW DOWN ***
SergusAA: shows [Jd Tc] (three of a kind, Queens)
Gabrielfs13: mucks hand 
SergusAA collected 3852 from side pot
HLIASZ: shows [Th Kd] (three of a kind, Queens - King kicker)
HLIASZ collected 15222 from main pot
*** SUMMARY ***
Total pot 19074 Main pot 15222. Side pot 3852. | Rake 0 
Board [7s Qd Qs Qh 6h]
Seat 1: Bluf_To_Much folded before Flop (didn't bet)
Seat 2: Gabrielfs13 mucked [5h 9h]
Seat 3: Saandroalves folded before Flop (didn't bet)
Seat 4: WillMalvadao (button) folded before Flop (didn't bet)
Seat 5: HLIASZ (small blind) showed [Th Kd] and won (15222) with three of a kind, Queens
Seat 6: SergusAA (big blind) showed [Jd Tc] and won (3852) with three of a kind, Queens
Seat 7: Nigh7 Wi$h folded before Flop (didn't bet)
Seat 8: Dilks741 folded before Flop (didn't bet)



PokerStars Hand #257395599580: Tournament #3918744129, $1.44+$1.50+$0.36 USD Hold'em No Limit - Level XXI (1500/3000) - 2025/08/18 18:14:55 BRT [2025/08/18 17:14:55 ET]
Table '3918744129 239' 8-max Seat #5 is the button
Seat 1: Bluf_To_Much (81706 in chips, $2.25 bounty) 
Seat 2: Gabrielfs13 (172546 in chips, $7.86 bounty) 
Seat 3: Saandroalves (210000 in chips, $9.74 bounty) 
Seat 4: WillMalvadao (102099 in chips, $5.99 bounty) 
Seat 5: HLIASZ (15222 in chips, $2.25 bounty) 
Seat 6: SergusAA (103537 in chips, $10.30 bounty) 
Seat 7: Nigh7 Wi$h (173979 in chips, $4.50 bounty) 
Seat 8: Dilks741 (71217 in chips, $4.50 bounty) 
Bluf_To_Much: posts the ante 375
Gabrielfs13: posts the ante 375
Saandroalves: posts the ante 375
WillMalvadao: posts the ante 375
HLIASZ: posts the ante 375
SergusAA: posts the ante 375
Nigh7 Wi$h: posts the ante 375
Dilks741: posts the ante 375
SergusAA: posts small blind 1500
Nigh7 Wi$h: posts big blind 3000
*** HOLE CARDS ***
Dealt to Gabrielfs13 [6h 5h]
Dilks741: folds 
Bluf_To_Much: folds 
Gabrielfs13: raises 3000 to 6000
Saandroalves: raises 12000 to 18000
WillMalvadao: folds 
HLIASZ: folds 
SergusAA: folds 
Nigh7 Wi$h: folds 
Gabrielfs13: calls 12000
*** FLOP *** [2s 4h 8c]
Gabrielfs13: checks 
Saandroalves: bets 21900
Gabrielfs13: raises 32100 to 54000
Saandroalves: folds 
Uncalled bet (32100) returned to Gabrielfs13
Gabrielfs13 collected 87300 from pot
Gabrielfs13: doesn't show hand 
*** SUMMARY ***
Total pot 87300 | Rake 0 
Board [2s 4h 8c]
Seat 1: Bluf_To_Much folded before Flop (didn't bet)
Seat 2: Gabrielfs13 collected (87300)
Seat 3: Saandroalves folded on the Flop
Seat 4: WillMalvadao folded before Flop (didn't bet)
Seat 5: HLIASZ (button) folded before Flop (didn't bet)
Seat 6: SergusAA (small blind) folded before Flop
Seat 7: Nigh7 Wi$h (big blind) folded before Flop
Seat 8: Dilks741 folded before Flop (didn't bet)



PokerStars Hand #257395622009: Tournament #3918744129, $1.44+$1.50+$0.36 USD Hold'em No Limit - Level XXII (1750/3500) - 2025/08/18 18:16:27 BRT [2025/08/18 17:16:27 ET]
Table '3918744129 239' 8-max Seat #6 is the button
Seat 1: Bluf_To_Much (81331 in chips, $2.25 bounty) 
Seat 2: Gabrielfs13 (219571 in chips, $7.86 bounty) 
Seat 3: Saandroalves (169725 in chips, $9.74 bounty) 
Seat 4: WillMalvadao (101724 in chips, $5.99 bounty) 
Seat 5: HLIASZ (14847 in chips, $2.25 bounty) 
Seat 6: SergusAA (101662 in chips, $10.30 bounty) 
Seat 7: Nigh7 Wi$h (170604 in chips, $4.50 bounty) 
Seat 8: Dilks741 (70842 in chips, $4.50 bounty) 
Bluf_To_Much: posts the ante 450
Gabrielfs13: posts the ante 450
Saandroalves: posts the ante 450
WillMalvadao: posts the ante 450
HLIASZ: posts the ante 450
SergusAA: posts the ante 450
Nigh7 Wi$h: posts the ante 450
Dilks741: posts the ante 450
Nigh7 Wi$h: posts small blind 1750
Dilks741: posts big blind 3500
*** HOLE CARDS ***
Dealt to Gabrielfs13 [Tc Kc]
Bluf_To_Much: folds 
Gabrielfs13: raises 3500 to 7000
Saandroalves: folds 
WillMalvadao: folds 
HLIASZ: folds 
SergusAA: folds 
Nigh7 Wi$h: folds 
Dilks741: folds 
Uncalled bet (3500) returned to Gabrielfs13
Gabrielfs13 collected 12350 from pot
Gabrielfs13: doesn't show hand 
*** SUMMARY ***
Total pot 12350 | Rake 0 
Seat 1: Bluf_To_Much folded before Flop (didn't bet)
Seat 2: Gabrielfs13 collected (12350)
Seat 3: Saandroalves folded before Flop (didn't bet)
Seat 4: WillMalvadao folded before Flop (didn't bet)
Seat 5: HLIASZ folded before Flop (didn't bet)
Seat 6: SergusAA (button) folded before Flop (didn't bet)
Seat 7: Nigh7 Wi$h (small blind) folded before Flop
Seat 8: Dilks741 (big blind) folded before Flop



PokerStars Hand #257395629071: Tournament #3918744129, $1.44+$1.50+$0.36 USD Hold'em No Limit - Level XXII (1750/3500) - 2025/08/18 18:16:55 BRT [2025/08/18 17:16:55 ET]
Table '3918744129 239' 8-max Seat #7 is the button
Seat 1: Bluf_To_Much (80881 in chips, $2.25 bounty) 
Seat 2: Gabrielfs13 (227971 in chips, $7.86 bounty) 
Seat 3: Saandroalves (169275 in chips, $9.74 bounty) 
Seat 4: WillMalvadao (101274 in chips, $5.99 bounty) 
Seat 5: HLIASZ (14397 in chips, $2.25 bounty) 
Seat 6: SergusAA (101212 in chips, $10.30 bounty) 
Seat 7: Nigh7 Wi$h (168404 in chips, $4.50 bounty) 
Seat 8: Dilks741 (66892 in chips, $4.50 bounty) 
Bluf_To_Much: posts the ante 450
Gabrielfs13: posts the ante 450
Saandroalves: posts the ante 450
WillMalvadao: posts the ante 450
HLIASZ: posts the ante 450
SergusAA: posts the ante 450
Nigh7 Wi$h: posts the ante 450
Dilks741: posts the ante 450
Dilks741: posts small blind 1750
Bluf_To_Much: posts big blind 3500
*** HOLE CARDS ***
Dealt to Gabrielfs13 [2h 3d]
Gabrielfs13: folds 
Saandroalves: folds 
WillMalvadao: folds 
HLIASZ: raises 9590 to 13090
SergusAA: raises 87672 to 100762 and is all-in
Nigh7 Wi$h: folds 
Dilks741: folds 
Bluf_To_Much: folds 
HLIASZ: calls 857 and is all-in
Uncalled bet (86815) returned to SergusAA
*** FLOP *** [Td 7d Kh]
*** TURN *** [Td 7d Kh] [3s]
*** RIVER *** [Td 7d Kh 3s] [Qc]
*** SHOW DOWN ***
HLIASZ: shows [9d As] (high card Ace)
SergusAA: shows [Ah Jc] (a straight, Ten to Ace)
SergusAA collected 36744 from pot
SergusAA wins $1.13 for eliminating HLIASZ and their own bounty increases by $1.12 to $11.42
HLIASZ finished the tournament in 372nd place and received $3.50.
*** SUMMARY ***
Total pot 36744 | Rake 0 
Board [Td 7d Kh 3s Qc]
Seat 1: Bluf_To_Much (big blind) folded before Flop
Seat 2: Gabrielfs13 folded before Flop (didn't bet)
Seat 3: Saandroalves folded before Flop (didn't bet)
Seat 4: WillMalvadao folded before Flop (didn't bet)
Seat 5: HLIASZ showed [9d As] and lost with high card Ace
Seat 6: SergusAA showed [Ah Jc] and won (36744) with a straight, Ten to Ace
Seat 7: Nigh7 Wi$h (button) folded before Flop (didn't bet)
Seat 8: Dilks741 (small blind) folded before Flop



PokerStars Hand #257395642090: Tournament #3918744129, $1.44+$1.50+$0.36 USD Hold'em No Limit - Level XXII (1750/3500) - 2025/08/18 18:17:49 BRT [2025/08/18 17:17:49 ET]
Table '3918744129 239' 8-max Seat #8 is the button
Seat 1: Bluf_To_Much (76931 in chips, $2.25 bounty) 
Seat 2: Gabrielfs13 (227521 in chips, $7.86 bounty) 
Seat 3: Saandroalves (168825 in chips, $9.74 bounty) 
Seat 4: WillMalvadao (100824 in chips, $5.99 bounty) 
Seat 6: SergusAA (123559 in chips, $11.42 bounty) 
Seat 7: Nigh7 Wi$h (167954 in chips, $4.50 bounty) 
Seat 8: Dilks741 (64692 in chips, $4.50 bounty) 
Bluf_To_Much: posts the ante 450
Gabrielfs13: posts the ante 450
Saandroalves: posts the ante 450
WillMalvadao: posts the ante 450
SergusAA: posts the ante 450
Nigh7 Wi$h: posts the ante 450
Dilks741: posts the ante 450
Bluf_To_Much: posts small blind 1750
Gabrielfs13: posts big blind 3500
*** HOLE CARDS ***
Dealt to Gabrielfs13 [4h 8s]
Saandroalves: raises 3500 to 7000
WillMalvadao: folds 
SergusAA: folds 
Nigh7 Wi$h: folds 
Dilks741: folds 
Bluf_To_Much: folds 
Gabrielfs13: folds 
Uncalled bet (3500) returned to Saandroalves
Saandroalves collected 11900 from pot
Saandroalves: doesn't show hand 
*** SUMMARY ***
Total pot 11900 | Rake 0 
Seat 1: Bluf_To_Much (small blind) folded before Flop
Seat 2: Gabrielfs13 (big blind) folded before Flop
Seat 3: Saandroalves collected (11900)
Seat 4: WillMalvadao folded before Flop (didn't bet)
Seat 6: SergusAA folded before Flop (didn't bet)
Seat 7: Nigh7 Wi$h folded before Flop (didn't bet)
Seat 8: Dilks741 (button) folded before Flop (didn't bet)



PokerStars Hand #257395649081: Tournament #3918744129, $1.44+$1.50+$0.36 USD Hold'em No Limit - Level XXII (1750/3500) - 2025/08/18 18:18:18 BRT [2025/08/18 17:18:18 ET]
Table '3918744129 239' 8-max Seat #1 is the button
Seat 1: Bluf_To_Much (74731 in chips, $2.25 bounty) 
Seat 2: Gabrielfs13 (223571 in chips, $7.86 bounty) 
Seat 3: Saandroalves (176775 in chips, $9.74 bounty) 
Seat 4: WillMalvadao (100374 in chips, $5.99 bounty) 
Seat 6: SergusAA (123109 in chips, $11.42 bounty) 
Seat 7: Nigh7 Wi$h (167504 in chips, $4.50 bounty) 
Seat 8: Dilks741 (64242 in chips, $4.50 bounty) 
Bluf_To_Much: posts the ante 450
Gabrielfs13: posts the ante 450
Saandroalves: posts the ante 450
WillMalvadao: posts the ante 450
SergusAA: posts the ante 450
Nigh7 Wi$h: posts the ante 450
Dilks741: posts the ante 450
Gabrielfs13: posts small blind 1750
Saandroalves: posts big blind 3500
*** HOLE CARDS ***
Dealt to Gabrielfs13 [4s 3d]
WillMalvadao: folds 
SergusAA: folds 
Nigh7 Wi$h: folds 
Dilks741: folds 
Bluf_To_Much: folds 
Mateusbvini is disconnected 
Gabrielfs13: raises 7000 to 10500
Saandroalves: calls 7000
*** FLOP *** [5d Th Jd]
Gabrielfs13: checks 
Saandroalves: checks 
*** TURN *** [5d Th Jd] [8h]
Gabrielfs13: bets 14000
Saandroalves: calls 14000
*** RIVER *** [5d Th Jd 8h] [3s]
Gabrielfs13: checks 
Saandroalves: bets 35000
Gabrielfs13: calls 35000
*** SHOW DOWN ***
Saandroalves: shows [7d Ts] (a pair of Tens)
Gabrielfs13: mucks hand 
Saandroalves collected 122150 from pot
*** SUMMARY ***
Total pot 122150 | Rake 0 
Board [5d Th Jd 8h 3s]
Seat 1: Bluf_To_Much (button) folded before Flop (didn't bet)
Seat 2: Gabrielfs13 (small blind) mucked [4s 3d]
Seat 3: Saandroalves (big blind) showed [7d Ts] and won (122150) with a pair of Tens
Seat 4: WillMalvadao folded before Flop (didn't bet)
Seat 6: SergusAA folded before Flop (didn't bet)
Seat 7: Nigh7 Wi$h folded before Flop (didn't bet)
Seat 8: Dilks741 folded before Flop (didn't bet)



PokerStars Hand #257395672289: Tournament #3918744129, $1.44+$1.50+$0.36 USD Hold'em No Limit - Level XXII (1750/3500) - 2025/08/18 18:19:53 BRT [2025/08/18 17:19:53 ET]
Table '3918744129 239' 8-max Seat #2 is the button
Seat 1: Bluf_To_Much (74281 in chips, $2.25 bounty) 
Seat 2: Gabrielfs13 (163621 in chips, $7.86 bounty) 
Seat 3: Saandroalves (238975 in chips, $9.74 bounty) 
Seat 4: WillMalvadao (99924 in chips, $5.99 bounty) 
Seat 5: Mateusbvini (59954 in chips, $4.96 bounty) 
Seat 6: SergusAA (122659 in chips, $11.42 bounty) 
Seat 7: Nigh7 Wi$h (167054 in chips, $4.50 bounty) 
Seat 8: Dilks741 (63792 in chips, $4.50 bounty) 
Bluf_To_Much: posts the ante 450
Gabrielfs13: posts the ante 450
Saandroalves: posts the ante 450
WillMalvadao: posts the ante 450
Mateusbvini: posts the ante 450
SergusAA: posts the ante 450
Nigh7 Wi$h: posts the ante 450
Dilks741: posts the ante 450
Saandroalves: posts small blind 1750
WillMalvadao: posts big blind 3500
*** HOLE CARDS ***
Dealt to Gabrielfs13 [6d 6h]
Mateusbvini: raises 3500 to 7000
SergusAA: folds 
Nigh7 Wi$h: folds 
Dilks741: folds 
Bluf_To_Much: folds 
Gabrielfs13: calls 7000
Saandroalves: folds 
WillMalvadao: raises 92474 to 99474 and is all-in
Mateusbvini: calls 52504 and is all-in
Gabrielfs13: calls 92474
*** FLOP *** [4d Kh 4s]
*** TURN *** [4d Kh 4s] [8s]
*** RIVER *** [4d Kh 4s 8s] [4c]
*** SHOW DOWN ***
WillMalvadao: shows [As Qh] (three of a kind, Fours)
Gabrielfs13: shows [6d 6h] (a full house, Fours full of Sixes)
Gabrielfs13 collected 79940 from side pot
Mateusbvini: shows [Ah Ad] (a full house, Fours full of Aces)
Mateusbvini collected 183862 from main pot
Gabrielfs13 wins $3 for eliminating WillMalvadao and their own bounty increases by $2.99 to $10.85
WillMalvadao finished the tournament in 350th place and received $3.50.
*** SUMMARY ***
Total pot 263802 Main pot 183862. Side pot 79940. | Rake 0 
Board [4d Kh 4s 8s 4c]
Seat 1: Bluf_To_Much folded before Flop (didn't bet)
Seat 2: Gabrielfs13 (button) showed [6d 6h] and won (79940) with a full house, Fours full of Sixes
Seat 3: Saandroalves (small blind) folded before Flop
Seat 4: WillMalvadao (big blind) showed [As Qh] and lost with three of a kind, Fours
Seat 5: Mateusbvini showed [Ah Ad] and won (183862) with a full house, Fours full of Aces
Seat 6: SergusAA folded before Flop (didn't bet)
Seat 7: Nigh7 Wi$h folded before Flop (didn't bet)
Seat 8: Dilks741 folded before Flop (didn't bet)



PokerStars Hand #257395683477: Tournament #3918744129, $1.44+$1.50+$0.36 USD Hold'em No Limit - Level XXII (1750/3500) - 2025/08/18 18:20:39 BRT [2025/08/18 17:20:39 ET]
Table '3918744129 239' 8-max Seat #3 is the button
Seat 1: Bluf_To_Much (73831 in chips, $2.25 bounty) 
Seat 2: Gabrielfs13 (143637 in chips, $10.85 bounty) 
Seat 3: Saandroalves (236775 in chips, $9.74 bounty) 
Seat 5: Mateusbvini (183862 in chips, $4.96 bounty) 
Seat 6: SergusAA (122209 in chips, $11.42 bounty) 
Seat 7: Nigh7 Wi$h (166604 in chips, $4.50 bounty) 
Seat 8: Dilks741 (63342 in chips, $4.50 bounty) 
Bluf_To_Much: posts the ante 450
Gabrielfs13: posts the ante 450
Saandroalves: posts the ante 450
Mateusbvini: posts the ante 450
SergusAA: posts the ante 450
Nigh7 Wi$h: posts the ante 450
Dilks741: posts the ante 450
Mateusbvini: posts small blind 1750
SergusAA: posts big blind 3500
*** HOLE CARDS ***
Dealt to Gabrielfs13 [4d Ts]
Nigh7 Wi$h: folds 
Dilks741: folds 
Bluf_To_Much: folds 
Gabrielfs13: folds 
Saandroalves: raises 3500 to 7000
Mateusbvini: calls 5250
SergusAA: folds 
*** FLOP *** [9h 5h 9c]
Mateusbvini: checks 
juanM@__1717 is disconnected 
Saandroalves: bets 6815
Mateusbvini: calls 6815
*** TURN *** [9h 5h 9c] [Jh]
Mateusbvini: checks 
Saandroalves: bets 14812
Mateusbvini: folds 
Uncalled bet (14812) returned to Saandroalves
Saandroalves collected 34280 from pot
Saandroalves: doesn't show hand 
*** SUMMARY ***
Total pot 34280 | Rake 0 
Board [9h 5h 9c Jh]
Seat 1: Bluf_To_Much folded before Flop (didn't bet)
Seat 2: Gabrielfs13 folded before Flop (didn't bet)
Seat 3: Saandroalves (button) collected (34280)
Seat 5: Mateusbvini (small blind) folded on the Turn
Seat 6: SergusAA (big blind) folded before Flop
Seat 7: Nigh7 Wi$h folded before Flop (didn't bet)
Seat 8: Dilks741 folded before Flop (didn't bet)



PokerStars Hand #257395697297: Tournament #3918744129, $1.44+$1.50+$0.36 USD Hold'em No Limit - Level XXII (1750/3500) - 2025/08/18 18:21:36 BRT [2025/08/18 17:21:36 ET]
Table '3918744129 239' 8-max Seat #5 is the button
Seat 1: Bluf_To_Much (73381 in chips, $2.25 bounty) 
Seat 2: Gabrielfs13 (143187 in chips, $10.85 bounty) 
Seat 3: Saandroalves (256790 in chips, $9.74 bounty) 
Seat 4: juanM@__1717 (439016 in chips, $21.49 bounty) 
Seat 5: Mateusbvini (169597 in chips, $4.96 bounty) 
Seat 6: SergusAA (118259 in chips, $11.42 bounty) 
Seat 7: Nigh7 Wi$h (166154 in chips, $4.50 bounty) 
Seat 8: Dilks741 (62892 in chips, $4.50 bounty) 
Bluf_To_Much: posts the ante 450
Gabrielfs13: posts the ante 450
Saandroalves: posts the ante 450
juanM@__1717: posts the ante 450
Mateusbvini: posts the ante 450
SergusAA: posts the ante 450
Nigh7 Wi$h: posts the ante 450
Dilks741: posts the ante 450
SergusAA: posts small blind 1750
Nigh7 Wi$h: posts big blind 3500
*** HOLE CARDS ***
Dealt to Gabrielfs13 [6h Qs]
Dilks741: folds 
Bluf_To_Much: folds 
Gabrielfs13: folds 
Saandroalves: folds 
juanM@__1717: folds 
Mateusbvini: folds 
SergusAA: folds 
Uncalled bet (1750) returned to Nigh7 Wi$h
Nigh7 Wi$h collected 7100 from pot
*** SUMMARY ***
Total pot 7100 | Rake 0 
Seat 1: Bluf_To_Much folded before Flop (didn't bet)
Seat 2: Gabrielfs13 folded before Flop (didn't bet)
Seat 3: Saandroalves folded before Flop (didn't bet)
Seat 4: juanM@__1717 folded before Flop (didn't bet)
Seat 5: Mateusbvini (button) folded before Flop (didn't bet)
Seat 6: SergusAA (small blind) folded before Flop
Seat 7: Nigh7 Wi$h (big blind) collected (7100)
Seat 8: Dilks741 folded before Flop (didn't bet)



PokerStars Hand #257395702854: Tournament #3918744129, $1.44+$1.50+$0.36 USD Hold'em No Limit - Level XXII (1750/3500) - 2025/08/18 18:21:59 BRT [2025/08/18 17:21:59 ET]
Table '3918744129 239' 8-max Seat #6 is the button
Seat 1: Bluf_To_Much (72931 in chips, $2.25 bounty) 
Seat 2: Gabrielfs13 (142737 in chips, $10.85 bounty) 
Seat 3: Saandroalves (256340 in chips, $9.74 bounty) 
Seat 4: juanM@__1717 (438566 in chips, $21.49 bounty) 
Seat 5: Mateusbvini (169147 in chips, $4.96 bounty) 
Seat 6: SergusAA (116059 in chips, $11.42 bounty) 
Seat 7: Nigh7 Wi$h (171054 in chips, $4.50 bounty) 
Seat 8: Dilks741 (62442 in chips, $4.50 bounty) 
Bluf_To_Much: posts the ante 450
Gabrielfs13: posts the ante 450
Saandroalves: posts the ante 450
juanM@__1717: posts the ante 450
Mateusbvini: posts the ante 450
SergusAA: posts the ante 450
Nigh7 Wi$h: posts the ante 450
Dilks741: posts the ante 450
Nigh7 Wi$h: posts small blind 1750
Dilks741: posts big blind 3500
*** HOLE CARDS ***
Dealt to Gabrielfs13 [2s Qh]
Bluf_To_Much: raises 3500 to 7000
Gabrielfs13: folds 
Saandroalves: folds 
juanM@__1717: folds 
Mateusbvini: folds 
SergusAA: folds 
Nigh7 Wi$h: calls 5250
Dilks741: folds 
*** FLOP *** [5s Ks Jd]
Nigh7 Wi$h: checks 
Bluf_To_Much: bets 5250
Nigh7 Wi$h: calls 5250
*** TURN *** [5s Ks Jd] [Ts]
Nigh7 Wi$h: checks 
Bluf_To_Much: checks 
*** RIVER *** [5s Ks Jd Ts] [3d]
Nigh7 Wi$h: bets 17500
Bluf_To_Much: calls 17500
*** SHOW DOWN ***
Nigh7 Wi$h: shows [8c Ad] (high card Ace)
Bluf_To_Much: shows [Jc Js] (three of a kind, Jacks)
Bluf_To_Much collected 66600 from pot
*** SUMMARY ***
Total pot 66600 | Rake 0 
Board [5s Ks Jd Ts 3d]
Seat 1: Bluf_To_Much showed [Jc Js] and won (66600) with three of a kind, Jacks
Seat 2: Gabrielfs13 folded before Flop (didn't bet)
Seat 3: Saandroalves folded before Flop (didn't bet)
Seat 4: juanM@__1717 folded before Flop (didn't bet)
Seat 5: Mateusbvini folded before Flop (didn't bet)
Seat 6: SergusAA (button) folded before Flop (didn't bet)
Seat 7: Nigh7 Wi$h (small blind) showed [8c Ad] and lost with high card Ace
Seat 8: Dilks741 (big blind) folded before Flop



PokerStars Hand #257395729209: Tournament #3918744129, $1.44+$1.50+$0.36 USD Hold'em No Limit - Level XXIII (2000/4000) - 2025/08/18 18:23:48 BRT [2025/08/18 17:23:48 ET]
Table '3918744129 239' 8-max Seat #7 is the button
Seat 1: Bluf_To_Much (109331 in chips, $2.25 bounty) 
Seat 2: Gabrielfs13 (142287 in chips, $10.85 bounty) 
Seat 3: Saandroalves (255890 in chips, $9.74 bounty) 
Seat 4: juanM@__1717 (438116 in chips, $21.49 bounty) 
Seat 5: Mateusbvini (168697 in chips, $4.96 bounty) 
Seat 6: SergusAA (115609 in chips, $11.42 bounty) 
Seat 7: Nigh7 Wi$h (140854 in chips, $4.50 bounty) 
Seat 8: Dilks741 (58492 in chips, $4.50 bounty) 
Bluf_To_Much: posts the ante 500
Gabrielfs13: posts the ante 500
Saandroalves: posts the ante 500
juanM@__1717: posts the ante 500
Mateusbvini: posts the ante 500
SergusAA: posts the ante 500
Nigh7 Wi$h: posts the ante 500
Dilks741: posts the ante 500
Dilks741: posts small blind 2000
Bluf_To_Much: posts big blind 4000
*** HOLE CARDS ***
Dealt to Gabrielfs13 [6d 8h]
Gabrielfs13 has timed out
Gabrielfs13: folds 
Gabrielfs13 is sitting out
Saandroalves: folds 
Gabrielfs13 has returned
juanM@__1717: raises 4000 to 8000
Mateusbvini: folds 
SergusAA: folds 
Nigh7 Wi$h: folds 
Dilks741: raises 49992 to 57992 and is all-in
Bluf_To_Much: folds 
juanM@__1717: folds 
Uncalled bet (49992) returned to Dilks741
Dilks741 collected 24000 from pot
Dilks741: doesn't show hand 
*** SUMMARY ***
Total pot 24000 | Rake 0 
Seat 1: Bluf_To_Much (big blind) folded before Flop
Seat 2: Gabrielfs13 folded before Flop (didn't bet)
Seat 3: Saandroalves folded before Flop (didn't bet)
Seat 4: juanM@__1717 folded before Flop
Seat 5: Mateusbvini folded before Flop (didn't bet)
Seat 6: SergusAA folded before Flop (didn't bet)
Seat 7: Nigh7 Wi$h (button) folded before Flop (didn't bet)
Seat 8: Dilks741 (small blind) collected (24000)



PokerStars Hand #257395742635: Tournament #3918744129, $1.44+$1.50+$0.36 USD Hold'em No Limit - Level XXIII (2000/4000) - 2025/08/18 18:24:44 BRT [2025/08/18 17:24:44 ET]
Table '3918744129 239' 8-max Seat #8 is the button
Seat 1: Bluf_To_Much (104831 in chips, $2.25 bounty) 
Seat 2: Gabrielfs13 (141787 in chips, $10.85 bounty) 
Seat 3: Saandroalves (255390 in chips, $9.74 bounty) 
Seat 4: juanM@__1717 (429616 in chips, $21.49 bounty) 
Seat 5: Mateusbvini (168197 in chips, $4.96 bounty) 
Seat 6: SergusAA (115109 in chips, $11.42 bounty) 
Seat 7: Nigh7 Wi$h (140354 in chips, $4.50 bounty) 
Seat 8: Dilks741 (73992 in chips, $4.50 bounty) 
Bluf_To_Much: posts the ante 500
Gabrielfs13: posts the ante 500
Saandroalves: posts the ante 500
juanM@__1717: posts the ante 500
Mateusbvini: posts the ante 500
SergusAA: posts the ante 500
Nigh7 Wi$h: posts the ante 500
Dilks741: posts the ante 500
Bluf_To_Much: posts small blind 2000
Gabrielfs13: posts big blind 4000
*** HOLE CARDS ***
Dealt to Gabrielfs13 [Qd 7s]
Saandroalves: folds 
juanM@__1717: raises 4000 to 8000
Mateusbvini: folds 
SergusAA: folds 
Nigh7 Wi$h: calls 8000
Dilks741: folds 
Bluf_To_Much: folds 
Gabrielfs13: folds 
*** FLOP *** [3s Qc Td]
juanM@__1717: checks 
Nigh7 Wi$h: bets 12000
juanM@__1717: folds 
Uncalled bet (12000) returned to Nigh7 Wi$h
Nigh7 Wi$h collected 26000 from pot
*** SUMMARY ***
Total pot 26000 | Rake 0 
Board [3s Qc Td]
Seat 1: Bluf_To_Much (small blind) folded before Flop
Seat 2: Gabrielfs13 (big blind) folded before Flop
Seat 3: Saandroalves folded before Flop (didn't bet)
Seat 4: juanM@__1717 folded on the Flop
Seat 5: Mateusbvini folded before Flop (didn't bet)
Seat 6: SergusAA folded before Flop (didn't bet)
Seat 7: Nigh7 Wi$h collected (26000)
Seat 8: Dilks741 (button) folded before Flop (didn't bet)



PokerStars Hand #257395750607: Tournament #3918744129, $1.44+$1.50+$0.36 USD Hold'em No Limit - Level XXIII (2000/4000) - 2025/08/18 18:25:17 BRT [2025/08/18 17:25:17 ET]
Table '3918744129 239' 8-max Seat #1 is the button
Seat 1: Bluf_To_Much (102331 in chips, $2.25 bounty) 
Seat 2: Gabrielfs13 (137287 in chips, $10.85 bounty) 
Seat 3: Saandroalves (254890 in chips, $9.74 bounty) 
Seat 4: juanM@__1717 (421116 in chips, $21.49 bounty) 
Seat 5: Mateusbvini (167697 in chips, $4.96 bounty) 
Seat 6: SergusAA (114609 in chips, $11.42 bounty) 
Seat 7: Nigh7 Wi$h (157854 in chips, $4.50 bounty) 
Seat 8: Dilks741 (73492 in chips, $4.50 bounty) 
Bluf_To_Much: posts the ante 500
Gabrielfs13: posts the ante 500
Saandroalves: posts the ante 500
juanM@__1717: posts the ante 500
Mateusbvini: posts the ante 500
SergusAA: posts the ante 500
Nigh7 Wi$h: posts the ante 500
Dilks741: posts the ante 500
Gabrielfs13: posts small blind 2000
Saandroalves: posts big blind 4000
*** HOLE CARDS ***
Dealt to Gabrielfs13 [Th Kc]
juanM@__1717: folds 
Mateusbvini: folds 
SergusAA: folds 
Nigh7 Wi$h: raises 8000 to 12000
Dilks741: folds 
Bluf_To_Much: calls 12000
Gabrielfs13: folds 
Saandroalves: folds 
*** FLOP *** [Td 8d 9s]
Nigh7 Wi$h: bets 16000
Bluf_To_Much: folds 
Uncalled bet (16000) returned to Nigh7 Wi$h
Nigh7 Wi$h collected 34000 from pot
*** SUMMARY ***
Total pot 34000 | Rake 0 
Board [Td 8d 9s]
Seat 1: Bluf_To_Much (button) folded on the Flop
Seat 2: Gabrielfs13 (small blind) folded before Flop
Seat 3: Saandroalves (big blind) folded before Flop
Seat 4: juanM@__1717 folded before Flop (didn't bet)
Seat 5: Mateusbvini folded before Flop (didn't bet)
Seat 6: SergusAA folded before Flop (didn't bet)
Seat 7: Nigh7 Wi$h collected (34000)
Seat 8: Dilks741 folded before Flop (didn't bet)



PokerStars Hand #257395771759: Tournament #3918744129, $1.44+$1.50+$0.36 USD Hold'em No Limit - Level XXIII (2000/4000) - 2025/08/18 18:26:44 BRT [2025/08/18 17:26:44 ET]
Table '3918744129 239' 8-max Seat #2 is the button
Seat 1: Bluf_To_Much (89831 in chips, $2.25 bounty) 
Seat 2: Gabrielfs13 (134787 in chips, $10.85 bounty) 
Seat 3: Saandroalves (250390 in chips, $9.74 bounty) 
Seat 4: juanM@__1717 (420616 in chips, $21.49 bounty) 
Seat 5: Mateusbvini (167197 in chips, $4.96 bounty) 
Seat 6: SergusAA (114109 in chips, $11.42 bounty) 
Seat 7: Nigh7 Wi$h (179354 in chips, $4.50 bounty) 
Seat 8: Dilks741 (72992 in chips, $4.50 bounty) 
Bluf_To_Much: posts the ante 500
Gabrielfs13: posts the ante 500
Saandroalves: posts the ante 500
juanM@__1717: posts the ante 500
Mateusbvini: posts the ante 500
SergusAA: posts the ante 500
Nigh7 Wi$h: posts the ante 500
Dilks741: posts the ante 500
Saandroalves: posts small blind 2000
juanM@__1717: posts big blind 4000
*** HOLE CARDS ***
Dealt to Gabrielfs13 [7s Qd]
Mateusbvini: folds 
SergusAA: raises 4800 to 8800
Nigh7 Wi$h: calls 8800
Dilks741: folds 
Bluf_To_Much: folds 
Gabrielfs13 has timed out
Gabrielfs13: folds 
Gabrielfs13 is sitting out
Gabrielfs13 has returned
Saandroalves: folds 
juanM@__1717: calls 4800
*** FLOP *** [Qs 3h Td]
juanM@__1717: checks 
SergusAA: bets 10368
Nigh7 Wi$h: calls 10368
juanM@__1717: folds 
*** TURN *** [Qs 3h Td] [Kh]
SergusAA: bets 30000
Nigh7 Wi$h: calls 30000
*** RIVER *** [Qs 3h Td Kh] [Jd]
SergusAA: checks 
Nigh7 Wi$h: checks 
*** SHOW DOWN ***
SergusAA: shows [Th Tc] (three of a kind, Tens)
Nigh7 Wi$h: mucks hand 
SergusAA collected 113136 from pot
*** SUMMARY ***
Total pot 113136 | Rake 0 
Board [Qs 3h Td Kh Jd]
Seat 1: Bluf_To_Much folded before Flop (didn't bet)
Seat 2: Gabrielfs13 (button) folded before Flop (didn't bet)
Seat 3: Saandroalves (small blind) folded before Flop
Seat 4: juanM@__1717 (big blind) folded on the Flop
Seat 5: Mateusbvini folded before Flop (didn't bet)
Seat 6: SergusAA showed [Th Tc] and won (113136) with three of a kind, Tens
Seat 7: Nigh7 Wi$h mucked [Qh Js]
Seat 8: Dilks741 folded before Flop (didn't bet)



PokerStars Hand #257395803592: Tournament #3918744129, $1.44+$1.50+$0.36 USD Hold'em No Limit - Level XXIII (2000/4000) - 2025/08/18 18:28:54 BRT [2025/08/18 17:28:54 ET]
Table '3918744129 239' 8-max Seat #3 is the button
Seat 1: Bluf_To_Much (89331 in chips, $2.25 bounty) 
Seat 2: Gabrielfs13 (134287 in chips, $10.85 bounty) 
Seat 3: Saandroalves (247890 in chips, $9.74 bounty) 
Seat 4: juanM@__1717 (411316 in chips, $21.49 bounty) 
Seat 5: Mateusbvini (166697 in chips, $4.96 bounty) 
Seat 6: SergusAA (177577 in chips, $11.42 bounty) 
Seat 7: Nigh7 Wi$h (129686 in chips, $4.50 bounty) 
Seat 8: Dilks741 (72492 in chips, $4.50 bounty) 
Bluf_To_Much: posts the ante 500
Gabrielfs13: posts the ante 500
Saandroalves: posts the ante 500
juanM@__1717: posts the ante 500
Mateusbvini: posts the ante 500
SergusAA: posts the ante 500
Nigh7 Wi$h: posts the ante 500
Dilks741: posts the ante 500
juanM@__1717: posts small blind 2000
Mateusbvini: posts big blind 4000
*** HOLE CARDS ***
Dealt to Gabrielfs13 [Ah 7h]
SergusAA: folds 
Nigh7 Wi$h: folds 
Dilks741: folds 
Bluf_To_Much: folds 
Gabrielfs13: raises 4000 to 8000
Saandroalves: folds 
juanM@__1717: folds 
Mateusbvini: calls 4000
*** FLOP *** [Qd 6h Ac]
Mateusbvini: checks 
Gabrielfs13: bets 8000
Mateusbvini: calls 8000
*** TURN *** [Qd 6h Ac] [Kh]
Mateusbvini: checks 
Gabrielfs13: bets 19000
Mateusbvini: folds 
Uncalled bet (19000) returned to Gabrielfs13
Gabrielfs13 collected 38000 from pot
Gabrielfs13: doesn't show hand 
*** SUMMARY ***
Total pot 38000 | Rake 0 
Board [Qd 6h Ac Kh]
Seat 1: Bluf_To_Much folded before Flop (didn't bet)
Seat 2: Gabrielfs13 collected (38000)
Seat 3: Saandroalves (button) folded before Flop (didn't bet)
Seat 4: juanM@__1717 (small blind) folded before Flop
Seat 5: Mateusbvini (big blind) folded on the Turn
Seat 6: SergusAA folded before Flop (didn't bet)
Seat 7: Nigh7 Wi$h folded before Flop (didn't bet)
Seat 8: Dilks741 folded before Flop (didn't bet)



PokerStars Hand #257395820586: Tournament #3918744129, $1.44+$1.50+$0.36 USD Hold'em No Limit - Level XXIII (2000/4000) - 2025/08/18 18:30:04 BRT [2025/08/18 17:30:04 ET]
Table '3918744129 239' 8-max Seat #4 is the button
Seat 1: Bluf_To_Much (88831 in chips, $2.25 bounty) 
Seat 2: Gabrielfs13 (155787 in chips, $10.85 bounty) 
Seat 3: Saandroalves (247390 in chips, $9.74 bounty) 
Seat 4: juanM@__1717 (408816 in chips, $21.49 bounty) 
Seat 5: Mateusbvini (150197 in chips, $4.96 bounty) 
Seat 6: SergusAA (177077 in chips, $11.42 bounty) 
Seat 7: Nigh7 Wi$h (129186 in chips, $4.50 bounty) 
Seat 8: Dilks741 (71992 in chips, $4.50 bounty) 
Bluf_To_Much: posts the ante 500
Gabrielfs13: posts the ante 500
Saandroalves: posts the ante 500
juanM@__1717: posts the ante 500
Mateusbvini: posts the ante 500
SergusAA: posts the ante 500
Nigh7 Wi$h: posts the ante 500
Dilks741: posts the ante 500
Mateusbvini: posts small blind 2000
SergusAA: posts big blind 4000
*** HOLE CARDS ***
Dealt to Gabrielfs13 [6h 3d]
Nigh7 Wi$h: folds 
Dilks741: folds 
Bluf_To_Much: folds 
Gabrielfs13: folds 
Saandroalves: folds 
juanM@__1717: folds 
Mateusbvini: raises 10000 to 14000
SergusAA: folds 
Uncalled bet (10000) returned to Mateusbvini
Mateusbvini collected 12000 from pot
*** SUMMARY ***
Total pot 12000 | Rake 0 
Seat 1: Bluf_To_Much folded before Flop (didn't bet)
Seat 2: Gabrielfs13 folded before Flop (didn't bet)
Seat 3: Saandroalves folded before Flop (didn't bet)
Seat 4: juanM@__1717 (button) folded before Flop (didn't bet)
Seat 5: Mateusbvini (small blind) collected (12000)
Seat 6: SergusAA (big blind) folded before Flop
Seat 7: Nigh7 Wi$h folded before Flop (didn't bet)
Seat 8: Dilks741 folded before Flop (didn't bet)



PokerStars Hand #257395830412: Tournament #3918744129, $1.44+$1.50+$0.36 USD Hold'em No Limit - Level XXIII (2000/4000) - 2025/08/18 18:30:45 BRT [2025/08/18 17:30:45 ET]
Table '3918744129 239' 8-max Seat #5 is the button
Seat 1: Bluf_To_Much (88331 in chips, $2.25 bounty) 
Seat 2: Gabrielfs13 (155287 in chips, $10.85 bounty) 
Seat 3: Saandroalves (246890 in chips, $9.74 bounty) 
Seat 4: juanM@__1717 (408316 in chips, $21.49 bounty) 
Seat 5: Mateusbvini (157697 in chips, $4.96 bounty) 
Seat 6: SergusAA (172577 in chips, $11.42 bounty) 
Seat 7: Nigh7 Wi$h (128686 in chips, $4.50 bounty) 
Seat 8: Dilks741 (71492 in chips, $4.50 bounty) 
Bluf_To_Much: posts the ante 500
Gabrielfs13: posts the ante 500
Saandroalves: posts the ante 500
juanM@__1717: posts the ante 500
Mateusbvini: posts the ante 500
SergusAA: posts the ante 500
Nigh7 Wi$h: posts the ante 500
Dilks741: posts the ante 500
SergusAA: posts small blind 2000
Nigh7 Wi$h: posts big blind 4000
*** HOLE CARDS ***
Dealt to Gabrielfs13 [Ah 5c]
Dilks741 has timed out
Dilks741: folds 
Dilks741 is sitting out
Bluf_To_Much: folds 
Gabrielfs13: folds 
Dilks741 has returned
Saandroalves: raises 4000 to 8000
juanM@__1717: folds 
Mateusbvini: folds 
SergusAA: folds 
Nigh7 Wi$h: calls 4000
*** FLOP *** [4h 5h 3s]
Nigh7 Wi$h: checks 
Saandroalves: bets 12800
Nigh7 Wi$h: calls 12800
*** TURN *** [4h 5h 3s] [7s]
Nigh7 Wi$h: checks 
Saandroalves: checks 
*** RIVER *** [4h 5h 3s 7s] [Th]
Nigh7 Wi$h: bets 32000
Saandroalves: folds 
Uncalled bet (32000) returned to Nigh7 Wi$h
Nigh7 Wi$h collected 47600 from pot
*** SUMMARY ***
Total pot 47600 | Rake 0 
Board [4h 5h 3s 7s Th]
Seat 1: Bluf_To_Much folded before Flop (didn't bet)
Seat 2: Gabrielfs13 folded before Flop (didn't bet)
Seat 3: Saandroalves folded on the River
Seat 4: juanM@__1717 folded before Flop (didn't bet)
Seat 5: Mateusbvini (button) folded before Flop (didn't bet)
Seat 6: SergusAA (small blind) folded before Flop
Seat 7: Nigh7 Wi$h (big blind) collected (47600)
Seat 8: Dilks741 folded before Flop (didn't bet)



PokerStars Hand #257395850047: Tournament #3918744129, $1.44+$1.50+$0.36 USD Hold'em No Limit - Level XXIV (2500/5000) - 2025/08/18 18:32:07 BRT [2025/08/18 17:32:07 ET]
Table '3918744129 239' 8-max Seat #6 is the button
Seat 1: Bluf_To_Much (87831 in chips, $2.25 bounty) 
Seat 2: Gabrielfs13 (154787 in chips, $10.85 bounty) 
Seat 3: Saandroalves (225590 in chips, $9.74 bounty) 
Seat 4: juanM@__1717 (407816 in chips, $21.49 bounty) 
Seat 5: Mateusbvini (157197 in chips, $4.96 bounty) 
Seat 6: SergusAA (170077 in chips, $11.42 bounty) 
Seat 7: Nigh7 Wi$h (154986 in chips, $4.50 bounty) 
Seat 8: Dilks741 (70992 in chips, $4.50 bounty) 
Bluf_To_Much: posts the ante 625
Gabrielfs13: posts the ante 625
Saandroalves: posts the ante 625
juanM@__1717: posts the ante 625
Mateusbvini: posts the ante 625
SergusAA: posts the ante 625
Nigh7 Wi$h: posts the ante 625
Dilks741: posts the ante 625
Nigh7 Wi$h: posts small blind 2500
Dilks741: posts big blind 5000
*** HOLE CARDS ***
Dealt to Gabrielfs13 [9c 6d]
Bluf_To_Much: folds 
Gabrielfs13: folds 
Saandroalves: folds 
juanM@__1717: raises 6000 to 11000
Mateusbvini: folds 
SergusAA: folds 
Nigh7 Wi$h: calls 8500
Dilks741: folds 
*** FLOP *** [6s Qh Tc]
Nigh7 Wi$h: checks 
juanM@__1717: checks 
*** TURN *** [6s Qh Tc] [4c]
Nigh7 Wi$h: bets 15000
juanM@__1717: folds 
Uncalled bet (15000) returned to Nigh7 Wi$h
Nigh7 Wi$h collected 32000 from pot
*** SUMMARY ***
Total pot 32000 | Rake 0 
Board [6s Qh Tc 4c]
Seat 1: Bluf_To_Much folded before Flop (didn't bet)
Seat 2: Gabrielfs13 folded before Flop (didn't bet)
Seat 3: Saandroalves folded before Flop (didn't bet)
Seat 4: juanM@__1717 folded on the Turn
Seat 5: Mateusbvini folded before Flop (didn't bet)
Seat 6: SergusAA (button) folded before Flop (didn't bet)
Seat 7: Nigh7 Wi$h (small blind) collected (32000)
Seat 8: Dilks741 (big blind) folded before Flop



PokerStars Hand #257395864800: Tournament #3918744129, $1.44+$1.50+$0.36 USD Hold'em No Limit - Level XXIV (2500/5000) - 2025/08/18 18:33:09 BRT [2025/08/18 17:33:09 ET]
Table '3918744129 239' 8-max Seat #7 is the button
Seat 1: Bluf_To_Much (87206 in chips, $2.25 bounty) 
Seat 2: Gabrielfs13 (154162 in chips, $10.85 bounty) 
Seat 3: Saandroalves (224965 in chips, $9.74 bounty) 
Seat 4: juanM@__1717 (396191 in chips, $21.49 bounty) 
Seat 5: Mateusbvini (156572 in chips, $4.96 bounty) 
Seat 6: SergusAA (169452 in chips, $11.42 bounty) 
Seat 7: Nigh7 Wi$h (175361 in chips, $4.50 bounty) 
Seat 8: Dilks741 (65367 in chips, $4.50 bounty) 
Bluf_To_Much: posts the ante 625
Gabrielfs13: posts the ante 625
Saandroalves: posts the ante 625
juanM@__1717: posts the ante 625
Mateusbvini: posts the ante 625
SergusAA: posts the ante 625
Nigh7 Wi$h: posts the ante 625
Dilks741: posts the ante 625
Dilks741: posts small blind 2500
Bluf_To_Much: posts big blind 5000
*** HOLE CARDS ***
Dealt to Gabrielfs13 [2c Jh]
Gabrielfs13: folds 
Saandroalves: raises 5000 to 10000
juanM@__1717: folds 
Mateusbvini: folds 
SergusAA: folds 
Nigh7 Wi$h: folds 
Dilks741 has timed out
Dilks741: folds 
Dilks741 is sitting out
Dilks741 has returned
Bluf_To_Much: raises 71581 to 81581
Saandroalves: folds 
Uncalled bet (71581) returned to Bluf_To_Much
Bluf_To_Much collected 27500 from pot
*** SUMMARY ***
Total pot 27500 | Rake 0 
Seat 1: Bluf_To_Much (big blind) collected (27500)
Seat 2: Gabrielfs13 folded before Flop (didn't bet)
Seat 3: Saandroalves folded before Flop
Seat 4: juanM@__1717 folded before Flop (didn't bet)
Seat 5: Mateusbvini folded before Flop (didn't bet)
Seat 6: SergusAA folded before Flop (didn't bet)
Seat 7: Nigh7 Wi$h (button) folded before Flop (didn't bet)
Seat 8: Dilks741 (small blind) folded before Flop



PokerStars Hand #257395877196: Tournament #3918744129, $1.44+$1.50+$0.36 USD Hold'em No Limit - Level XXIV (2500/5000) - 2025/08/18 18:34:01 BRT [2025/08/18 17:34:01 ET]
Table '3918744129 239' 8-max Seat #8 is the button
Seat 1: Bluf_To_Much (104081 in chips, $2.25 bounty) 
Seat 2: Gabrielfs13 (153537 in chips, $10.85 bounty) 
Seat 3: Saandroalves (214340 in chips, $9.74 bounty) 
Seat 4: juanM@__1717 (395566 in chips, $21.49 bounty) 
Seat 5: Mateusbvini (155947 in chips, $4.96 bounty) 
Seat 6: SergusAA (168827 in chips, $11.42 bounty) 
Seat 7: Nigh7 Wi$h (174736 in chips, $4.50 bounty) 
Seat 8: Dilks741 (62242 in chips, $4.50 bounty) 
Bluf_To_Much: posts the ante 625
Gabrielfs13: posts the ante 625
Saandroalves: posts the ante 625
juanM@__1717: posts the ante 625
Mateusbvini: posts the ante 625
SergusAA: posts the ante 625
Nigh7 Wi$h: posts the ante 625
Dilks741: posts the ante 625
Bluf_To_Much: posts small blind 2500
Gabrielfs13: posts big blind 5000
*** HOLE CARDS ***
Dealt to Gabrielfs13 [Jh Qc]
Saandroalves: folds 
juanM@__1717: folds 
Mateusbvini: folds 
SergusAA: folds 
Nigh7 Wi$h: folds 
Dilks741: raises 56617 to 61617 and is all-in
Bluf_To_Much: folds 
Gabrielfs13: calls 56617
*** FLOP *** [Kd Jc 4d]
*** TURN *** [Kd Jc 4d] [4c]
*** RIVER *** [Kd Jc 4d 4c] [Ac]
*** SHOW DOWN ***
Gabrielfs13: shows [Jh Qc] (two pair, Jacks and Fours)
Dilks741: shows [As Th] (two pair, Aces and Fours)
Dilks741 collected 130734 from pot
*** SUMMARY ***
Total pot 130734 | Rake 0 
Board [Kd Jc 4d 4c Ac]
Seat 1: Bluf_To_Much (small blind) folded before Flop
Seat 2: Gabrielfs13 (big blind) showed [Jh Qc] and lost with two pair, Jacks and Fours
Seat 3: Saandroalves folded before Flop (didn't bet)
Seat 4: juanM@__1717 folded before Flop (didn't bet)
Seat 5: Mateusbvini folded before Flop (didn't bet)
Seat 6: SergusAA folded before Flop (didn't bet)
Seat 7: Nigh7 Wi$h folded before Flop (didn't bet)
Seat 8: Dilks741 (button) showed [As Th] and won (130734) with two pair, Aces and Fours



PokerStars Hand #257395883926: Tournament #3918744129, $1.44+$1.50+$0.36 USD Hold'em No Limit - Level XXIV (2500/5000) - 2025/08/18 18:34:29 BRT [2025/08/18 17:34:29 ET]
Table '3918744129 239' 8-max Seat #1 is the button
Seat 1: Bluf_To_Much (100956 in chips, $2.25 bounty) 
Seat 2: Gabrielfs13 (91295 in chips, $10.85 bounty) 
Seat 3: Saandroalves (213715 in chips, $9.74 bounty) 
Seat 4: juanM@__1717 (394941 in chips, $21.49 bounty) 
Seat 5: Mateusbvini (155322 in chips, $4.96 bounty) 
Seat 6: SergusAA (168202 in chips, $11.42 bounty) 
Seat 7: Nigh7 Wi$h (174111 in chips, $4.50 bounty) 
Seat 8: Dilks741 (130734 in chips, $4.50 bounty) 
Bluf_To_Much: posts the ante 625
Gabrielfs13: posts the ante 625
Saandroalves: posts the ante 625
juanM@__1717: posts the ante 625
Mateusbvini: posts the ante 625
SergusAA: posts the ante 625
Nigh7 Wi$h: posts the ante 625
Dilks741: posts the ante 625
Gabrielfs13: posts small blind 2500
Saandroalves: posts big blind 5000
*** HOLE CARDS ***
Dealt to Gabrielfs13 [3d Qc]
juanM@__1717: folds 
Mateusbvini: folds 
SergusAA: raises 5000 to 10000
Nigh7 Wi$h: folds 
Dilks741: folds 
Bluf_To_Much: folds 
Gabrielfs13: folds 
Saandroalves: calls 5000
*** FLOP *** [Td 4c Ks]
Saandroalves: checks 
SergusAA: bets 8800
Saandroalves: folds 
Uncalled bet (8800) returned to SergusAA
SergusAA collected 27500 from pot
SergusAA: doesn't show hand 
*** SUMMARY ***
Total pot 27500 | Rake 0 
Board [Td 4c Ks]
Seat 1: Bluf_To_Much (button) folded before Flop (didn't bet)
Seat 2: Gabrielfs13 (small blind) folded before Flop
Seat 3: Saandroalves (big blind) folded on the Flop
Seat 4: juanM@__1717 folded before Flop (didn't bet)
Seat 5: Mateusbvini folded before Flop (didn't bet)
Seat 6: SergusAA collected (27500)
Seat 7: Nigh7 Wi$h folded before Flop (didn't bet)
Seat 8: Dilks741 folded before Flop (didn't bet)



PokerStars Hand #257395895604: Tournament #3918744129, $1.44+$1.50+$0.36 USD Hold'em No Limit - Level XXIV (2500/5000) - 2025/08/18 18:35:18 BRT [2025/08/18 17:35:18 ET]
Table '3918744129 239' 8-max Seat #2 is the button
Seat 1: Bluf_To_Much (100331 in chips, $2.25 bounty) 
Seat 2: Gabrielfs13 (88170 in chips, $10.85 bounty) 
Seat 3: Saandroalves (203090 in chips, $9.74 bounty) 
Seat 4: juanM@__1717 (394316 in chips, $21.49 bounty) 
Seat 5: Mateusbvini (154697 in chips, $4.96 bounty) 
Seat 6: SergusAA (185077 in chips, $11.42 bounty) 
Seat 7: Nigh7 Wi$h (173486 in chips, $4.50 bounty) 
Seat 8: Dilks741 (130109 in chips, $4.50 bounty) 
Bluf_To_Much: posts the ante 625
Gabrielfs13: posts the ante 625
Saandroalves: posts the ante 625
juanM@__1717: posts the ante 625
Mateusbvini: posts the ante 625
SergusAA: posts the ante 625
Nigh7 Wi$h: posts the ante 625
Dilks741: posts the ante 625
Saandroalves: posts small blind 2500
juanM@__1717: posts big blind 5000
*** HOLE CARDS ***
Dealt to Gabrielfs13 [7h 9c]
Mateusbvini: folds 
SergusAA: folds 
Nigh7 Wi$h: folds 
Dilks741: folds 
Bluf_To_Much: folds 
Gabrielfs13: raises 5000 to 10000
Saandroalves: raises 192465 to 202465 and is all-in
juanM@__1717: folds 
Gabrielfs13: folds 
Uncalled bet (192465) returned to Saandroalves
Saandroalves collected 30000 from pot
Saandroalves: doesn't show hand 
*** SUMMARY ***
Total pot 30000 | Rake 0 
Seat 1: Bluf_To_Much folded before Flop (didn't bet)
Seat 2: Gabrielfs13 (button) folded before Flop
Seat 3: Saandroalves (small blind) collected (30000)
Seat 4: juanM@__1717 (big blind) folded before Flop
Seat 5: Mateusbvini folded before Flop (didn't bet)
Seat 6: SergusAA folded before Flop (didn't bet)
Seat 7: Nigh7 Wi$h folded before Flop (didn't bet)
Seat 8: Dilks741 folded before Flop (didn't bet)



PokerStars Hand #257395905277: Tournament #3918744129, $1.44+$1.50+$0.36 USD Hold'em No Limit - Level XXIV (2500/5000) - 2025/08/18 18:35:59 BRT [2025/08/18 17:35:59 ET]
Table '3918744129 239' 8-max Seat #3 is the button
Seat 1: Bluf_To_Much (99706 in chips, $2.25 bounty) 
Seat 2: Gabrielfs13 (77545 in chips, $10.85 bounty) 
Seat 3: Saandroalves (222465 in chips, $9.74 bounty) 
Seat 4: juanM@__1717 (388691 in chips, $21.49 bounty) 
Seat 5: Mateusbvini (154072 in chips, $4.96 bounty) 
Seat 6: SergusAA (184452 in chips, $11.42 bounty) 
Seat 7: Nigh7 Wi$h (172861 in chips, $4.50 bounty) 
Seat 8: Dilks741 (129484 in chips, $4.50 bounty) 
Bluf_To_Much: posts the ante 625
Gabrielfs13: posts the ante 625
Saandroalves: posts the ante 625
juanM@__1717: posts the ante 625
Mateusbvini: posts the ante 625
SergusAA: posts the ante 625
Nigh7 Wi$h: posts the ante 625
Dilks741: posts the ante 625
juanM@__1717: posts small blind 2500
Mateusbvini: posts big blind 5000
*** HOLE CARDS ***
Dealt to Gabrielfs13 [2h 7s]
SergusAA: folds 
Nigh7 Wi$h: folds 
Dilks741: folds 
Bluf_To_Much: folds 
Gabrielfs13: folds 
Saandroalves: folds 
juanM@__1717: raises 10000 to 15000
Mateusbvini: folds 
Uncalled bet (10000) returned to juanM@__1717
juanM@__1717 collected 15000 from pot
juanM@__1717: doesn't show hand 
*** SUMMARY ***
Total pot 15000 | Rake 0 
Seat 1: Bluf_To_Much folded before Flop (didn't bet)
Seat 2: Gabrielfs13 folded before Flop (didn't bet)
Seat 3: Saandroalves (button) folded before Flop (didn't bet)
Seat 4: juanM@__1717 (small blind) collected (15000)
Seat 5: Mateusbvini (big blind) folded before Flop
Seat 6: SergusAA folded before Flop (didn't bet)
Seat 7: Nigh7 Wi$h folded before Flop (didn't bet)
Seat 8: Dilks741 folded before Flop (didn't bet)



PokerStars Hand #257395912366: Tournament #3918744129, $1.44+$1.50+$0.36 USD Hold'em No Limit - Level XXIV (2500/5000) - 2025/08/18 18:36:29 BRT [2025/08/18 17:36:29 ET]
Table '3918744129 239' 8-max Seat #4 is the button
Seat 1: Bluf_To_Much (99081 in chips, $2.25 bounty) 
Seat 2: Gabrielfs13 (76920 in chips, $10.85 bounty) 
Seat 3: Saandroalves (221840 in chips, $9.74 bounty) 
Seat 4: juanM@__1717 (398066 in chips, $21.49 bounty) 
Seat 5: Mateusbvini (148447 in chips, $4.96 bounty) 
Seat 6: SergusAA (183827 in chips, $11.42 bounty) 
Seat 7: Nigh7 Wi$h (172236 in chips, $4.50 bounty) 
Seat 8: Dilks741 (128859 in chips, $4.50 bounty) 
Bluf_To_Much: posts the ante 625
Gabrielfs13: posts the ante 625
Saandroalves: posts the ante 625
juanM@__1717: posts the ante 625
Mateusbvini: posts the ante 625
SergusAA: posts the ante 625
Nigh7 Wi$h: posts the ante 625
Dilks741: posts the ante 625
Mateusbvini: posts small blind 2500
SergusAA: posts big blind 5000
*** HOLE CARDS ***
Dealt to Gabrielfs13 [2c 5c]
Nigh7 Wi$h: folds 
Dilks741: folds 
Bluf_To_Much: folds 
Gabrielfs13: folds 
Saandroalves: folds 
juanM@__1717: raises 5000 to 10000
Mateusbvini: folds 
SergusAA: calls 5000
*** FLOP *** [3h 4h 6h]
SergusAA: checks 
juanM@__1717: bets 9075
SergusAA: folds 
Uncalled bet (9075) returned to juanM@__1717
juanM@__1717 collected 27500 from pot
juanM@__1717: doesn't show hand 
*** SUMMARY ***
Total pot 27500 | Rake 0 
Board [3h 4h 6h]
Seat 1: Bluf_To_Much folded before Flop (didn't bet)
Seat 2: Gabrielfs13 folded before Flop (didn't bet)
Seat 3: Saandroalves folded before Flop (didn't bet)
Seat 4: juanM@__1717 (button) collected (27500)
Seat 5: Mateusbvini (small blind) folded before Flop
Seat 6: SergusAA (big blind) folded on the Flop
Seat 7: Nigh7 Wi$h folded before Flop (didn't bet)
Seat 8: Dilks741 folded before Flop (didn't bet)



PokerStars Hand #257395922758: Tournament #3918744129, $1.44+$1.50+$0.36 USD Hold'em No Limit - Level XXIV (2500/5000) - 2025/08/18 18:37:13 BRT [2025/08/18 17:37:13 ET]
Table '3918744129 239' 8-max Seat #5 is the button
Seat 1: Bluf_To_Much (98456 in chips, $2.25 bounty) 
Seat 2: Gabrielfs13 (76295 in chips, $10.85 bounty) 
Seat 3: Saandroalves (221215 in chips, $9.74 bounty) 
Seat 4: juanM@__1717 (414941 in chips, $21.49 bounty) 
Seat 5: Mateusbvini (145322 in chips, $4.96 bounty) 
Seat 6: SergusAA (173202 in chips, $11.42 bounty) 
Seat 7: Nigh7 Wi$h (171611 in chips, $4.50 bounty) 
Seat 8: Dilks741 (128234 in chips, $4.50 bounty) 
Bluf_To_Much: posts the ante 625
Gabrielfs13: posts the ante 625
Saandroalves: posts the ante 625
juanM@__1717: posts the ante 625
Mateusbvini: posts the ante 625
SergusAA: posts the ante 625
Nigh7 Wi$h: posts the ante 625
Dilks741: posts the ante 625
SergusAA: posts small blind 2500
Nigh7 Wi$h: posts big blind 5000
*** HOLE CARDS ***
Dealt to Gabrielfs13 [7h 2s]
Dilks741: folds 
Bluf_To_Much: folds 
Gabrielfs13: folds 
Saandroalves: folds 
juanM@__1717: raises 5000 to 10000
Mateusbvini: calls 10000
SergusAA: calls 7500
Nigh7 Wi$h: calls 5000
*** FLOP *** [Td 2h 4s]
SergusAA: checks 
Nigh7 Wi$h: checks 
juanM@__1717: checks 
Mateusbvini: bets 14850
SergusAA: folds 
Nigh7 Wi$h: folds 
juanM@__1717: calls 14850
*** TURN *** [Td 2h 4s] [6s]
juanM@__1717: checks 
Mateusbvini: checks 
*** RIVER *** [Td 2h 4s 6s] [Kd]
juanM@__1717: bets 389466 and is all-in
Mateusbvini: folds 
Uncalled bet (389466) returned to juanM@__1717
juanM@__1717 collected 74700 from pot
juanM@__1717: doesn't show hand 
*** SUMMARY ***
Total pot 74700 | Rake 0 
Board [Td 2h 4s 6s Kd]
Seat 1: Bluf_To_Much folded before Flop (didn't bet)
Seat 2: Gabrielfs13 folded before Flop (didn't bet)
Seat 3: Saandroalves folded before Flop (didn't bet)
Seat 4: juanM@__1717 collected (74700)
Seat 5: Mateusbvini (button) folded on the River
Seat 6: SergusAA (small blind) folded on the Flop
Seat 7: Nigh7 Wi$h (big blind) folded on the Flop
Seat 8: Dilks741 folded before Flop (didn't bet)



PokerStars Hand #257395956606: Tournament #3918744129, $1.44+$1.50+$0.36 USD Hold'em No Limit - Level XXV (3000/6000) - 2025/08/18 18:39:35 BRT [2025/08/18 17:39:35 ET]
Table '3918744129 239' 8-max Seat #6 is the button
Seat 1: Bluf_To_Much (97831 in chips, $2.25 bounty) 
Seat 2: Gabrielfs13 (75670 in chips, $10.85 bounty) 
Seat 3: Saandroalves (220590 in chips, $9.74 bounty) 
Seat 4: juanM@__1717 (464166 in chips, $21.49 bounty) 
Seat 5: Mateusbvini (119847 in chips, $4.96 bounty) 
Seat 6: SergusAA (162577 in chips, $11.42 bounty) 
Seat 7: Nigh7 Wi$h (160986 in chips, $4.50 bounty) 
Seat 8: Dilks741 (127609 in chips, $4.50 bounty) 
Bluf_To_Much: posts the ante 750
Gabrielfs13: posts the ante 750
Saandroalves: posts the ante 750
juanM@__1717: posts the ante 750
Mateusbvini: posts the ante 750
SergusAA: posts the ante 750
Nigh7 Wi$h: posts the ante 750
Dilks741: posts the ante 750
Nigh7 Wi$h: posts small blind 3000
Dilks741: posts big blind 6000
*** HOLE CARDS ***
Dealt to Gabrielfs13 [9s 2s]
Bluf_To_Much: folds 
Gabrielfs13: folds 
Saandroalves: folds 
juanM@__1717: raises 6000 to 12000
Mateusbvini: folds 
SergusAA: calls 12000
Nigh7 Wi$h: calls 9000
Dilks741: folds 
*** FLOP *** [6h 7d 3c]
Nigh7 Wi$h: checks 
juanM@__1717: bets 15840
SergusAA: folds 
Nigh7 Wi$h: calls 15840
*** TURN *** [6h 7d 3c] [4h]
Nigh7 Wi$h: checks 
juanM@__1717: checks 
*** RIVER *** [6h 7d 3c 4h] [Kc]
Nigh7 Wi$h: bets 132396 and is all-in
juanM@__1717: folds 
Uncalled bet (132396) returned to Nigh7 Wi$h
Nigh7 Wi$h collected 79680 from pot
*** SUMMARY ***
Total pot 79680 | Rake 0 
Board [6h 7d 3c 4h Kc]
Seat 1: Bluf_To_Much folded before Flop (didn't bet)
Seat 2: Gabrielfs13 folded before Flop (didn't bet)
Seat 3: Saandroalves folded before Flop (didn't bet)
Seat 4: juanM@__1717 folded on the River
Seat 5: Mateusbvini folded before Flop (didn't bet)
Seat 6: SergusAA (button) folded on the Flop
Seat 7: Nigh7 Wi$h (small blind) collected (79680)
Seat 8: Dilks741 (big blind) folded before Flop



PokerStars Hand #257395973546: Tournament #3918744129, $1.44+$1.50+$0.36 USD Hold'em No Limit - Level XXV (3000/6000) - 2025/08/18 18:40:47 BRT [2025/08/18 17:40:47 ET]
Table '3918744129 239' 8-max Seat #7 is the button
Seat 1: Bluf_To_Much (97081 in chips, $2.25 bounty) 
Seat 2: Gabrielfs13 (74920 in chips, $10.85 bounty) 
Seat 3: Saandroalves (219840 in chips, $9.74 bounty) 
Seat 4: juanM@__1717 (435576 in chips, $21.49 bounty) 
Seat 5: Mateusbvini (119097 in chips, $4.96 bounty) 
Seat 6: SergusAA (149827 in chips, $11.42 bounty) 
Seat 7: Nigh7 Wi$h (212076 in chips, $4.50 bounty) 
Seat 8: Dilks741 (120859 in chips, $4.50 bounty) 
Bluf_To_Much: posts the ante 750
Gabrielfs13: posts the ante 750
Saandroalves: posts the ante 750
juanM@__1717: posts the ante 750
Mateusbvini: posts the ante 750
SergusAA: posts the ante 750
Nigh7 Wi$h: posts the ante 750
Dilks741: posts the ante 750
Dilks741: posts small blind 3000
Bluf_To_Much: posts big blind 6000
*** HOLE CARDS ***
Dealt to Gabrielfs13 [Jd 8d]
Gabrielfs13: folds 
Saandroalves: raises 6000 to 12000
juanM@__1717: folds 
Mateusbvini: folds 
SergusAA: folds 
Nigh7 Wi$h: folds 
Dilks741: folds 
Bluf_To_Much: folds 
Uncalled bet (6000) returned to Saandroalves
Saandroalves collected 21000 from pot
Saandroalves: doesn't show hand 
*** SUMMARY ***
Total pot 21000 | Rake 0 
Seat 1: Bluf_To_Much (big blind) folded before Flop
Seat 2: Gabrielfs13 folded before Flop (didn't bet)
Seat 3: Saandroalves collected (21000)
Seat 4: juanM@__1717 folded before Flop (didn't bet)
Seat 5: Mateusbvini folded before Flop (didn't bet)
Seat 6: SergusAA folded before Flop (didn't bet)
Seat 7: Nigh7 Wi$h (button) folded before Flop (didn't bet)
Seat 8: Dilks741 (small blind) folded before Flop



PokerStars Hand #257395977785: Tournament #3918744129, $1.44+$1.50+$0.36 USD Hold'em No Limit - Level XXV (3000/6000) - 2025/08/18 18:41:06 BRT [2025/08/18 17:41:06 ET]
Table '3918744129 239' 8-max Seat #8 is the button
Seat 1: Bluf_To_Much (90331 in chips, $2.25 bounty) 
Seat 2: Gabrielfs13 (74170 in chips, $10.85 bounty) 
Seat 3: Saandroalves (234090 in chips, $9.74 bounty) 
Seat 4: juanM@__1717 (434826 in chips, $21.49 bounty) 
Seat 5: Mateusbvini (118347 in chips, $4.96 bounty) 
Seat 6: SergusAA (149077 in chips, $11.42 bounty) 
Seat 7: Nigh7 Wi$h (211326 in chips, $4.50 bounty) 
Seat 8: Dilks741 (117109 in chips, $4.50 bounty) 
Bluf_To_Much: posts the ante 750
Gabrielfs13: posts the ante 750
Saandroalves: posts the ante 750
juanM@__1717: posts the ante 750
Mateusbvini: posts the ante 750
SergusAA: posts the ante 750
Nigh7 Wi$h: posts the ante 750
Dilks741: posts the ante 750
Bluf_To_Much: posts small blind 3000
Gabrielfs13: posts big blind 6000
*** HOLE CARDS ***
Dealt to Gabrielfs13 [8d 9h]
Saandroalves: folds 
juanM@__1717: folds 
Mateusbvini: folds 
SergusAA: raises 6000 to 12000
Nigh7 Wi$h: folds 
Dilks741: folds 
Bluf_To_Much: folds 
Gabrielfs13: calls 6000
*** FLOP *** [As 3h Kc]
Gabrielfs13: checks 
SergusAA: bets 10560
Gabrielfs13: folds 
Uncalled bet (10560) returned to SergusAA
SergusAA collected 33000 from pot
SergusAA: doesn't show hand 
*** SUMMARY ***
Total pot 33000 | Rake 0 
Board [As 3h Kc]
Seat 1: Bluf_To_Much (small blind) folded before Flop
Seat 2: Gabrielfs13 (big blind) folded on the Flop
Seat 3: Saandroalves folded before Flop (didn't bet)
Seat 4: juanM@__1717 folded before Flop (didn't bet)
Seat 5: Mateusbvini folded before Flop (didn't bet)
Seat 6: SergusAA collected (33000)
Seat 7: Nigh7 Wi$h folded before Flop (didn't bet)
Seat 8: Dilks741 (button) folded before Flop (didn't bet)



PokerStars Hand #257395992161: Tournament #3918744129, $1.44+$1.50+$0.36 USD Hold'em No Limit - Level XXV (3000/6000) - 2025/08/18 18:42:07 BRT [2025/08/18 17:42:07 ET]
Table '3918744129 239' 8-max Seat #1 is the button
Seat 1: Bluf_To_Much (86581 in chips, $2.25 bounty) 
Seat 2: Gabrielfs13 (61420 in chips, $10.85 bounty) 
Seat 3: Saandroalves (233340 in chips, $9.74 bounty) 
Seat 4: juanM@__1717 (434076 in chips, $21.49 bounty) 
Seat 5: Mateusbvini (117597 in chips, $4.96 bounty) 
Seat 6: SergusAA (169327 in chips, $11.42 bounty) 
Seat 7: Nigh7 Wi$h (210576 in chips, $4.50 bounty) 
Seat 8: Dilks741 (116359 in chips, $4.50 bounty) 
Bluf_To_Much: posts the ante 750
Gabrielfs13: posts the ante 750
Saandroalves: posts the ante 750
juanM@__1717: posts the ante 750
Mateusbvini: posts the ante 750
SergusAA: posts the ante 750
Nigh7 Wi$h: posts the ante 750
Dilks741: posts the ante 750
Gabrielfs13: posts small blind 3000
Saandroalves: posts big blind 6000
*** HOLE CARDS ***
Dealt to Gabrielfs13 [3s Kc]
juanM@__1717: folds 
Mateusbvini: folds 
SergusAA: folds 
Nigh7 Wi$h: folds 
Dilks741: raises 6600 to 12600
Bluf_To_Much: folds 
Gabrielfs13: folds 
Saandroalves: folds 
Uncalled bet (6600) returned to Dilks741
Dilks741 collected 21000 from pot
Dilks741: doesn't show hand 
*** SUMMARY ***
Total pot 21000 | Rake 0 
Seat 1: Bluf_To_Much (button) folded before Flop (didn't bet)
Seat 2: Gabrielfs13 (small blind) folded before Flop
Seat 3: Saandroalves (big blind) folded before Flop
Seat 4: juanM@__1717 folded before Flop (didn't bet)
Seat 5: Mateusbvini folded before Flop (didn't bet)
Seat 6: SergusAA folded before Flop (didn't bet)
Seat 7: Nigh7 Wi$h folded before Flop (didn't bet)
Seat 8: Dilks741 collected (21000)



PokerStars Hand #257396001173: Tournament #3918744129, $1.44+$1.50+$0.36 USD Hold'em No Limit - Level XXV (3000/6000) - 2025/08/18 18:42:46 BRT [2025/08/18 17:42:46 ET]
Table '3918744129 239' 8-max Seat #2 is the button
Seat 1: Bluf_To_Much (85831 in chips, $2.25 bounty) 
Seat 2: Gabrielfs13 (57670 in chips, $10.85 bounty) 
Seat 3: Saandroalves (226590 in chips, $9.74 bounty) 
Seat 4: juanM@__1717 (433326 in chips, $21.49 bounty) 
Seat 5: Mateusbvini (116847 in chips, $4.96 bounty) 
Seat 6: SergusAA (168577 in chips, $11.42 bounty) 
Seat 7: Nigh7 Wi$h (209826 in chips, $4.50 bounty) 
Seat 8: Dilks741 (130609 in chips, $4.50 bounty) 
Bluf_To_Much: posts the ante 750
Gabrielfs13: posts the ante 750
Saandroalves: posts the ante 750
juanM@__1717: posts the ante 750
Mateusbvini: posts the ante 750
SergusAA: posts the ante 750
Nigh7 Wi$h: posts the ante 750
Dilks741: posts the ante 750
Saandroalves: posts small blind 3000
juanM@__1717: posts big blind 6000
*** HOLE CARDS ***
Dealt to Gabrielfs13 [5d 4c]
Mateusbvini: folds 
SergusAA: folds 
Nigh7 Wi$h: folds 
Dilks741: folds 
Bluf_To_Much: folds 
Gabrielfs13: folds 
Saandroalves: calls 3000
juanM@__1717: raises 15000 to 21000
Saandroalves: calls 15000
*** FLOP *** [6s Jh 6c]
Saandroalves: checks 
juanM@__1717: bets 18000
Saandroalves: calls 18000
*** TURN *** [6s Jh 6c] [4s]
Saandroalves: checks 
juanM@__1717: checks 
*** RIVER *** [6s Jh 6c 4s] [Ad]
Saandroalves: checks 
juanM@__1717: bets 393576 and is all-in
Saandroalves: folds 
Uncalled bet (393576) returned to juanM@__1717
juanM@__1717 collected 84000 from pot
juanM@__1717: doesn't show hand 
*** SUMMARY ***
Total pot 84000 | Rake 0 
Board [6s Jh 6c 4s Ad]
Seat 1: Bluf_To_Much folded before Flop (didn't bet)
Seat 2: Gabrielfs13 (button) folded before Flop (didn't bet)
Seat 3: Saandroalves (small blind) folded on the River
Seat 4: juanM@__1717 (big blind) collected (84000)
Seat 5: Mateusbvini folded before Flop (didn't bet)
Seat 6: SergusAA folded before Flop (didn't bet)
Seat 7: Nigh7 Wi$h folded before Flop (didn't bet)
Seat 8: Dilks741 folded before Flop (didn't bet)



PokerStars Hand #257396027418: Tournament #3918744129, $1.44+$1.50+$0.36 USD Hold'em No Limit - Level XXV (3000/6000) - 2025/08/18 18:44:40 BRT [2025/08/18 17:44:40 ET]
Table '3918744129 239' 8-max Seat #3 is the button
Seat 1: Bluf_To_Much (85081 in chips, $2.25 bounty) 
Seat 2: Gabrielfs13 (56920 in chips, $10.85 bounty) 
Seat 3: Saandroalves (186840 in chips, $9.74 bounty) 
Seat 4: juanM@__1717 (477576 in chips, $21.49 bounty) 
Seat 5: Mateusbvini (116097 in chips, $4.96 bounty) 
Seat 6: SergusAA (167827 in chips, $11.42 bounty) 
Seat 7: Nigh7 Wi$h (209076 in chips, $4.50 bounty) 
Seat 8: Dilks741 (129859 in chips, $4.50 bounty) 
Bluf_To_Much: posts the ante 750
Gabrielfs13: posts the ante 750
Saandroalves: posts the ante 750
juanM@__1717: posts the ante 750
Mateusbvini: posts the ante 750
SergusAA: posts the ante 750
Nigh7 Wi$h: posts the ante 750
Dilks741: posts the ante 750
juanM@__1717: posts small blind 3000
Mateusbvini: posts big blind 6000
*** HOLE CARDS ***
Dealt to Gabrielfs13 [7h Ac]
SergusAA: folds 
Nigh7 Wi$h: raises 12000 to 18000
Dilks741: folds 
Bluf_To_Much: folds 
Gabrielfs13: folds 
Saandroalves: folds 
juanM@__1717: folds 
Mateusbvini: folds 
Uncalled bet (12000) returned to Nigh7 Wi$h
Nigh7 Wi$h collected 21000 from pot
*** SUMMARY ***
Total pot 21000 | Rake 0 
Seat 1: Bluf_To_Much folded before Flop (didn't bet)
Seat 2: Gabrielfs13 folded before Flop (didn't bet)
Seat 3: Saandroalves (button) folded before Flop (didn't bet)
Seat 4: juanM@__1717 (small blind) folded before Flop
Seat 5: Mateusbvini (big blind) folded before Flop
Seat 6: SergusAA folded before Flop (didn't bet)
Seat 7: Nigh7 Wi$h collected (21000)
Seat 8: Dilks741 folded before Flop (didn't bet)



PokerStars Hand #257396034977: Tournament #3918744129, $1.44+$1.50+$0.36 USD Hold'em No Limit - Level XXV (3000/6000) - 2025/08/18 18:45:13 BRT [2025/08/18 17:45:13 ET]
Table '3918744129 239' 8-max Seat #4 is the button
Seat 1: Bluf_To_Much (84331 in chips, $2.25 bounty) 
Seat 2: Gabrielfs13 (56170 in chips, $10.85 bounty) 
Seat 3: Saandroalves (186090 in chips, $9.74 bounty) 
Seat 4: juanM@__1717 (473826 in chips, $21.49 bounty) 
Seat 5: Mateusbvini (109347 in chips, $4.96 bounty) 
Seat 6: SergusAA (167077 in chips, $11.42 bounty) 
Seat 7: Nigh7 Wi$h (223326 in chips, $4.50 bounty) 
Seat 8: Dilks741 (129109 in chips, $4.50 bounty) 
Bluf_To_Much: posts the ante 750
Gabrielfs13: posts the ante 750
Saandroalves: posts the ante 750
juanM@__1717: posts the ante 750
Mateusbvini: posts the ante 750
SergusAA: posts the ante 750
Nigh7 Wi$h: posts the ante 750
Dilks741: posts the ante 750
Mateusbvini: posts small blind 3000
SergusAA: posts big blind 6000
*** HOLE CARDS ***
Dealt to Gabrielfs13 [Td Ks]
Nigh7 Wi$h: folds 
Dilks741: raises 6600 to 12600
Bluf_To_Much: folds 
Gabrielfs13: folds 
Saandroalves: calls 12600
juanM@__1717: folds 
Mateusbvini: folds 
SergusAA: folds 
*** FLOP *** [Ad Th 9h]
Dilks741: checks 
Saandroalves: bets 13266
Dilks741: raises 25266 to 38532
Saandroalves: folds 
Uncalled bet (25266) returned to Dilks741
Dilks741 collected 66732 from pot
Dilks741: doesn't show hand 
*** SUMMARY ***
Total pot 66732 | Rake 0 
Board [Ad Th 9h]
Seat 1: Bluf_To_Much folded before Flop (didn't bet)
Seat 2: Gabrielfs13 folded before Flop (didn't bet)
Seat 3: Saandroalves folded on the Flop
Seat 4: juanM@__1717 (button) folded before Flop (didn't bet)
Seat 5: Mateusbvini (small blind) folded before Flop
Seat 6: SergusAA (big blind) folded before Flop
Seat 7: Nigh7 Wi$h folded before Flop (didn't bet)
Seat 8: Dilks741 collected (66732)



PokerStars Hand #257396050414: Tournament #3918744129, $1.44+$1.50+$0.36 USD Hold'em No Limit - Level XXV (3000/6000) - 2025/08/18 18:46:20 BRT [2025/08/18 17:46:20 ET]
Table '3918744129 239' 8-max Seat #5 is the button
Seat 1: Bluf_To_Much (83581 in chips, $2.25 bounty) 
Seat 2: Gabrielfs13 (55420 in chips, $10.85 bounty) 
Seat 3: Saandroalves (159474 in chips, $9.74 bounty) 
Seat 4: juanM@__1717 (473076 in chips, $21.49 bounty) 
Seat 5: Mateusbvini (105597 in chips, $4.96 bounty) 
Seat 6: SergusAA (160327 in chips, $11.42 bounty) 
Seat 7: Nigh7 Wi$h (222576 in chips, $4.50 bounty) 
Seat 8: Dilks741 (169225 in chips, $4.50 bounty) 
Bluf_To_Much: posts the ante 750
Gabrielfs13: posts the ante 750
Saandroalves: posts the ante 750
juanM@__1717: posts the ante 750
Mateusbvini: posts the ante 750
SergusAA: posts the ante 750
Nigh7 Wi$h: posts the ante 750
Dilks741: posts the ante 750
SergusAA: posts small blind 3000
Nigh7 Wi$h: posts big blind 6000
*** HOLE CARDS ***
Dealt to Gabrielfs13 [Jd 7c]
Dilks741: folds 
Bluf_To_Much: folds 
Gabrielfs13: folds 
Saandroalves: folds 
juanM@__1717: raises 6000 to 12000
Mateusbvini: folds 
SergusAA: folds 
Nigh7 Wi$h: folds 
Uncalled bet (6000) returned to juanM@__1717
juanM@__1717 collected 21000 from pot
juanM@__1717: doesn't show hand 
*** SUMMARY ***
Total pot 21000 | Rake 0 
Seat 1: Bluf_To_Much folded before Flop (didn't bet)
Seat 2: Gabrielfs13 folded before Flop (didn't bet)
Seat 3: Saandroalves folded before Flop (didn't bet)
Seat 4: juanM@__1717 collected (21000)
Seat 5: Mateusbvini (button) folded before Flop (didn't bet)
Seat 6: SergusAA (small blind) folded before Flop
Seat 7: Nigh7 Wi$h (big blind) folded before Flop
Seat 8: Dilks741 folded before Flop (didn't bet)



PokerStars Hand #257396055052: Tournament #3918744129, $1.44+$1.50+$0.36 USD Hold'em No Limit - Level XXV (3000/6000) - 2025/08/18 18:46:40 BRT [2025/08/18 17:46:40 ET]
Table '3918744129 239' 8-max Seat #6 is the button
Seat 1: Bluf_To_Much (82831 in chips, $2.25 bounty) 
Seat 2: Gabrielfs13 (54670 in chips, $10.85 bounty) 
Seat 3: Saandroalves (158724 in chips, $9.74 bounty) 
Seat 4: juanM@__1717 (487326 in chips, $21.49 bounty) 
Seat 5: Mateusbvini (104847 in chips, $4.96 bounty) 
Seat 6: SergusAA (156577 in chips, $11.42 bounty) 
Seat 7: Nigh7 Wi$h (215826 in chips, $4.50 bounty) 
Seat 8: Dilks741 (168475 in chips, $4.50 bounty) 
Bluf_To_Much: posts the ante 750
Gabrielfs13: posts the ante 750
Saandroalves: posts the ante 750
juanM@__1717: posts the ante 750
Mateusbvini: posts the ante 750
SergusAA: posts the ante 750
Nigh7 Wi$h: posts the ante 750
Dilks741: posts the ante 750
Nigh7 Wi$h: posts small blind 3000
Dilks741: posts big blind 6000
*** HOLE CARDS ***
Dealt to Gabrielfs13 [3c 6s]
Bluf_To_Much: folds 
Gabrielfs13: folds 
Saandroalves: folds 
juanM@__1717: raises 6000 to 12000
Mateusbvini: folds 
SergusAA: folds 
Nigh7 Wi$h: calls 9000
Dilks741: calls 6000
*** FLOP *** [8s 7c 5s]
Nigh7 Wi$h: checks 
Dilks741: checks 
juanM@__1717: checks 
*** TURN *** [8s 7c 5s] [4c]
Nigh7 Wi$h: checks 
Dilks741: bets 19320
juanM@__1717: folds 
Nigh7 Wi$h: folds 
Uncalled bet (19320) returned to Dilks741
Dilks741 collected 42000 from pot
Dilks741: doesn't show hand 
*** SUMMARY ***
Total pot 42000 | Rake 0 
Board [8s 7c 5s 4c]
Seat 1: Bluf_To_Much folded before Flop (didn't bet)
Seat 2: Gabrielfs13 folded before Flop (didn't bet)
Seat 3: Saandroalves folded before Flop (didn't bet)
Seat 4: juanM@__1717 folded on the Turn
Seat 5: Mateusbvini folded before Flop (didn't bet)
Seat 6: SergusAA (button) folded before Flop (didn't bet)
Seat 7: Nigh7 Wi$h (small blind) folded on the Turn
Seat 8: Dilks741 (big blind) collected (42000)



PokerStars Hand #257396079610: Tournament #3918744129, $1.44+$1.50+$0.36 USD Hold'em No Limit - Level XXVI (4000/8000) - 2025/08/18 18:48:28 BRT [2025/08/18 17:48:28 ET]
Table '3918744129 239' 8-max Seat #7 is the button
Seat 1: Bluf_To_Much (82081 in chips, $2.25 bounty) 
Seat 2: Gabrielfs13 (53920 in chips, $10.85 bounty) 
Seat 3: Saandroalves (157974 in chips, $9.74 bounty) 
Seat 4: juanM@__1717 (474576 in chips, $21.49 bounty) 
Seat 5: Mateusbvini (104097 in chips, $4.96 bounty) 
Seat 6: SergusAA (155827 in chips, $11.42 bounty) 
Seat 7: Nigh7 Wi$h (203076 in chips, $4.50 bounty) 
Seat 8: Dilks741 (197725 in chips, $4.50 bounty) 
Bluf_To_Much: posts the ante 1000
Gabrielfs13: posts the ante 1000
Saandroalves: posts the ante 1000
juanM@__1717: posts the ante 1000
Mateusbvini: posts the ante 1000
SergusAA: posts the ante 1000
Nigh7 Wi$h: posts the ante 1000
Dilks741: posts the ante 1000
Dilks741: posts small blind 4000
Bluf_To_Much: posts big blind 8000
*** HOLE CARDS ***
Dealt to Gabrielfs13 [Ad 7c]
Gabrielfs13: raises 44920 to 52920 and is all-in
Saandroalves: folds 
juanM@__1717: folds 
Mateusbvini: folds 
SergusAA: folds 
Nigh7 Wi$h: folds 
Dilks741: folds 
Bluf_To_Much: folds 
Uncalled bet (44920) returned to Gabrielfs13
Gabrielfs13 collected 28000 from pot
Gabrielfs13: doesn't show hand 
*** SUMMARY ***
Total pot 28000 | Rake 0 
Seat 1: Bluf_To_Much (big blind) folded before Flop
Seat 2: Gabrielfs13 collected (28000)
Seat 3: Saandroalves folded before Flop (didn't bet)
Seat 4: juanM@__1717 folded before Flop (didn't bet)
Seat 5: Mateusbvini folded before Flop (didn't bet)
Seat 6: SergusAA folded before Flop (didn't bet)
Seat 7: Nigh7 Wi$h (button) folded before Flop (didn't bet)
Seat 8: Dilks741 (small blind) folded before Flop



PokerStars Hand #257396088656: Tournament #3918744129, $1.44+$1.50+$0.36 USD Hold'em No Limit - Level XXVI (4000/8000) - 2025/08/18 18:49:08 BRT [2025/08/18 17:49:08 ET]
Table '3918744129 239' 8-max Seat #8 is the button
Seat 1: Bluf_To_Much (73081 in chips, $2.25 bounty) 
Seat 2: Gabrielfs13 (72920 in chips, $10.85 bounty) 
Seat 3: Saandroalves (156974 in chips, $9.74 bounty) 
Seat 4: juanM@__1717 (473576 in chips, $21.49 bounty) 
Seat 5: Mateusbvini (103097 in chips, $4.96 bounty) 
Seat 6: SergusAA (154827 in chips, $11.42 bounty) 
Seat 7: Nigh7 Wi$h (202076 in chips, $4.50 bounty) 
Seat 8: Dilks741 (192725 in chips, $4.50 bounty) 
Bluf_To_Much: posts the ante 1000
Gabrielfs13: posts the ante 1000
Saandroalves: posts the ante 1000
juanM@__1717: posts the ante 1000
Mateusbvini: posts the ante 1000
SergusAA: posts the ante 1000
Nigh7 Wi$h: posts the ante 1000
Dilks741: posts the ante 1000
Bluf_To_Much: posts small blind 4000
Gabrielfs13: posts big blind 8000
*** HOLE CARDS ***
Dealt to Gabrielfs13 [7d 4s]
Saandroalves: folds 
juanM@__1717: folds 
Mateusbvini: folds 
SergusAA: folds 
Nigh7 Wi$h: folds 
Dilks741: folds 
Bluf_To_Much: raises 64081 to 72081 and is all-in
Dilks741 is disconnected 
Gabrielfs13: folds 
Uncalled bet (64081) returned to Bluf_To_Much
Bluf_To_Much collected 24000 from pot
*** SUMMARY ***
Total pot 24000 | Rake 0 
Seat 1: Bluf_To_Much (small blind) collected (24000)
Seat 2: Gabrielfs13 (big blind) folded before Flop
Seat 3: Saandroalves folded before Flop (didn't bet)
Seat 4: juanM@__1717 folded before Flop (didn't bet)
Seat 5: Mateusbvini folded before Flop (didn't bet)
Seat 6: SergusAA folded before Flop (didn't bet)
Seat 7: Nigh7 Wi$h folded before Flop (didn't bet)
Seat 8: Dilks741 (button) folded before Flop (didn't bet)



PokerStars Hand #257396096805: Tournament #3918744129, $1.44+$1.50+$0.36 USD Hold'em No Limit - Level XXVI (4000/8000) - 2025/08/18 18:49:44 BRT [2025/08/18 17:49:44 ET]
Table '3918744129 239' 8-max Seat #1 is the button
Seat 1: Bluf_To_Much (88081 in chips, $2.25 bounty) 
Seat 2: Gabrielfs13 (63920 in chips, $10.85 bounty) 
Seat 3: Saandroalves (155974 in chips, $9.74 bounty) 
Seat 4: juanM@__1717 (472576 in chips, $21.49 bounty) 
Seat 5: Mateusbvini (102097 in chips, $4.96 bounty) 
Seat 6: SergusAA (153827 in chips, $11.42 bounty) 
Seat 7: Nigh7 Wi$h (201076 in chips, $4.50 bounty) 
Seat 8: Dilks741 (191725 in chips, $4.50 bounty) 
Bluf_To_Much: posts the ante 1000
Gabrielfs13: posts the ante 1000
Saandroalves: posts the ante 1000
juanM@__1717: posts the ante 1000
Mateusbvini: posts the ante 1000
SergusAA: posts the ante 1000
Nigh7 Wi$h: posts the ante 1000
Dilks741: posts the ante 1000
Gabrielfs13: posts small blind 4000
Saandroalves: posts big blind 8000
*** HOLE CARDS ***
Dealt to Gabrielfs13 [Ac Qd]
Dilks741 is disconnected 
juanM@__1717: folds 
Mateusbvini: folds 
SergusAA: folds 
Nigh7 Wi$h: folds 
Dilks741: folds 
Bluf_To_Much: folds 
Gabrielfs13: raises 54920 to 62920 and is all-in
Saandroalves: folds 
Uncalled bet (54920) returned to Gabrielfs13
Gabrielfs13 collected 24000 from pot
Gabrielfs13: doesn't show hand 
*** SUMMARY ***
Total pot 24000 | Rake 0 
Seat 1: Bluf_To_Much (button) folded before Flop (didn't bet)
Seat 2: Gabrielfs13 (small blind) collected (24000)
Seat 3: Saandroalves (big blind) folded before Flop
Seat 4: juanM@__1717 folded before Flop (didn't bet)
Seat 5: Mateusbvini folded before Flop (didn't bet)
Seat 6: SergusAA folded before Flop (didn't bet)
Seat 7: Nigh7 Wi$h folded before Flop (didn't bet)
Seat 8: Dilks741 folded before Flop (didn't bet)



PokerStars Hand #257396105573: Tournament #3918744129, $1.44+$1.50+$0.36 USD Hold'em No Limit - Level XXVI (4000/8000) - 2025/08/18 18:50:22 BRT [2025/08/18 17:50:22 ET]
Table '3918744129 239' 8-max Seat #2 is the button
Seat 1: Bluf_To_Much (87081 in chips, $2.25 bounty) 
Seat 2: Gabrielfs13 (78920 in chips, $10.85 bounty) 
Seat 3: Saandroalves (146974 in chips, $9.74 bounty) 
Seat 4: juanM@__1717 (471576 in chips, $21.49 bounty) 
Seat 5: Mateusbvini (101097 in chips, $4.96 bounty) 
Seat 6: SergusAA (152827 in chips, $11.42 bounty) 
Seat 7: Nigh7 Wi$h (200076 in chips, $4.50 bounty) 
Seat 8: Dilks741 (190725 in chips, $4.50 bounty) 
Bluf_To_Much: posts the ante 1000
Gabrielfs13: posts the ante 1000
Saandroalves: posts the ante 1000
juanM@__1717: posts the ante 1000
Mateusbvini: posts the ante 1000
SergusAA: posts the ante 1000
Nigh7 Wi$h: posts the ante 1000
Dilks741: posts the ante 1000
Saandroalves: posts small blind 4000
juanM@__1717: posts big blind 8000
*** HOLE CARDS ***
Dealt to Gabrielfs13 [Tc 4c]
Mateusbvini: folds 
SergusAA: folds 
Nigh7 Wi$h: raises 8000 to 16000
Dilks741: raises 173725 to 189725 and is all-in
Bluf_To_Much: folds 
Gabrielfs13: folds 
Saandroalves: folds 
juanM@__1717: folds 
Nigh7 Wi$h: folds 
Uncalled bet (173725) returned to Dilks741
Dilks741 collected 52000 from pot
*** SUMMARY ***
Total pot 52000 | Rake 0 
Seat 1: Bluf_To_Much folded before Flop (didn't bet)
Seat 2: Gabrielfs13 (button) folded before Flop (didn't bet)
Seat 3: Saandroalves (small blind) folded before Flop
Seat 4: juanM@__1717 (big blind) folded before Flop
Seat 5: Mateusbvini folded before Flop (didn't bet)
Seat 6: SergusAA folded before Flop (didn't bet)
Seat 7: Nigh7 Wi$h folded before Flop
Seat 8: Dilks741 collected (52000)



PokerStars Hand #257396120555: Tournament #3918744129, $1.44+$1.50+$0.36 USD Hold'em No Limit - Level XXVI (4000/8000) - 2025/08/18 18:51:30 BRT [2025/08/18 17:51:30 ET]
Table '3918744129 239' 8-max Seat #3 is the button
Seat 1: Bluf_To_Much (86081 in chips, $2.25 bounty) 
Seat 2: Gabrielfs13 (77920 in chips, $10.85 bounty) 
Seat 3: Saandroalves (141974 in chips, $9.74 bounty) 
Seat 4: juanM@__1717 (462576 in chips, $21.49 bounty) 
Seat 5: Mateusbvini (100097 in chips, $4.96 bounty) 
Seat 6: SergusAA (151827 in chips, $11.42 bounty) 
Seat 7: Nigh7 Wi$h (183076 in chips, $4.50 bounty) 
Seat 8: Dilks741 (225725 in chips, $4.50 bounty) 
Bluf_To_Much: posts the ante 1000
Gabrielfs13: posts the ante 1000
Saandroalves: posts the ante 1000
juanM@__1717: posts the ante 1000
Mateusbvini: posts the ante 1000
SergusAA: posts the ante 1000
Nigh7 Wi$h: posts the ante 1000
Dilks741: posts the ante 1000
juanM@__1717: posts small blind 4000
Mateusbvini: posts big blind 8000
*** HOLE CARDS ***
Dealt to Gabrielfs13 [2h 7h]
SergusAA: folds 
Nigh7 Wi$h: folds 
Dilks741: raises 8800 to 16800
Bluf_To_Much: folds 
Gabrielfs13: folds 
Saandroalves: folds 
juanM@__1717: folds 
Mateusbvini: raises 82297 to 99097 and is all-in
Dilks741: calls 82297
*** FLOP *** [Kc 8s Qd]
*** TURN *** [Kc 8s Qd] [2s]
*** RIVER *** [Kc 8s Qd 2s] [Td]
*** SHOW DOWN ***
Mateusbvini: shows [Jh Ad] (a straight, Ten to Ace)
Dilks741: shows [Kd Ts] (two pair, Kings and Tens)
Mateusbvini collected 210194 from pot
*** SUMMARY ***
Total pot 210194 | Rake 0 
Board [Kc 8s Qd 2s Td]
Seat 1: Bluf_To_Much folded before Flop (didn't bet)
Seat 2: Gabrielfs13 folded before Flop (didn't bet)
Seat 3: Saandroalves (button) folded before Flop (didn't bet)
Seat 4: juanM@__1717 (small blind) folded before Flop
Seat 5: Mateusbvini (big blind) showed [Jh Ad] and won (210194) with a straight, Ten to Ace
Seat 6: SergusAA folded before Flop (didn't bet)
Seat 7: Nigh7 Wi$h folded before Flop (didn't bet)
Seat 8: Dilks741 showed [Kd Ts] and lost with two pair, Kings and Tens



PokerStars Hand #257396128273: Tournament #3918744129, $1.44+$1.50+$0.36 USD Hold'em No Limit - Level XXVI (4000/8000) - 2025/08/18 18:52:04 BRT [2025/08/18 17:52:04 ET]
Table '3918744129 239' 8-max Seat #4 is the button
Seat 1: Bluf_To_Much (85081 in chips, $2.25 bounty) 
Seat 2: Gabrielfs13 (76920 in chips, $10.85 bounty) 
Seat 3: Saandroalves (140974 in chips, $9.74 bounty) 
Seat 4: juanM@__1717 (457576 in chips, $21.49 bounty) 
Seat 5: Mateusbvini (210194 in chips, $4.96 bounty) 
Seat 6: SergusAA (150827 in chips, $11.42 bounty) 
Seat 7: Nigh7 Wi$h (182076 in chips, $4.50 bounty) 
Seat 8: Dilks741 (125628 in chips, $4.50 bounty) 
Bluf_To_Much: posts the ante 1000
Gabrielfs13: posts the ante 1000
Saandroalves: posts the ante 1000
juanM@__1717: posts the ante 1000
Mateusbvini: posts the ante 1000
SergusAA: posts the ante 1000
Nigh7 Wi$h: posts the ante 1000
Dilks741: posts the ante 1000
Mateusbvini: posts small blind 4000
SergusAA: posts big blind 8000
*** HOLE CARDS ***
Dealt to Gabrielfs13 [Ad 3h]
Nigh7 Wi$h: folds 
Dilks741: folds 
Bluf_To_Much: folds 
Gabrielfs13: folds 
Saandroalves: folds 
juanM@__1717: raises 8000 to 16000
Mateusbvini: folds 
SergusAA: folds 
Uncalled bet (8000) returned to juanM@__1717
juanM@__1717 collected 28000 from pot
juanM@__1717: doesn't show hand 
*** SUMMARY ***
Total pot 28000 | Rake 0 
Seat 1: Bluf_To_Much folded before Flop (didn't bet)
Seat 2: Gabrielfs13 folded before Flop (didn't bet)
Seat 3: Saandroalves folded before Flop (didn't bet)
Seat 4: juanM@__1717 (button) collected (28000)
Seat 5: Mateusbvini (small blind) folded before Flop
Seat 6: SergusAA (big blind) folded before Flop
Seat 7: Nigh7 Wi$h folded before Flop (didn't bet)
Seat 8: Dilks741 folded before Flop (didn't bet)



PokerStars Hand #257396135769: Tournament #3918744129, $1.44+$1.50+$0.36 USD Hold'em No Limit - Level XXVI (4000/8000) - 2025/08/18 18:52:37 BRT [2025/08/18 17:52:37 ET]
Table '3918744129 239' 8-max Seat #5 is the button
Seat 1: Bluf_To_Much (84081 in chips, $2.25 bounty) 
Seat 2: Gabrielfs13 (75920 in chips, $10.85 bounty) 
Seat 3: Saandroalves (139974 in chips, $9.74 bounty) 
Seat 4: juanM@__1717 (476576 in chips, $21.49 bounty) 
Seat 5: Mateusbvini (205194 in chips, $4.96 bounty) 
Seat 6: SergusAA (141827 in chips, $11.42 bounty) 
Seat 7: Nigh7 Wi$h (181076 in chips, $4.50 bounty) 
Seat 8: Dilks741 (124628 in chips, $4.50 bounty) 
Bluf_To_Much: posts the ante 1000
Gabrielfs13: posts the ante 1000
Saandroalves: posts the ante 1000
juanM@__1717: posts the ante 1000
Mateusbvini: posts the ante 1000
SergusAA: posts the ante 1000
Nigh7 Wi$h: posts the ante 1000
Dilks741: posts the ante 1000
SergusAA: posts small blind 4000
Nigh7 Wi$h: posts big blind 8000
*** HOLE CARDS ***
Dealt to Gabrielfs13 [7d 6c]
Dilks741: folds 
Bluf_To_Much: folds 
Gabrielfs13: folds 
Saandroalves: folds 
juanM@__1717: raises 8000 to 16000
Mateusbvini: folds 
SergusAA: folds 
Nigh7 Wi$h: folds 
Uncalled bet (8000) returned to juanM@__1717
juanM@__1717 collected 28000 from pot
juanM@__1717: doesn't show hand 
*** SUMMARY ***
Total pot 28000 | Rake 0 
Seat 1: Bluf_To_Much folded before Flop (didn't bet)
Seat 2: Gabrielfs13 folded before Flop (didn't bet)
Seat 3: Saandroalves folded before Flop (didn't bet)
Seat 4: juanM@__1717 collected (28000)
Seat 5: Mateusbvini (button) folded before Flop (didn't bet)
Seat 6: SergusAA (small blind) folded before Flop
Seat 7: Nigh7 Wi$h (big blind) folded before Flop
Seat 8: Dilks741 folded before Flop (didn't bet)



PokerStars Hand #257396142532: Tournament #3918744129, $1.44+$1.50+$0.36 USD Hold'em No Limit - Level XXVI (4000/8000) - 2025/08/18 18:53:08 BRT [2025/08/18 17:53:08 ET]
Table '3918744129 239' 8-max Seat #6 is the button
Seat 1: Bluf_To_Much (83081 in chips, $2.25 bounty) 
Seat 2: Gabrielfs13 (74920 in chips, $10.85 bounty) 
Seat 3: Saandroalves (138974 in chips, $9.74 bounty) 
Seat 4: juanM@__1717 (495576 in chips, $21.49 bounty) 
Seat 5: Mateusbvini (204194 in chips, $4.96 bounty) 
Seat 6: SergusAA (136827 in chips, $11.42 bounty) 
Seat 7: Nigh7 Wi$h (172076 in chips, $4.50 bounty) 
Seat 8: Dilks741 (123628 in chips, $4.50 bounty) 
Bluf_To_Much: posts the ante 1000
Gabrielfs13: posts the ante 1000
Saandroalves: posts the ante 1000
juanM@__1717: posts the ante 1000
Mateusbvini: posts the ante 1000
SergusAA: posts the ante 1000
Nigh7 Wi$h: posts the ante 1000
Dilks741: posts the ante 1000
Nigh7 Wi$h: posts small blind 4000
Dilks741: posts big blind 8000
*** HOLE CARDS ***
Dealt to Gabrielfs13 [5h Qd]
Bluf_To_Much: folds 
Gabrielfs13: folds 
Saandroalves: folds 
juanM@__1717: folds 
Mateusbvini: raises 8000 to 16000
SergusAA: folds 
Nigh7 Wi$h: folds 
Dilks741: raises 106628 to 122628 and is all-in
Mateusbvini: folds 
Uncalled bet (106628) returned to Dilks741
Dilks741 collected 44000 from pot
*** SUMMARY ***
Total pot 44000 | Rake 0 
Seat 1: Bluf_To_Much folded before Flop (didn't bet)
Seat 2: Gabrielfs13 folded before Flop (didn't bet)
Seat 3: Saandroalves folded before Flop (didn't bet)
Seat 4: juanM@__1717 folded before Flop (didn't bet)
Seat 5: Mateusbvini folded before Flop
Seat 6: SergusAA (button) folded before Flop (didn't bet)
Seat 7: Nigh7 Wi$h (small blind) folded before Flop
Seat 8: Dilks741 (big blind) collected (44000)



PokerStars Hand #257396150566: Tournament #3918744129, $1.44+$1.50+$0.36 USD Hold'em No Limit - Level XXVI (4000/8000) - 2025/08/18 18:53:44 BRT [2025/08/18 17:53:44 ET]
Table '3918744129 239' 8-max Seat #7 is the button
Seat 1: Bluf_To_Much (82081 in chips, $2.25 bounty) 
Seat 2: Gabrielfs13 (73920 in chips, $10.85 bounty) 
Seat 3: Saandroalves (137974 in chips, $9.74 bounty) 
Seat 4: juanM@__1717 (494576 in chips, $21.49 bounty) 
Seat 5: Mateusbvini (187194 in chips, $4.96 bounty) 
Seat 6: SergusAA (135827 in chips, $11.42 bounty) 
Seat 7: Nigh7 Wi$h (167076 in chips, $4.50 bounty) 
Seat 8: Dilks741 (150628 in chips, $4.50 bounty) 
Bluf_To_Much: posts the ante 1000
Gabrielfs13: posts the ante 1000
Saandroalves: posts the ante 1000
juanM@__1717: posts the ante 1000
Mateusbvini: posts the ante 1000
SergusAA: posts the ante 1000
Nigh7 Wi$h: posts the ante 1000
Dilks741: posts the ante 1000
Dilks741: posts small blind 4000
Bluf_To_Much: posts big blind 8000
*** HOLE CARDS ***
Dealt to Gabrielfs13 [Jh 7h]
Gabrielfs13: folds 
Saandroalves: raises 8000 to 16000
juanM@__1717: calls 16000
Mateusbvini: folds 
SergusAA: folds 
Nigh7 Wi$h: folds 
Dilks741: folds 
Bluf_To_Much: folds 
*** FLOP *** [7d Kd 6d]
Saandroalves: checks 
juanM@__1717: bets 17160
Saandroalves: folds 
Uncalled bet (17160) returned to juanM@__1717
juanM@__1717 collected 52000 from pot
juanM@__1717: doesn't show hand 
*** SUMMARY ***
Total pot 52000 | Rake 0 
Board [7d Kd 6d]
Seat 1: Bluf_To_Much (big blind) folded before Flop
Seat 2: Gabrielfs13 folded before Flop (didn't bet)
Seat 3: Saandroalves folded on the Flop
Seat 4: juanM@__1717 collected (52000)
Seat 5: Mateusbvini folded before Flop (didn't bet)
Seat 6: SergusAA folded before Flop (didn't bet)
Seat 7: Nigh7 Wi$h (button) folded before Flop (didn't bet)
Seat 8: Dilks741 (small blind) folded before Flop



PokerStars Hand #257396230849: Tournament #3918744129, $1.44+$1.50+$0.36 USD Hold'em No Limit - Level XXVII (5000/10000) - 2025/08/18 19:01:31 BRT [2025/08/18 18:01:31 ET]
Table '3918744129 239' 8-max Seat #8 is the button
Seat 1: Bluf_To_Much (73081 in chips, $2.25 bounty) 
Seat 2: Gabrielfs13 (72920 in chips, $10.85 bounty) 
Seat 3: Saandroalves (120974 in chips, $9.74 bounty) 
Seat 4: juanM@__1717 (529576 in chips, $21.49 bounty) 
Seat 5: Mateusbvini (186194 in chips, $4.96 bounty) 
Seat 6: SergusAA (134827 in chips, $11.42 bounty) 
Seat 7: Nigh7 Wi$h (166076 in chips, $4.50 bounty) 
Seat 8: Dilks741 (145628 in chips, $4.50 bounty) 
Bluf_To_Much: posts the ante 1250
Gabrielfs13: posts the ante 1250
Saandroalves: posts the ante 1250
juanM@__1717: posts the ante 1250
Mateusbvini: posts the ante 1250
SergusAA: posts the ante 1250
Nigh7 Wi$h: posts the ante 1250
Dilks741: posts the ante 1250
Bluf_To_Much: posts small blind 5000
Gabrielfs13: posts big blind 10000
*** HOLE CARDS ***
Dealt to Gabrielfs13 [Jd Qh]
Saandroalves: raises 10000 to 20000
juanM@__1717: folds 
Mateusbvini: folds 
SergusAA: folds 
Nigh7 Wi$h: calls 20000
Dilks741: folds 
Bluf_To_Much: folds 
Gabrielfs13: calls 10000
*** FLOP *** [5s 9s 5d]
Gabrielfs13: checks 
Saandroalves: checks 
Nigh7 Wi$h: checks 
*** TURN *** [5s 9s 5d] [4d]
Gabrielfs13: bets 15000
Saandroalves: folds 
Nigh7 Wi$h: folds 
Uncalled bet (15000) returned to Gabrielfs13
Gabrielfs13 collected 75000 from pot
Gabrielfs13: doesn't show hand 
*** SUMMARY ***
Total pot 75000 | Rake 0 
Board [5s 9s 5d 4d]
Seat 1: Bluf_To_Much (small blind) folded before Flop
Seat 2: Gabrielfs13 (big blind) collected (75000)
Seat 3: Saandroalves folded on the Turn
Seat 4: juanM@__1717 folded before Flop (didn't bet)
Seat 5: Mateusbvini folded before Flop (didn't bet)
Seat 6: SergusAA folded before Flop (didn't bet)
Seat 7: Nigh7 Wi$h folded on the Turn
Seat 8: Dilks741 (button) folded before Flop (didn't bet)



PokerStars Hand #257396253626: Tournament #3918744129, $1.44+$1.50+$0.36 USD Hold'em No Limit - Level XXVII (5000/10000) - 2025/08/18 19:03:17 BRT [2025/08/18 18:03:17 ET]
Table '3918744129 239' 8-max Seat #1 is the button
Seat 1: Bluf_To_Much (66831 in chips, $2.25 bounty) 
Seat 2: Gabrielfs13 (126670 in chips, $10.85 bounty) 
Seat 3: Saandroalves (99724 in chips, $9.74 bounty) 
Seat 4: juanM@__1717 (528326 in chips, $21.49 bounty) 
Seat 5: Mateusbvini (184944 in chips, $4.96 bounty) 
Seat 6: SergusAA (133577 in chips, $11.42 bounty) 
Seat 7: Nigh7 Wi$h (144826 in chips, $4.50 bounty) 
Seat 8: Dilks741 (144378 in chips, $4.50 bounty) 
Bluf_To_Much: posts the ante 1250
Gabrielfs13: posts the ante 1250
Saandroalves: posts the ante 1250
juanM@__1717: posts the ante 1250
Mateusbvini: posts the ante 1250
SergusAA: posts the ante 1250
Nigh7 Wi$h: posts the ante 1250
Dilks741: posts the ante 1250
Gabrielfs13: posts small blind 5000
Saandroalves: posts big blind 10000
*** HOLE CARDS ***
Dealt to Gabrielfs13 [6d 9s]
juanM@__1717: raises 10000 to 20000
Mateusbvini: folds 
SergusAA: folds 
Nigh7 Wi$h: folds 
Dilks741 has timed out
Dilks741: folds 
Dilks741 is sitting out
Bluf_To_Much: folds 
Gabrielfs13: folds 
Saandroalves: calls 10000
*** FLOP *** [7d Ac 3c]
Saandroalves: checks 
juanM@__1717: bets 10000
Saandroalves: folds 
Uncalled bet (10000) returned to juanM@__1717
juanM@__1717 collected 55000 from pot
juanM@__1717: doesn't show hand 
*** SUMMARY ***
Total pot 55000 | Rake 0 
Board [7d Ac 3c]
Seat 1: Bluf_To_Much (button) folded before Flop (didn't bet)
Seat 2: Gabrielfs13 (small blind) folded before Flop
Seat 3: Saandroalves (big blind) folded on the Flop
Seat 4: juanM@__1717 collected (55000)
Seat 5: Mateusbvini folded before Flop (didn't bet)
Seat 6: SergusAA folded before Flop (didn't bet)
Seat 7: Nigh7 Wi$h folded before Flop (didn't bet)
Seat 8: Dilks741 folded before Flop (didn't bet)



PokerStars Hand #257396270957: Tournament #3918744129, $1.44+$1.50+$0.36 USD Hold'em No Limit - Level XXVII (5000/10000) - 2025/08/18 19:04:37 BRT [2025/08/18 18:04:37 ET]
Table '3918744129 239' 8-max Seat #2 is the button
Seat 2: Gabrielfs13 (120420 in chips, $10.85 bounty) 
Seat 3: Saandroalves (78474 in chips, $9.74 bounty) 
Seat 4: juanM@__1717 (562076 in chips, $21.49 bounty) 
Seat 5: Mateusbvini (183694 in chips, $4.96 bounty) 
Seat 6: SergusAA (132327 in chips, $11.42 bounty) 
Seat 7: Nigh7 Wi$h (143576 in chips, $4.50 bounty) 
Seat 8: Dilks741 (143128 in chips, $4.50 bounty) is sitting out
Gabrielfs13: posts the ante 1250
Saandroalves: posts the ante 1250
juanM@__1717: posts the ante 1250
Mateusbvini: posts the ante 1250
SergusAA: posts the ante 1250
Nigh7 Wi$h: posts the ante 1250
Dilks741: posts the ante 1250
Saandroalves: posts small blind 5000
juanM@__1717: posts big blind 10000
*** HOLE CARDS ***
Dealt to Gabrielfs13 [Jc 9c]
Dilks741 is disconnected 
Mateusbvini: folds 
SergusAA: folds 
Nigh7 Wi$h: folds 
Dilks741: folds 
Dilks741 is disconnected 
Dilks741 has returned
Gabrielfs13: raises 109170 to 119170 and is all-in
Saandroalves: folds 
juanM@__1717: calls 109170
*** FLOP *** [8d Qc Kh]
*** TURN *** [8d Qc Kh] [8s]
*** RIVER *** [8d Qc Kh 8s] [Qd]
*** SHOW DOWN ***
juanM@__1717: shows [9d 9h] (two pair, Queens and Nines)
Gabrielfs13: shows [Jc 9c] (two pair, Queens and Eights)
juanM@__1717 collected 252090 from pot
juanM@__1717 wins $5.43 for eliminating Gabrielfs13 and their own bounty increases by $5.42 to $26.91
Gabrielfs13 finished the tournament in 146th place and received $5.78.
Kosoy-glas is disconnected 
*** SUMMARY ***
Total pot 252090 | Rake 0 
Board [8d Qc Kh 8s Qd]
Seat 2: Gabrielfs13 (button) showed [Jc 9c] and lost with two pair, Queens and Eights
Seat 3: Saandroalves (small blind) folded before Flop
Seat 4: juanM@__1717 (big blind) showed [9d 9h] and won (252090) with two pair, Queens and Nines
Seat 5: Mateusbvini folded before Flop (didn't bet)
Seat 6: SergusAA folded before Flop (didn't bet)
Seat 7: Nigh7 Wi$h folded before Flop (didn't bet)
Seat 8: Dilks741 folded before Flop (didn't bet)



