PokerStars Hand #257253004817: Tournament #3914634328, $4.90+$4.90+$1.20 USD Hold'em No Limit - Level II (30/60) - 2025/08/07 17:08:27 BRT [2025/08/07 16:08:27 ET]
Table '3914634328 82' 8-max Seat #1 is the button
Seat 1: GotintowiN (9843 in chips) 
Seat 2: traumfanger1 (9558 in chips) 
Seat 3: LikeaStone1 (9446 in chips) 
Seat 4: josemar50 (10199 in chips) 
Seat 7: Gabrielfs13 (10000 in chips) 
GotintowiN: posts the ante 8
traumfanger1: posts the ante 8
LikeaStone1: posts the ante 8
josemar50: posts the ante 8
Gabrielfs13: posts the ante 8
traumfanger1: posts small blind 30
LikeaStone1: posts big blind 60
*** HOLE CARDS ***
Dealt to Gabrielfs13 [2c As]
traumfanger1 is disconnected 
josemar50 is disconnected 
LikeaStone1 is disconnected 
Gabrielfs13 is disconnected 
McCann1874 is disconnected 
josemar50 is connected 
dododo808 is disconnected 
josemar50: calls 60
CaioFerraz AK is disconnected 
Gabrielfs13: folds 
GotintowiN: folds 
traumfanger1: folds 
LikeaStone1: checks 
*** FLOP *** [Jd Ts Qh]
LikeaStone1: bets 60
josemar50: raises 310 to 370
LikeaStone1: calls 310
*** TURN *** [Jd Ts Qh] [7s]
LikeaStone1: bets 60
josemar50: raises 1050 to 1110
LikeaStone1: calls 1050
*** RIVER *** [Jd Ts Qh 7s] [Qc]
LikeaStone1: checks 
josemar50: checks 
*** SHOW DOWN ***
LikeaStone1: shows [Kc 2d] (a pair of Queens)
josemar50: shows [Js Td] (two pair, Queens and Jacks)
josemar50 collected 3150 from pot
*** SUMMARY ***
Total pot 3150 | Rake 0 
Board [Jd Ts Qh 7s Qc]
Seat 1: GotintowiN (button) folded before Flop (didn't bet)
Seat 2: traumfanger1 (small blind) folded before Flop
Seat 3: LikeaStone1 (big blind) showed [Kc 2d] and lost with a pair of Queens
Seat 4: josemar50 showed [Js Td] and won (3150) with two pair, Queens and Jacks
Seat 7: Gabrielfs13 folded before Flop (didn't bet)



PokerStars Hand #257253018536: Tournament #3914634328, $4.90+$4.90+$1.20 USD Hold'em No Limit - Level II (30/60) - 2025/08/07 17:09:24 BRT [2025/08/07 16:09:24 ET]
Table '3914634328 82' 8-max Seat #2 is the button
Seat 1: GotintowiN (9835 in chips) 
Seat 2: traumfanger1 (9520 in chips) 
Seat 3: LikeaStone1 (7898 in chips) 
Seat 4: josemar50 (11801 in chips) 
Seat 5: McCann1874 (10138 in chips) 
Seat 6: dododo808 (11198 in chips) 
Seat 7: Gabrielfs13 (9992 in chips) 
Seat 8: CaioFerraz AK (10000 in chips) 
GotintowiN: posts the ante 8
traumfanger1: posts the ante 8
LikeaStone1: posts the ante 8
josemar50: posts the ante 8
McCann1874: posts the ante 8
dododo808: posts the ante 8
Gabrielfs13: posts the ante 8
CaioFerraz AK: posts the ante 8
LikeaStone1: posts small blind 30
josemar50: posts big blind 60
*** HOLE CARDS ***
Dealt to Gabrielfs13 [3d 4c]
McCann1874: folds 
dododo808: calls 60
Gabrielfs13: folds 
CaioFerraz AK: raises 210 to 270
GotintowiN: folds 
traumfanger1: folds 
LikeaStone1: calls 240
josemar50: calls 210
dododo808: folds 
*** FLOP *** [Qc 2c 6c]
LikeaStone1: bets 60
josemar50: calls 60
CaioFerraz AK: calls 60
*** TURN *** [Qc 2c 6c] [2s]
LikeaStone1: checks 
josemar50: checks 
CaioFerraz AK: checks 
*** RIVER *** [Qc 2c 6c 2s] [3c]
LikeaStone1: checks 
josemar50: bets 1114
CaioFerraz AK: folds 
LikeaStone1: folds 
Uncalled bet (1114) returned to josemar50
josemar50 collected 1114 from pot
josemar50: doesn't show hand 
*** SUMMARY ***
Total pot 1114 | Rake 0 
Board [Qc 2c 6c 2s 3c]
Seat 1: GotintowiN folded before Flop (didn't bet)
Seat 2: traumfanger1 (button) folded before Flop (didn't bet)
Seat 3: LikeaStone1 (small blind) folded on the River
Seat 4: josemar50 (big blind) collected (1114)
Seat 5: McCann1874 folded before Flop (didn't bet)
Seat 6: dododo808 folded before Flop
Seat 7: Gabrielfs13 folded before Flop (didn't bet)
Seat 8: CaioFerraz AK folded on the River



PokerStars Hand #257253040760: Tournament #3914634328, $4.90+$4.90+$1.20 USD Hold'em No Limit - Level II (30/60) - 2025/08/07 17:10:56 BRT [2025/08/07 16:10:56 ET]
Table '3914634328 82' 8-max Seat #3 is the button
Seat 1: GotintowiN (9827 in chips) 
Seat 2: traumfanger1 (9512 in chips) 
Seat 3: LikeaStone1 (7560 in chips) 
Seat 4: josemar50 (12577 in chips) 
Seat 5: McCann1874 (10130 in chips) 
Seat 6: dododo808 (11130 in chips) 
Seat 7: Gabrielfs13 (9984 in chips) 
Seat 8: CaioFerraz AK (9662 in chips) 
GotintowiN: posts the ante 8
traumfanger1: posts the ante 8
LikeaStone1: posts the ante 8
josemar50: posts the ante 8
McCann1874: posts the ante 8
dododo808: posts the ante 8
Gabrielfs13: posts the ante 8
CaioFerraz AK: posts the ante 8
josemar50: posts small blind 30
McCann1874: posts big blind 60
*** HOLE CARDS ***
Dealt to Gabrielfs13 [2h 4s]
dododo808: calls 60
Gabrielfs13: folds 
CaioFerraz AK: folds 
GotintowiN: folds 
traumfanger1: folds 
LikeaStone1: raises 7492 to 7552 and is all-in
josemar50: folds 
McCann1874: raises 2570 to 10122 and is all-in
dododo808: folds 
Uncalled bet (2570) returned to McCann1874
*** FLOP *** [Js 9d Jh]
*** TURN *** [Js 9d Jh] [5c]
*** RIVER *** [Js 9d Jh 5c] [Qh]
*** SHOW DOWN ***
McCann1874: shows [Ah Ks] (a pair of Jacks)
LikeaStone1: shows [Qs Qc] (a full house, Queens full of Jacks)
LikeaStone1 collected 15258 from pot
*** SUMMARY ***
Total pot 15258 | Rake 0 
Board [Js 9d Jh 5c Qh]
Seat 1: GotintowiN folded before Flop (didn't bet)
Seat 2: traumfanger1 folded before Flop (didn't bet)
Seat 3: LikeaStone1 (button) showed [Qs Qc] and won (15258) with a full house, Queens full of Jacks
Seat 4: josemar50 (small blind) folded before Flop
Seat 5: McCann1874 (big blind) showed [Ah Ks] and lost with a pair of Jacks
Seat 6: dododo808 folded before Flop
Seat 7: Gabrielfs13 folded before Flop (didn't bet)
Seat 8: CaioFerraz AK folded before Flop (didn't bet)



PokerStars Hand #257253052495: Tournament #3914634328, $4.90+$4.90+$1.20 USD Hold'em No Limit - Level II (30/60) - 2025/08/07 17:11:45 BRT [2025/08/07 16:11:45 ET]
Table '3914634328 82' 8-max Seat #4 is the button
Seat 1: GotintowiN (9819 in chips) 
Seat 2: traumfanger1 (9504 in chips) 
Seat 3: LikeaStone1 (15258 in chips) 
Seat 4: josemar50 (12539 in chips) 
Seat 5: McCann1874 (2570 in chips) 
Seat 7: Gabrielfs13 (9976 in chips) 
Seat 8: CaioFerraz AK (9654 in chips) 
GotintowiN: posts the ante 8
traumfanger1: posts the ante 8
LikeaStone1: posts the ante 8
josemar50: posts the ante 8
McCann1874: posts the ante 8
Gabrielfs13: posts the ante 8
CaioFerraz AK: posts the ante 8
McCann1874: posts small blind 30
Gabrielfs13: posts big blind 60
*** HOLE CARDS ***
Dealt to Gabrielfs13 [9h Qh]
CaioFerraz AK: folds 
GotintowiN: folds 
traumfanger1: raises 60 to 120
LikeaStone1: folds 
josemar50: folds 
McCann1874: folds 
Gabrielfs13: calls 60
*** FLOP *** [5s Kh 6d]
Elfriog7 is disconnected 
Gabrielfs13: checks 
traumfanger1: bets 97
Gabrielfs13: folds 
Uncalled bet (97) returned to traumfanger1
traumfanger1 collected 326 from pot
traumfanger1: doesn't show hand 
*** SUMMARY ***
Total pot 326 | Rake 0 
Board [5s Kh 6d]
Seat 1: GotintowiN folded before Flop (didn't bet)
Seat 2: traumfanger1 collected (326)
Seat 3: LikeaStone1 folded before Flop (didn't bet)
Seat 4: josemar50 (button) folded before Flop (didn't bet)
Seat 5: McCann1874 (small blind) folded before Flop
Seat 7: Gabrielfs13 (big blind) folded on the Flop
Seat 8: CaioFerraz AK folded before Flop (didn't bet)



PokerStars Hand #257253062024: Tournament #3914634328, $4.90+$4.90+$1.20 USD Hold'em No Limit - Level II (30/60) - 2025/08/07 17:12:24 BRT [2025/08/07 16:12:24 ET]
Table '3914634328 82' 8-max Seat #5 is the button
Seat 1: GotintowiN (9811 in chips) 
Seat 2: traumfanger1 (9702 in chips) 
Seat 3: LikeaStone1 (15250 in chips) 
Seat 4: josemar50 (12531 in chips) 
Seat 5: McCann1874 (2532 in chips) 
Seat 6: Elfriog7 (10000 in chips) out of hand (moved from another table into small blind)
Seat 7: Gabrielfs13 (9848 in chips) 
Seat 8: CaioFerraz AK (9646 in chips) 
Elfriog7 will be allowed to play after the button
GotintowiN: posts the ante 8
traumfanger1: posts the ante 8
LikeaStone1: posts the ante 8
josemar50: posts the ante 8
McCann1874: posts the ante 8
Gabrielfs13: posts the ante 8
CaioFerraz AK: posts the ante 8
Gabrielfs13: posts small blind 30
CaioFerraz AK: posts big blind 60
*** HOLE CARDS ***
Dealt to Gabrielfs13 [7h Tc]
GotintowiN: raises 60 to 120
traumfanger1: folds 
LikeaStone1: calls 120
josemar50: folds 
McCann1874: folds 
Gabrielfs13: folds 
CaioFerraz AK: calls 60
*** FLOP *** [Jh 4d 4c]
CaioFerraz AK: checks 
GotintowiN: checks 
LikeaStone1: checks 
*** TURN *** [Jh 4d 4c] [Ad]
CaioFerraz AK: checks 
GotintowiN: bets 300
LikeaStone1: folds 
CaioFerraz AK: folds 
Uncalled bet (300) returned to GotintowiN
GotintowiN collected 446 from pot
*** SUMMARY ***
Total pot 446 | Rake 0 
Board [Jh 4d 4c Ad]
Seat 1: GotintowiN collected (446)
Seat 2: traumfanger1 folded before Flop (didn't bet)
Seat 3: LikeaStone1 folded on the Turn
Seat 4: josemar50 folded before Flop (didn't bet)
Seat 5: McCann1874 (button) folded before Flop (didn't bet)
Seat 7: Gabrielfs13 (small blind) folded before Flop
Seat 8: CaioFerraz AK (big blind) folded on the Turn



PokerStars Hand #257253086065: Tournament #3914634328, $4.90+$4.90+$1.20 USD Hold'em No Limit - Level III (40/80) - 2025/08/07 17:14:04 BRT [2025/08/07 16:14:04 ET]
Table '3914634328 82' 8-max Seat #7 is the button
Seat 1: GotintowiN (10129 in chips) 
Seat 2: traumfanger1 (9694 in chips) 
Seat 3: LikeaStone1 (15122 in chips) 
Seat 4: josemar50 (12523 in chips) 
Seat 5: McCann1874 (2524 in chips) 
Seat 6: Elfriog7 (10000 in chips) 
Seat 7: Gabrielfs13 (9810 in chips) 
Seat 8: CaioFerraz AK (9518 in chips) 
GotintowiN: posts the ante 10
traumfanger1: posts the ante 10
LikeaStone1: posts the ante 10
josemar50: posts the ante 10
McCann1874: posts the ante 10
Elfriog7: posts the ante 10
Gabrielfs13: posts the ante 10
CaioFerraz AK: posts the ante 10
CaioFerraz AK: posts small blind 40
GotintowiN: posts big blind 80
*** HOLE CARDS ***
Dealt to Gabrielfs13 [Kd 7c]
traumfanger1: folds 
LikeaStone1: folds 
josemar50: folds 
McCann1874: raises 2434 to 2514 and is all-in
Elfriog7: folds 
Gabrielfs13: folds 
CaioFerraz AK: raises 6994 to 9508 and is all-in
GotintowiN: folds 
Uncalled bet (6994) returned to CaioFerraz AK
*** FLOP *** [Js 4c 9c]
*** TURN *** [Js 4c 9c] [Th]
*** RIVER *** [Js 4c 9c Th] [Jh]
*** SHOW DOWN ***
CaioFerraz AK: shows [As Kc] (a pair of Jacks)
McCann1874: shows [6h 6c] (two pair, Jacks and Sixes)
McCann1874 collected 5188 from pot
*** SUMMARY ***
Total pot 5188 | Rake 0 
Board [Js 4c 9c Th Jh]
Seat 1: GotintowiN (big blind) folded before Flop
Seat 2: traumfanger1 folded before Flop (didn't bet)
Seat 3: LikeaStone1 folded before Flop (didn't bet)
Seat 4: josemar50 folded before Flop (didn't bet)
Seat 5: McCann1874 showed [6h 6c] and won (5188) with two pair, Jacks and Sixes
Seat 6: Elfriog7 folded before Flop (didn't bet)
Seat 7: Gabrielfs13 (button) folded before Flop (didn't bet)
Seat 8: CaioFerraz AK (small blind) showed [As Kc] and lost with a pair of Jacks



PokerStars Hand #257253098891: Tournament #3914634328, $4.90+$4.90+$1.20 USD Hold'em No Limit - Level III (40/80) - 2025/08/07 17:14:57 BRT [2025/08/07 16:14:57 ET]
Table '3914634328 82' 8-max Seat #8 is the button
Seat 1: GotintowiN (10039 in chips) 
Seat 2: traumfanger1 (9684 in chips) 
Seat 3: LikeaStone1 (15112 in chips) 
Seat 4: josemar50 (12513 in chips) 
Seat 5: McCann1874 (5188 in chips) 
Seat 6: Elfriog7 (9990 in chips) 
Seat 7: Gabrielfs13 (9800 in chips) 
Seat 8: CaioFerraz AK (6994 in chips) 
GotintowiN: posts the ante 10
traumfanger1: posts the ante 10
LikeaStone1: posts the ante 10
josemar50: posts the ante 10
McCann1874: posts the ante 10
Elfriog7: posts the ante 10
Gabrielfs13: posts the ante 10
CaioFerraz AK: posts the ante 10
GotintowiN: posts small blind 40
traumfanger1: posts big blind 80
*** HOLE CARDS ***
Dealt to Gabrielfs13 [3c As]
LikeaStone1: folds 
josemar50: calls 80
McCann1874: raises 80 to 160
Elfriog7: folds 
Gabrielfs13: folds 
CaioFerraz AK: calls 160
GotintowiN: folds 
traumfanger1: folds 
josemar50: calls 80
*** FLOP *** [4c Kh 2s]
josemar50: checks 
McCann1874: bets 160
CaioFerraz AK: calls 160
josemar50: calls 160
*** TURN *** [4c Kh 2s] [9s]
josemar50: checks 
McCann1874: bets 160
CaioFerraz AK: calls 160
josemar50: calls 160
*** RIVER *** [4c Kh 2s 9s] [Ad]
josemar50: checks 
McCann1874: bets 320
CaioFerraz AK: folds 
josemar50: folds 
Uncalled bet (320) returned to McCann1874
McCann1874 collected 1640 from pot
*** SUMMARY ***
Total pot 1640 | Rake 0 
Board [4c Kh 2s 9s Ad]
Seat 1: GotintowiN (small blind) folded before Flop
Seat 2: traumfanger1 (big blind) folded before Flop
Seat 3: LikeaStone1 folded before Flop (didn't bet)
Seat 4: josemar50 folded on the River
Seat 5: McCann1874 collected (1640)
Seat 6: Elfriog7 folded before Flop (didn't bet)
Seat 7: Gabrielfs13 folded before Flop (didn't bet)
Seat 8: CaioFerraz AK (button) folded on the River



PokerStars Hand #257253116949: Tournament #3914634328, $4.90+$4.90+$1.20 USD Hold'em No Limit - Level III (40/80) - 2025/08/07 17:16:13 BRT [2025/08/07 16:16:13 ET]
Table '3914634328 82' 8-max Seat #1 is the button
Seat 1: GotintowiN (9989 in chips) 
Seat 2: traumfanger1 (9594 in chips) 
Seat 3: LikeaStone1 (15102 in chips) 
Seat 4: josemar50 (12023 in chips) 
Seat 5: McCann1874 (6338 in chips) 
Seat 6: Elfriog7 (9980 in chips) 
Seat 7: Gabrielfs13 (9790 in chips) 
Seat 8: CaioFerraz AK (6504 in chips) 
GotintowiN: posts the ante 10
traumfanger1: posts the ante 10
LikeaStone1: posts the ante 10
josemar50: posts the ante 10
McCann1874: posts the ante 10
Elfriog7: posts the ante 10
Gabrielfs13: posts the ante 10
CaioFerraz AK: posts the ante 10
traumfanger1: posts small blind 40
LikeaStone1: posts big blind 80
*** HOLE CARDS ***
Dealt to Gabrielfs13 [7s 5h]
josemar50: folds 
McCann1874: folds 
Elfriog7: folds 
Gabrielfs13: folds 
CaioFerraz AK: folds 
GotintowiN: folds 
traumfanger1: raises 176 to 256
LikeaStone1: calls 176
*** FLOP *** [Jc 6h 6c]
traumfanger1: checks 
LikeaStone1: checks 
*** TURN *** [Jc 6h 6c] [Ac]
traumfanger1: checks 
LikeaStone1: checks 
*** RIVER *** [Jc 6h 6c Ac] [2c]
traumfanger1: bets 503
LikeaStone1: folds 
Uncalled bet (503) returned to traumfanger1
traumfanger1 collected 592 from pot
traumfanger1: doesn't show hand 
*** SUMMARY ***
Total pot 592 | Rake 0 
Board [Jc 6h 6c Ac 2c]
Seat 1: GotintowiN (button) folded before Flop (didn't bet)
Seat 2: traumfanger1 (small blind) collected (592)
Seat 3: LikeaStone1 (big blind) folded on the River
Seat 4: josemar50 folded before Flop (didn't bet)
Seat 5: McCann1874 folded before Flop (didn't bet)
Seat 6: Elfriog7 folded before Flop (didn't bet)
Seat 7: Gabrielfs13 folded before Flop (didn't bet)
Seat 8: CaioFerraz AK folded before Flop (didn't bet)



PokerStars Hand #257253131960: Tournament #3914634328, $4.90+$4.90+$1.20 USD Hold'em No Limit - Level III (40/80) - 2025/08/07 17:17:16 BRT [2025/08/07 16:17:16 ET]
Table '3914634328 82' 8-max Seat #2 is the button
Seat 1: GotintowiN (9979 in chips) 
Seat 2: traumfanger1 (9920 in chips) 
Seat 3: LikeaStone1 (14836 in chips) 
Seat 4: josemar50 (12013 in chips) 
Seat 5: McCann1874 (6328 in chips) 
Seat 6: Elfriog7 (9970 in chips) 
Seat 7: Gabrielfs13 (9780 in chips) 
Seat 8: CaioFerraz AK (6494 in chips) 
GotintowiN: posts the ante 10
traumfanger1: posts the ante 10
LikeaStone1: posts the ante 10
josemar50: posts the ante 10
McCann1874: posts the ante 10
Elfriog7: posts the ante 10
Gabrielfs13: posts the ante 10
CaioFerraz AK: posts the ante 10
LikeaStone1: posts small blind 40
josemar50: posts big blind 80
*** HOLE CARDS ***
Dealt to Gabrielfs13 [8s 9c]
McCann1874: folds 
Elfriog7: folds 
Gabrielfs13: folds 
CaioFerraz AK: folds 
GotintowiN: folds 
traumfanger1: folds 
LikeaStone1: folds 
Uncalled bet (40) returned to josemar50
josemar50 collected 160 from pot
josemar50: doesn't show hand 
*** SUMMARY ***
Total pot 160 | Rake 0 
Seat 1: GotintowiN folded before Flop (didn't bet)
Seat 2: traumfanger1 (button) folded before Flop (didn't bet)
Seat 3: LikeaStone1 (small blind) folded before Flop
Seat 4: josemar50 (big blind) collected (160)
Seat 5: McCann1874 folded before Flop (didn't bet)
Seat 6: Elfriog7 folded before Flop (didn't bet)
Seat 7: Gabrielfs13 folded before Flop (didn't bet)
Seat 8: CaioFerraz AK folded before Flop (didn't bet)



PokerStars Hand #257253144655: Tournament #3914634328, $4.90+$4.90+$1.20 USD Hold'em No Limit - Level III (40/80) - 2025/08/07 17:18:08 BRT [2025/08/07 16:18:08 ET]
Table '3914634328 82' 8-max Seat #3 is the button
Seat 1: GotintowiN (9969 in chips) 
Seat 2: traumfanger1 (9910 in chips) 
Seat 3: LikeaStone1 (14786 in chips) 
Seat 4: josemar50 (12123 in chips) 
Seat 5: McCann1874 (6318 in chips) 
Seat 6: Elfriog7 (9960 in chips) 
Seat 7: Gabrielfs13 (9770 in chips) 
Seat 8: CaioFerraz AK (6484 in chips) 
GotintowiN: posts the ante 10
traumfanger1: posts the ante 10
LikeaStone1: posts the ante 10
josemar50: posts the ante 10
McCann1874: posts the ante 10
Elfriog7: posts the ante 10
Gabrielfs13: posts the ante 10
CaioFerraz AK: posts the ante 10
josemar50: posts small blind 40
McCann1874: posts big blind 80
*** HOLE CARDS ***
Dealt to Gabrielfs13 [5s Td]
Elfriog7: raises 84 to 164
Gabrielfs13: folds 
CaioFerraz AK: raises 356 to 520
GotintowiN: folds 
traumfanger1: folds 
LikeaStone1: folds 
josemar50: folds 
McCann1874: calls 440
Elfriog7 has timed out
Elfriog7: folds 
Elfriog7 is sitting out
*** FLOP *** [Ks Qd Js]
McCann1874: checks 
CaioFerraz AK: bets 331
McCann1874: raises 331 to 662
CaioFerraz AK: calls 331
*** TURN *** [Ks Qd Js] [6s]
McCann1874: checks 
CaioFerraz AK: checks 
*** RIVER *** [Ks Qd Js 6s] [6h]
McCann1874: bets 1164
Elfriog7 has returned
CaioFerraz AK: calls 1164
*** SHOW DOWN ***
McCann1874: shows [As 2s] (a flush, Ace high)
CaioFerraz AK: mucks hand 
McCann1874 collected 4976 from pot
*** SUMMARY ***
Total pot 4976 | Rake 0 
Board [Ks Qd Js 6s 6h]
Seat 1: GotintowiN folded before Flop (didn't bet)
Seat 2: traumfanger1 folded before Flop (didn't bet)
Seat 3: LikeaStone1 (button) folded before Flop (didn't bet)
Seat 4: josemar50 (small blind) folded before Flop
Seat 5: McCann1874 (big blind) showed [As 2s] and won (4976) with a flush, Ace high
Seat 6: Elfriog7 folded before Flop
Seat 7: Gabrielfs13 folded before Flop (didn't bet)
Seat 8: CaioFerraz AK mucked [Kh Qc]



PokerStars Hand #257253167611: Tournament #3914634328, $4.90+$4.90+$1.20 USD Hold'em No Limit - Level III (40/80) - 2025/08/07 17:19:44 BRT [2025/08/07 16:19:44 ET]
Table '3914634328 82' 8-max Seat #4 is the button
Seat 1: GotintowiN (9959 in chips) 
Seat 2: traumfanger1 (9900 in chips) 
Seat 3: LikeaStone1 (14776 in chips) 
Seat 4: josemar50 (12073 in chips) 
Seat 5: McCann1874 (8938 in chips) 
Seat 6: Elfriog7 (9786 in chips) 
Seat 7: Gabrielfs13 (9760 in chips) 
Seat 8: CaioFerraz AK (4128 in chips) 
GotintowiN: posts the ante 10
traumfanger1: posts the ante 10
LikeaStone1: posts the ante 10
josemar50: posts the ante 10
McCann1874: posts the ante 10
Elfriog7: posts the ante 10
Gabrielfs13: posts the ante 10
CaioFerraz AK: posts the ante 10
McCann1874: posts small blind 40
Elfriog7: posts big blind 80
*** HOLE CARDS ***
Dealt to Gabrielfs13 [2c Ks]
Gabrielfs13: folds 
CaioFerraz AK: raises 80 to 160
GotintowiN: folds 
traumfanger1: folds 
LikeaStone1: calls 160
josemar50: folds 
McCann1874: calls 120
Elfriog7: folds 
*** FLOP *** [3c Qh 3d]
McCann1874: checks 
CaioFerraz AK: checks 
LikeaStone1: bets 80
McCann1874: calls 80
CaioFerraz AK: calls 80
*** TURN *** [3c Qh 3d] [Qc]
McCann1874: checks 
CaioFerraz AK: checks 
LikeaStone1: checks 
*** RIVER *** [3c Qh 3d Qc] [7c]
McCann1874: checks 
CaioFerraz AK: bets 352
LikeaStone1: folds 
McCann1874: calls 352
*** SHOW DOWN ***
CaioFerraz AK: shows [9c 9s] (two pair, Queens and Nines)
McCann1874: mucks hand 
CaioFerraz AK collected 1584 from pot
*** SUMMARY ***
Total pot 1584 | Rake 0 
Board [3c Qh 3d Qc 7c]
Seat 1: GotintowiN folded before Flop (didn't bet)
Seat 2: traumfanger1 folded before Flop (didn't bet)
Seat 3: LikeaStone1 folded on the River
Seat 4: josemar50 (button) folded before Flop (didn't bet)
Seat 5: McCann1874 (small blind) mucked [Jh Ac]
Seat 6: Elfriog7 (big blind) folded before Flop
Seat 7: Gabrielfs13 folded before Flop (didn't bet)
Seat 8: CaioFerraz AK showed [9c 9s] and won (1584) with two pair, Queens and Nines



PokerStars Hand #257253197851: Tournament #3914634328, $4.90+$4.90+$1.20 USD Hold'em No Limit - Level IV (50/100) - 2025/08/07 17:21:47 BRT [2025/08/07 16:21:47 ET]
Table '3914634328 82' 8-max Seat #5 is the button
Seat 1: GotintowiN (9949 in chips) 
Seat 2: traumfanger1 (9890 in chips) 
Seat 3: LikeaStone1 (14526 in chips) 
Seat 4: josemar50 (12063 in chips) 
Seat 5: McCann1874 (8336 in chips) 
Seat 6: Elfriog7 (9696 in chips) 
Seat 7: Gabrielfs13 (9750 in chips) 
Seat 8: CaioFerraz AK (5110 in chips) 
GotintowiN: posts the ante 12
traumfanger1: posts the ante 12
LikeaStone1: posts the ante 12
josemar50: posts the ante 12
McCann1874: posts the ante 12
Elfriog7: posts the ante 12
Gabrielfs13: posts the ante 12
CaioFerraz AK: posts the ante 12
Elfriog7: posts small blind 50
Gabrielfs13: posts big blind 100
*** HOLE CARDS ***
Dealt to Gabrielfs13 [Td 7h]
CaioFerraz AK: folds 
GotintowiN: raises 100 to 200
traumfanger1: folds 
LikeaStone1: folds 
josemar50: folds 
McCann1874: calls 200
Elfriog7 has timed out
Elfriog7: folds 
Elfriog7 is sitting out
Gabrielfs13: folds 
*** FLOP *** [8s 3c Jd]
GotintowiN: bets 250
McCann1874: raises 350 to 600
GotintowiN: calls 350
*** TURN *** [8s 3c Jd] [9d]
GotintowiN: checks 
McCann1874: bets 600
GotintowiN: calls 600
*** RIVER *** [8s 3c Jd 9d] [4c]
GotintowiN: checks 
McCann1874: bets 1523
GotintowiN: folds 
Uncalled bet (1523) returned to McCann1874
McCann1874 collected 3046 from pot
*** SUMMARY ***
Total pot 3046 | Rake 0 
Board [8s 3c Jd 9d 4c]
Seat 1: GotintowiN folded on the River
Seat 2: traumfanger1 folded before Flop (didn't bet)
Seat 3: LikeaStone1 folded before Flop (didn't bet)
Seat 4: josemar50 folded before Flop (didn't bet)
Seat 5: McCann1874 (button) collected (3046)
Seat 6: Elfriog7 (small blind) folded before Flop
Seat 7: Gabrielfs13 (big blind) folded before Flop
Seat 8: CaioFerraz AK folded before Flop (didn't bet)



PokerStars Hand #257253224537: Tournament #3914634328, $4.90+$4.90+$1.20 USD Hold'em No Limit - Level IV (50/100) - 2025/08/07 17:23:35 BRT [2025/08/07 16:23:35 ET]
Table '3914634328 82' 8-max Seat #6 is the button
Seat 1: GotintowiN (8537 in chips) 
Seat 2: traumfanger1 (9878 in chips) 
Seat 3: LikeaStone1 (14514 in chips) 
Seat 4: josemar50 (12051 in chips) 
Seat 5: McCann1874 (9970 in chips) 
Seat 6: Elfriog7 (9634 in chips) is sitting out
Seat 7: Gabrielfs13 (9638 in chips) 
GotintowiN: posts the ante 12
traumfanger1: posts the ante 12
LikeaStone1: posts the ante 12
josemar50: posts the ante 12
McCann1874: posts the ante 12
Elfriog7: posts the ante 12
Gabrielfs13: posts the ante 12
Gabrielfs13: posts small blind 50
GotintowiN: posts big blind 100
*** HOLE CARDS ***
Dealt to Gabrielfs13 [4d 5d]
traumfanger1: folds 
LikeaStone1: folds 
Elfriog7 has returned
josemar50: calls 100
McCann1874: folds 
Elfriog7: calls 100
Gabrielfs13: calls 50
GotintowiN: checks 
*** FLOP *** [5c 3h 6h]
Gabrielfs13: bets 242
GotintowiN: folds 
josemar50: calls 242
Elfriog7: raises 799 to 1041
Gabrielfs13: calls 799
josemar50: calls 799
*** TURN *** [5c 3h 6h] [9c]
Gabrielfs13: checks 
josemar50: checks 
Elfriog7: checks 
*** RIVER *** [5c 3h 6h 9c] [Jh]
Gabrielfs13: checks 
josemar50: checks 
Elfriog7: checks 
*** SHOW DOWN ***
Gabrielfs13: shows [4d 5d] (a pair of Fives)
josemar50: shows [Ad As] (a pair of Aces)
Elfriog7: mucks hand 
josemar50 collected 3607 from pot
*** SUMMARY ***
Total pot 3607 | Rake 0 
Board [5c 3h 6h 9c Jh]
Seat 1: GotintowiN (big blind) folded on the Flop
Seat 2: traumfanger1 folded before Flop (didn't bet)
Seat 3: LikeaStone1 folded before Flop (didn't bet)
Seat 4: josemar50 showed [Ad As] and won (3607) with a pair of Aces
Seat 5: McCann1874 folded before Flop (didn't bet)
Seat 6: Elfriog7 (button) mucked [6s 7s]
Seat 7: Gabrielfs13 (small blind) showed [4d 5d] and lost with a pair of Fives



PokerStars Hand #257253248530: Tournament #3914634328, $4.90+$4.90+$1.20 USD Hold'em No Limit - Level IV (50/100) - 2025/08/07 17:25:12 BRT [2025/08/07 16:25:12 ET]
Table '3914634328 82' 8-max Seat #7 is the button
Seat 1: GotintowiN (8425 in chips) 
Seat 2: traumfanger1 (9866 in chips) 
Seat 3: LikeaStone1 (14502 in chips) 
Seat 4: josemar50 (14505 in chips) 
Seat 5: McCann1874 (9958 in chips) 
Seat 6: Elfriog7 (8481 in chips) 
Seat 7: Gabrielfs13 (8485 in chips) 
Seat 8: sv4nte (10000 in chips) out of hand (moved from another table into small blind)
sv4nte will be allowed to play after the button
GotintowiN: posts the ante 12
traumfanger1: posts the ante 12
LikeaStone1: posts the ante 12
josemar50: posts the ante 12
McCann1874: posts the ante 12
Elfriog7: posts the ante 12
Gabrielfs13: posts the ante 12
GotintowiN: posts small blind 50
traumfanger1: posts big blind 100
*** HOLE CARDS ***
Dealt to Gabrielfs13 [6c Ks]
LikeaStone1: calls 100
josemar50: calls 100
McCann1874: calls 100
Elfriog7: folds 
Gabrielfs13: folds 
GotintowiN: folds 
traumfanger1: checks 
*** FLOP *** [4h 7s 9d]
traumfanger1: checks 
LikeaStone1: bets 200
josemar50: calls 200
McCann1874: calls 200
traumfanger1: folds 
*** TURN *** [4h 7s 9d] [Jc]
LikeaStone1: bets 200
josemar50: raises 1534 to 1734
McCann1874: folds 
LikeaStone1: folds 
Uncalled bet (1534) returned to josemar50
josemar50 collected 1534 from pot
josemar50: doesn't show hand 
*** SUMMARY ***
Total pot 1534 | Rake 0 
Board [4h 7s 9d Jc]
Seat 1: GotintowiN (small blind) folded before Flop
Seat 2: traumfanger1 (big blind) folded on the Flop
Seat 3: LikeaStone1 folded on the Turn
Seat 4: josemar50 collected (1534)
Seat 5: McCann1874 folded on the Turn
Seat 6: Elfriog7 folded before Flop (didn't bet)
Seat 7: Gabrielfs13 (button) folded before Flop (didn't bet)



PokerStars Hand #257253277436: Tournament #3914634328, $4.90+$4.90+$1.20 USD Hold'em No Limit - Level V (60/120) - 2025/08/07 17:27:08 BRT [2025/08/07 16:27:08 ET]
Table '3914634328 82' 8-max Seat #1 is the button
Seat 1: GotintowiN (8363 in chips) 
Seat 2: traumfanger1 (9754 in chips) 
Seat 3: LikeaStone1 (13990 in chips) 
Seat 4: josemar50 (15527 in chips) 
Seat 5: McCann1874 (9646 in chips) 
Seat 6: Elfriog7 (8469 in chips) 
Seat 7: Gabrielfs13 (8473 in chips) 
Seat 8: sv4nte (10000 in chips) 
GotintowiN: posts the ante 16
traumfanger1: posts the ante 16
LikeaStone1: posts the ante 16
josemar50: posts the ante 16
McCann1874: posts the ante 16
Elfriog7: posts the ante 16
Gabrielfs13: posts the ante 16
sv4nte: posts the ante 16
traumfanger1: posts small blind 60
LikeaStone1: posts big blind 120
*** HOLE CARDS ***
Dealt to Gabrielfs13 [6s Ac]
josemar50: raises 120 to 240
McCann1874: calls 240
Elfriog7: folds 
Gabrielfs13: folds 
sv4nte: folds 
GotintowiN: folds 
traumfanger1: calls 180
LikeaStone1: calls 120
*** FLOP *** [Ks 5d Ad]
traumfanger1: checks 
LikeaStone1: checks 
josemar50: checks 
McCann1874: bets 240
traumfanger1: raises 720 to 960
LikeaStone1: raises 12774 to 13734 and is all-in
josemar50: folds 
McCann1874: calls 9150 and is all-in
traumfanger1: calls 8538 and is all-in
Uncalled bet (4236) returned to LikeaStone1
*** TURN *** [Ks 5d Ad] [5c]
*** RIVER *** [Ks 5d Ad 5c] [3s]
*** SHOW DOWN ***
traumfanger1: shows [5s As] (a full house, Fives full of Aces)
LikeaStone1: shows [Kd Td] (two pair, Kings and Fives)
traumfanger1 collected 216 from side pot
McCann1874: shows [Qd 7d] (a pair of Fives)
traumfanger1 collected 29258 from main pot
McCann1874 finished the tournament
*** SUMMARY ***
Total pot 29474 Main pot 29258. Side pot 216. | Rake 0 
Board [Ks 5d Ad 5c 3s]
Seat 1: GotintowiN (button) folded before Flop (didn't bet)
Seat 2: traumfanger1 (small blind) showed [5s As] and won (29474) with a full house, Fives full of Aces
Seat 3: LikeaStone1 (big blind) showed [Kd Td] and lost with two pair, Kings and Fives
Seat 4: josemar50 folded on the Flop
Seat 5: McCann1874 showed [Qd 7d] and lost with a pair of Fives
Seat 6: Elfriog7 folded before Flop (didn't bet)
Seat 7: Gabrielfs13 folded before Flop (didn't bet)
Seat 8: sv4nte folded before Flop (didn't bet)



PokerStars Hand #257253293488: Tournament #3914634328, $4.90+$4.90+$1.20 USD Hold'em No Limit - Level V (60/120) - 2025/08/07 17:28:13 BRT [2025/08/07 16:28:13 ET]
Table '3914634328 82' 8-max Seat #2 is the button
Seat 1: GotintowiN (8347 in chips) 
Seat 2: traumfanger1 (29474 in chips) 
Seat 3: LikeaStone1 (4236 in chips) 
Seat 4: josemar50 (15271 in chips) 
Seat 6: Elfriog7 (8453 in chips) 
Seat 7: Gabrielfs13 (8457 in chips) 
Seat 8: sv4nte (9984 in chips) 
GotintowiN: posts the ante 16
traumfanger1: posts the ante 16
LikeaStone1: posts the ante 16
josemar50: posts the ante 16
Elfriog7: posts the ante 16
Gabrielfs13: posts the ante 16
sv4nte: posts the ante 16
LikeaStone1: posts small blind 60
josemar50: posts big blind 120
*** HOLE CARDS ***
Dealt to Gabrielfs13 [4s Ks]
sinhron is disconnected 
Elfriog7: folds 
Gabrielfs13: raises 120 to 240
sv4nte: calls 240
GotintowiN: folds 
traumfanger1: folds 
LikeaStone1: folds 
josemar50: calls 120
*** FLOP *** [Qs 9c 3c]
josemar50: checks 
Gabrielfs13: checks 
sv4nte: bets 446
josemar50: folds 
Gabrielfs13: folds 
Uncalled bet (446) returned to sv4nte
sv4nte collected 892 from pot
*** SUMMARY ***
Total pot 892 | Rake 0 
Board [Qs 9c 3c]
Seat 1: GotintowiN folded before Flop (didn't bet)
Seat 2: traumfanger1 (button) folded before Flop (didn't bet)
Seat 3: LikeaStone1 (small blind) folded before Flop
Seat 4: josemar50 (big blind) folded on the Flop
Seat 6: Elfriog7 folded before Flop (didn't bet)
Seat 7: Gabrielfs13 folded on the Flop
Seat 8: sv4nte collected (892)



PokerStars Hand #257253308437: Tournament #3914634328, $4.90+$4.90+$1.20 USD Hold'em No Limit - Level V (60/120) - 2025/08/07 17:29:13 BRT [2025/08/07 16:29:13 ET]
Table '3914634328 82' 8-max Seat #3 is the button
Seat 1: GotintowiN (8331 in chips) 
Seat 2: traumfanger1 (29458 in chips) 
Seat 3: LikeaStone1 (4160 in chips) 
Seat 4: josemar50 (15015 in chips) 
Seat 5: sinhron (10000 in chips) 
Seat 7: Gabrielfs13 (8201 in chips) 
Seat 8: sv4nte (10620 in chips) 
GotintowiN: posts the ante 16
traumfanger1: posts the ante 16
LikeaStone1: posts the ante 16
josemar50: posts the ante 16
sinhron: posts the ante 16
Gabrielfs13: posts the ante 16
sv4nte: posts the ante 16
josemar50: posts small blind 60
sinhron: posts big blind 120
*** HOLE CARDS ***
Dealt to Gabrielfs13 [7c Td]
pROdGeee is disconnected 
Gabrielfs13: folds 
sv4nte: folds 
GotintowiN: raises 120 to 240
traumfanger1: folds 
LikeaStone1: folds 
josemar50: calls 180
sinhron: calls 120
*** FLOP *** [8c 9c Qc]
josemar50: checks 
sinhron: checks 
GotintowiN: checks 
*** TURN *** [8c 9c Qc] [5s]
josemar50: checks 
sinhron: bets 582
GotintowiN: folds 
josemar50: calls 582
*** RIVER *** [8c 9c Qc 5s] [3h]
josemar50: checks 
sinhron: bets 1397
josemar50: raises 4790 to 6187
sinhron: folds 
Uncalled bet (4790) returned to josemar50
josemar50 collected 4790 from pot
josemar50: doesn't show hand 
*** SUMMARY ***
Total pot 4790 | Rake 0 
Board [8c 9c Qc 5s 3h]
Seat 1: GotintowiN folded on the Turn
Seat 2: traumfanger1 folded before Flop (didn't bet)
Seat 3: LikeaStone1 (button) folded before Flop (didn't bet)
Seat 4: josemar50 (small blind) collected (4790)
Seat 5: sinhron (big blind) folded on the River
Seat 7: Gabrielfs13 folded before Flop (didn't bet)
Seat 8: sv4nte folded before Flop (didn't bet)



PokerStars Hand #257253330785: Tournament #3914634328, $4.90+$4.90+$1.20 USD Hold'em No Limit - Level V (60/120) - 2025/08/07 17:30:42 BRT [2025/08/07 16:30:42 ET]
Table '3914634328 82' 8-max Seat #4 is the button
Seat 1: GotintowiN (8075 in chips) 
Seat 2: traumfanger1 (29442 in chips) 
Seat 3: LikeaStone1 (4144 in chips) 
Seat 4: josemar50 (17570 in chips) 
Seat 5: sinhron (7765 in chips) 
Seat 6: pROdGeee (10000 in chips) 
Seat 7: Gabrielfs13 (8185 in chips) 
Seat 8: sv4nte (10604 in chips) 
GotintowiN: posts the ante 16
traumfanger1: posts the ante 16
LikeaStone1: posts the ante 16
josemar50: posts the ante 16
sinhron: posts the ante 16
pROdGeee: posts the ante 16
Gabrielfs13: posts the ante 16
sv4nte: posts the ante 16
sinhron: posts small blind 60
pROdGeee: posts big blind 120
*** HOLE CARDS ***
Dealt to Gabrielfs13 [2c 3d]
Gabrielfs13: folds 
sv4nte: folds 
GotintowiN: raises 120 to 240
traumfanger1: folds 
LikeaStone1: folds 
josemar50: folds 
sinhron: raises 360 to 600
pROdGeee: folds 
GotintowiN: folds 
Uncalled bet (360) returned to sinhron
sinhron collected 728 from pot
sinhron: doesn't show hand 
*** SUMMARY ***
Total pot 728 | Rake 0 
Seat 1: GotintowiN folded before Flop
Seat 2: traumfanger1 folded before Flop (didn't bet)
Seat 3: LikeaStone1 folded before Flop (didn't bet)
Seat 4: josemar50 (button) folded before Flop (didn't bet)
Seat 5: sinhron (small blind) collected (728)
Seat 6: pROdGeee (big blind) folded before Flop
Seat 7: Gabrielfs13 folded before Flop (didn't bet)
Seat 8: sv4nte folded before Flop (didn't bet)



PokerStars Hand #257253339737: Tournament #3914634328, $4.90+$4.90+$1.20 USD Hold'em No Limit - Level V (60/120) - 2025/08/07 17:31:17 BRT [2025/08/07 16:31:17 ET]
Table '3914634328 82' 8-max Seat #5 is the button
Seat 1: GotintowiN (7819 in chips) 
Seat 2: traumfanger1 (29426 in chips) 
Seat 3: LikeaStone1 (4128 in chips) 
Seat 4: josemar50 (17554 in chips) 
Seat 5: sinhron (8237 in chips) 
Seat 6: pROdGeee (9864 in chips) 
Seat 7: Gabrielfs13 (8169 in chips) 
Seat 8: sv4nte (10588 in chips) 
GotintowiN: posts the ante 16
traumfanger1: posts the ante 16
LikeaStone1: posts the ante 16
josemar50: posts the ante 16
sinhron: posts the ante 16
pROdGeee: posts the ante 16
Gabrielfs13: posts the ante 16
sv4nte: posts the ante 16
pROdGeee: posts small blind 60
Gabrielfs13: posts big blind 120
*** HOLE CARDS ***
Dealt to Gabrielfs13 [Qs 3d]
sv4nte: folds 
GotintowiN: raises 120 to 240
traumfanger1: folds 
LikeaStone1: folds 
josemar50: folds 
sinhron: folds 
pROdGeee: folds 
Gabrielfs13: folds 
Uncalled bet (120) returned to GotintowiN
GotintowiN collected 428 from pot
*** SUMMARY ***
Total pot 428 | Rake 0 
Seat 1: GotintowiN collected (428)
Seat 2: traumfanger1 folded before Flop (didn't bet)
Seat 3: LikeaStone1 folded before Flop (didn't bet)
Seat 4: josemar50 folded before Flop (didn't bet)
Seat 5: sinhron (button) folded before Flop (didn't bet)
Seat 6: pROdGeee (small blind) folded before Flop
Seat 7: Gabrielfs13 (big blind) folded before Flop
Seat 8: sv4nte folded before Flop (didn't bet)



PokerStars Hand #257253345908: Tournament #3914634328, $4.90+$4.90+$1.20 USD Hold'em No Limit - Level V (60/120) - 2025/08/07 17:31:42 BRT [2025/08/07 16:31:42 ET]
Table '3914634328 82' 8-max Seat #6 is the button
Seat 1: GotintowiN (8111 in chips) 
Seat 2: traumfanger1 (29410 in chips) 
Seat 3: LikeaStone1 (4112 in chips) 
Seat 4: josemar50 (17538 in chips) 
Seat 5: sinhron (8221 in chips) 
Seat 6: pROdGeee (9788 in chips) 
Seat 7: Gabrielfs13 (8033 in chips) 
Seat 8: sv4nte (10572 in chips) 
GotintowiN: posts the ante 16
traumfanger1: posts the ante 16
LikeaStone1: posts the ante 16
josemar50: posts the ante 16
sinhron: posts the ante 16
pROdGeee: posts the ante 16
Gabrielfs13: posts the ante 16
sv4nte: posts the ante 16
Gabrielfs13: posts small blind 60
sv4nte: posts big blind 120
*** HOLE CARDS ***
Dealt to Gabrielfs13 [Ac 4d]
GotintowiN: folds 
traumfanger1: folds 
LikeaStone1 has timed out
LikeaStone1: folds 
LikeaStone1 is sitting out
LikeaStone1 has returned
josemar50: calls 120
sinhron: folds 
pROdGeee: folds 
sinhron is sitting out
Gabrielfs13: folds 
sv4nte: checks 
*** FLOP *** [Ts 8s 8c]
sv4nte: bets 214
josemar50: calls 214
*** TURN *** [Ts 8s 8c] [5s]
sv4nte: checks 
josemar50: bets 856
sv4nte: folds 
Uncalled bet (856) returned to josemar50
josemar50 collected 856 from pot
josemar50: doesn't show hand 
*** SUMMARY ***
Total pot 856 | Rake 0 
Board [Ts 8s 8c 5s]
Seat 1: GotintowiN folded before Flop (didn't bet)
Seat 2: traumfanger1 folded before Flop (didn't bet)
Seat 3: LikeaStone1 folded before Flop (didn't bet)
Seat 4: josemar50 collected (856)
Seat 5: sinhron folded before Flop (didn't bet)
Seat 6: pROdGeee (button) folded before Flop (didn't bet)
Seat 7: Gabrielfs13 (small blind) folded before Flop
Seat 8: sv4nte (big blind) folded on the Turn



PokerStars Hand #257253366509: Tournament #3914634328, $4.90+$4.90+$1.20 USD Hold'em No Limit - Level VI (80/160) - 2025/08/07 17:33:03 BRT [2025/08/07 16:33:03 ET]
Table '3914634328 82' 8-max Seat #7 is the button
Seat 1: pokerman_721 (10000 in chips) 
Seat 2: traumfanger1 (29394 in chips) 
Seat 3: LikeaStone1 (4096 in chips) 
Seat 4: josemar50 (18044 in chips) 
Seat 5: sinhron (8205 in chips) is sitting out
Seat 6: pROdGeee (9772 in chips) 
Seat 7: Gabrielfs13 (7957 in chips) 
Seat 8: sv4nte (10222 in chips) 
pokerman_721: posts the ante 20
traumfanger1: posts the ante 20
LikeaStone1: posts the ante 20
josemar50: posts the ante 20
sinhron: posts the ante 20
pROdGeee: posts the ante 20
Gabrielfs13: posts the ante 20
sv4nte: posts the ante 20
sv4nte: posts small blind 80
pokerman_721: posts big blind 160
*** HOLE CARDS ***
Dealt to Gabrielfs13 [5c 6h]
pokerman_721 is disconnected 
traumfanger1: raises 160 to 320
LikeaStone1: folds 
josemar50: folds 
sinhron: folds 
pROdGeee: folds 
Gabrielfs13: folds 
sv4nte: folds 
pokerman_721: calls 160
*** FLOP *** [5h 8c 9s]
pokerman_721: checks 
traumfanger1: bets 580
pokerman_721: raises 1020 to 1600
traumfanger1: folds 
Uncalled bet (1020) returned to pokerman_721
pokerman_721 collected 2040 from pot
pokerman_721: doesn't show hand 
*** SUMMARY ***
Total pot 2040 | Rake 0 
Board [5h 8c 9s]
Seat 1: pokerman_721 (big blind) collected (2040)
Seat 2: traumfanger1 folded on the Flop
Seat 3: LikeaStone1 folded before Flop (didn't bet)
Seat 4: josemar50 folded before Flop (didn't bet)
Seat 5: sinhron folded before Flop (didn't bet)
Seat 6: pROdGeee folded before Flop (didn't bet)
Seat 7: Gabrielfs13 (button) folded before Flop (didn't bet)
Seat 8: sv4nte (small blind) folded before Flop



PokerStars Hand #257253375481: Tournament #3914634328, $4.90+$4.90+$1.20 USD Hold'em No Limit - Level VI (80/160) - 2025/08/07 17:33:39 BRT [2025/08/07 16:33:39 ET]
Table '3914634328 82' 8-max Seat #8 is the button
Seat 1: pokerman_721 (11120 in chips) 
Seat 2: traumfanger1 (28474 in chips) 
Seat 3: LikeaStone1 (4076 in chips) 
Seat 4: josemar50 (18024 in chips) 
Seat 5: sinhron (8185 in chips) is sitting out
Seat 6: pROdGeee (9752 in chips) 
Seat 7: Gabrielfs13 (7937 in chips) 
Seat 8: sv4nte (10122 in chips) 
pokerman_721: posts the ante 20
traumfanger1: posts the ante 20
LikeaStone1: posts the ante 20
josemar50: posts the ante 20
sinhron: posts the ante 20
pROdGeee: posts the ante 20
Gabrielfs13: posts the ante 20
sv4nte: posts the ante 20
pokerman_721: posts small blind 80
traumfanger1: posts big blind 160
*** HOLE CARDS ***
Dealt to Gabrielfs13 [Td 2h]
LikeaStone1: folds 
josemar50: calls 160
sinhron: folds 
pROdGeee: folds 
Gabrielfs13: folds 
sv4nte: raises 480 to 640
pokerman_721: folds 
traumfanger1: folds 
josemar50: folds 
Uncalled bet (480) returned to sv4nte
sv4nte collected 720 from pot
*** SUMMARY ***
Total pot 720 | Rake 0 
Seat 1: pokerman_721 (small blind) folded before Flop
Seat 2: traumfanger1 (big blind) folded before Flop
Seat 3: LikeaStone1 folded before Flop (didn't bet)
Seat 4: josemar50 folded before Flop
Seat 5: sinhron folded before Flop (didn't bet)
Seat 6: pROdGeee folded before Flop (didn't bet)
Seat 7: Gabrielfs13 folded before Flop (didn't bet)
Seat 8: sv4nte (button) collected (720)



PokerStars Hand #257253383915: Tournament #3914634328, $4.90+$4.90+$1.20 USD Hold'em No Limit - Level VI (80/160) - 2025/08/07 17:34:13 BRT [2025/08/07 16:34:13 ET]
Table '3914634328 82' 8-max Seat #1 is the button
Seat 1: pokerman_721 (11020 in chips) 
Seat 2: traumfanger1 (28294 in chips) 
Seat 3: LikeaStone1 (4056 in chips) 
Seat 4: josemar50 (17844 in chips) 
Seat 6: pROdGeee (9732 in chips) 
Seat 7: Gabrielfs13 (7917 in chips) 
Seat 8: sv4nte (10662 in chips) 
pokerman_721: posts the ante 20
traumfanger1: posts the ante 20
LikeaStone1: posts the ante 20
josemar50: posts the ante 20
pROdGeee: posts the ante 20
Gabrielfs13: posts the ante 20
sv4nte: posts the ante 20
traumfanger1: posts small blind 80
LikeaStone1: posts big blind 160
*** HOLE CARDS ***
Dealt to Gabrielfs13 [Ts Td]
josemar50: folds 
pROdGeee: folds 
Night_Furiaa is disconnected 
Gabrielfs13: raises 160 to 320
sv4nte: folds 
pokerman_721: folds 
traumfanger1: calls 240
LikeaStone1: folds 
*** FLOP *** [Js Kh 5s]
traumfanger1: checks 
Gabrielfs13: bets 240
traumfanger1: calls 240
*** TURN *** [Js Kh 5s] [Qc]
traumfanger1: checks 
Gabrielfs13: checks 
*** RIVER *** [Js Kh 5s Qc] [9s]
traumfanger1: checks 
Gabrielfs13: checks 
*** SHOW DOWN ***
traumfanger1: shows [Jc Ad] (a pair of Jacks)
Gabrielfs13: shows [Ts Td] (a straight, Nine to King)
Gabrielfs13 collected 1420 from pot
*** SUMMARY ***
Total pot 1420 | Rake 0 
Board [Js Kh 5s Qc 9s]
Seat 1: pokerman_721 (button) folded before Flop (didn't bet)
Seat 2: traumfanger1 (small blind) showed [Jc Ad] and lost with a pair of Jacks
Seat 3: LikeaStone1 (big blind) folded before Flop
Seat 4: josemar50 folded before Flop (didn't bet)
Seat 6: pROdGeee folded before Flop (didn't bet)
Seat 7: Gabrielfs13 showed [Ts Td] and won (1420) with a straight, Nine to King
Seat 8: sv4nte folded before Flop (didn't bet)



PokerStars Hand #257253400595: Tournament #3914634328, $4.90+$4.90+$1.20 USD Hold'em No Limit - Level VI (80/160) - 2025/08/07 17:35:18 BRT [2025/08/07 16:35:18 ET]
Table '3914634328 82' 8-max Seat #2 is the button
Seat 1: pokerman_721 (11000 in chips) 
Seat 2: traumfanger1 (27714 in chips) 
Seat 3: LikeaStone1 (3876 in chips) 
Seat 4: josemar50 (17824 in chips) 
Seat 5: Night_Furiaa (10000 in chips) 
Seat 6: pROdGeee (9712 in chips) 
Seat 7: Gabrielfs13 (8757 in chips) 
Seat 8: sv4nte (10642 in chips) 
pokerman_721: posts the ante 20
traumfanger1: posts the ante 20
LikeaStone1: posts the ante 20
josemar50: posts the ante 20
Night_Furiaa: posts the ante 20
pROdGeee: posts the ante 20
Gabrielfs13: posts the ante 20
sv4nte: posts the ante 20
LikeaStone1: posts small blind 80
josemar50: posts big blind 160
*** HOLE CARDS ***
Dealt to Gabrielfs13 [8h 8d]
Night_Furiaa: folds 
pROdGeee: folds 
Gabrielfs13: raises 160 to 320
sv4nte: folds 
pokerman_721: raises 800 to 1120
traumfanger1: folds 
LikeaStone1: folds 
josemar50: calls 960
Gabrielfs13: raises 7617 to 8737 and is all-in
pokerman_721: folds 
josemar50: folds 
Uncalled bet (7617) returned to Gabrielfs13
Gabrielfs13 collected 3600 from pot
Gabrielfs13: doesn't show hand 
*** SUMMARY ***
Total pot 3600 | Rake 0 
Seat 1: pokerman_721 folded before Flop
Seat 2: traumfanger1 (button) folded before Flop (didn't bet)
Seat 3: LikeaStone1 (small blind) folded before Flop
Seat 4: josemar50 (big blind) folded before Flop
Seat 5: Night_Furiaa folded before Flop (didn't bet)
Seat 6: pROdGeee folded before Flop (didn't bet)
Seat 7: Gabrielfs13 collected (3600)
Seat 8: sv4nte folded before Flop (didn't bet)



PokerStars Hand #257253414607: Tournament #3914634328, $4.90+$4.90+$1.20 USD Hold'em No Limit - Level VI (80/160) - 2025/08/07 17:36:14 BRT [2025/08/07 16:36:14 ET]
Table '3914634328 82' 8-max Seat #3 is the button
Seat 1: pokerman_721 (9860 in chips) 
Seat 2: traumfanger1 (27694 in chips) 
Seat 3: LikeaStone1 (3776 in chips) 
Seat 4: josemar50 (16684 in chips) 
Seat 5: Night_Furiaa (9980 in chips) 
Seat 6: pROdGeee (9692 in chips) 
Seat 7: Gabrielfs13 (11217 in chips) 
Seat 8: sv4nte (10622 in chips) 
pokerman_721: posts the ante 20
traumfanger1: posts the ante 20
LikeaStone1: posts the ante 20
josemar50: posts the ante 20
Night_Furiaa: posts the ante 20
pROdGeee: posts the ante 20
Gabrielfs13: posts the ante 20
sv4nte: posts the ante 20
josemar50: posts small blind 80
Night_Furiaa: posts big blind 160
*** HOLE CARDS ***
Dealt to Gabrielfs13 [7h 5s]
pROdGeee: folds 
Gabrielfs13: folds 
sv4nte: folds 
pokerman_721: folds 
traumfanger1: raises 160 to 320
LikeaStone1: folds 
josemar50: folds 
Night_Furiaa: folds 
Uncalled bet (160) returned to traumfanger1
traumfanger1 collected 560 from pot
traumfanger1: doesn't show hand 
*** SUMMARY ***
Total pot 560 | Rake 0 
Seat 1: pokerman_721 folded before Flop (didn't bet)
Seat 2: traumfanger1 collected (560)
Seat 3: LikeaStone1 (button) folded before Flop (didn't bet)
Seat 4: josemar50 (small blind) folded before Flop
Seat 5: Night_Furiaa (big blind) folded before Flop
Seat 6: pROdGeee folded before Flop (didn't bet)
Seat 7: Gabrielfs13 folded before Flop (didn't bet)
Seat 8: sv4nte folded before Flop (didn't bet)



PokerStars Hand #257253421977: Tournament #3914634328, $4.90+$4.90+$1.20 USD Hold'em No Limit - Level VI (80/160) - 2025/08/07 17:36:42 BRT [2025/08/07 16:36:42 ET]
Table '3914634328 82' 8-max Seat #4 is the button
Seat 1: pokerman_721 (9840 in chips) 
Seat 2: traumfanger1 (28074 in chips) 
Seat 3: LikeaStone1 (3756 in chips) 
Seat 4: josemar50 (16584 in chips) 
Seat 5: Night_Furiaa (9800 in chips) 
Seat 6: pROdGeee (9672 in chips) 
Seat 7: Gabrielfs13 (11197 in chips) 
Seat 8: sv4nte (10602 in chips) 
pokerman_721: posts the ante 20
traumfanger1: posts the ante 20
LikeaStone1: posts the ante 20
josemar50: posts the ante 20
Night_Furiaa: posts the ante 20
pROdGeee: posts the ante 20
Gabrielfs13: posts the ante 20
sv4nte: posts the ante 20
Night_Furiaa: posts small blind 80
pROdGeee: posts big blind 160
*** HOLE CARDS ***
Dealt to Gabrielfs13 [3d 2c]
Gabrielfs13: folds 
sv4nte: raises 320 to 480
pokerman_721: calls 480
traumfanger1: folds 
LikeaStone1 has timed out
LikeaStone1: folds 
LikeaStone1 is sitting out
LikeaStone1 has returned
josemar50: folds 
Night_Furiaa: folds 
pROdGeee: folds 
*** FLOP *** [Ts As Ah]
sv4nte: bets 320
pokerman_721: folds [9d]
Uncalled bet (320) returned to sv4nte
sv4nte collected 1360 from pot
*** SUMMARY ***
Total pot 1360 | Rake 0 
Board [Ts As Ah]
Seat 1: pokerman_721 folded on the Flop
Seat 2: traumfanger1 folded before Flop (didn't bet)
Seat 3: LikeaStone1 folded before Flop (didn't bet)
Seat 4: josemar50 (button) folded before Flop (didn't bet)
Seat 5: Night_Furiaa (small blind) folded before Flop
Seat 6: pROdGeee (big blind) folded before Flop
Seat 7: Gabrielfs13 folded before Flop (didn't bet)
Seat 8: sv4nte collected (1360)



PokerStars Hand #257253436240: Tournament #3914634328, $4.90+$4.90+$1.20 USD Hold'em No Limit - Level VI (80/160) - 2025/08/07 17:37:38 BRT [2025/08/07 16:37:38 ET]
Table '3914634328 82' 8-max Seat #5 is the button
Seat 1: pokerman_721 (9340 in chips) 
Seat 2: traumfanger1 (28054 in chips) 
Seat 3: LikeaStone1 (3736 in chips) 
Seat 4: josemar50 (16564 in chips) 
Seat 5: Night_Furiaa (9700 in chips) 
Seat 6: pROdGeee (9492 in chips) 
Seat 7: Gabrielfs13 (11177 in chips) 
Seat 8: sv4nte (11462 in chips) 
pokerman_721: posts the ante 20
traumfanger1: posts the ante 20
LikeaStone1: posts the ante 20
josemar50: posts the ante 20
Night_Furiaa: posts the ante 20
pROdGeee: posts the ante 20
Gabrielfs13: posts the ante 20
sv4nte: posts the ante 20
pROdGeee: posts small blind 80
Gabrielfs13: posts big blind 160
*** HOLE CARDS ***
Dealt to Gabrielfs13 [2h Jh]
sv4nte: folds 
pokerman_721: folds 
traumfanger1: folds 
LikeaStone1: folds 
josemar50: folds 
Night_Furiaa: raises 240 to 400
pROdGeee: folds 
Gabrielfs13: calls 240
*** FLOP *** [Th Kh 6s]
Gabrielfs13: checks 
Night_Furiaa: bets 343
Gabrielfs13: raises 537 to 880
Night_Furiaa: folds 
Uncalled bet (537) returned to Gabrielfs13
Gabrielfs13 collected 1726 from pot
Gabrielfs13: doesn't show hand 
*** SUMMARY ***
Total pot 1726 | Rake 0 
Board [Th Kh 6s]
Seat 1: pokerman_721 folded before Flop (didn't bet)
Seat 2: traumfanger1 folded before Flop (didn't bet)
Seat 3: LikeaStone1 folded before Flop (didn't bet)
Seat 4: josemar50 folded before Flop (didn't bet)
Seat 5: Night_Furiaa (button) folded on the Flop
Seat 6: pROdGeee (small blind) folded before Flop
Seat 7: Gabrielfs13 (big blind) collected (1726)
Seat 8: sv4nte folded before Flop (didn't bet)



PokerStars Hand #257253452891: Tournament #3914634328, $4.90+$4.90+$1.20 USD Hold'em No Limit - Level VII (100/200) - 2025/08/07 17:38:42 BRT [2025/08/07 16:38:42 ET]
Table '3914634328 82' 8-max Seat #6 is the button
Seat 1: pokerman_721 (9320 in chips) 
Seat 2: traumfanger1 (28034 in chips) 
Seat 3: LikeaStone1 (3716 in chips) 
Seat 4: josemar50 (16544 in chips) 
Seat 5: Night_Furiaa (8937 in chips) 
Seat 6: pROdGeee (9392 in chips) 
Seat 7: Gabrielfs13 (12140 in chips) 
Seat 8: sv4nte (11442 in chips) 
pokerman_721: posts the ante 25
traumfanger1: posts the ante 25
LikeaStone1: posts the ante 25
josemar50: posts the ante 25
Night_Furiaa: posts the ante 25
pROdGeee: posts the ante 25
Gabrielfs13: posts the ante 25
sv4nte: posts the ante 25
Gabrielfs13: posts small blind 100
sv4nte: posts big blind 200
*** HOLE CARDS ***
Dealt to Gabrielfs13 [4d Kh]
pokerman_721: folds 
traumfanger1: folds 
LikeaStone1: folds 
josemar50: raises 200 to 400
Night_Furiaa: folds 
pROdGeee: calls 400
Gabrielfs13: folds 
sv4nte: calls 200
*** FLOP *** [Th 5c Tc]
sv4nte: checks 
josemar50: checks 
pROdGeee: checks 
*** TURN *** [Th 5c Tc] [As]
sv4nte: checks 
josemar50: bets 750
pROdGeee: folds 
sv4nte: folds 
Uncalled bet (750) returned to josemar50
josemar50 collected 1500 from pot
josemar50: doesn't show hand 
*** SUMMARY ***
Total pot 1500 | Rake 0 
Board [Th 5c Tc As]
Seat 1: pokerman_721 folded before Flop (didn't bet)
Seat 2: traumfanger1 folded before Flop (didn't bet)
Seat 3: LikeaStone1 folded before Flop (didn't bet)
Seat 4: josemar50 collected (1500)
Seat 5: Night_Furiaa folded before Flop (didn't bet)
Seat 6: pROdGeee (button) folded on the Turn
Seat 7: Gabrielfs13 (small blind) folded before Flop
Seat 8: sv4nte (big blind) folded on the Turn



PokerStars Hand #257253474197: Tournament #3914634328, $4.90+$4.90+$1.20 USD Hold'em No Limit - Level VII (100/200) - 2025/08/07 17:40:06 BRT [2025/08/07 16:40:06 ET]
Table '3914634328 82' 8-max Seat #7 is the button
Seat 1: pokerman_721 (9295 in chips) 
Seat 2: traumfanger1 (28009 in chips) 
Seat 3: LikeaStone1 (3691 in chips) 
Seat 4: josemar50 (17619 in chips) 
Seat 5: Night_Furiaa (8912 in chips) 
Seat 6: pROdGeee (8967 in chips) 
Seat 7: Gabrielfs13 (12015 in chips) 
Seat 8: sv4nte (11017 in chips) 
pokerman_721: posts the ante 25
traumfanger1: posts the ante 25
LikeaStone1: posts the ante 25
josemar50: posts the ante 25
Night_Furiaa: posts the ante 25
pROdGeee: posts the ante 25
Gabrielfs13: posts the ante 25
sv4nte: posts the ante 25
sv4nte: posts small blind 100
pokerman_721: posts big blind 200
*** HOLE CARDS ***
Dealt to Gabrielfs13 [9c 5h]
traumfanger1: folds 
LikeaStone1: folds 
josemar50: raises 200 to 400
Night_Furiaa: folds 
pROdGeee: folds 
Gabrielfs13: folds 
sv4nte: folds 
pokerman_721: folds 
Uncalled bet (200) returned to josemar50
josemar50 collected 700 from pot
josemar50: doesn't show hand 
*** SUMMARY ***
Total pot 700 | Rake 0 
Seat 1: pokerman_721 (big blind) folded before Flop
Seat 2: traumfanger1 folded before Flop (didn't bet)
Seat 3: LikeaStone1 folded before Flop (didn't bet)
Seat 4: josemar50 collected (700)
Seat 5: Night_Furiaa folded before Flop (didn't bet)
Seat 6: pROdGeee folded before Flop (didn't bet)
Seat 7: Gabrielfs13 (button) folded before Flop (didn't bet)
Seat 8: sv4nte (small blind) folded before Flop



PokerStars Hand #257253481399: Tournament #3914634328, $4.90+$4.90+$1.20 USD Hold'em No Limit - Level VII (100/200) - 2025/08/07 17:40:35 BRT [2025/08/07 16:40:35 ET]
Table '3914634328 82' 8-max Seat #8 is the button
Seat 1: pokerman_721 (9070 in chips) 
Seat 2: traumfanger1 (27984 in chips) 
Seat 3: LikeaStone1 (3666 in chips) 
Seat 4: josemar50 (18094 in chips) 
Seat 5: Night_Furiaa (8887 in chips) 
Seat 6: pROdGeee (8942 in chips) 
Seat 7: Gabrielfs13 (11990 in chips) 
Seat 8: sv4nte (10892 in chips) 
pokerman_721: posts the ante 25
traumfanger1: posts the ante 25
LikeaStone1: posts the ante 25
josemar50: posts the ante 25
Night_Furiaa: posts the ante 25
pROdGeee: posts the ante 25
Gabrielfs13: posts the ante 25
sv4nte: posts the ante 25
pokerman_721: posts small blind 100
traumfanger1: posts big blind 200
*** HOLE CARDS ***
Dealt to Gabrielfs13 [8h Ac]
LikeaStone1: calls 200
josemar50: folds 
Night_Furiaa: folds 
pROdGeee: folds 
Gabrielfs13: raises 600 to 800
sv4nte: calls 800
pokerman_721: calls 700
traumfanger1: folds 
LikeaStone1: calls 600
*** FLOP *** [Td Jd 4s]
pokerman_721: checks 
LikeaStone1: bets 2841 and is all-in
Gabrielfs13: folds 
sv4nte: folds 
pokerman_721: folds [5c]
Uncalled bet (2841) returned to LikeaStone1
LikeaStone1 collected 3600 from pot
LikeaStone1: doesn't show hand 
*** SUMMARY ***
Total pot 3600 | Rake 0 
Board [Td Jd 4s]
Seat 1: pokerman_721 (small blind) folded on the Flop
Seat 2: traumfanger1 (big blind) folded before Flop
Seat 3: LikeaStone1 collected (3600)
Seat 4: josemar50 folded before Flop (didn't bet)
Seat 5: Night_Furiaa folded before Flop (didn't bet)
Seat 6: pROdGeee folded before Flop (didn't bet)
Seat 7: Gabrielfs13 folded on the Flop
Seat 8: sv4nte (button) folded on the Flop



PokerStars Hand #257253498910: Tournament #3914634328, $4.90+$4.90+$1.20 USD Hold'em No Limit - Level VII (100/200) - 2025/08/07 17:41:45 BRT [2025/08/07 16:41:45 ET]
Table '3914634328 82' 8-max Seat #1 is the button
Seat 1: pokerman_721 (8245 in chips) 
Seat 2: traumfanger1 (27759 in chips) 
Seat 3: LikeaStone1 (6441 in chips) 
Seat 4: josemar50 (18069 in chips) 
Seat 5: Night_Furiaa (8862 in chips) 
Seat 6: pROdGeee (8917 in chips) 
Seat 7: Gabrielfs13 (11165 in chips) 
Seat 8: sv4nte (10067 in chips) 
pokerman_721: posts the ante 25
traumfanger1: posts the ante 25
LikeaStone1: posts the ante 25
josemar50: posts the ante 25
Night_Furiaa: posts the ante 25
pROdGeee: posts the ante 25
Gabrielfs13: posts the ante 25
sv4nte: posts the ante 25
traumfanger1: posts small blind 100
LikeaStone1: posts big blind 200
*** HOLE CARDS ***
Dealt to Gabrielfs13 [7d Jh]
josemar50: calls 200
Night_Furiaa: folds 
pROdGeee: folds 
Gabrielfs13: folds 
sv4nte: folds 
pokerman_721: raises 200 to 400
traumfanger1: folds 
LikeaStone1 has timed out
LikeaStone1: folds 
LikeaStone1 is sitting out
LikeaStone1 has returned
josemar50: calls 200
*** FLOP *** [Ks Kc 6d]
josemar50: checks 
pokerman_721: bets 600
josemar50: folds 
Uncalled bet (600) returned to pokerman_721
pokerman_721 collected 1300 from pot
pokerman_721: doesn't show hand 
*** SUMMARY ***
Total pot 1300 | Rake 0 
Board [Ks Kc 6d]
Seat 1: pokerman_721 (button) collected (1300)
Seat 2: traumfanger1 (small blind) folded before Flop
Seat 3: LikeaStone1 (big blind) folded before Flop
Seat 4: josemar50 folded on the Flop
Seat 5: Night_Furiaa folded before Flop (didn't bet)
Seat 6: pROdGeee folded before Flop (didn't bet)
Seat 7: Gabrielfs13 folded before Flop (didn't bet)
Seat 8: sv4nte folded before Flop (didn't bet)



PokerStars Hand #257253515405: Tournament #3914634328, $4.90+$4.90+$1.20 USD Hold'em No Limit - Level VII (100/200) - 2025/08/07 17:42:50 BRT [2025/08/07 16:42:50 ET]
Table '3914634328 82' 8-max Seat #2 is the button
Seat 1: pokerman_721 (9120 in chips) 
Seat 2: traumfanger1 (27634 in chips) 
Seat 3: LikeaStone1 (6216 in chips) 
Seat 4: josemar50 (17644 in chips) 
Seat 5: Night_Furiaa (8837 in chips) 
Seat 6: pROdGeee (8892 in chips) 
Seat 7: Gabrielfs13 (11140 in chips) 
Seat 8: sv4nte (10042 in chips) 
pokerman_721: posts the ante 25
traumfanger1: posts the ante 25
LikeaStone1: posts the ante 25
josemar50: posts the ante 25
Night_Furiaa: posts the ante 25
pROdGeee: posts the ante 25
Gabrielfs13: posts the ante 25
sv4nte: posts the ante 25
LikeaStone1: posts small blind 100
josemar50: posts big blind 200
*** HOLE CARDS ***
Dealt to Gabrielfs13 [2d Kd]
Night_Furiaa: folds 
pROdGeee: folds 
Gabrielfs13: folds 
sv4nte: folds 
pokerman_721: folds 
traumfanger1: raises 200 to 400
LikeaStone1: raises 5791 to 6191 and is all-in
josemar50: folds 
traumfanger1: folds 
Uncalled bet (5791) returned to LikeaStone1
LikeaStone1 collected 1200 from pot
LikeaStone1: doesn't show hand 
*** SUMMARY ***
Total pot 1200 | Rake 0 
Seat 1: pokerman_721 folded before Flop (didn't bet)
Seat 2: traumfanger1 (button) folded before Flop
Seat 3: LikeaStone1 (small blind) collected (1200)
Seat 4: josemar50 (big blind) folded before Flop
Seat 5: Night_Furiaa folded before Flop (didn't bet)
Seat 6: pROdGeee folded before Flop (didn't bet)
Seat 7: Gabrielfs13 folded before Flop (didn't bet)
Seat 8: sv4nte folded before Flop (didn't bet)



PokerStars Hand #257253525386: Tournament #3914634328, $4.90+$4.90+$1.20 USD Hold'em No Limit - Level VII (100/200) - 2025/08/07 17:43:29 BRT [2025/08/07 16:43:29 ET]
Table '3914634328 82' 8-max Seat #3 is the button
Seat 1: pokerman_721 (9095 in chips) 
Seat 2: traumfanger1 (27209 in chips) 
Seat 3: LikeaStone1 (6991 in chips) 
Seat 4: josemar50 (17419 in chips) 
Seat 5: Night_Furiaa (8812 in chips) 
Seat 6: pROdGeee (8867 in chips) 
Seat 7: Gabrielfs13 (11115 in chips) 
Seat 8: sv4nte (10017 in chips) 
pokerman_721: posts the ante 25
traumfanger1: posts the ante 25
LikeaStone1: posts the ante 25
josemar50: posts the ante 25
Night_Furiaa: posts the ante 25
pROdGeee: posts the ante 25
Gabrielfs13: posts the ante 25
sv4nte: posts the ante 25
josemar50: posts small blind 100
Night_Furiaa: posts big blind 200
*** HOLE CARDS ***
Dealt to Gabrielfs13 [6s Ad]
pROdGeee: folds 
Gabrielfs13: folds 
sv4nte: folds 
pokerman_721: folds 
traumfanger1: raises 200 to 400
LikeaStone1: folds 
josemar50: folds 
Night_Furiaa: folds 
Uncalled bet (200) returned to traumfanger1
traumfanger1 collected 700 from pot
traumfanger1: doesn't show hand 
*** SUMMARY ***
Total pot 700 | Rake 0 
Seat 1: pokerman_721 folded before Flop (didn't bet)
Seat 2: traumfanger1 collected (700)
Seat 3: LikeaStone1 (button) folded before Flop (didn't bet)
Seat 4: josemar50 (small blind) folded before Flop
Seat 5: Night_Furiaa (big blind) folded before Flop
Seat 6: pROdGeee folded before Flop (didn't bet)
Seat 7: Gabrielfs13 folded before Flop (didn't bet)
Seat 8: sv4nte folded before Flop (didn't bet)



PokerStars Hand #257253531470: Tournament #3914634328, $4.90+$4.90+$1.20 USD Hold'em No Limit - Level VII (100/200) - 2025/08/07 17:43:53 BRT [2025/08/07 16:43:53 ET]
Table '3914634328 82' 8-max Seat #4 is the button
Seat 1: pokerman_721 (9070 in chips) 
Seat 2: traumfanger1 (27684 in chips) 
Seat 3: LikeaStone1 (6966 in chips) 
Seat 4: josemar50 (17294 in chips) 
Seat 5: Night_Furiaa (8587 in chips) 
Seat 6: pROdGeee (8842 in chips) 
Seat 7: Gabrielfs13 (11090 in chips) 
Seat 8: sv4nte (9992 in chips) 
pokerman_721: posts the ante 25
traumfanger1: posts the ante 25
LikeaStone1: posts the ante 25
josemar50: posts the ante 25
Night_Furiaa: posts the ante 25
pROdGeee: posts the ante 25
Gabrielfs13: posts the ante 25
sv4nte: posts the ante 25
Night_Furiaa: posts small blind 100
pROdGeee: posts big blind 200
*** HOLE CARDS ***
Dealt to Gabrielfs13 [9d 3c]
Gabrielfs13: folds 
sv4nte: folds 
pokerman_721: folds 
traumfanger1: folds 
LikeaStone1: folds 
josemar50: folds 
Night_Furiaa: folds 
Uncalled bet (100) returned to pROdGeee
pROdGeee collected 400 from pot
pROdGeee: doesn't show hand 
panagiotis96 is disconnected 
*** SUMMARY ***
Total pot 400 | Rake 0 
Seat 1: pokerman_721 folded before Flop (didn't bet)
Seat 2: traumfanger1 folded before Flop (didn't bet)
Seat 3: LikeaStone1 folded before Flop (didn't bet)
Seat 4: josemar50 (button) folded before Flop (didn't bet)
Seat 5: Night_Furiaa (small blind) folded before Flop
Seat 6: pROdGeee (big blind) collected (400)
Seat 7: Gabrielfs13 folded before Flop (didn't bet)
Seat 8: sv4nte folded before Flop (didn't bet)



PokerStars Hand #257253539576: Tournament #3914634328, $4.90+$4.90+$1.20 USD Hold'em No Limit - Level VIII (125/250) - 2025/08/07 17:44:26 BRT [2025/08/07 16:44:26 ET]
Table '3914634328 82' 8-max Seat #5 is the button
Seat 1: panagiotis96 (10000 in chips) 
Seat 2: traumfanger1 (27659 in chips) 
Seat 3: LikeaStone1 (6941 in chips) 
Seat 4: josemar50 (17269 in chips) 
Seat 5: Night_Furiaa (8462 in chips) 
Seat 6: pROdGeee (9117 in chips) 
Seat 7: Gabrielfs13 (11065 in chips) 
Seat 8: sv4nte (9967 in chips) 
panagiotis96: posts the ante 30
traumfanger1: posts the ante 30
LikeaStone1: posts the ante 30
josemar50: posts the ante 30
Night_Furiaa: posts the ante 30
pROdGeee: posts the ante 30
Gabrielfs13: posts the ante 30
sv4nte: posts the ante 30
pROdGeee: posts small blind 125
Gabrielfs13: posts big blind 250
*** HOLE CARDS ***
Dealt to Gabrielfs13 [2c Jc]
sv4nte: raises 250 to 500
panagiotis96: folds 
traumfanger1: calls 500
LikeaStone1: folds 
josemar50: calls 500
Night_Furiaa: raises 1250 to 1750
pROdGeee: folds 
Gabrielfs13: folds 
sv4nte: folds 
traumfanger1: folds 
josemar50: folds 
Uncalled bet (1250) returned to Night_Furiaa
Night_Furiaa collected 2615 from pot
Night_Furiaa: doesn't show hand 
*** SUMMARY ***
Total pot 2615 | Rake 0 
Seat 1: panagiotis96 folded before Flop (didn't bet)
Seat 2: traumfanger1 folded before Flop
Seat 3: LikeaStone1 folded before Flop (didn't bet)
Seat 4: josemar50 folded before Flop
Seat 5: Night_Furiaa (button) collected (2615)
Seat 6: pROdGeee (small blind) folded before Flop
Seat 7: Gabrielfs13 (big blind) folded before Flop
Seat 8: sv4nte folded before Flop



PokerStars Hand #257253557259: Tournament #3914634328, $4.90+$4.90+$1.20 USD Hold'em No Limit - Level VIII (125/250) - 2025/08/07 17:45:35 BRT [2025/08/07 16:45:35 ET]
Table '3914634328 82' 8-max Seat #6 is the button
Seat 1: panagiotis96 (9970 in chips) 
Seat 2: traumfanger1 (27129 in chips) 
Seat 3: LikeaStone1 (6911 in chips) 
Seat 4: josemar50 (16739 in chips) 
Seat 5: Night_Furiaa (10547 in chips) 
Seat 6: pROdGeee (8962 in chips) 
Seat 7: Gabrielfs13 (10785 in chips) 
Seat 8: sv4nte (9437 in chips) 
panagiotis96: posts the ante 30
traumfanger1: posts the ante 30
LikeaStone1: posts the ante 30
josemar50: posts the ante 30
Night_Furiaa: posts the ante 30
pROdGeee: posts the ante 30
Gabrielfs13: posts the ante 30
sv4nte: posts the ante 30
Gabrielfs13: posts small blind 125
sv4nte: posts big blind 250
*** HOLE CARDS ***
Dealt to Gabrielfs13 [Jd Tc]
panagiotis96: folds 
traumfanger1: raises 250 to 500
LikeaStone1: calls 500
josemar50: raises 2115 to 2615
Night_Furiaa: folds 
pROdGeee: folds 
Gabrielfs13: folds 
sv4nte: folds 
traumfanger1: folds 
LikeaStone1: calls 2115
*** FLOP *** [8d Jc 9s]
LikeaStone1: checks 
josemar50: bets 6345
LikeaStone1: folds 
Uncalled bet (6345) returned to josemar50
josemar50 collected 6345 from pot
josemar50: doesn't show hand 
*** SUMMARY ***
Total pot 6345 | Rake 0 
Board [8d Jc 9s]
Seat 1: panagiotis96 folded before Flop (didn't bet)
Seat 2: traumfanger1 folded before Flop
Seat 3: LikeaStone1 folded on the Flop
Seat 4: josemar50 collected (6345)
Seat 5: Night_Furiaa folded before Flop (didn't bet)
Seat 6: pROdGeee (button) folded before Flop (didn't bet)
Seat 7: Gabrielfs13 (small blind) folded before Flop
Seat 8: sv4nte (big blind) folded before Flop



PokerStars Hand #257253568347: Tournament #3914634328, $4.90+$4.90+$1.20 USD Hold'em No Limit - Level VIII (125/250) - 2025/08/07 17:46:18 BRT [2025/08/07 16:46:18 ET]
Table '3914634328 82' 8-max Seat #7 is the button
Seat 1: panagiotis96 (9940 in chips) 
Seat 2: traumfanger1 (26599 in chips) 
Seat 3: LikeaStone1 (4266 in chips) 
Seat 4: josemar50 (20439 in chips) 
Seat 5: Night_Furiaa (10517 in chips) 
Seat 6: pROdGeee (8932 in chips) 
Seat 7: Gabrielfs13 (10630 in chips) 
Seat 8: sv4nte (9157 in chips) 
panagiotis96: posts the ante 30
traumfanger1: posts the ante 30
LikeaStone1: posts the ante 30
josemar50: posts the ante 30
Night_Furiaa: posts the ante 30
pROdGeee: posts the ante 30
Gabrielfs13: posts the ante 30
sv4nte: posts the ante 30
sv4nte: posts small blind 125
panagiotis96: posts big blind 250
*** HOLE CARDS ***
Dealt to Gabrielfs13 [As Jc]
traumfanger1: folds 
LikeaStone1: calls 250
josemar50: folds 
Night_Furiaa: folds 
pROdGeee: folds 
Gabrielfs13: raises 1000 to 1250
sv4nte: folds 
panagiotis96: folds 
LikeaStone1: raises 2986 to 4236 and is all-in
Gabrielfs13: calls 2986
*** FLOP *** [5h Ks 3s]
*** TURN *** [5h Ks 3s] [7d]
*** RIVER *** [5h Ks 3s 7d] [Ad]
*** SHOW DOWN ***
LikeaStone1: shows [Ah Ac] (three of a kind, Aces)
Gabrielfs13: shows [As Jc] (a pair of Aces)
LikeaStone1 collected 9087 from pot
*** SUMMARY ***
Total pot 9087 | Rake 0 
Board [5h Ks 3s 7d Ad]
Seat 1: panagiotis96 (big blind) folded before Flop
Seat 2: traumfanger1 folded before Flop (didn't bet)
Seat 3: LikeaStone1 showed [Ah Ac] and won (9087) with three of a kind, Aces
Seat 4: josemar50 folded before Flop (didn't bet)
Seat 5: Night_Furiaa folded before Flop (didn't bet)
Seat 6: pROdGeee folded before Flop (didn't bet)
Seat 7: Gabrielfs13 (button) showed [As Jc] and lost with a pair of Aces
Seat 8: sv4nte (small blind) folded before Flop



PokerStars Hand #257253579494: Tournament #3914634328, $4.90+$4.90+$1.20 USD Hold'em No Limit - Level VIII (125/250) - 2025/08/07 17:47:02 BRT [2025/08/07 16:47:02 ET]
Table '3914634328 82' 8-max Seat #8 is the button
Seat 1: panagiotis96 (9660 in chips) 
Seat 2: traumfanger1 (26569 in chips) 
Seat 3: LikeaStone1 (9087 in chips) 
Seat 4: josemar50 (20409 in chips) 
Seat 5: Night_Furiaa (10487 in chips) 
Seat 6: pROdGeee (8902 in chips) 
Seat 7: Gabrielfs13 (6364 in chips) 
Seat 8: sv4nte (9002 in chips) 
panagiotis96: posts the ante 30
traumfanger1: posts the ante 30
LikeaStone1: posts the ante 30
josemar50: posts the ante 30
Night_Furiaa: posts the ante 30
pROdGeee: posts the ante 30
Gabrielfs13: posts the ante 30
sv4nte: posts the ante 30
panagiotis96: posts small blind 125
traumfanger1: posts big blind 250
*** HOLE CARDS ***
Dealt to Gabrielfs13 [5d Qs]
LikeaStone1: folds 
josemar50: folds 
Night_Furiaa: raises 250 to 500
pROdGeee: raises 1000 to 1500
Gabrielfs13: folds 
sv4nte: folds 
panagiotis96: folds 
traumfanger1: folds 
Night_Furiaa: calls 1000
*** FLOP *** [9s 3c Kd]
Night_Furiaa: checks 
pROdGeee: checks 
*** TURN *** [9s 3c Kd] [Kh]
Night_Furiaa: checks 
pROdGeee: bets 1197
Night_Furiaa: calls 1197
*** RIVER *** [9s 3c Kd Kh] [Js]
Night_Furiaa: checks 
pROdGeee: bets 6175 and is all-in
Night_Furiaa: calls 6175
*** SHOW DOWN ***
pROdGeee: shows [Qd Kc] (three of a kind, Kings)
Night_Furiaa: shows [Tc 9c] (two pair, Kings and Nines)
pROdGeee collected 18359 from pot
*** SUMMARY ***
Total pot 18359 | Rake 0 
Board [9s 3c Kd Kh Js]
Seat 1: panagiotis96 (small blind) folded before Flop
Seat 2: traumfanger1 (big blind) folded before Flop
Seat 3: LikeaStone1 folded before Flop (didn't bet)
Seat 4: josemar50 folded before Flop (didn't bet)
Seat 5: Night_Furiaa showed [Tc 9c] and lost with two pair, Kings and Nines
Seat 6: pROdGeee showed [Qd Kc] and won (18359) with three of a kind, Kings
Seat 7: Gabrielfs13 folded before Flop (didn't bet)
Seat 8: sv4nte (button) folded before Flop (didn't bet)



PokerStars Hand #257253594718: Tournament #3914634328, $4.90+$4.90+$1.20 USD Hold'em No Limit - Level VIII (125/250) - 2025/08/07 17:48:02 BRT [2025/08/07 16:48:02 ET]
Table '3914634328 82' 8-max Seat #1 is the button
Seat 1: panagiotis96 (9505 in chips) 
Seat 2: traumfanger1 (26289 in chips) 
Seat 3: LikeaStone1 (9057 in chips) 
Seat 4: josemar50 (20379 in chips) 
Seat 5: Night_Furiaa (1585 in chips) 
Seat 6: pROdGeee (18359 in chips) 
Seat 7: Gabrielfs13 (6334 in chips) 
Seat 8: sv4nte (8972 in chips) 
panagiotis96: posts the ante 30
traumfanger1: posts the ante 30
LikeaStone1: posts the ante 30
josemar50: posts the ante 30
Night_Furiaa: posts the ante 30
pROdGeee: posts the ante 30
Gabrielfs13: posts the ante 30
sv4nte: posts the ante 30
traumfanger1: posts small blind 125
LikeaStone1: posts big blind 250
*** HOLE CARDS ***
Dealt to Gabrielfs13 [6s Kh]
josemar50: folds 
Night_Furiaa: folds 
pROdGeee: folds 
Gabrielfs13: folds 
sv4nte: folds 
panagiotis96: raises 250 to 500
traumfanger1: folds 
LikeaStone1: calls 250
*** FLOP *** [Js 8d 3h]
LikeaStone1: checks 
panagiotis96: bets 464
LikeaStone1 has timed out
LikeaStone1: folds 
LikeaStone1 is sitting out
Uncalled bet (464) returned to panagiotis96
panagiotis96 collected 1365 from pot
panagiotis96: doesn't show hand 
*** SUMMARY ***
Total pot 1365 | Rake 0 
Board [Js 8d 3h]
Seat 1: panagiotis96 (button) collected (1365)
Seat 2: traumfanger1 (small blind) folded before Flop
Seat 3: LikeaStone1 (big blind) folded on the Flop
Seat 4: josemar50 folded before Flop (didn't bet)
Seat 5: Night_Furiaa folded before Flop (didn't bet)
Seat 6: pROdGeee folded before Flop (didn't bet)
Seat 7: Gabrielfs13 folded before Flop (didn't bet)
Seat 8: sv4nte folded before Flop (didn't bet)



PokerStars Hand #257253613980: Tournament #3914634328, $4.90+$4.90+$1.20 USD Hold'em No Limit - Level VIII (125/250) - 2025/08/07 17:49:17 BRT [2025/08/07 16:49:17 ET]
Table '3914634328 82' 8-max Seat #2 is the button
Seat 1: panagiotis96 (10340 in chips) 
Seat 2: traumfanger1 (26134 in chips) 
Seat 3: LikeaStone1 (8527 in chips) is sitting out
Seat 4: josemar50 (20349 in chips) 
Seat 5: Night_Furiaa (1555 in chips) 
Seat 6: pROdGeee (18329 in chips) 
Seat 7: Gabrielfs13 (6304 in chips) 
Seat 8: sv4nte (8942 in chips) 
panagiotis96: posts the ante 30
traumfanger1: posts the ante 30
LikeaStone1: posts the ante 30
josemar50: posts the ante 30
Night_Furiaa: posts the ante 30
pROdGeee: posts the ante 30
Gabrielfs13: posts the ante 30
sv4nte: posts the ante 30
LikeaStone1: posts small blind 125
josemar50: posts big blind 250
*** HOLE CARDS ***
Dealt to Gabrielfs13 [Ah 2s]
Night_Furiaa: folds 
pROdGeee: raises 250 to 500
LikeaStone1 has returned
Gabrielfs13: folds 
sv4nte: folds 
panagiotis96: folds 
traumfanger1: folds 
LikeaStone1: folds 
josemar50: calls 250
*** FLOP *** [9c 2c 5c]
josemar50: checks 
pROdGeee: bets 341
josemar50: calls 341
*** TURN *** [9c 2c 5c] [8c]
josemar50: checks 
pROdGeee: checks 
*** RIVER *** [9c 2c 5c 8c] [9h]
josemar50: bets 2047
pROdGeee: folds 
Uncalled bet (2047) returned to josemar50
josemar50 collected 2047 from pot
josemar50: doesn't show hand 
*** SUMMARY ***
Total pot 2047 | Rake 0 
Board [9c 2c 5c 8c 9h]
Seat 1: panagiotis96 folded before Flop (didn't bet)
Seat 2: traumfanger1 (button) folded before Flop (didn't bet)
Seat 3: LikeaStone1 (small blind) folded before Flop
Seat 4: josemar50 (big blind) collected (2047)
Seat 5: Night_Furiaa folded before Flop (didn't bet)
Seat 6: pROdGeee folded on the River
Seat 7: Gabrielfs13 folded before Flop (didn't bet)
Seat 8: sv4nte folded before Flop (didn't bet)



PokerStars Hand #257253634091: Tournament #3914634328, $4.90+$4.90+$1.20 USD Hold'em No Limit - Level IX (150/300) - 2025/08/07 17:50:36 BRT [2025/08/07 16:50:36 ET]
Table '3914634328 82' 8-max Seat #3 is the button
Seat 1: panagiotis96 (10310 in chips) 
Seat 2: traumfanger1 (26104 in chips) 
Seat 3: LikeaStone1 (8372 in chips) 
Seat 4: josemar50 (21525 in chips) 
Seat 5: Night_Furiaa (1525 in chips) 
Seat 6: pROdGeee (17458 in chips) 
Seat 7: Gabrielfs13 (6274 in chips) 
Seat 8: sv4nte (8912 in chips) 
panagiotis96: posts the ante 40
traumfanger1: posts the ante 40
LikeaStone1: posts the ante 40
josemar50: posts the ante 40
Night_Furiaa: posts the ante 40
pROdGeee: posts the ante 40
Gabrielfs13: posts the ante 40
sv4nte: posts the ante 40
josemar50: posts small blind 150
Night_Furiaa: posts big blind 300
*** HOLE CARDS ***
Dealt to Gabrielfs13 [8d 2s]
pROdGeee: folds 
Gabrielfs13: folds 
sv4nte: folds 
panagiotis96: folds 
traumfanger1: folds 
LikeaStone1: raises 300 to 600
josemar50: folds 
Night_Furiaa: folds 
Uncalled bet (300) returned to LikeaStone1
LikeaStone1 collected 1070 from pot
LikeaStone1: doesn't show hand 
*** SUMMARY ***
Total pot 1070 | Rake 0 
Seat 1: panagiotis96 folded before Flop (didn't bet)
Seat 2: traumfanger1 folded before Flop (didn't bet)
Seat 3: LikeaStone1 (button) collected (1070)
Seat 4: josemar50 (small blind) folded before Flop
Seat 5: Night_Furiaa (big blind) folded before Flop
Seat 6: pROdGeee folded before Flop (didn't bet)
Seat 7: Gabrielfs13 folded before Flop (didn't bet)
Seat 8: sv4nte folded before Flop (didn't bet)



PokerStars Hand #257253642431: Tournament #3914634328, $4.90+$4.90+$1.20 USD Hold'em No Limit - Level IX (150/300) - 2025/08/07 17:51:09 BRT [2025/08/07 16:51:09 ET]
Table '3914634328 82' 8-max Seat #4 is the button
Seat 1: panagiotis96 (10270 in chips) 
Seat 2: traumfanger1 (26064 in chips) 
Seat 3: LikeaStone1 (9102 in chips) 
Seat 4: josemar50 (21335 in chips) 
Seat 5: Night_Furiaa (1185 in chips) 
Seat 6: pROdGeee (17418 in chips) 
Seat 7: Gabrielfs13 (6234 in chips) 
Seat 8: sv4nte (8872 in chips) 
panagiotis96: posts the ante 40
traumfanger1: posts the ante 40
LikeaStone1: posts the ante 40
josemar50: posts the ante 40
Night_Furiaa: posts the ante 40
pROdGeee: posts the ante 40
Gabrielfs13: posts the ante 40
sv4nte: posts the ante 40
Night_Furiaa: posts small blind 150
pROdGeee: posts big blind 300
*** HOLE CARDS ***
Dealt to Gabrielfs13 [2h 4s]
Gabrielfs13: folds 
sv4nte: raises 600 to 900
panagiotis96: folds 
traumfanger1: folds 
LikeaStone1: folds 
josemar50: calls 900
Night_Furiaa: raises 245 to 1145 and is all-in
pROdGeee: folds 
sv4nte: calls 245
josemar50: calls 245
*** FLOP *** [Th Jh Ks]
sv4nte: checks 
josemar50: bets 4055
sv4nte: folds 
Uncalled bet (4055) returned to josemar50
*** TURN *** [Th Jh Ks] [5d]
*** RIVER *** [Th Jh Ks 5d] [6h]
*** SHOW DOWN ***
Night_Furiaa: shows [7c 5c] (a pair of Fives)
josemar50: shows [Qd Kc] (a pair of Kings)
josemar50 collected 4055 from pot
Night_Furiaa finished the tournament
*** SUMMARY ***
Total pot 4055 | Rake 0 
Board [Th Jh Ks 5d 6h]
Seat 1: panagiotis96 folded before Flop (didn't bet)
Seat 2: traumfanger1 folded before Flop (didn't bet)
Seat 3: LikeaStone1 folded before Flop (didn't bet)
Seat 4: josemar50 (button) showed [Qd Kc] and won (4055) with a pair of Kings
Seat 5: Night_Furiaa (small blind) showed [7c 5c] and lost with a pair of Fives
Seat 6: pROdGeee (big blind) folded before Flop
Seat 7: Gabrielfs13 folded before Flop (didn't bet)
Seat 8: sv4nte folded on the Flop



PokerStars Hand #257253662446: Tournament #3914634328, $4.90+$4.90+$1.20 USD Hold'em No Limit - Level IX (150/300) - 2025/08/07 17:52:27 BRT [2025/08/07 16:52:27 ET]
Table '3914634328 82' 8-max Seat #6 is the button
Seat 1: panagiotis96 (10230 in chips) 
Seat 2: traumfanger1 (26024 in chips) 
Seat 3: LikeaStone1 (9062 in chips) 
Seat 4: josemar50 (24205 in chips) 
Seat 6: pROdGeee (17078 in chips) 
Seat 7: Gabrielfs13 (6194 in chips) 
Seat 8: sv4nte (7687 in chips) 
panagiotis96: posts the ante 40
traumfanger1: posts the ante 40
LikeaStone1: posts the ante 40
josemar50: posts the ante 40
pROdGeee: posts the ante 40
Gabrielfs13: posts the ante 40
sv4nte: posts the ante 40
Gabrielfs13: posts small blind 150
sv4nte: posts big blind 300
*** HOLE CARDS ***
Dealt to Gabrielfs13 [Kd Td]
panagiotis96: folds 
traumfanger1: folds 
LikeaStone1: folds 
josemar50: calls 300
pROdGeee: folds 
Galles10 is disconnected 
Gabrielfs13: raises 5854 to 6154 and is all-in
sv4nte: folds 
josemar50: folds 
Uncalled bet (5854) returned to Gabrielfs13
Gabrielfs13 collected 1180 from pot
Gabrielfs13: doesn't show hand 
*** SUMMARY ***
Total pot 1180 | Rake 0 
Seat 1: panagiotis96 folded before Flop (didn't bet)
Seat 2: traumfanger1 folded before Flop (didn't bet)
Seat 3: LikeaStone1 folded before Flop (didn't bet)
Seat 4: josemar50 folded before Flop
Seat 6: pROdGeee (button) folded before Flop (didn't bet)
Seat 7: Gabrielfs13 (small blind) collected (1180)
Seat 8: sv4nte (big blind) folded before Flop



PokerStars Hand #257253674184: Tournament #3914634328, $4.90+$4.90+$1.20 USD Hold'em No Limit - Level IX (150/300) - 2025/08/07 17:53:14 BRT [2025/08/07 16:53:14 ET]
Table '3914634328 82' 8-max Seat #7 is the button
Seat 1: panagiotis96 (10190 in chips) 
Seat 2: traumfanger1 (25984 in chips) 
Seat 3: LikeaStone1 (9022 in chips) 
Seat 4: josemar50 (23865 in chips) 
Seat 5: Galles10 (10000 in chips) 
Seat 6: pROdGeee (17038 in chips) 
Seat 7: Gabrielfs13 (7034 in chips) 
Seat 8: sv4nte (7347 in chips) 
panagiotis96: posts the ante 40
traumfanger1: posts the ante 40
LikeaStone1: posts the ante 40
josemar50: posts the ante 40
Galles10: posts the ante 40
pROdGeee: posts the ante 40
Gabrielfs13: posts the ante 40
sv4nte: posts the ante 40
sv4nte: posts small blind 150
panagiotis96: posts big blind 300
*** HOLE CARDS ***
Dealt to Gabrielfs13 [Jh 2c]
traumfanger1: folds 
LikeaStone1: folds 
josemar50: folds 
Galles10: folds 
pROdGeee: folds 
Gabrielfs13: folds 
sv4nte: calls 150
panagiotis96: raises 750 to 1050
sv4nte: folds 
Uncalled bet (750) returned to panagiotis96
panagiotis96 collected 920 from pot
panagiotis96: doesn't show hand 
*** SUMMARY ***
Total pot 920 | Rake 0 
Seat 1: panagiotis96 (big blind) collected (920)
Seat 2: traumfanger1 folded before Flop (didn't bet)
Seat 3: LikeaStone1 folded before Flop (didn't bet)
Seat 4: josemar50 folded before Flop (didn't bet)
Seat 5: Galles10 folded before Flop (didn't bet)
Seat 6: pROdGeee folded before Flop (didn't bet)
Seat 7: Gabrielfs13 (button) folded before Flop (didn't bet)
Seat 8: sv4nte (small blind) folded before Flop



PokerStars Hand #257253686086: Tournament #3914634328, $4.90+$4.90+$1.20 USD Hold'em No Limit - Level IX (150/300) - 2025/08/07 17:54:01 BRT [2025/08/07 16:54:01 ET]
Table '3914634328 82' 8-max Seat #8 is the button
Seat 1: panagiotis96 (10770 in chips) 
Seat 2: traumfanger1 (25944 in chips) 
Seat 3: LikeaStone1 (8982 in chips) 
Seat 4: josemar50 (23825 in chips) 
Seat 5: Galles10 (9960 in chips) 
Seat 6: pROdGeee (16998 in chips) 
Seat 7: Gabrielfs13 (6994 in chips) 
Seat 8: sv4nte (7007 in chips) 
panagiotis96: posts the ante 40
traumfanger1: posts the ante 40
LikeaStone1: posts the ante 40
josemar50: posts the ante 40
Galles10: posts the ante 40
pROdGeee: posts the ante 40
Gabrielfs13: posts the ante 40
sv4nte: posts the ante 40
panagiotis96: posts small blind 150
traumfanger1: posts big blind 300
*** HOLE CARDS ***
Dealt to Gabrielfs13 [6c 4c]
LikeaStone1: calls 300
josemar50: folds 
Galles10: raises 300 to 600
pROdGeee: folds 
Gabrielfs13: folds 
sv4nte: calls 600
panagiotis96: folds 
traumfanger1: folds 
LikeaStone1: raises 8342 to 8942 and is all-in
Galles10: calls 8342
sv4nte: folds 
*** FLOP *** [Qc 4h 4s]
*** TURN *** [Qc 4h 4s] [Jh]
*** RIVER *** [Qc 4h 4s Jh] [7h]
*** SHOW DOWN ***
LikeaStone1: shows [6s 6d] (two pair, Sixes and Fours)
Galles10: shows [Ac Kh] (a pair of Fours)
LikeaStone1 collected 19254 from pot
*** SUMMARY ***
Total pot 19254 | Rake 0 
Board [Qc 4h 4s Jh 7h]
Seat 1: panagiotis96 (small blind) folded before Flop
Seat 2: traumfanger1 (big blind) folded before Flop
Seat 3: LikeaStone1 showed [6s 6d] and won (19254) with two pair, Sixes and Fours
Seat 4: josemar50 folded before Flop (didn't bet)
Seat 5: Galles10 showed [Ac Kh] and lost with a pair of Fours
Seat 6: pROdGeee folded before Flop (didn't bet)
Seat 7: Gabrielfs13 folded before Flop (didn't bet)
Seat 8: sv4nte (button) folded before Flop



PokerStars Hand #257253699188: Tournament #3914634328, $4.90+$4.90+$1.20 USD Hold'em No Limit - Level IX (150/300) - 2025/08/07 17:54:54 BRT [2025/08/07 16:54:54 ET]
Table '3914634328 82' 8-max Seat #1 is the button
Seat 1: panagiotis96 (10580 in chips) 
Seat 2: traumfanger1 (25604 in chips) 
Seat 3: LikeaStone1 (19254 in chips) 
Seat 4: josemar50 (23785 in chips) 
Seat 5: Galles10 (978 in chips) 
Seat 6: pROdGeee (16958 in chips) 
Seat 7: Gabrielfs13 (6954 in chips) 
Seat 8: sv4nte (6367 in chips) 
panagiotis96: posts the ante 40
traumfanger1: posts the ante 40
LikeaStone1: posts the ante 40
josemar50: posts the ante 40
Galles10: posts the ante 40
pROdGeee: posts the ante 40
Gabrielfs13: posts the ante 40
sv4nte: posts the ante 40
traumfanger1: posts small blind 150
LikeaStone1: posts big blind 300
*** HOLE CARDS ***
Dealt to Gabrielfs13 [8s Qd]
josemar50: folds 
Galles10: raises 638 to 938 and is all-in
pROdGeee: folds 
Gabrielfs13: folds 
sv4nte: raises 5389 to 6327 and is all-in
panagiotis96: folds 
traumfanger1: folds 
LikeaStone1: folds 
Uncalled bet (5389) returned to sv4nte
*** FLOP *** [Jd 4c 6h]
*** TURN *** [Jd 4c 6h] [2s]
*** RIVER *** [Jd 4c 6h 2s] [2c]
*** SHOW DOWN ***
Galles10: shows [7s Kd] (a pair of Deuces)
sv4nte: shows [8h 8d] (two pair, Eights and Deuces)
sv4nte collected 2646 from pot
Galles10 finished the tournament
The Yasuo is disconnected 
*** SUMMARY ***
Total pot 2646 | Rake 0 
Board [Jd 4c 6h 2s 2c]
Seat 1: panagiotis96 (button) folded before Flop (didn't bet)
Seat 2: traumfanger1 (small blind) folded before Flop
Seat 3: LikeaStone1 (big blind) folded before Flop
Seat 4: josemar50 folded before Flop (didn't bet)
Seat 5: Galles10 showed [7s Kd] and lost with a pair of Deuces
Seat 6: pROdGeee folded before Flop (didn't bet)
Seat 7: Gabrielfs13 folded before Flop (didn't bet)
Seat 8: sv4nte showed [8h 8d] and won (2646) with two pair, Eights and Deuces



PokerStars Hand #257253778324: Tournament #3914634328, $4.90+$4.90+$1.20 USD Hold'em No Limit - Level IX (150/300) - 2025/08/07 18:02:03 BRT [2025/08/07 17:02:03 ET]
Table '3914634328 82' 8-max Seat #2 is the button
Seat 1: panagiotis96 (10540 in chips) 
Seat 2: traumfanger1 (25414 in chips) 
Seat 3: LikeaStone1 (18914 in chips) 
Seat 4: josemar50 (23745 in chips) 
Seat 5: The Yasuo (10000 in chips) is sitting out
Seat 6: pROdGeee (16918 in chips) 
Seat 7: Gabrielfs13 (6914 in chips) 
Seat 8: sv4nte (8035 in chips) 
panagiotis96: posts the ante 40
traumfanger1: posts the ante 40
LikeaStone1: posts the ante 40
josemar50: posts the ante 40
The Yasuo: posts the ante 40
pROdGeee: posts the ante 40
Gabrielfs13: posts the ante 40
sv4nte: posts the ante 40
LikeaStone1: posts small blind 150
josemar50: posts big blind 300
*** HOLE CARDS ***
Dealt to Gabrielfs13 [As 4d]
The Yasuo: folds 
pROdGeee: folds 
Gabrielfs13: folds 
sv4nte: folds 
panagiotis96: folds 
traumfanger1: folds 
LikeaStone1: calls 150
josemar50: raises 920 to 1220
LikeaStone1 has timed out
LikeaStone1: folds 
LikeaStone1 is sitting out
Uncalled bet (920) returned to josemar50
LikeaStone1 has returned
josemar50 collected 920 from pot
josemar50: doesn't show hand 
*** SUMMARY ***
Total pot 920 | Rake 0 
Seat 1: panagiotis96 folded before Flop (didn't bet)
Seat 2: traumfanger1 (button) folded before Flop (didn't bet)
Seat 3: LikeaStone1 (small blind) folded before Flop
Seat 4: josemar50 (big blind) collected (920)
Seat 5: The Yasuo folded before Flop (didn't bet)
Seat 6: pROdGeee folded before Flop (didn't bet)
Seat 7: Gabrielfs13 folded before Flop (didn't bet)
Seat 8: sv4nte folded before Flop (didn't bet)



PokerStars Hand #257253792478: Tournament #3914634328, $4.90+$4.90+$1.20 USD Hold'em No Limit - Level X (200/400) - 2025/08/07 18:03:01 BRT [2025/08/07 17:03:01 ET]
Table '3914634328 82' 8-max Seat #3 is the button
Seat 1: panagiotis96 (10500 in chips) 
Seat 2: traumfanger1 (25374 in chips) 
Seat 3: LikeaStone1 (18574 in chips) 
Seat 4: josemar50 (24325 in chips) 
Seat 5: The Yasuo (9960 in chips) is sitting out
Seat 6: pROdGeee (16878 in chips) 
Seat 7: Gabrielfs13 (6874 in chips) 
Seat 8: sv4nte (7995 in chips) 
panagiotis96: posts the ante 50
traumfanger1: posts the ante 50
LikeaStone1: posts the ante 50
josemar50: posts the ante 50
The Yasuo: posts the ante 50
pROdGeee: posts the ante 50
Gabrielfs13: posts the ante 50
sv4nte: posts the ante 50
josemar50: posts small blind 200
The Yasuo: posts big blind 400
*** HOLE CARDS ***
Dealt to Gabrielfs13 [4s 2d]
pROdGeee: folds 
Gabrielfs13: folds 
sv4nte: raises 800 to 1200
panagiotis96: folds 
traumfanger1: folds 
LikeaStone1: folds 
josemar50: folds 
The Yasuo: folds 
Uncalled bet (800) returned to sv4nte
sv4nte collected 1400 from pot
*** SUMMARY ***
Total pot 1400 | Rake 0 
Seat 1: panagiotis96 folded before Flop (didn't bet)
Seat 2: traumfanger1 folded before Flop (didn't bet)
Seat 3: LikeaStone1 (button) folded before Flop (didn't bet)
Seat 4: josemar50 (small blind) folded before Flop
Seat 5: The Yasuo (big blind) folded before Flop
Seat 6: pROdGeee folded before Flop (didn't bet)
Seat 7: Gabrielfs13 folded before Flop (didn't bet)
Seat 8: sv4nte collected (1400)



PokerStars Hand #257253799957: Tournament #3914634328, $4.90+$4.90+$1.20 USD Hold'em No Limit - Level X (200/400) - 2025/08/07 18:03:31 BRT [2025/08/07 17:03:31 ET]
Table '3914634328 82' 8-max Seat #4 is the button
Seat 1: panagiotis96 (10450 in chips) 
Seat 2: traumfanger1 (25324 in chips) 
Seat 3: LikeaStone1 (18524 in chips) 
Seat 4: josemar50 (24075 in chips) 
Seat 5: The Yasuo (9510 in chips) is sitting out
Seat 6: pROdGeee (16828 in chips) 
Seat 7: Gabrielfs13 (6824 in chips) 
Seat 8: sv4nte (8945 in chips) 
panagiotis96: posts the ante 50
traumfanger1: posts the ante 50
LikeaStone1: posts the ante 50
josemar50: posts the ante 50
The Yasuo: posts the ante 50
pROdGeee: posts the ante 50
Gabrielfs13: posts the ante 50
sv4nte: posts the ante 50
The Yasuo: posts small blind 200
pROdGeee: posts big blind 400
*** HOLE CARDS ***
Dealt to Gabrielfs13 [2h Tc]
Gabrielfs13: folds 
sv4nte: folds 
panagiotis96: folds 
traumfanger1: folds 
LikeaStone1: raises 400 to 800
josemar50: folds 
The Yasuo: folds 
pROdGeee: folds 
Uncalled bet (400) returned to LikeaStone1
LikeaStone1 collected 1400 from pot
LikeaStone1: doesn't show hand 
*** SUMMARY ***
Total pot 1400 | Rake 0 
Seat 1: panagiotis96 folded before Flop (didn't bet)
Seat 2: traumfanger1 folded before Flop (didn't bet)
Seat 3: LikeaStone1 collected (1400)
Seat 4: josemar50 (button) folded before Flop (didn't bet)
Seat 5: The Yasuo (small blind) folded before Flop
Seat 6: pROdGeee (big blind) folded before Flop
Seat 7: Gabrielfs13 folded before Flop (didn't bet)
Seat 8: sv4nte folded before Flop (didn't bet)



PokerStars Hand #257253805697: Tournament #3914634328, $4.90+$4.90+$1.20 USD Hold'em No Limit - Level X (200/400) - 2025/08/07 18:03:54 BRT [2025/08/07 17:03:54 ET]
Table '3914634328 82' 8-max Seat #5 is the button
Seat 1: panagiotis96 (10400 in chips) 
Seat 2: traumfanger1 (25274 in chips) 
Seat 3: LikeaStone1 (19474 in chips) 
Seat 4: josemar50 (24025 in chips) 
Seat 5: The Yasuo (9260 in chips) is sitting out
Seat 6: pROdGeee (16378 in chips) 
Seat 7: Gabrielfs13 (6774 in chips) 
Seat 8: sv4nte (8895 in chips) 
panagiotis96: posts the ante 50
traumfanger1: posts the ante 50
LikeaStone1: posts the ante 50
josemar50: posts the ante 50
The Yasuo: posts the ante 50
pROdGeee: posts the ante 50
Gabrielfs13: posts the ante 50
sv4nte: posts the ante 50
pROdGeee: posts small blind 200
Gabrielfs13: posts big blind 400
*** HOLE CARDS ***
Dealt to Gabrielfs13 [Kd 2c]
sv4nte: folds 
panagiotis96: folds 
traumfanger1: raises 400 to 800
LikeaStone1: folds 
josemar50: calls 800
The Yasuo: folds 
pROdGeee: folds 
Gabrielfs13: folds 
*** FLOP *** [4d Th 3d]
traumfanger1: checks 
josemar50: bets 2600
traumfanger1: folds 
Uncalled bet (2600) returned to josemar50
josemar50 collected 2600 from pot
josemar50: doesn't show hand 
*** SUMMARY ***
Total pot 2600 | Rake 0 
Board [4d Th 3d]
Seat 1: panagiotis96 folded before Flop (didn't bet)
Seat 2: traumfanger1 folded on the Flop
Seat 3: LikeaStone1 folded before Flop (didn't bet)
Seat 4: josemar50 collected (2600)
Seat 5: The Yasuo (button) folded before Flop (didn't bet)
Seat 6: pROdGeee (small blind) folded before Flop
Seat 7: Gabrielfs13 (big blind) folded before Flop
Seat 8: sv4nte folded before Flop (didn't bet)



PokerStars Hand #257253814359: Tournament #3914634328, $4.90+$4.90+$1.20 USD Hold'em No Limit - Level X (200/400) - 2025/08/07 18:04:29 BRT [2025/08/07 17:04:29 ET]
Table '3914634328 82' 8-max Seat #6 is the button
Seat 1: panagiotis96 (10350 in chips) 
Seat 2: traumfanger1 (24424 in chips) 
Seat 3: LikeaStone1 (19424 in chips) 
Seat 4: josemar50 (25775 in chips) 
Seat 5: The Yasuo (9210 in chips) is sitting out
Seat 6: pROdGeee (16128 in chips) 
Seat 7: Gabrielfs13 (6324 in chips) 
Seat 8: sv4nte (8845 in chips) 
panagiotis96: posts the ante 50
traumfanger1: posts the ante 50
LikeaStone1: posts the ante 50
josemar50: posts the ante 50
The Yasuo: posts the ante 50
pROdGeee: posts the ante 50
Gabrielfs13: posts the ante 50
sv4nte: posts the ante 50
Gabrielfs13: posts small blind 200
sv4nte: posts big blind 400
*** HOLE CARDS ***
Dealt to Gabrielfs13 [7h 5h]
panagiotis96: folds 
traumfanger1: folds 
LikeaStone1: folds 
josemar50: folds 
The Yasuo: folds 
pROdGeee: raises 400 to 800
Gabrielfs13: calls 600
sv4nte: raises 7995 to 8795 and is all-in
pROdGeee: raises 7283 to 16078 and is all-in
Gabrielfs13: folds 
Uncalled bet (7283) returned to pROdGeee
*** FLOP *** [Qd Tc 6c]
*** TURN *** [Qd Tc 6c] [3d]
The Yasuo has returned
*** RIVER *** [Qd Tc 6c 3d] [Ks]
*** SHOW DOWN ***
sv4nte: shows [9s 9c] (a pair of Nines)
pROdGeee: shows [As Ad] (a pair of Aces)
pROdGeee collected 18790 from pot
sv4nte finished the tournament
*** SUMMARY ***
Total pot 18790 | Rake 0 
Board [Qd Tc 6c 3d Ks]
Seat 1: panagiotis96 folded before Flop (didn't bet)
Seat 2: traumfanger1 folded before Flop (didn't bet)
Seat 3: LikeaStone1 folded before Flop (didn't bet)
Seat 4: josemar50 folded before Flop (didn't bet)
Seat 5: The Yasuo folded before Flop (didn't bet)
Seat 6: pROdGeee (button) showed [As Ad] and won (18790) with a pair of Aces
Seat 7: Gabrielfs13 (small blind) folded before Flop
Seat 8: sv4nte (big blind) showed [9s 9c] and lost with a pair of Nines



PokerStars Hand #257253825328: Tournament #3914634328, $4.90+$4.90+$1.20 USD Hold'em No Limit - Level X (200/400) - 2025/08/07 18:05:13 BRT [2025/08/07 17:05:13 ET]
Table '3914634328 82' 8-max Seat #7 is the button
Seat 1: panagiotis96 (10300 in chips) 
Seat 2: traumfanger1 (24374 in chips) 
Seat 3: LikeaStone1 (19374 in chips) 
Seat 4: josemar50 (25725 in chips) 
Seat 5: The Yasuo (9160 in chips) 
Seat 6: pROdGeee (26073 in chips) 
Seat 7: Gabrielfs13 (5474 in chips) 
panagiotis96: posts the ante 50
traumfanger1: posts the ante 50
LikeaStone1: posts the ante 50
josemar50: posts the ante 50
The Yasuo: posts the ante 50
pROdGeee: posts the ante 50
Gabrielfs13: posts the ante 50
panagiotis96: posts small blind 200
traumfanger1: posts big blind 400
*** HOLE CARDS ***
Dealt to Gabrielfs13 [2h Jd]
LikeaStone1: folds 
josemar50: folds 
The Yasuo: raises 400 to 800
pROdGeee: folds 
Gabrielfs13: folds 
panagiotis96: raises 9450 to 10250 and is all-in
traumfanger1: folds 
The Yasuo: folds 
Uncalled bet (9450) returned to panagiotis96
panagiotis96 collected 2350 from pot
panagiotis96: doesn't show hand 
*** SUMMARY ***
Total pot 2350 | Rake 0 
Seat 1: panagiotis96 (small blind) collected (2350)
Seat 2: traumfanger1 (big blind) folded before Flop
Seat 3: LikeaStone1 folded before Flop (didn't bet)
Seat 4: josemar50 folded before Flop (didn't bet)
Seat 5: The Yasuo folded before Flop
Seat 6: pROdGeee folded before Flop (didn't bet)
Seat 7: Gabrielfs13 (button) folded before Flop (didn't bet)



PokerStars Hand #257253830800: Tournament #3914634328, $4.90+$4.90+$1.20 USD Hold'em No Limit - Level X (200/400) - 2025/08/07 18:05:35 BRT [2025/08/07 17:05:35 ET]
Table '3914634328 82' 8-max Seat #1 is the button
Seat 1: panagiotis96 (11800 in chips) 
Seat 2: traumfanger1 (23924 in chips) 
Seat 3: LikeaStone1 (19324 in chips) 
Seat 4: josemar50 (25675 in chips) 
Seat 5: The Yasuo (8310 in chips) 
Seat 6: pROdGeee (26023 in chips) 
Seat 7: Gabrielfs13 (5424 in chips) 
Seat 8: ACES-OF-DANK (10000 in chips) 
panagiotis96: posts the ante 50
traumfanger1: posts the ante 50
LikeaStone1: posts the ante 50
josemar50: posts the ante 50
The Yasuo: posts the ante 50
pROdGeee: posts the ante 50
Gabrielfs13: posts the ante 50
ACES-OF-DANK: posts the ante 50
traumfanger1: posts small blind 200
LikeaStone1: posts big blind 400
*** HOLE CARDS ***
Dealt to Gabrielfs13 [Qs Ad]
josemar50: calls 400
The Yasuo: folds 
pROdGeee: folds 
Gabrielfs13: raises 400 to 800
ACES-OF-DANK: folds 
panagiotis96: folds 
traumfanger1: folds 
LikeaStone1: folds 
josemar50: calls 400
*** FLOP *** [9h Ts Ac]
josemar50: checks 
Gabrielfs13: bets 650
josemar50: folds 
Uncalled bet (650) returned to Gabrielfs13
Gabrielfs13 collected 2600 from pot
Gabrielfs13: doesn't show hand 
*** SUMMARY ***
Total pot 2600 | Rake 0 
Board [9h Ts Ac]
Seat 1: panagiotis96 (button) folded before Flop (didn't bet)
Seat 2: traumfanger1 (small blind) folded before Flop
Seat 3: LikeaStone1 (big blind) folded before Flop
Seat 4: josemar50 folded on the Flop
Seat 5: The Yasuo folded before Flop (didn't bet)
Seat 6: pROdGeee folded before Flop (didn't bet)
Seat 7: Gabrielfs13 collected (2600)
Seat 8: ACES-OF-DANK folded before Flop (didn't bet)



PokerStars Hand #257253851059: Tournament #3914634328, $4.90+$4.90+$1.20 USD Hold'em No Limit - Level X (200/400) - 2025/08/07 18:06:56 BRT [2025/08/07 17:06:56 ET]
Table '3914634328 82' 8-max Seat #2 is the button
Seat 1: panagiotis96 (11750 in chips) 
Seat 2: traumfanger1 (23674 in chips) 
Seat 3: LikeaStone1 (18874 in chips) 
Seat 4: josemar50 (24825 in chips) 
Seat 5: The Yasuo (8260 in chips) 
Seat 6: pROdGeee (25973 in chips) 
Seat 7: Gabrielfs13 (7174 in chips) 
Seat 8: ACES-OF-DANK (9950 in chips) 
panagiotis96: posts the ante 50
traumfanger1: posts the ante 50
LikeaStone1: posts the ante 50
josemar50: posts the ante 50
The Yasuo: posts the ante 50
pROdGeee: posts the ante 50
Gabrielfs13: posts the ante 50
ACES-OF-DANK: posts the ante 50
LikeaStone1: posts small blind 200
josemar50: posts big blind 400
*** HOLE CARDS ***
Dealt to Gabrielfs13 [Ad 8d]
The Yasuo: raises 400 to 800
pROdGeee: calls 800
Gabrielfs13: folds 
ACES-OF-DANK: folds 
panagiotis96: folds 
traumfanger1: folds 
LikeaStone1 has timed out
LikeaStone1: folds 
LikeaStone1 is sitting out
LikeaStone1 has returned
josemar50: calls 400
*** FLOP *** [5s 4c Js]
ACES-OF-DANK is disconnected 
josemar50: checks 
ACES-OF-DANK is disconnected 
The Yasuo: checks 
pROdGeee: checks 
*** TURN *** [5s 4c Js] [5d]
josemar50: checks 
The Yasuo: bets 2000
pROdGeee: folds 
josemar50: folds 
Uncalled bet (2000) returned to The Yasuo
The Yasuo collected 3000 from pot
*** SUMMARY ***
Total pot 3000 | Rake 0 
Board [5s 4c Js 5d]
Seat 1: panagiotis96 folded before Flop (didn't bet)
Seat 2: traumfanger1 (button) folded before Flop (didn't bet)
Seat 3: LikeaStone1 (small blind) folded before Flop
Seat 4: josemar50 (big blind) folded on the Turn
Seat 5: The Yasuo collected (3000)
Seat 6: pROdGeee folded on the Turn
Seat 7: Gabrielfs13 folded before Flop (didn't bet)
Seat 8: ACES-OF-DANK folded before Flop (didn't bet)



PokerStars Hand #257253874479: Tournament #3914634328, $4.90+$4.90+$1.20 USD Hold'em No Limit - Level X (200/400) - 2025/08/07 18:08:32 BRT [2025/08/07 17:08:32 ET]
Table '3914634328 82' 8-max Seat #3 is the button
Seat 1: panagiotis96 (11700 in chips) 
Seat 2: traumfanger1 (23624 in chips) 
Seat 3: LikeaStone1 (18624 in chips) 
Seat 4: josemar50 (23975 in chips) 
Seat 5: The Yasuo (10410 in chips) 
Seat 6: pROdGeee (25123 in chips) 
Seat 7: Gabrielfs13 (7124 in chips) 
Seat 8: ACES-OF-DANK (9900 in chips) 
panagiotis96: posts the ante 50
traumfanger1: posts the ante 50
LikeaStone1: posts the ante 50
josemar50: posts the ante 50
The Yasuo: posts the ante 50
pROdGeee: posts the ante 50
Gabrielfs13: posts the ante 50
ACES-OF-DANK: posts the ante 50
josemar50: posts small blind 200
The Yasuo: posts big blind 400
*** HOLE CARDS ***
Dealt to Gabrielfs13 [5c 2c]
pROdGeee: folds 
Gabrielfs13: folds 
ACES-OF-DANK: calls 400
panagiotis96: calls 400
traumfanger1: folds 
LikeaStone1: folds 
josemar50: calls 200
The Yasuo: checks 
*** FLOP *** [9c 7c 9h]
josemar50: checks 
The Yasuo: checks 
ACES-OF-DANK: bets 1000
panagiotis96: folds 
josemar50: folds 
The Yasuo: folds 
Uncalled bet (1000) returned to ACES-OF-DANK
ACES-OF-DANK collected 2000 from pot
*** SUMMARY ***
Total pot 2000 | Rake 0 
Board [9c 7c 9h]
Seat 1: panagiotis96 folded on the Flop
Seat 2: traumfanger1 folded before Flop (didn't bet)
Seat 3: LikeaStone1 (button) folded before Flop (didn't bet)
Seat 4: josemar50 (small blind) folded on the Flop
Seat 5: The Yasuo (big blind) folded on the Flop
Seat 6: pROdGeee folded before Flop (didn't bet)
Seat 7: Gabrielfs13 folded before Flop (didn't bet)
Seat 8: ACES-OF-DANK collected (2000)



PokerStars Hand #257253897255: Tournament #3914634328, $4.90+$4.90+$1.20 USD Hold'em No Limit - Level XI (250/500) - 2025/08/07 18:10:05 BRT [2025/08/07 17:10:05 ET]
Table '3914634328 82' 8-max Seat #4 is the button
Seat 1: panagiotis96 (11250 in chips) 
Seat 2: traumfanger1 (23574 in chips) 
Seat 3: LikeaStone1 (18574 in chips) 
Seat 4: josemar50 (23525 in chips) 
Seat 5: The Yasuo (9960 in chips) 
Seat 6: pROdGeee (25073 in chips) 
Seat 7: Gabrielfs13 (7074 in chips) 
Seat 8: ACES-OF-DANK (11450 in chips) 
panagiotis96: posts the ante 60
traumfanger1: posts the ante 60
LikeaStone1: posts the ante 60
josemar50: posts the ante 60
The Yasuo: posts the ante 60
pROdGeee: posts the ante 60
Gabrielfs13: posts the ante 60
ACES-OF-DANK: posts the ante 60
The Yasuo: posts small blind 250
pROdGeee: posts big blind 500
*** HOLE CARDS ***
Dealt to Gabrielfs13 [Qh 6h]
Gabrielfs13: folds 
ACES-OF-DANK: folds 
panagiotis96: raises 500 to 1000
traumfanger1: folds 
LikeaStone1: calls 1000
josemar50: calls 1000
The Yasuo: folds 
pROdGeee: calls 500
*** FLOP *** [9s 6c 8h]
pROdGeee: checks 
panagiotis96: checks 
LikeaStone1: bets 500
josemar50: folds 
pROdGeee: calls 500
panagiotis96: calls 500
*** TURN *** [9s 6c 8h] [Kc]
pROdGeee: checks 
panagiotis96: checks 
LikeaStone1: bets 1000
pROdGeee: calls 1000
panagiotis96: raises 8690 to 9690 and is all-in
LikeaStone1: folds 
pROdGeee: folds 
Uncalled bet (8690) returned to panagiotis96
panagiotis96 collected 9230 from pot
panagiotis96: doesn't show hand 
*** SUMMARY ***
Total pot 9230 | Rake 0 
Board [9s 6c 8h Kc]
Seat 1: panagiotis96 collected (9230)
Seat 2: traumfanger1 folded before Flop (didn't bet)
Seat 3: LikeaStone1 folded on the Turn
Seat 4: josemar50 (button) folded on the Flop
Seat 5: The Yasuo (small blind) folded before Flop
Seat 6: pROdGeee (big blind) folded on the Turn
Seat 7: Gabrielfs13 folded before Flop (didn't bet)
Seat 8: ACES-OF-DANK folded before Flop (didn't bet)



PokerStars Hand #257253912104: Tournament #3914634328, $4.90+$4.90+$1.20 USD Hold'em No Limit - Level XI (250/500) - 2025/08/07 18:11:06 BRT [2025/08/07 17:11:06 ET]
Table '3914634328 82' 8-max Seat #5 is the button
Seat 1: panagiotis96 (17920 in chips) 
Seat 2: traumfanger1 (23514 in chips) 
Seat 3: LikeaStone1 (16014 in chips) 
Seat 4: josemar50 (22465 in chips) 
Seat 5: The Yasuo (9650 in chips) 
Seat 6: pROdGeee (22513 in chips) 
Seat 7: Gabrielfs13 (7014 in chips) 
Seat 8: ACES-OF-DANK (11390 in chips) 
panagiotis96: posts the ante 60
traumfanger1: posts the ante 60
LikeaStone1: posts the ante 60
josemar50: posts the ante 60
The Yasuo: posts the ante 60
pROdGeee: posts the ante 60
Gabrielfs13: posts the ante 60
ACES-OF-DANK: posts the ante 60
pROdGeee: posts small blind 250
Gabrielfs13: posts big blind 500
*** HOLE CARDS ***
Dealt to Gabrielfs13 [Qh 2c]
ACES-OF-DANK: folds 
panagiotis96: folds 
traumfanger1: raises 500 to 1000
LikeaStone1: folds 
josemar50: folds 
The Yasuo: folds 
pROdGeee: folds 
Gabrielfs13: folds 
Uncalled bet (500) returned to traumfanger1
traumfanger1 collected 1730 from pot
traumfanger1: doesn't show hand 
*** SUMMARY ***
Total pot 1730 | Rake 0 
Seat 1: panagiotis96 folded before Flop (didn't bet)
Seat 2: traumfanger1 collected (1730)
Seat 3: LikeaStone1 folded before Flop (didn't bet)
Seat 4: josemar50 folded before Flop (didn't bet)
Seat 5: The Yasuo (button) folded before Flop (didn't bet)
Seat 6: pROdGeee (small blind) folded before Flop
Seat 7: Gabrielfs13 (big blind) folded before Flop
Seat 8: ACES-OF-DANK folded before Flop (didn't bet)



PokerStars Hand #257253924986: Tournament #3914634328, $4.90+$4.90+$1.20 USD Hold'em No Limit - Level XI (250/500) - 2025/08/07 18:12:00 BRT [2025/08/07 17:12:00 ET]
Table '3914634328 82' 8-max Seat #6 is the button
Seat 1: panagiotis96 (17860 in chips) 
Seat 2: traumfanger1 (24684 in chips) 
Seat 3: LikeaStone1 (15954 in chips) 
Seat 4: josemar50 (22405 in chips) 
Seat 5: The Yasuo (9590 in chips) 
Seat 6: pROdGeee (22203 in chips) 
Seat 7: Gabrielfs13 (6454 in chips) 
Seat 8: ACES-OF-DANK (11330 in chips) 
panagiotis96: posts the ante 60
traumfanger1: posts the ante 60
LikeaStone1: posts the ante 60
josemar50: posts the ante 60
The Yasuo: posts the ante 60
pROdGeee: posts the ante 60
Gabrielfs13: posts the ante 60
ACES-OF-DANK: posts the ante 60
Gabrielfs13: posts small blind 250
ACES-OF-DANK: posts big blind 500
*** HOLE CARDS ***
Dealt to Gabrielfs13 [5d 4s]
panagiotis96: raises 500 to 1000
traumfanger1: folds 
LikeaStone1: folds 
josemar50: folds 
The Yasuo: folds 
pROdGeee: folds 
Gabrielfs13: folds 
ACES-OF-DANK: calls 500
*** FLOP *** [6s Ah 7h]
ACES-OF-DANK: checks 
panagiotis96: bets 683
ACES-OF-DANK: folds 
Uncalled bet (683) returned to panagiotis96
panagiotis96 collected 2730 from pot
panagiotis96: doesn't show hand 
*** SUMMARY ***
Total pot 2730 | Rake 0 
Board [6s Ah 7h]
Seat 1: panagiotis96 collected (2730)
Seat 2: traumfanger1 folded before Flop (didn't bet)
Seat 3: LikeaStone1 folded before Flop (didn't bet)
Seat 4: josemar50 folded before Flop (didn't bet)
Seat 5: The Yasuo folded before Flop (didn't bet)
Seat 6: pROdGeee (button) folded before Flop (didn't bet)
Seat 7: Gabrielfs13 (small blind) folded before Flop
Seat 8: ACES-OF-DANK (big blind) folded on the Flop



PokerStars Hand #257253941506: Tournament #3914634328, $4.90+$4.90+$1.20 USD Hold'em No Limit - Level XI (250/500) - 2025/08/07 18:13:08 BRT [2025/08/07 17:13:08 ET]
Table '3914634328 82' 8-max Seat #7 is the button
Seat 1: panagiotis96 (19530 in chips) 
Seat 2: traumfanger1 (24624 in chips) 
Seat 3: LikeaStone1 (15894 in chips) 
Seat 4: josemar50 (22345 in chips) 
Seat 5: The Yasuo (9530 in chips) 
Seat 6: pROdGeee (22143 in chips) 
Seat 7: Gabrielfs13 (6144 in chips) 
Seat 8: ACES-OF-DANK (10270 in chips) 
panagiotis96: posts the ante 60
traumfanger1: posts the ante 60
LikeaStone1: posts the ante 60
josemar50: posts the ante 60
The Yasuo: posts the ante 60
pROdGeee: posts the ante 60
Gabrielfs13: posts the ante 60
ACES-OF-DANK: posts the ante 60
ACES-OF-DANK: posts small blind 250
panagiotis96: posts big blind 500
*** HOLE CARDS ***
Dealt to Gabrielfs13 [5d 7c]
traumfanger1: folds 
LikeaStone1: folds 
josemar50: folds 
The Yasuo: folds 
pROdGeee: folds 
Gabrielfs13: folds 
ACES-OF-DANK: folds 
Uncalled bet (250) returned to panagiotis96
panagiotis96 collected 980 from pot
panagiotis96: doesn't show hand 
*** SUMMARY ***
Total pot 980 | Rake 0 
Seat 1: panagiotis96 (big blind) collected (980)
Seat 2: traumfanger1 folded before Flop (didn't bet)
Seat 3: LikeaStone1 folded before Flop (didn't bet)
Seat 4: josemar50 folded before Flop (didn't bet)
Seat 5: The Yasuo folded before Flop (didn't bet)
Seat 6: pROdGeee folded before Flop (didn't bet)
Seat 7: Gabrielfs13 (button) folded before Flop (didn't bet)
Seat 8: ACES-OF-DANK (small blind) folded before Flop



PokerStars Hand #257253945009: Tournament #3914634328, $4.90+$4.90+$1.20 USD Hold'em No Limit - Level XI (250/500) - 2025/08/07 18:13:22 BRT [2025/08/07 17:13:22 ET]
Table '3914634328 82' 8-max Seat #8 is the button
Seat 1: panagiotis96 (20200 in chips) 
Seat 2: traumfanger1 (24564 in chips) 
Seat 3: LikeaStone1 (15834 in chips) 
Seat 4: josemar50 (22285 in chips) 
Seat 5: The Yasuo (9470 in chips) 
Seat 6: pROdGeee (22083 in chips) 
Seat 7: Gabrielfs13 (6084 in chips) 
Seat 8: ACES-OF-DANK (9960 in chips) 
panagiotis96: posts the ante 60
traumfanger1: posts the ante 60
LikeaStone1: posts the ante 60
josemar50: posts the ante 60
The Yasuo: posts the ante 60
pROdGeee: posts the ante 60
Gabrielfs13: posts the ante 60
ACES-OF-DANK: posts the ante 60
panagiotis96: posts small blind 250
traumfanger1: posts big blind 500
*** HOLE CARDS ***
Dealt to Gabrielfs13 [Jd 5d]
LikeaStone1: folds 
josemar50: folds 
The Yasuo: folds 
pROdGeee: folds 
Gabrielfs13: raises 500 to 1000
ACES-OF-DANK: folds 
panagiotis96: folds 
traumfanger1: folds 
Uncalled bet (500) returned to Gabrielfs13
Gabrielfs13 collected 1730 from pot
Gabrielfs13: doesn't show hand 
*** SUMMARY ***
Total pot 1730 | Rake 0 
Seat 1: panagiotis96 (small blind) folded before Flop
Seat 2: traumfanger1 (big blind) folded before Flop
Seat 3: LikeaStone1 folded before Flop (didn't bet)
Seat 4: josemar50 folded before Flop (didn't bet)
Seat 5: The Yasuo folded before Flop (didn't bet)
Seat 6: pROdGeee folded before Flop (didn't bet)
Seat 7: Gabrielfs13 collected (1730)
Seat 8: ACES-OF-DANK (button) folded before Flop (didn't bet)



PokerStars Hand #257253954927: Tournament #3914634328, $4.90+$4.90+$1.20 USD Hold'em No Limit - Level XI (250/500) - 2025/08/07 18:14:03 BRT [2025/08/07 17:14:03 ET]
Table '3914634328 82' 8-max Seat #1 is the button
Seat 1: panagiotis96 (19890 in chips) 
Seat 2: traumfanger1 (24004 in chips) 
Seat 3: LikeaStone1 (15774 in chips) 
Seat 4: josemar50 (22225 in chips) 
Seat 5: The Yasuo (9410 in chips) 
Seat 6: pROdGeee (22023 in chips) 
Seat 7: Gabrielfs13 (7254 in chips) 
Seat 8: ACES-OF-DANK (9900 in chips) 
panagiotis96: posts the ante 60
traumfanger1: posts the ante 60
LikeaStone1: posts the ante 60
josemar50: posts the ante 60
The Yasuo: posts the ante 60
pROdGeee: posts the ante 60
Gabrielfs13: posts the ante 60
ACES-OF-DANK: posts the ante 60
traumfanger1: posts small blind 250
LikeaStone1: posts big blind 500
*** HOLE CARDS ***
Dealt to Gabrielfs13 [9c 8s]
josemar50: folds 
The Yasuo: folds 
pROdGeee: folds 
Gabrielfs13: folds 
ACES-OF-DANK: folds 
panagiotis96: folds 
traumfanger1: raises 1100 to 1600
LikeaStone1: folds 
Uncalled bet (1100) returned to traumfanger1
traumfanger1 collected 1480 from pot
traumfanger1: doesn't show hand 
*** SUMMARY ***
Total pot 1480 | Rake 0 
Seat 1: panagiotis96 (button) folded before Flop (didn't bet)
Seat 2: traumfanger1 (small blind) collected (1480)
Seat 3: LikeaStone1 (big blind) folded before Flop
Seat 4: josemar50 folded before Flop (didn't bet)
Seat 5: The Yasuo folded before Flop (didn't bet)
Seat 6: pROdGeee folded before Flop (didn't bet)
Seat 7: Gabrielfs13 folded before Flop (didn't bet)
Seat 8: ACES-OF-DANK folded before Flop (didn't bet)



PokerStars Hand #257253960132: Tournament #3914634328, $4.90+$4.90+$1.20 USD Hold'em No Limit - Level XI (250/500) - 2025/08/07 18:14:25 BRT [2025/08/07 17:14:25 ET]
Table '3914634328 82' 8-max Seat #2 is the button
Seat 1: panagiotis96 (19830 in chips) 
Seat 2: traumfanger1 (24924 in chips) 
Seat 3: LikeaStone1 (15214 in chips) 
Seat 4: josemar50 (22165 in chips) 
Seat 5: The Yasuo (9350 in chips) 
Seat 6: pROdGeee (21963 in chips) 
Seat 7: Gabrielfs13 (7194 in chips) 
Seat 8: ACES-OF-DANK (9840 in chips) 
panagiotis96: posts the ante 60
traumfanger1: posts the ante 60
LikeaStone1: posts the ante 60
josemar50: posts the ante 60
The Yasuo: posts the ante 60
pROdGeee: posts the ante 60
Gabrielfs13: posts the ante 60
ACES-OF-DANK: posts the ante 60
LikeaStone1: posts small blind 250
josemar50: posts big blind 500
*** HOLE CARDS ***
Dealt to Gabrielfs13 [Qh Kc]
The Yasuo: folds 
pROdGeee: folds 
Gabrielfs13: raises 500 to 1000
ACES-OF-DANK: folds 
panagiotis96: folds 
traumfanger1: folds 
LikeaStone1: calls 750
josemar50: calls 500
*** FLOP *** [Jd 2c Td]
LikeaStone1: bets 500
josemar50: calls 500
Gabrielfs13: raises 5634 to 6134 and is all-in
LikeaStone1: folds 
josemar50: folds 
Uncalled bet (5634) returned to Gabrielfs13
Gabrielfs13 collected 4980 from pot
Gabrielfs13: doesn't show hand 
*** SUMMARY ***
Total pot 4980 | Rake 0 
Board [Jd 2c Td]
Seat 1: panagiotis96 folded before Flop (didn't bet)
Seat 2: traumfanger1 (button) folded before Flop (didn't bet)
Seat 3: LikeaStone1 (small blind) folded on the Flop
Seat 4: josemar50 (big blind) folded on the Flop
Seat 5: The Yasuo folded before Flop (didn't bet)
Seat 6: pROdGeee folded before Flop (didn't bet)
Seat 7: Gabrielfs13 collected (4980)
Seat 8: ACES-OF-DANK folded before Flop (didn't bet)



PokerStars Hand #257253983111: Tournament #3914634328, $4.90+$4.90+$1.20 USD Hold'em No Limit - Level XII (300/600) - 2025/08/07 18:15:58 BRT [2025/08/07 17:15:58 ET]
Table '3914634328 82' 8-max Seat #3 is the button
Seat 1: panagiotis96 (19770 in chips) 
Seat 2: traumfanger1 (24864 in chips) 
Seat 3: LikeaStone1 (13654 in chips) 
Seat 4: josemar50 (20605 in chips) 
Seat 5: The Yasuo (9290 in chips) 
Seat 6: pROdGeee (21903 in chips) 
Seat 7: Gabrielfs13 (10614 in chips) 
Seat 8: ACES-OF-DANK (9780 in chips) 
panagiotis96: posts the ante 80
traumfanger1: posts the ante 80
LikeaStone1: posts the ante 80
josemar50: posts the ante 80
The Yasuo: posts the ante 80
pROdGeee: posts the ante 80
Gabrielfs13: posts the ante 80
ACES-OF-DANK: posts the ante 80
josemar50: posts small blind 300
The Yasuo: posts big blind 600
*** HOLE CARDS ***
Dealt to Gabrielfs13 [3c Qh]
pROdGeee: folds 
Gabrielfs13: folds 
ACES-OF-DANK: folds 
panagiotis96: folds 
traumfanger1: raises 600 to 1200
LikeaStone1: folds 
josemar50: raises 3640 to 4840
The Yasuo: folds 
traumfanger1: folds 
Uncalled bet (3640) returned to josemar50
josemar50 collected 3640 from pot
josemar50: doesn't show hand 
*** SUMMARY ***
Total pot 3640 | Rake 0 
Seat 1: panagiotis96 folded before Flop (didn't bet)
Seat 2: traumfanger1 folded before Flop
Seat 3: LikeaStone1 (button) folded before Flop (didn't bet)
Seat 4: josemar50 (small blind) collected (3640)
Seat 5: The Yasuo (big blind) folded before Flop
Seat 6: pROdGeee folded before Flop (didn't bet)
Seat 7: Gabrielfs13 folded before Flop (didn't bet)
Seat 8: ACES-OF-DANK folded before Flop (didn't bet)



PokerStars Hand #257253990513: Tournament #3914634328, $4.90+$4.90+$1.20 USD Hold'em No Limit - Level XII (300/600) - 2025/08/07 18:16:29 BRT [2025/08/07 17:16:29 ET]
Table '3914634328 82' 8-max Seat #4 is the button
Seat 1: panagiotis96 (19690 in chips) 
Seat 2: traumfanger1 (23584 in chips) 
Seat 3: LikeaStone1 (13574 in chips) 
Seat 4: josemar50 (22965 in chips) 
Seat 5: The Yasuo (8610 in chips) 
Seat 6: pROdGeee (21823 in chips) 
Seat 7: Gabrielfs13 (10534 in chips) 
Seat 8: ACES-OF-DANK (9700 in chips) 
panagiotis96: posts the ante 80
traumfanger1: posts the ante 80
LikeaStone1: posts the ante 80
josemar50: posts the ante 80
The Yasuo: posts the ante 80
pROdGeee: posts the ante 80
Gabrielfs13: posts the ante 80
ACES-OF-DANK: posts the ante 80
The Yasuo: posts small blind 300
pROdGeee: posts big blind 600
*** HOLE CARDS ***
Dealt to Gabrielfs13 [Td 7s]
Gabrielfs13: folds 
ACES-OF-DANK: folds 
panagiotis96: folds 
traumfanger1: folds 
LikeaStone1: folds 
josemar50: raises 2140 to 2740
The Yasuo: folds 
pROdGeee: folds 
Uncalled bet (2140) returned to josemar50
josemar50 collected 2140 from pot
josemar50: doesn't show hand 
*** SUMMARY ***
Total pot 2140 | Rake 0 
Seat 1: panagiotis96 folded before Flop (didn't bet)
Seat 2: traumfanger1 folded before Flop (didn't bet)
Seat 3: LikeaStone1 folded before Flop (didn't bet)
Seat 4: josemar50 (button) collected (2140)
Seat 5: The Yasuo (small blind) folded before Flop
Seat 6: pROdGeee (big blind) folded before Flop
Seat 7: Gabrielfs13 folded before Flop (didn't bet)
Seat 8: ACES-OF-DANK folded before Flop (didn't bet)



PokerStars Hand #257254002042: Tournament #3914634328, $4.90+$4.90+$1.20 USD Hold'em No Limit - Level XII (300/600) - 2025/08/07 18:17:17 BRT [2025/08/07 17:17:17 ET]
Table '3914634328 82' 8-max Seat #5 is the button
Seat 1: panagiotis96 (19610 in chips) 
Seat 2: traumfanger1 (23504 in chips) 
Seat 3: LikeaStone1 (13494 in chips) 
Seat 4: josemar50 (24425 in chips) 
Seat 5: The Yasuo (8230 in chips) 
Seat 6: pROdGeee (21143 in chips) 
Seat 7: Gabrielfs13 (10454 in chips) 
Seat 8: ACES-OF-DANK (9620 in chips) 
panagiotis96: posts the ante 80
traumfanger1: posts the ante 80
LikeaStone1: posts the ante 80
josemar50: posts the ante 80
The Yasuo: posts the ante 80
pROdGeee: posts the ante 80
Gabrielfs13: posts the ante 80
ACES-OF-DANK: posts the ante 80
pROdGeee: posts small blind 300
Gabrielfs13: posts big blind 600
*** HOLE CARDS ***
Dealt to Gabrielfs13 [3h 2s]
ACES-OF-DANK: folds 
panagiotis96: folds 
traumfanger1: folds 
LikeaStone1: raises 12814 to 13414 and is all-in
josemar50: folds 
The Yasuo: folds 
pROdGeee: folds 
Gabrielfs13: folds 
Uncalled bet (12814) returned to LikeaStone1
LikeaStone1 collected 2140 from pot
LikeaStone1: doesn't show hand 
*** SUMMARY ***
Total pot 2140 | Rake 0 
Seat 1: panagiotis96 folded before Flop (didn't bet)
Seat 2: traumfanger1 folded before Flop (didn't bet)
Seat 3: LikeaStone1 collected (2140)
Seat 4: josemar50 folded before Flop (didn't bet)
Seat 5: The Yasuo (button) folded before Flop (didn't bet)
Seat 6: pROdGeee (small blind) folded before Flop
Seat 7: Gabrielfs13 (big blind) folded before Flop
Seat 8: ACES-OF-DANK folded before Flop (didn't bet)



PokerStars Hand #257254010423: Tournament #3914634328, $4.90+$4.90+$1.20 USD Hold'em No Limit - Level XII (300/600) - 2025/08/07 18:17:51 BRT [2025/08/07 17:17:51 ET]
Table '3914634328 82' 8-max Seat #6 is the button
Seat 1: panagiotis96 (19530 in chips) 
Seat 2: traumfanger1 (23424 in chips) 
Seat 3: LikeaStone1 (14954 in chips) 
Seat 4: josemar50 (24345 in chips) 
Seat 5: The Yasuo (8150 in chips) 
Seat 6: pROdGeee (20763 in chips) 
Seat 7: Gabrielfs13 (9774 in chips) 
Seat 8: ACES-OF-DANK (9540 in chips) 
panagiotis96: posts the ante 80
traumfanger1: posts the ante 80
LikeaStone1: posts the ante 80
josemar50: posts the ante 80
The Yasuo: posts the ante 80
pROdGeee: posts the ante 80
Gabrielfs13: posts the ante 80
ACES-OF-DANK: posts the ante 80
Gabrielfs13: posts small blind 300
ACES-OF-DANK: posts big blind 600
*** HOLE CARDS ***
Dealt to Gabrielfs13 [Qd 9s]
panagiotis96: raises 600 to 1200
traumfanger1: folds 
LikeaStone1: folds 
josemar50: calls 1200
The Yasuo: raises 6870 to 8070 and is all-in
pROdGeee: raises 12613 to 20683 and is all-in
Gabrielfs13: folds 
ACES-OF-DANK: folds 
panagiotis96: folds 
josemar50: folds 
Uncalled bet (12613) returned to pROdGeee
*** FLOP *** [4c 3c Kc]
*** TURN *** [4c 3c Kc] [9h]
*** RIVER *** [4c 3c Kc 9h] [7s]
*** SHOW DOWN ***
The Yasuo: shows [Tc Ah] (high card Ace)
pROdGeee: shows [Ks As] (a pair of Kings)
pROdGeee collected 20080 from pot
The Yasuo finished the tournament
*** SUMMARY ***
Total pot 20080 | Rake 0 
Board [4c 3c Kc 9h 7s]
Seat 1: panagiotis96 folded before Flop
Seat 2: traumfanger1 folded before Flop (didn't bet)
Seat 3: LikeaStone1 folded before Flop (didn't bet)
Seat 4: josemar50 folded before Flop
Seat 5: The Yasuo showed [Tc Ah] and lost with high card Ace
Seat 6: pROdGeee (button) showed [Ks As] and won (20080) with a pair of Kings
Seat 7: Gabrielfs13 (small blind) folded before Flop
Seat 8: ACES-OF-DANK (big blind) folded before Flop



PokerStars Hand #257254029819: Tournament #3914634328, $4.90+$4.90+$1.20 USD Hold'em No Limit - Level XII (300/600) - 2025/08/07 18:19:12 BRT [2025/08/07 17:19:12 ET]
Table '3914634328 82' 8-max Seat #7 is the button
Seat 1: panagiotis96 (18250 in chips) 
Seat 2: traumfanger1 (23344 in chips) 
Seat 3: LikeaStone1 (14874 in chips) 
Seat 4: josemar50 (23065 in chips) 
Seat 6: pROdGeee (32693 in chips) 
Seat 7: Gabrielfs13 (9394 in chips) 
Seat 8: ACES-OF-DANK (8860 in chips) 
panagiotis96: posts the ante 80
traumfanger1: posts the ante 80
LikeaStone1: posts the ante 80
josemar50: posts the ante 80
pROdGeee: posts the ante 80
Gabrielfs13: posts the ante 80
ACES-OF-DANK: posts the ante 80
ACES-OF-DANK: posts small blind 300
panagiotis96: posts big blind 600
*** HOLE CARDS ***
Dealt to Gabrielfs13 [5h 8c]
traumfanger1: folds 
LikeaStone1: folds 
josemar50: folds 
pROdGeee: folds 
Gabrielfs13: folds 
ACES-OF-DANK: calls 300
panagiotis96: raises 17400 to 18000
ACES-OF-DANK: folds 
Uncalled bet (17400) returned to panagiotis96
panagiotis96 collected 1760 from pot
panagiotis96: doesn't show hand 
*** SUMMARY ***
Total pot 1760 | Rake 0 
Seat 1: panagiotis96 (big blind) collected (1760)
Seat 2: traumfanger1 folded before Flop (didn't bet)
Seat 3: LikeaStone1 folded before Flop (didn't bet)
Seat 4: josemar50 folded before Flop (didn't bet)
Seat 6: pROdGeee folded before Flop (didn't bet)
Seat 7: Gabrielfs13 (button) folded before Flop (didn't bet)
Seat 8: ACES-OF-DANK (small blind) folded before Flop



PokerStars Hand #257254037027: Tournament #3914634328, $4.90+$4.90+$1.20 USD Hold'em No Limit - Level XII (300/600) - 2025/08/07 18:19:42 BRT [2025/08/07 17:19:42 ET]
Table '3914634328 82' 8-max Seat #8 is the button
Seat 1: panagiotis96 (19330 in chips) 
Seat 2: traumfanger1 (23264 in chips) 
Seat 3: LikeaStone1 (14794 in chips) 
Seat 4: josemar50 (22985 in chips) 
Seat 5: Padureanu96 (10000 in chips) 
Seat 6: pROdGeee (32613 in chips) 
Seat 7: Gabrielfs13 (9314 in chips) 
Seat 8: ACES-OF-DANK (8180 in chips) 
panagiotis96: posts the ante 80
traumfanger1: posts the ante 80
LikeaStone1: posts the ante 80
josemar50: posts the ante 80
Padureanu96: posts the ante 80
pROdGeee: posts the ante 80
Gabrielfs13: posts the ante 80
ACES-OF-DANK: posts the ante 80
panagiotis96: posts small blind 300
traumfanger1: posts big blind 600
*** HOLE CARDS ***
Dealt to Gabrielfs13 [2c 6c]
LikeaStone1: folds 
josemar50: folds 
Padureanu96: calls 600
pROdGeee: raises 2400 to 3000
Gabrielfs13: folds 
ACES-OF-DANK: folds 
panagiotis96: folds 
traumfanger1: folds 
Padureanu96: folds 
Uncalled bet (2400) returned to pROdGeee
pROdGeee collected 2740 from pot
pROdGeee: doesn't show hand 
*** SUMMARY ***
Total pot 2740 | Rake 0 
Seat 1: panagiotis96 (small blind) folded before Flop
Seat 2: traumfanger1 (big blind) folded before Flop
Seat 3: LikeaStone1 folded before Flop (didn't bet)
Seat 4: josemar50 folded before Flop (didn't bet)
Seat 5: Padureanu96 folded before Flop
Seat 6: pROdGeee collected (2740)
Seat 7: Gabrielfs13 folded before Flop (didn't bet)
Seat 8: ACES-OF-DANK (button) folded before Flop (didn't bet)



PokerStars Hand #257254046746: Tournament #3914634328, $4.90+$4.90+$1.20 USD Hold'em No Limit - Level XII (300/600) - 2025/08/07 18:20:22 BRT [2025/08/07 17:20:22 ET]
Table '3914634328 82' 8-max Seat #1 is the button
Seat 1: panagiotis96 (18950 in chips) 
Seat 2: traumfanger1 (22584 in chips) 
Seat 3: LikeaStone1 (14714 in chips) 
Seat 4: josemar50 (22905 in chips) 
Seat 5: Padureanu96 (9320 in chips) 
Seat 6: pROdGeee (34673 in chips) 
Seat 7: Gabrielfs13 (9234 in chips) 
Seat 8: ACES-OF-DANK (8100 in chips) 
panagiotis96: posts the ante 80
traumfanger1: posts the ante 80
LikeaStone1: posts the ante 80
josemar50: posts the ante 80
Padureanu96: posts the ante 80
pROdGeee: posts the ante 80
Gabrielfs13: posts the ante 80
ACES-OF-DANK: posts the ante 80
traumfanger1: posts small blind 300
LikeaStone1: posts big blind 600
*** HOLE CARDS ***
Dealt to Gabrielfs13 [Jd 5h]
josemar50: folds 
Padureanu96: folds 
pROdGeee: folds 
Gabrielfs13: folds 
ACES-OF-DANK has timed out
ACES-OF-DANK: folds 
ACES-OF-DANK is sitting out
panagiotis96: raises 600 to 1200
traumfanger1: folds 
LikeaStone1: folds 
Uncalled bet (600) returned to panagiotis96
panagiotis96 collected 2140 from pot
panagiotis96: doesn't show hand 
*** SUMMARY ***
Total pot 2140 | Rake 0 
Seat 1: panagiotis96 (button) collected (2140)
Seat 2: traumfanger1 (small blind) folded before Flop
Seat 3: LikeaStone1 (big blind) folded before Flop
Seat 4: josemar50 folded before Flop (didn't bet)
Seat 5: Padureanu96 folded before Flop (didn't bet)
Seat 6: pROdGeee folded before Flop (didn't bet)
Seat 7: Gabrielfs13 folded before Flop (didn't bet)
Seat 8: ACES-OF-DANK folded before Flop (didn't bet)



PokerStars Hand #257254059606: Tournament #3914634328, $4.90+$4.90+$1.20 USD Hold'em No Limit - Level XIII (400/800) - 2025/08/07 18:21:15 BRT [2025/08/07 17:21:15 ET]
Table '3914634328 82' 8-max Seat #2 is the button
Seat 1: panagiotis96 (20410 in chips) 
Seat 2: traumfanger1 (22204 in chips) 
Seat 3: LikeaStone1 (14034 in chips) 
Seat 4: josemar50 (22825 in chips) 
Seat 5: Padureanu96 (9240 in chips) 
Seat 6: pROdGeee (34593 in chips) 
Seat 7: Gabrielfs13 (9154 in chips) 
Seat 8: ACES-OF-DANK (8020 in chips) is sitting out
panagiotis96: posts the ante 100
traumfanger1: posts the ante 100
LikeaStone1: posts the ante 100
josemar50: posts the ante 100
Padureanu96: posts the ante 100
pROdGeee: posts the ante 100
Gabrielfs13: posts the ante 100
ACES-OF-DANK: posts the ante 100
LikeaStone1: posts small blind 400
josemar50: posts big blind 800
*** HOLE CARDS ***
Dealt to Gabrielfs13 [9c 8s]
ACES-OF-DANK has returned
Padureanu96: raises 800 to 1600
pROdGeee: folds 
Gabrielfs13: folds 
ACES-OF-DANK has timed out
ACES-OF-DANK: folds 
ACES-OF-DANK is sitting out
panagiotis96: folds 
ACES-OF-DANK has returned
traumfanger1: folds 
LikeaStone1: folds 
josemar50: folds 
Uncalled bet (800) returned to Padureanu96
Padureanu96 collected 2800 from pot
*** SUMMARY ***
Total pot 2800 | Rake 0 
Seat 1: panagiotis96 folded before Flop (didn't bet)
Seat 2: traumfanger1 (button) folded before Flop (didn't bet)
Seat 3: LikeaStone1 (small blind) folded before Flop
Seat 4: josemar50 (big blind) folded before Flop
Seat 5: Padureanu96 collected (2800)
Seat 6: pROdGeee folded before Flop (didn't bet)
Seat 7: Gabrielfs13 folded before Flop (didn't bet)
Seat 8: ACES-OF-DANK folded before Flop (didn't bet)



PokerStars Hand #257254067934: Tournament #3914634328, $4.90+$4.90+$1.20 USD Hold'em No Limit - Level XIII (400/800) - 2025/08/07 18:21:50 BRT [2025/08/07 17:21:50 ET]
Table '3914634328 82' 8-max Seat #3 is the button
Seat 1: panagiotis96 (20310 in chips) 
Seat 2: traumfanger1 (22104 in chips) 
Seat 3: LikeaStone1 (13534 in chips) 
Seat 4: josemar50 (21925 in chips) 
Seat 5: Padureanu96 (11140 in chips) 
Seat 6: pROdGeee (34493 in chips) 
Seat 7: Gabrielfs13 (9054 in chips) 
Seat 8: ACES-OF-DANK (7920 in chips) 
panagiotis96: posts the ante 100
traumfanger1: posts the ante 100
LikeaStone1: posts the ante 100
josemar50: posts the ante 100
Padureanu96: posts the ante 100
pROdGeee: posts the ante 100
Gabrielfs13: posts the ante 100
ACES-OF-DANK: posts the ante 100
josemar50: posts small blind 400
Padureanu96: posts big blind 800
*** HOLE CARDS ***
Dealt to Gabrielfs13 [7c 3d]
pROdGeee: folds 
Gabrielfs13: folds 
ACES-OF-DANK: calls 800
panagiotis96: folds 
traumfanger1: folds 
LikeaStone1: folds 
josemar50: calls 400
Padureanu96: checks 
*** FLOP *** [Qh Kd 5c]
josemar50: checks 
Padureanu96: checks 
ACES-OF-DANK: bets 7020 and is all-in
josemar50: folds 
Padureanu96: folds 
Uncalled bet (7020) returned to ACES-OF-DANK
ACES-OF-DANK collected 3200 from pot
*** SUMMARY ***
Total pot 3200 | Rake 0 
Board [Qh Kd 5c]
Seat 1: panagiotis96 folded before Flop (didn't bet)
Seat 2: traumfanger1 folded before Flop (didn't bet)
Seat 3: LikeaStone1 (button) folded before Flop (didn't bet)
Seat 4: josemar50 (small blind) folded on the Flop
Seat 5: Padureanu96 (big blind) folded on the Flop
Seat 6: pROdGeee folded before Flop (didn't bet)
Seat 7: Gabrielfs13 folded before Flop (didn't bet)
Seat 8: ACES-OF-DANK collected (3200)



