PokerStars Hand #257264487893: Tournament #3916936585, $4.80+$5.00+$1.20 USD Hold'em No Limit - Level I (50/100) - 2025/08/08 15:33:52 BRT [2025/08/08 14:33:52 ET]
Table '3916936585 3' 8-max Seat #1 is the button
Seat 1: onlydrunkreg (5000 in chips, $5 bounty) 
Seat 4: whyyouontilt (5000 in chips, $5 bounty) 
Seat 5: TOTO_VILKS (5000 in chips, $5 bounty) 
Seat 6: roggi1983 (5000 in chips, $5 bounty) 
Seat 7: R3al_Grind3r (5000 in chips, $5 bounty) 
Seat 8: Gabrielfs13 (5000 in chips, $5 bounty) 
onlydrunkreg: posts the ante 15
whyyouontilt: posts the ante 15
TOTO_VILKS: posts the ante 15
roggi1983: posts the ante 15
R3al_Grind3r: posts the ante 15
Gabrielfs13: posts the ante 15
whyyouontilt: posts small blind 50
TOTO_VILKS: posts big blind 100
*** HOLE CARDS ***
Dealt to Gabrielfs13 [5h 7h]
roggi1983: folds 
R3al_Grind3r: folds 
Gabrielfs13: raises 100 to 200
lukstar79 is disconnected 
onlydrunkreg: folds 
whyyouontilt: folds 
TOTO_VILKS: calls 100
*** FLOP *** [4c Qd Ts]
TOTO_VILKS: checks 
Gabrielfs13: checks 
*** TURN *** [4c Qd Ts] [3s]
TOTO_VILKS: bets 378
Gabrielfs13: folds 
Uncalled bet (378) returned to TOTO_VILKS
TOTO_VILKS collected 540 from pot
TOTO_VILKS: doesn't show hand 
*** SUMMARY ***
Total pot 540 | Rake 0 
Board [4c Qd Ts 3s]
Seat 1: onlydrunkreg (button) folded before Flop (didn't bet)
Seat 4: whyyouontilt (small blind) folded before Flop
Seat 5: TOTO_VILKS (big blind) collected (540)
Seat 6: roggi1983 folded before Flop (didn't bet)
Seat 7: R3al_Grind3r folded before Flop (didn't bet)
Seat 8: Gabrielfs13 folded on the Turn



PokerStars Hand #257264500263: Tournament #3916936585, $4.80+$5.00+$1.20 USD Hold'em No Limit - Level I (50/100) - 2025/08/08 15:34:52 BRT [2025/08/08 14:34:52 ET]
Table '3916936585 3' 8-max Seat #4 is the button
Seat 1: onlydrunkreg (4985 in chips, $5 bounty) 
Seat 2: lukstar79 (5000 in chips, $5 bounty) 
Seat 4: whyyouontilt (4935 in chips, $5 bounty) 
Seat 5: TOTO_VILKS (5325 in chips, $5 bounty) 
Seat 6: roggi1983 (4985 in chips, $5 bounty) 
Seat 7: R3al_Grind3r (4985 in chips, $5 bounty) 
Seat 8: Gabrielfs13 (4785 in chips, $5 bounty) 
onlydrunkreg: posts the ante 15
lukstar79: posts the ante 15
whyyouontilt: posts the ante 15
TOTO_VILKS: posts the ante 15
roggi1983: posts the ante 15
R3al_Grind3r: posts the ante 15
Gabrielfs13: posts the ante 15
TOTO_VILKS: posts small blind 50
roggi1983: posts big blind 100
*** HOLE CARDS ***
Dealt to Gabrielfs13 [Td Jh]
R3al_Grind3r: folds 
Gabrielfs13: raises 100 to 200
onlydrunkreg: folds 
naaysayer is disconnected 
lukstar79: calls 200
whyyouontilt: folds 
TOTO_VILKS: folds 
roggi1983: folds 
*** FLOP *** [9c 7d 2h]
Gabrielfs13: checks 
lukstar79: checks 
*** TURN *** [9c 7d 2h] [Js]
Gabrielfs13: bets 328
lukstar79: folds 
Uncalled bet (328) returned to Gabrielfs13
Gabrielfs13 collected 655 from pot
Gabrielfs13: doesn't show hand 
*** SUMMARY ***
Total pot 655 | Rake 0 
Board [9c 7d 2h Js]
Seat 1: onlydrunkreg folded before Flop (didn't bet)
Seat 2: lukstar79 folded on the Turn
Seat 4: whyyouontilt (button) folded before Flop (didn't bet)
Seat 5: TOTO_VILKS (small blind) folded before Flop
Seat 6: roggi1983 (big blind) folded before Flop
Seat 7: R3al_Grind3r folded before Flop (didn't bet)
Seat 8: Gabrielfs13 collected (655)



PokerStars Hand #257264510797: Tournament #3916936585, $4.80+$5.00+$1.20 USD Hold'em No Limit - Level I (50/100) - 2025/08/08 15:35:43 BRT [2025/08/08 14:35:43 ET]
Table '3916936585 3' 8-max Seat #5 is the button
Seat 1: onlydrunkreg (4970 in chips, $5 bounty) 
Seat 2: lukstar79 (4785 in chips, $5 bounty) 
Seat 3: naaysayer (5000 in chips, $5 bounty) 
Seat 4: whyyouontilt (4920 in chips, $5 bounty) 
Seat 5: TOTO_VILKS (5260 in chips, $5 bounty) 
Seat 6: roggi1983 (4870 in chips, $5 bounty) 
Seat 7: R3al_Grind3r (4970 in chips, $5 bounty) 
Seat 8: Gabrielfs13 (5225 in chips, $5 bounty) 
onlydrunkreg: posts the ante 15
lukstar79: posts the ante 15
naaysayer: posts the ante 15
whyyouontilt: posts the ante 15
TOTO_VILKS: posts the ante 15
roggi1983: posts the ante 15
R3al_Grind3r: posts the ante 15
Gabrielfs13: posts the ante 15
roggi1983: posts small blind 50
R3al_Grind3r: posts big blind 100
*** HOLE CARDS ***
Dealt to Gabrielfs13 [9c 7c]
Gabrielfs13: raises 100 to 200
onlydrunkreg: folds 
lukstar79: calls 200
naaysayer: folds 
whyyouontilt: folds 
TOTO_VILKS: folds 
roggi1983: folds 
R3al_Grind3r: calls 100
*** FLOP *** [Qd 9s 4h]
R3al_Grind3r: checks 
Gabrielfs13: bets 385
lukstar79: folds 
R3al_Grind3r: folds 
Uncalled bet (385) returned to Gabrielfs13
Gabrielfs13 collected 770 from pot
Gabrielfs13: doesn't show hand 
*** SUMMARY ***
Total pot 770 | Rake 0 
Board [Qd 9s 4h]
Seat 1: onlydrunkreg folded before Flop (didn't bet)
Seat 2: lukstar79 folded on the Flop
Seat 3: naaysayer folded before Flop (didn't bet)
Seat 4: whyyouontilt folded before Flop (didn't bet)
Seat 5: TOTO_VILKS (button) folded before Flop (didn't bet)
Seat 6: roggi1983 (small blind) folded before Flop
Seat 7: R3al_Grind3r (big blind) folded on the Flop
Seat 8: Gabrielfs13 collected (770)



PokerStars Hand #257264519095: Tournament #3916936585, $4.80+$5.00+$1.20 USD Hold'em No Limit - Level I (50/100) - 2025/08/08 15:36:23 BRT [2025/08/08 14:36:23 ET]
Table '3916936585 3' 8-max Seat #6 is the button
Seat 1: onlydrunkreg (4955 in chips, $5 bounty) 
Seat 2: lukstar79 (4570 in chips, $5 bounty) 
Seat 3: naaysayer (4985 in chips, $5 bounty) 
Seat 4: whyyouontilt (4905 in chips, $5 bounty) 
Seat 5: TOTO_VILKS (5245 in chips, $5 bounty) 
Seat 6: roggi1983 (4805 in chips, $5 bounty) 
Seat 7: R3al_Grind3r (4755 in chips, $5 bounty) 
Seat 8: Gabrielfs13 (5780 in chips, $5 bounty) 
onlydrunkreg: posts the ante 15
lukstar79: posts the ante 15
naaysayer: posts the ante 15
whyyouontilt: posts the ante 15
TOTO_VILKS: posts the ante 15
roggi1983: posts the ante 15
R3al_Grind3r: posts the ante 15
Gabrielfs13: posts the ante 15
R3al_Grind3r: posts small blind 50
Gabrielfs13: posts big blind 100
*** HOLE CARDS ***
Dealt to Gabrielfs13 [Kh 5h]
onlydrunkreg: folds 
lukstar79: folds 
naaysayer: raises 120 to 220
whyyouontilt: folds 
TOTO_VILKS: folds 
roggi1983: folds 
R3al_Grind3r: folds 
Gabrielfs13: calls 120
*** FLOP *** [Tc Qc Th]
Gabrielfs13: checks 
naaysayer: bets 200
Gabrielfs13: folds 
Uncalled bet (200) returned to naaysayer
naaysayer collected 610 from pot
naaysayer: doesn't show hand 
*** SUMMARY ***
Total pot 610 | Rake 0 
Board [Tc Qc Th]
Seat 1: onlydrunkreg folded before Flop (didn't bet)
Seat 2: lukstar79 folded before Flop (didn't bet)
Seat 3: naaysayer collected (610)
Seat 4: whyyouontilt folded before Flop (didn't bet)
Seat 5: TOTO_VILKS folded before Flop (didn't bet)
Seat 6: roggi1983 (button) folded before Flop (didn't bet)
Seat 7: R3al_Grind3r (small blind) folded before Flop
Seat 8: Gabrielfs13 (big blind) folded on the Flop



PokerStars Hand #257264529194: Tournament #3916936585, $4.80+$5.00+$1.20 USD Hold'em No Limit - Level I (50/100) - 2025/08/08 15:37:11 BRT [2025/08/08 14:37:11 ET]
Table '3916936585 3' 8-max Seat #7 is the button
Seat 2: lukstar79 (4555 in chips, $5 bounty) 
Seat 3: naaysayer (5360 in chips, $5 bounty) 
Seat 4: whyyouontilt (4890 in chips, $5 bounty) 
Seat 5: TOTO_VILKS (5230 in chips, $5 bounty) 
Seat 6: roggi1983 (4790 in chips, $5 bounty) 
Seat 7: R3al_Grind3r (4690 in chips, $5 bounty) 
Seat 8: Gabrielfs13 (5545 in chips, $5 bounty) 
lukstar79: posts the ante 15
naaysayer: posts the ante 15
whyyouontilt: posts the ante 15
TOTO_VILKS: posts the ante 15
roggi1983: posts the ante 15
R3al_Grind3r: posts the ante 15
Gabrielfs13: posts the ante 15
Gabrielfs13: posts small blind 50
lukstar79: posts big blind 100
*** HOLE CARDS ***
Dealt to Gabrielfs13 [4c Th]
naaysayer: raises 100 to 200
whyyouontilt: folds 
TOTO_VILKS: folds 
roggi1983: raises 400 to 600
R3al_Grind3r: folds 
Gabrielfs13: folds 
lukstar79: calls 500
naaysayer: calls 400
*** FLOP *** [Kc 9s 5h]
lukstar79: checks 
naaysayer: checks 
roggi1983: checks 
*** TURN *** [Kc 9s 5h] [8d]
lukstar79: bets 200
naaysayer: calls 200
roggi1983: raises 2555 to 2755
lukstar79: folds 
naaysayer: raises 1990 to 4745 and is all-in
roggi1983: calls 1420 and is all-in
Uncalled bet (570) returned to naaysayer
*** RIVER *** [Kc 9s 5h 8d] [5d]
*** SHOW DOWN ***
naaysayer: shows [Jh Kh] (two pair, Kings and Fives)
roggi1983: shows [Kd 9d] (two pair, Kings and Nines)
roggi1983 collected 10505 from pot
*** SUMMARY ***
Total pot 10505 | Rake 0 
Board [Kc 9s 5h 8d 5d]
Seat 2: lukstar79 (big blind) folded on the Turn
Seat 3: naaysayer showed [Jh Kh] and lost with two pair, Kings and Fives
Seat 4: whyyouontilt folded before Flop (didn't bet)
Seat 5: TOTO_VILKS folded before Flop (didn't bet)
Seat 6: roggi1983 showed [Kd 9d] and won (10505) with two pair, Kings and Nines
Seat 7: R3al_Grind3r (button) folded before Flop (didn't bet)
Seat 8: Gabrielfs13 (small blind) folded before Flop



PokerStars Hand #257264553889: Tournament #3916936585, $4.80+$5.00+$1.20 USD Hold'em No Limit - Level II (60/120) - 2025/08/08 15:39:10 BRT [2025/08/08 14:39:10 ET]
Table '3916936585 3' 8-max Seat #8 is the button
Seat 2: lukstar79 (3740 in chips, $5 bounty) 
Seat 3: naaysayer (570 in chips, $5 bounty) 
Seat 4: whyyouontilt (4875 in chips, $5 bounty) 
Seat 5: TOTO_VILKS (5215 in chips, $5 bounty) 
Seat 6: roggi1983 (10505 in chips, $5 bounty) 
Seat 7: R3al_Grind3r (4675 in chips, $5 bounty) 
Seat 8: Gabrielfs13 (5480 in chips, $5 bounty) 
lukstar79: posts the ante 18
naaysayer: posts the ante 18
whyyouontilt: posts the ante 18
TOTO_VILKS: posts the ante 18
roggi1983: posts the ante 18
R3al_Grind3r: posts the ante 18
Gabrielfs13: posts the ante 18
lukstar79: posts small blind 60
naaysayer: posts big blind 120
*** HOLE CARDS ***
Dealt to Gabrielfs13 [Kc 2d]
whyyouontilt: folds 
TOTO_VILKS: folds 
roggi1983: raises 240 to 360
R3al_Grind3r: folds 
Gabrielfs13: folds 
lukstar79: calls 300
naaysayer: folds 
*** FLOP *** [5d 3d 6c]
lukstar79: checks 
roggi1983: checks 
*** TURN *** [5d 3d 6c] [8d]
lukstar79: bets 120
roggi1983: calls 120
*** RIVER *** [5d 3d 6c 8d] [Td]
lukstar79: checks 
roggi1983: bets 1206
lukstar79: folds 
Uncalled bet (1206) returned to roggi1983
roggi1983 collected 1206 from pot
roggi1983: doesn't show hand 
*** SUMMARY ***
Total pot 1206 | Rake 0 
Board [5d 3d 6c 8d Td]
Seat 2: lukstar79 (small blind) folded on the River
Seat 3: naaysayer (big blind) folded before Flop
Seat 4: whyyouontilt folded before Flop (didn't bet)
Seat 5: TOTO_VILKS folded before Flop (didn't bet)
Seat 6: roggi1983 collected (1206)
Seat 7: R3al_Grind3r folded before Flop (didn't bet)
Seat 8: Gabrielfs13 (button) folded before Flop (didn't bet)



PokerStars Hand #257264565826: Tournament #3916936585, $4.80+$5.00+$1.20 USD Hold'em No Limit - Level II (60/120) - 2025/08/08 15:40:08 BRT [2025/08/08 14:40:08 ET]
Table '3916936585 3' 8-max Seat #2 is the button
Seat 2: lukstar79 (3242 in chips, $5 bounty) 
Seat 3: naaysayer (432 in chips, $5 bounty) 
Seat 4: whyyouontilt (4857 in chips, $5 bounty) 
Seat 5: TOTO_VILKS (5197 in chips, $5 bounty) 
Seat 6: roggi1983 (11213 in chips, $5 bounty) 
Seat 7: R3al_Grind3r (4657 in chips, $5 bounty) 
Seat 8: Gabrielfs13 (5462 in chips, $5 bounty) 
lukstar79: posts the ante 18
naaysayer: posts the ante 18
whyyouontilt: posts the ante 18
TOTO_VILKS: posts the ante 18
roggi1983: posts the ante 18
R3al_Grind3r: posts the ante 18
Gabrielfs13: posts the ante 18
naaysayer: posts small blind 60
whyyouontilt: posts big blind 120
*** HOLE CARDS ***
Dealt to Gabrielfs13 [9s Ks]
TOTO_VILKS: folds 
roggi1983: folds 
R3al_Grind3r: folds 
Gabrielfs13: raises 120 to 240
lukstar79: folds 
naaysayer: folds 
whyyouontilt: calls 120
*** FLOP *** [4h 2d 6h]
whyyouontilt: checks 
Gabrielfs13: bets 167
whyyouontilt: raises 433 to 600
Gabrielfs13: raises 1232 to 1832
FullhouseAAA33 is disconnected 
whyyouontilt: raises 2767 to 4599 and is all-in
Gabrielfs13: folds 
Uncalled bet (2767) returned to whyyouontilt
whyyouontilt collected 4330 from pot
whyyouontilt: doesn't show hand 
*** SUMMARY ***
Total pot 4330 | Rake 0 
Board [4h 2d 6h]
Seat 2: lukstar79 (button) folded before Flop (didn't bet)
Seat 3: naaysayer (small blind) folded before Flop
Seat 4: whyyouontilt (big blind) collected (4330)
Seat 5: TOTO_VILKS folded before Flop (didn't bet)
Seat 6: roggi1983 folded before Flop (didn't bet)
Seat 7: R3al_Grind3r folded before Flop (didn't bet)
Seat 8: Gabrielfs13 folded on the Flop



PokerStars Hand #257264577763: Tournament #3916936585, $4.80+$5.00+$1.20 USD Hold'em No Limit - Level II (60/120) - 2025/08/08 15:41:05 BRT [2025/08/08 14:41:05 ET]
Table '3916936585 3' 8-max Seat #3 is the button
Seat 1: FullhouseAAA33 (5000 in chips, $5 bounty) 
Seat 2: lukstar79 (3224 in chips, $5 bounty) 
Seat 3: naaysayer (354 in chips, $5 bounty) 
Seat 4: whyyouontilt (7097 in chips, $5 bounty) 
Seat 5: TOTO_VILKS (5179 in chips, $5 bounty) 
Seat 6: roggi1983 (11195 in chips, $5 bounty) 
Seat 7: R3al_Grind3r (4639 in chips, $5 bounty) 
Seat 8: Gabrielfs13 (3372 in chips, $5 bounty) 
FullhouseAAA33: posts the ante 18
lukstar79: posts the ante 18
naaysayer: posts the ante 18
whyyouontilt: posts the ante 18
TOTO_VILKS: posts the ante 18
roggi1983: posts the ante 18
R3al_Grind3r: posts the ante 18
Gabrielfs13: posts the ante 18
whyyouontilt: posts small blind 60
TOTO_VILKS: posts big blind 120
*** HOLE CARDS ***
Dealt to Gabrielfs13 [4c Ac]
roggi1983: folds 
R3al_Grind3r: folds 
Gabrielfs13: raises 120 to 240
FullhouseAAA33: folds 
lukstar79: calls 240
naaysayer: raises 96 to 336 and is all-in
whyyouontilt: calls 276
TOTO_VILKS: folds 
Gabrielfs13: calls 96
lukstar79: calls 96
*** FLOP *** [6d Qc Td]
whyyouontilt: checks 
Gabrielfs13: checks 
lukstar79: checks 
*** TURN *** [6d Qc Td] [Kc]
whyyouontilt: checks 
Gabrielfs13: checks 
lukstar79: bets 2870 and is all-in
whyyouontilt: folds 
Gabrielfs13: calls 2870
*** RIVER *** [6d Qc Td Kc] [7h]
*** SHOW DOWN ***
Gabrielfs13: shows [4c Ac] (high card Ace)
lukstar79: shows [9h Jd] (a straight, Nine to King)
lukstar79 collected 5740 from side pot
naaysayer: shows [7c Tc] (two pair, Tens and Sevens)
lukstar79 collected 1608 from main pot
lukstar79 wins $2.50 for eliminating naaysayer and their own bounty increases by $2.50 to $7.50
naaysayer finished the tournament
*** SUMMARY ***
Total pot 7348 Main pot 1608. Side pot 5740. | Rake 0 
Board [6d Qc Td Kc 7h]
Seat 1: FullhouseAAA33 folded before Flop (didn't bet)
Seat 2: lukstar79 showed [9h Jd] and won (7348) with a straight, Nine to King
Seat 3: naaysayer (button) showed [7c Tc] and lost with two pair, Tens and Sevens
Seat 4: whyyouontilt (small blind) folded on the Turn
Seat 5: TOTO_VILKS (big blind) folded before Flop
Seat 6: roggi1983 folded before Flop (didn't bet)
Seat 7: R3al_Grind3r folded before Flop (didn't bet)
Seat 8: Gabrielfs13 showed [4c Ac] and lost with high card Ace



PokerStars Hand #257264594716: Tournament #3916936585, $4.80+$5.00+$1.20 USD Hold'em No Limit - Level II (60/120) - 2025/08/08 15:42:27 BRT [2025/08/08 14:42:27 ET]
Table '3916936585 3' 8-max Seat #4 is the button
Seat 1: FullhouseAAA33 (4982 in chips, $5 bounty) 
Seat 2: lukstar79 (7348 in chips, $7.50 bounty) 
Seat 4: whyyouontilt (6743 in chips, $5 bounty) 
Seat 5: TOTO_VILKS (5041 in chips, $5 bounty) 
Seat 6: roggi1983 (11177 in chips, $5 bounty) 
Seat 7: R3al_Grind3r (4621 in chips, $5 bounty) 
Seat 8: Gabrielfs13 (148 in chips, $5 bounty) 
FullhouseAAA33: posts the ante 18
lukstar79: posts the ante 18
whyyouontilt: posts the ante 18
TOTO_VILKS: posts the ante 18
roggi1983: posts the ante 18
R3al_Grind3r: posts the ante 18
Gabrielfs13: posts the ante 18
TOTO_VILKS: posts small blind 60
roggi1983: posts big blind 120
*** HOLE CARDS ***
Dealt to Gabrielfs13 [Jh 6s]
R3al_Grind3r: folds 
Gabrielfs13: folds 
FullhouseAAA33: raises 120 to 240
lukstar79: folds 
whyyouontilt: folds 
TOTO_VILKS: folds 
jonara13 is disconnected 
roggi1983: calls 120
*** FLOP *** [Ac 4s Ks]
roggi1983: checks 
FullhouseAAA33: bets 333
roggi1983: folds 
Uncalled bet (333) returned to FullhouseAAA33
FullhouseAAA33 collected 666 from pot
FullhouseAAA33: doesn't show hand 
*** SUMMARY ***
Total pot 666 | Rake 0 
Board [Ac 4s Ks]
Seat 1: FullhouseAAA33 collected (666)
Seat 2: lukstar79 folded before Flop (didn't bet)
Seat 4: whyyouontilt (button) folded before Flop (didn't bet)
Seat 5: TOTO_VILKS (small blind) folded before Flop
Seat 6: roggi1983 (big blind) folded on the Flop
Seat 7: R3al_Grind3r folded before Flop (didn't bet)
Seat 8: Gabrielfs13 folded before Flop (didn't bet)



PokerStars Hand #257264603764: Tournament #3916936585, $4.80+$5.00+$1.20 USD Hold'em No Limit - Level II (60/120) - 2025/08/08 15:43:10 BRT [2025/08/08 14:43:10 ET]
Table '3916936585 3' 8-max Seat #5 is the button
Seat 1: FullhouseAAA33 (5390 in chips, $5 bounty) 
Seat 2: lukstar79 (7330 in chips, $7.50 bounty) 
Seat 3: jonara13 (5000 in chips, $5 bounty) 
Seat 4: whyyouontilt (6725 in chips, $5 bounty) 
Seat 5: TOTO_VILKS (4963 in chips, $5 bounty) 
Seat 6: roggi1983 (10919 in chips, $5 bounty) 
Seat 7: R3al_Grind3r (4603 in chips, $5 bounty) 
Seat 8: Gabrielfs13 (130 in chips, $5 bounty) 
FullhouseAAA33: posts the ante 18
lukstar79: posts the ante 18
jonara13: posts the ante 18
whyyouontilt: posts the ante 18
TOTO_VILKS: posts the ante 18
roggi1983: posts the ante 18
R3al_Grind3r: posts the ante 18
Gabrielfs13: posts the ante 18
roggi1983: posts small blind 60
R3al_Grind3r: posts big blind 120
*** HOLE CARDS ***
Dealt to Gabrielfs13 [Jd Jh]
Gabrielfs13: calls 112 and is all-in
FullhouseAAA33: folds 
lukstar79: folds 
jonara13: folds 
whyyouontilt: raises 720 to 840
TOTO_VILKS: folds 
roggi1983: folds 
R3al_Grind3r: folds 
Uncalled bet (720) returned to whyyouontilt
*** FLOP *** [Qh 4d 7s]
*** TURN *** [Qh 4d 7s] [6c]
*** RIVER *** [Qh 4d 7s 6c] [8h]
*** SHOW DOWN ***
whyyouontilt: shows [Ad 8s] (a pair of Eights)
whyyouontilt collected 16 from side pot
Gabrielfs13: shows [Jd Jh] (a pair of Jacks)
Gabrielfs13 collected 540 from main pot
*** SUMMARY ***
Total pot 556 Main pot 540. Side pot 16. | Rake 0 
Board [Qh 4d 7s 6c 8h]
Seat 1: FullhouseAAA33 folded before Flop (didn't bet)
Seat 2: lukstar79 folded before Flop (didn't bet)
Seat 3: jonara13 folded before Flop (didn't bet)
Seat 4: whyyouontilt showed [Ad 8s] and won (16) with a pair of Eights
Seat 5: TOTO_VILKS (button) folded before Flop (didn't bet)
Seat 6: roggi1983 (small blind) folded before Flop
Seat 7: R3al_Grind3r (big blind) folded before Flop
Seat 8: Gabrielfs13 showed [Jd Jh] and won (540) with a pair of Jacks



PokerStars Hand #257264613551: Tournament #3916936585, $4.80+$5.00+$1.20 USD Hold'em No Limit - Level III (70/140) - 2025/08/08 15:43:58 BRT [2025/08/08 14:43:58 ET]
Table '3916936585 8' 8-max Seat #1 is the button
Seat 1: feerel10 (5221 in chips, $5 bounty) 
Seat 2: Gabrielfs13 (540 in chips, $5 bounty) 
Seat 3: TJB717 (4964 in chips, $5 bounty) 
Seat 4: SuckOutK49 (5000 in chips, $5 bounty) 
feerel10: posts the ante 21
Gabrielfs13: posts the ante 21
TJB717: posts the ante 21
SuckOutK49: posts the ante 21
Gabrielfs13: posts small blind 70
TJB717: posts big blind 140
*** HOLE CARDS ***
Dealt to Gabrielfs13 [3d 5d]
SuckOutK49 is disconnected 
SuckOutK49 is connected 
SuckOutK49: raises 140 to 280
Madu Ponte is disconnected 
feerel10: folds 
anup returns is disconnected 
Gabrielfs13: folds 
papai sinop is disconnected 
TJB717: folds 
Uncalled bet (140) returned to SuckOutK49
SuckOutK49 collected 434 from pot
*** SUMMARY ***
Total pot 434 | Rake 0 
Seat 1: feerel10 (button) folded before Flop (didn't bet)
Seat 2: Gabrielfs13 (small blind) folded before Flop
Seat 3: TJB717 (big blind) folded before Flop
Seat 4: SuckOutK49 collected (434)



PokerStars Hand #257264618899: Tournament #3916936585, $4.80+$5.00+$1.20 USD Hold'em No Limit - Level III (70/140) - 2025/08/08 15:44:23 BRT [2025/08/08 14:44:23 ET]
Table '3916936585 8' 8-max Seat #2 is the button
Seat 1: feerel10 (5200 in chips, $5 bounty) 
Seat 2: Gabrielfs13 (449 in chips, $5 bounty) 
Seat 3: TJB717 (4803 in chips, $5 bounty) 
Seat 4: SuckOutK49 (5273 in chips, $5 bounty) 
Seat 5: anup returns (3868 in chips, $5 bounty) 
Seat 6: Madu Ponte (5000 in chips, $5 bounty) 
Seat 7: papai sinop (4610 in chips, $5 bounty) 
feerel10: posts the ante 21
Gabrielfs13: posts the ante 21
TJB717: posts the ante 21
SuckOutK49: posts the ante 21
anup returns: posts the ante 21
Madu Ponte: posts the ante 21
papai sinop: posts the ante 21
TJB717: posts small blind 70
SuckOutK49: posts big blind 140
*** HOLE CARDS ***
Dealt to Gabrielfs13 [4s 4d]
anup returns: folds 
Madu Ponte: folds 
papai sinop: folds 
feerel10: raises 420 to 560
Gabrielfs13: calls 428 and is all-in
TJB717: folds 
SuckOutK49: folds 
Uncalled bet (132) returned to feerel10
*** FLOP *** [8d 9c 3c]
*** TURN *** [8d 9c 3c] [Ks]
*** RIVER *** [8d 9c 3c Ks] [5d]
*** SHOW DOWN ***
feerel10: shows [Qs 8h] (a pair of Eights)
Gabrielfs13: shows [4s 4d] (a pair of Fours)
feerel10 collected 1213 from pot
feerel10 wins $2.50 for eliminating Gabrielfs13 and their own bounty increases by $2.50 to $7.50
Gabrielfs13 finished the tournament
*** SUMMARY ***
Total pot 1213 | Rake 0 
Board [8d 9c 3c Ks 5d]
Seat 1: feerel10 showed [Qs 8h] and won (1213) with a pair of Eights
Seat 2: Gabrielfs13 (button) showed [4s 4d] and lost with a pair of Fours
Seat 3: TJB717 (small blind) folded before Flop
Seat 4: SuckOutK49 (big blind) folded before Flop
Seat 5: anup returns folded before Flop (didn't bet)
Seat 6: Madu Ponte folded before Flop (didn't bet)
Seat 7: papai sinop folded before Flop (didn't bet)



