PokerStars Hand #257172412847: Tournament #3914011274, $4.80+$5.00+$1.20 USD Hold'em No Limit - Level IV (30/60) - 2025/08/01 14:34:20 BRT [2025/08/01 13:34:20 ET]
Table '3914011274 10' 8-max Seat #4 is the button
Seat 1: jamesmcc92 (5805 in chips, $5 bounty) 
Seat 2: 00gap00 (6491 in chips, $5 bounty) 
Seat 3: Kompolino28 (6586 in chips, $5 bounty) 
Seat 4: sKAro1201 (4942 in chips, $5 bounty) 
Seat 5: XRobstyleX (2690 in chips, $5 bounty) 
Seat 6: Gabrielfs13 (5000 in chips, $5 bounty) 
Seat 7: kukufz (5575 in chips, $5 bounty) 
Seat 8: PsychOrwell (2717 in chips, $5 bounty) 
jamesmcc92: posts the ante 8
00gap00: posts the ante 8
Kompolino28: posts the ante 8
sKAro1201: posts the ante 8
XRobstyleX: posts the ante 8
Gabrielfs13: posts the ante 8
kukufz: posts the ante 8
PsychOrwell: posts the ante 8
XRobstyleX: posts small blind 30
Gabrielfs13: posts big blind 60
*** HOLE CARDS ***
Dealt to Gabrielfs13 [3h 3s]
kukufz: raises 72 to 132
PsychOrwell: folds 
jamesmcc92: calls 132
00gap00: folds 
Kompolino28: folds 
sKAro1201: folds 
XRobstyleX: folds 
Gabrielfs13: calls 72
*** FLOP *** [Qh Jh 2d]
Gabrielfs13: checks 
kukufz: checks 
jamesmcc92: checks 
*** TURN *** [Qh Jh 2d] [4h]
Gabrielfs13: checks 
kukufz: checks 
jamesmcc92: bets 180
Gabrielfs13: calls 180
kukufz: folds 
*** RIVER *** [Qh Jh 2d 4h] [Js]
Gabrielfs13: checks 
jamesmcc92: bets 610
Gabrielfs13: folds 
Uncalled bet (610) returned to jamesmcc92
jamesmcc92 collected 850 from pot
*** SUMMARY ***
Total pot 850 | Rake 0 
Board [Qh Jh 2d 4h Js]
Seat 1: jamesmcc92 collected (850)
Seat 2: 00gap00 folded before Flop (didn't bet)
Seat 3: Kompolino28 folded before Flop (didn't bet)
Seat 4: sKAro1201 (button) folded before Flop (didn't bet)
Seat 5: XRobstyleX (small blind) folded before Flop
Seat 6: Gabrielfs13 (big blind) folded on the River
Seat 7: kukufz folded on the Turn
Seat 8: PsychOrwell folded before Flop (didn't bet)



PokerStars Hand #257172430303: Tournament #3914011274, $4.80+$5.00+$1.20 USD Hold'em No Limit - Level V (40/80) - 2025/08/01 14:35:46 BRT [2025/08/01 13:35:46 ET]
Table '3914011274 10' 8-max Seat #5 is the button
Seat 1: jamesmcc92 (6335 in chips, $5 bounty) 
Seat 2: 00gap00 (6483 in chips, $5 bounty) 
Seat 3: Kompolino28 (6578 in chips, $5 bounty) 
Seat 4: sKAro1201 (4934 in chips, $5 bounty) 
Seat 5: XRobstyleX (2652 in chips, $5 bounty) 
Seat 6: Gabrielfs13 (4680 in chips, $5 bounty) 
Seat 8: PsychOrwell (2709 in chips, $5 bounty) 
jamesmcc92: posts the ante 10
00gap00: posts the ante 10
Kompolino28: posts the ante 10
sKAro1201: posts the ante 10
XRobstyleX: posts the ante 10
Gabrielfs13: posts the ante 10
PsychOrwell: posts the ante 10
Gabrielfs13: posts small blind 40
PsychOrwell: posts big blind 80
*** HOLE CARDS ***
Dealt to Gabrielfs13 [Qd 7c]
jamesmcc92: calls 80
00gap00: folds 
Kompolino28: folds 
sKAro1201: folds 
XRobstyleX: calls 80
Gabrielfs13: folds 
PsychOrwell: checks 
*** FLOP *** [Jd Ac 6h]
PsychOrwell: checks 
jamesmcc92: bets 240
XRobstyleX: folds 
PsychOrwell: folds 
Uncalled bet (240) returned to jamesmcc92
jamesmcc92 collected 350 from pot
*** SUMMARY ***
Total pot 350 | Rake 0 
Board [Jd Ac 6h]
Seat 1: jamesmcc92 collected (350)
Seat 2: 00gap00 folded before Flop (didn't bet)
Seat 3: Kompolino28 folded before Flop (didn't bet)
Seat 4: sKAro1201 folded before Flop (didn't bet)
Seat 5: XRobstyleX (button) folded on the Flop
Seat 6: Gabrielfs13 (small blind) folded before Flop
Seat 8: PsychOrwell (big blind) folded on the Flop



PokerStars Hand #257172444551: Tournament #3914011274, $4.80+$5.00+$1.20 USD Hold'em No Limit - Level V (40/80) - 2025/08/01 14:36:57 BRT [2025/08/01 13:36:57 ET]
Table '3914011274 10' 8-max Seat #6 is the button
Seat 1: jamesmcc92 (6595 in chips, $5 bounty) 
Seat 2: 00gap00 (6473 in chips, $5 bounty) 
Seat 3: Kompolino28 (6568 in chips, $5 bounty) 
Seat 4: sKAro1201 (4924 in chips, $5 bounty) 
Seat 5: XRobstyleX (2562 in chips, $5 bounty) 
Seat 6: Gabrielfs13 (4630 in chips, $5 bounty) 
Seat 8: PsychOrwell (2619 in chips, $5 bounty) 
jamesmcc92: posts the ante 10
00gap00: posts the ante 10
Kompolino28: posts the ante 10
sKAro1201: posts the ante 10
XRobstyleX: posts the ante 10
Gabrielfs13: posts the ante 10
PsychOrwell: posts the ante 10
PsychOrwell: posts small blind 40
jamesmcc92: posts big blind 80
*** HOLE CARDS ***
Dealt to Gabrielfs13 [Kc 3d]
00gap00: folds 
Kompolino28: folds 
sKAro1201: folds 
XRobstyleX: raises 80 to 160
Padde47 is disconnected 
Gabrielfs13: folds 
PsychOrwell: folds 
jamesmcc92: calls 80
*** FLOP *** [Qs 5h 2h]
jamesmcc92: checks 
XRobstyleX: bets 142
jamesmcc92: calls 142
*** TURN *** [Qs 5h 2h] [6c]
jamesmcc92: checks 
XRobstyleX: checks 
*** RIVER *** [Qs 5h 2h 6c] [2d]
jamesmcc92: checks 
XRobstyleX: checks 
*** SHOW DOWN ***
jamesmcc92: shows [Kd 5d] (two pair, Fives and Deuces)
XRobstyleX: mucks hand 
jamesmcc92 collected 714 from pot
*** SUMMARY ***
Total pot 714 | Rake 0 
Board [Qs 5h 2h 6c 2d]
Seat 1: jamesmcc92 (big blind) showed [Kd 5d] and won (714) with two pair, Fives and Deuces
Seat 2: 00gap00 folded before Flop (didn't bet)
Seat 3: Kompolino28 folded before Flop (didn't bet)
Seat 4: sKAro1201 folded before Flop (didn't bet)
Seat 5: XRobstyleX mucked [Ad Td]
Seat 6: Gabrielfs13 (button) folded before Flop (didn't bet)
Seat 8: PsychOrwell (small blind) folded before Flop



PokerStars Hand #257172462614: Tournament #3914011274, $4.80+$5.00+$1.20 USD Hold'em No Limit - Level V (40/80) - 2025/08/01 14:38:25 BRT [2025/08/01 13:38:25 ET]
Table '3914011274 10' 8-max Seat #8 is the button
Seat 1: jamesmcc92 (6997 in chips, $5 bounty) 
Seat 2: 00gap00 (6463 in chips, $5 bounty) 
Seat 3: Kompolino28 (6558 in chips, $5 bounty) 
Seat 4: sKAro1201 (4914 in chips, $5 bounty) 
Seat 5: XRobstyleX (2250 in chips, $5 bounty) 
Seat 6: Gabrielfs13 (4620 in chips, $5 bounty) 
Seat 7: Padde47 (5000 in chips, $5 bounty) 
Seat 8: PsychOrwell (2569 in chips, $5 bounty) 
jamesmcc92: posts the ante 10
00gap00: posts the ante 10
Kompolino28: posts the ante 10
sKAro1201: posts the ante 10
XRobstyleX: posts the ante 10
Gabrielfs13: posts the ante 10
Padde47: posts the ante 10
PsychOrwell: posts the ante 10
jamesmcc92: posts small blind 40
00gap00: posts big blind 80
*** HOLE CARDS ***
Dealt to Gabrielfs13 [8s Qc]
Kompolino28: raises 80 to 160
sKAro1201: folds 
XRobstyleX: folds 
Gabrielfs13: folds 
Padde47: calls 160
PsychOrwell: folds 
jamesmcc92: calls 120
00gap00: folds 
*** FLOP *** [6s As 6h]
jamesmcc92: checks 
Kompolino28: checks 
Padde47: checks 
*** TURN *** [6s As 6h] [4d]
jamesmcc92: bets 240
Kompolino28: calls 240
Padde47: folds 
*** RIVER *** [6s As 6h 4d] [Tc]
jamesmcc92: checks 
Kompolino28: bets 874
jamesmcc92: calls 874
*** SHOW DOWN ***
Kompolino28: shows [Ah Ac] (a full house, Aces full of Sixes)
jamesmcc92: mucks hand 
Kompolino28 collected 2868 from pot
*** SUMMARY ***
Total pot 2868 | Rake 0 
Board [6s As 6h 4d Tc]
Seat 1: jamesmcc92 (small blind) mucked [4h Ts]
Seat 2: 00gap00 (big blind) folded before Flop
Seat 3: Kompolino28 showed [Ah Ac] and won (2868) with a full house, Aces full of Sixes
Seat 4: sKAro1201 folded before Flop (didn't bet)
Seat 5: XRobstyleX folded before Flop (didn't bet)
Seat 6: Gabrielfs13 folded before Flop (didn't bet)
Seat 7: Padde47 folded on the Turn
Seat 8: PsychOrwell (button) folded before Flop (didn't bet)



PokerStars Hand #257172479730: Tournament #3914011274, $4.80+$5.00+$1.20 USD Hold'em No Limit - Level V (40/80) - 2025/08/01 14:39:49 BRT [2025/08/01 13:39:49 ET]
Table '3914011274 10' 8-max Seat #1 is the button
Seat 1: jamesmcc92 (5713 in chips, $5 bounty) 
Seat 2: 00gap00 (6373 in chips, $5 bounty) 
Seat 3: Kompolino28 (8142 in chips, $5 bounty) 
Seat 4: sKAro1201 (4904 in chips, $5 bounty) 
Seat 5: XRobstyleX (2240 in chips, $5 bounty) 
Seat 6: Gabrielfs13 (4610 in chips, $5 bounty) 
Seat 7: Padde47 (4830 in chips, $5 bounty) 
Seat 8: PsychOrwell (2559 in chips, $5 bounty) 
jamesmcc92: posts the ante 10
00gap00: posts the ante 10
Kompolino28: posts the ante 10
sKAro1201: posts the ante 10
XRobstyleX: posts the ante 10
Gabrielfs13: posts the ante 10
Padde47: posts the ante 10
PsychOrwell: posts the ante 10
00gap00: posts small blind 40
Kompolino28: posts big blind 80
*** HOLE CARDS ***
Dealt to Gabrielfs13 [5d 9c]
sKAro1201: folds 
XRobstyleX: folds 
Gabrielfs13: folds 
Padde47: folds 
PsychOrwell: raises 88 to 168
jamesmcc92: folds 
00gap00: raises 352 to 520
Kompolino28: folds 
PsychOrwell: folds 
Uncalled bet (352) returned to 00gap00
00gap00 collected 496 from pot
00gap00: doesn't show hand 
*** SUMMARY ***
Total pot 496 | Rake 0 
Seat 1: jamesmcc92 (button) folded before Flop (didn't bet)
Seat 2: 00gap00 (small blind) collected (496)
Seat 3: Kompolino28 (big blind) folded before Flop
Seat 4: sKAro1201 folded before Flop (didn't bet)
Seat 5: XRobstyleX folded before Flop (didn't bet)
Seat 6: Gabrielfs13 folded before Flop (didn't bet)
Seat 7: Padde47 folded before Flop (didn't bet)
Seat 8: PsychOrwell folded before Flop



PokerStars Hand #257172486454: Tournament #3914011274, $4.80+$5.00+$1.20 USD Hold'em No Limit - Level VI (50/100) - 2025/08/01 14:40:23 BRT [2025/08/01 13:40:23 ET]
Table '3914011274 10' 8-max Seat #2 is the button
Seat 1: jamesmcc92 (5703 in chips, $5 bounty) 
Seat 2: 00gap00 (6691 in chips, $5 bounty) 
Seat 3: Kompolino28 (8052 in chips, $5 bounty) 
Seat 4: sKAro1201 (4894 in chips, $5 bounty) 
Seat 5: XRobstyleX (2230 in chips, $5 bounty) 
Seat 6: Gabrielfs13 (4600 in chips, $5 bounty) 
Seat 7: Padde47 (4820 in chips, $5 bounty) 
Seat 8: PsychOrwell (2381 in chips, $5 bounty) 
jamesmcc92: posts the ante 12
00gap00: posts the ante 12
Kompolino28: posts the ante 12
sKAro1201: posts the ante 12
XRobstyleX: posts the ante 12
Gabrielfs13: posts the ante 12
Padde47: posts the ante 12
PsychOrwell: posts the ante 12
Kompolino28: posts small blind 50
sKAro1201: posts big blind 100
*** HOLE CARDS ***
Dealt to Gabrielfs13 [Kh 6d]
XRobstyleX: folds 
Gabrielfs13: folds 
Padde47: folds 
PsychOrwell: folds 
jamesmcc92: folds 
00gap00: raises 100 to 200
Kompolino28: folds 
sKAro1201: folds 
Uncalled bet (100) returned to 00gap00
00gap00 collected 346 from pot
00gap00: doesn't show hand 
*** SUMMARY ***
Total pot 346 | Rake 0 
Seat 1: jamesmcc92 folded before Flop (didn't bet)
Seat 2: 00gap00 (button) collected (346)
Seat 3: Kompolino28 (small blind) folded before Flop
Seat 4: sKAro1201 (big blind) folded before Flop
Seat 5: XRobstyleX folded before Flop (didn't bet)
Seat 6: Gabrielfs13 folded before Flop (didn't bet)
Seat 7: Padde47 folded before Flop (didn't bet)
Seat 8: PsychOrwell folded before Flop (didn't bet)



PokerStars Hand #257172492951: Tournament #3914011274, $4.80+$5.00+$1.20 USD Hold'em No Limit - Level VI (50/100) - 2025/08/01 14:40:55 BRT [2025/08/01 13:40:55 ET]
Table '3914011274 10' 8-max Seat #3 is the button
Seat 1: jamesmcc92 (5691 in chips, $5 bounty) 
Seat 2: 00gap00 (6925 in chips, $5 bounty) 
Seat 3: Kompolino28 (7990 in chips, $5 bounty) 
Seat 4: sKAro1201 (4782 in chips, $5 bounty) 
Seat 5: XRobstyleX (2218 in chips, $5 bounty) 
Seat 6: Gabrielfs13 (4588 in chips, $5 bounty) 
Seat 7: Padde47 (4808 in chips, $5 bounty) 
Seat 8: PsychOrwell (2369 in chips, $5 bounty) 
jamesmcc92: posts the ante 12
00gap00: posts the ante 12
Kompolino28: posts the ante 12
sKAro1201: posts the ante 12
XRobstyleX: posts the ante 12
Gabrielfs13: posts the ante 12
Padde47: posts the ante 12
PsychOrwell: posts the ante 12
sKAro1201: posts small blind 50
XRobstyleX: posts big blind 100
*** HOLE CARDS ***
Dealt to Gabrielfs13 [9d 6d]
Gabrielfs13: folds 
Padde47: folds 
PsychOrwell: folds 
jamesmcc92: folds 
00gap00: raises 100 to 200
Kompolino28: folds 
sKAro1201: folds 
XRobstyleX: calls 100
*** FLOP *** [Qd 5h 8c]
XRobstyleX: checks 
00gap00: bets 200
XRobstyleX: calls 200
*** TURN *** [Qd 5h 8c] [7d]
XRobstyleX: checks 
00gap00: checks 
*** RIVER *** [Qd 5h 8c 7d] [3d]
XRobstyleX: checks 
00gap00: checks 
*** SHOW DOWN ***
XRobstyleX: shows [9c 6c] (a straight, Five to Nine)
00gap00: mucks hand 
XRobstyleX collected 946 from pot
*** SUMMARY ***
Total pot 946 | Rake 0 
Board [Qd 5h 8c 7d 3d]
Seat 1: jamesmcc92 folded before Flop (didn't bet)
Seat 2: 00gap00 mucked [8h Kd]
Seat 3: Kompolino28 (button) folded before Flop (didn't bet)
Seat 4: sKAro1201 (small blind) folded before Flop
Seat 5: XRobstyleX (big blind) showed [9c 6c] and won (946) with a straight, Five to Nine
Seat 6: Gabrielfs13 folded before Flop (didn't bet)
Seat 7: Padde47 folded before Flop (didn't bet)
Seat 8: PsychOrwell folded before Flop (didn't bet)



PokerStars Hand #257172512019: Tournament #3914011274, $4.80+$5.00+$1.20 USD Hold'em No Limit - Level VI (50/100) - 2025/08/01 14:42:30 BRT [2025/08/01 13:42:30 ET]
Table '3914011274 10' 8-max Seat #4 is the button
Seat 1: jamesmcc92 (5679 in chips, $5 bounty) 
Seat 2: 00gap00 (6513 in chips, $5 bounty) 
Seat 3: Kompolino28 (7978 in chips, $5 bounty) 
Seat 4: sKAro1201 (4720 in chips, $5 bounty) 
Seat 5: XRobstyleX (2752 in chips, $5 bounty) 
Seat 6: Gabrielfs13 (4576 in chips, $5 bounty) 
Seat 7: Padde47 (4796 in chips, $5 bounty) 
Seat 8: PsychOrwell (2357 in chips, $5 bounty) 
jamesmcc92: posts the ante 12
00gap00: posts the ante 12
Kompolino28: posts the ante 12
sKAro1201: posts the ante 12
XRobstyleX: posts the ante 12
Gabrielfs13: posts the ante 12
Padde47: posts the ante 12
PsychOrwell: posts the ante 12
XRobstyleX: posts small blind 50
Gabrielfs13: posts big blind 100
*** HOLE CARDS ***
Dealt to Gabrielfs13 [2h 8s]
Padde47: folds 
PsychOrwell: folds 
jamesmcc92: folds 
00gap00: raises 100 to 200
Kompolino28: folds 
sKAro1201: folds 
XRobstyleX: folds 
Gabrielfs13: folds 
Uncalled bet (100) returned to 00gap00
00gap00 collected 346 from pot
00gap00: doesn't show hand 
*** SUMMARY ***
Total pot 346 | Rake 0 
Seat 1: jamesmcc92 folded before Flop (didn't bet)
Seat 2: 00gap00 collected (346)
Seat 3: Kompolino28 folded before Flop (didn't bet)
Seat 4: sKAro1201 (button) folded before Flop (didn't bet)
Seat 5: XRobstyleX (small blind) folded before Flop
Seat 6: Gabrielfs13 (big blind) folded before Flop
Seat 7: Padde47 folded before Flop (didn't bet)
Seat 8: PsychOrwell folded before Flop (didn't bet)



PokerStars Hand #257172520571: Tournament #3914011274, $4.80+$5.00+$1.20 USD Hold'em No Limit - Level VI (50/100) - 2025/08/01 14:43:12 BRT [2025/08/01 13:43:12 ET]
Table '3914011274 10' 8-max Seat #5 is the button
Seat 1: jamesmcc92 (5667 in chips, $5 bounty) 
Seat 2: 00gap00 (6747 in chips, $5 bounty) 
Seat 3: Kompolino28 (7966 in chips, $5 bounty) 
Seat 4: sKAro1201 (4708 in chips, $5 bounty) 
Seat 5: XRobstyleX (2690 in chips, $5 bounty) 
Seat 6: Gabrielfs13 (4464 in chips, $5 bounty) 
Seat 7: Padde47 (4784 in chips, $5 bounty) 
Seat 8: PsychOrwell (2345 in chips, $5 bounty) 
jamesmcc92: posts the ante 12
00gap00: posts the ante 12
Kompolino28: posts the ante 12
sKAro1201: posts the ante 12
XRobstyleX: posts the ante 12
Gabrielfs13: posts the ante 12
Padde47: posts the ante 12
PsychOrwell: posts the ante 12
Gabrielfs13: posts small blind 50
Padde47: posts big blind 100
*** HOLE CARDS ***
Dealt to Gabrielfs13 [Js 9h]
PsychOrwell: folds 
jamesmcc92: raises 200 to 300
00gap00: calls 300
Kompolino28: folds 
sKAro1201: folds 
XRobstyleX: folds 
Gabrielfs13: folds 
Padde47: folds 
*** FLOP *** [8c 8s 2s]
jamesmcc92: checks 
00gap00: bets 558
jamesmcc92: folds 
Uncalled bet (558) returned to 00gap00
00gap00 collected 846 from pot
00gap00: doesn't show hand 
*** SUMMARY ***
Total pot 846 | Rake 0 
Board [8c 8s 2s]
Seat 1: jamesmcc92 folded on the Flop
Seat 2: 00gap00 collected (846)
Seat 3: Kompolino28 folded before Flop (didn't bet)
Seat 4: sKAro1201 folded before Flop (didn't bet)
Seat 5: XRobstyleX (button) folded before Flop (didn't bet)
Seat 6: Gabrielfs13 (small blind) folded before Flop
Seat 7: Padde47 (big blind) folded before Flop
Seat 8: PsychOrwell folded before Flop (didn't bet)



PokerStars Hand #257172531969: Tournament #3914011274, $4.80+$5.00+$1.20 USD Hold'em No Limit - Level VI (50/100) - 2025/08/01 14:44:09 BRT [2025/08/01 13:44:09 ET]
Table '3914011274 10' 8-max Seat #6 is the button
Seat 1: jamesmcc92 (5355 in chips, $5 bounty) 
Seat 2: 00gap00 (7281 in chips, $5 bounty) 
Seat 3: Kompolino28 (7954 in chips, $5 bounty) 
Seat 4: sKAro1201 (4696 in chips, $5 bounty) 
Seat 5: XRobstyleX (2678 in chips, $5 bounty) 
Seat 6: Gabrielfs13 (4402 in chips, $5 bounty) 
Seat 7: Padde47 (4672 in chips, $5 bounty) 
Seat 8: PsychOrwell (2333 in chips, $5 bounty) 
jamesmcc92: posts the ante 12
00gap00: posts the ante 12
Kompolino28: posts the ante 12
sKAro1201: posts the ante 12
XRobstyleX: posts the ante 12
Gabrielfs13: posts the ante 12
Padde47: posts the ante 12
PsychOrwell: posts the ante 12
Padde47: posts small blind 50
PsychOrwell: posts big blind 100
*** HOLE CARDS ***
Dealt to Gabrielfs13 [8h 4d]
jamesmcc92: raises 200 to 300
00gap00: folds 
Kompolino28: folds 
sKAro1201: folds 
XRobstyleX: folds 
Gabrielfs13: folds 
Padde47: folds 
PsychOrwell: folds 
Uncalled bet (200) returned to jamesmcc92
jamesmcc92 collected 346 from pot
*** SUMMARY ***
Total pot 346 | Rake 0 
Seat 1: jamesmcc92 collected (346)
Seat 2: 00gap00 folded before Flop (didn't bet)
Seat 3: Kompolino28 folded before Flop (didn't bet)
Seat 4: sKAro1201 folded before Flop (didn't bet)
Seat 5: XRobstyleX folded before Flop (didn't bet)
Seat 6: Gabrielfs13 (button) folded before Flop (didn't bet)
Seat 7: Padde47 (small blind) folded before Flop
Seat 8: PsychOrwell (big blind) folded before Flop



PokerStars Hand #257172537560: Tournament #3914011274, $4.80+$5.00+$1.20 USD Hold'em No Limit - Level VI (50/100) - 2025/08/01 14:44:37 BRT [2025/08/01 13:44:37 ET]
Table '3914011274 10' 8-max Seat #7 is the button
Seat 1: jamesmcc92 (5589 in chips, $5 bounty) 
Seat 2: 00gap00 (7269 in chips, $5 bounty) 
Seat 3: Kompolino28 (7942 in chips, $5 bounty) 
Seat 4: sKAro1201 (4684 in chips, $5 bounty) 
Seat 5: XRobstyleX (2666 in chips, $5 bounty) 
Seat 6: Gabrielfs13 (4390 in chips, $5 bounty) 
Seat 7: Padde47 (4610 in chips, $5 bounty) 
Seat 8: PsychOrwell (2221 in chips, $5 bounty) 
jamesmcc92: posts the ante 12
00gap00: posts the ante 12
Kompolino28: posts the ante 12
sKAro1201: posts the ante 12
XRobstyleX: posts the ante 12
Gabrielfs13: posts the ante 12
Padde47: posts the ante 12
PsychOrwell: posts the ante 12
PsychOrwell: posts small blind 50
jamesmcc92: posts big blind 100
*** HOLE CARDS ***
Dealt to Gabrielfs13 [Td 2s]
00gap00: folds 
Kompolino28: folds 
sKAro1201: folds 
XRobstyleX: folds 
Gabrielfs13 has timed out
Gabrielfs13: folds 
Gabrielfs13 is sitting out
Padde47: folds 
PsychOrwell: raises 2109 to 2209 and is all-in
Gabrielfs13 has returned
jamesmcc92: folds 
Uncalled bet (2109) returned to PsychOrwell
PsychOrwell collected 296 from pot
*** SUMMARY ***
Total pot 296 | Rake 0 
Seat 1: jamesmcc92 (big blind) folded before Flop
Seat 2: 00gap00 folded before Flop (didn't bet)
Seat 3: Kompolino28 folded before Flop (didn't bet)
Seat 4: sKAro1201 folded before Flop (didn't bet)
Seat 5: XRobstyleX folded before Flop (didn't bet)
Seat 6: Gabrielfs13 folded before Flop (didn't bet)
Seat 7: Padde47 (button) folded before Flop (didn't bet)
Seat 8: PsychOrwell (small blind) collected (296)



PokerStars Hand #257172552324: Tournament #3914011274, $4.80+$5.00+$1.20 USD Hold'em No Limit - Level VII (60/120) - 2025/08/01 14:45:49 BRT [2025/08/01 13:45:49 ET]
Table '3914011274 10' 8-max Seat #8 is the button
Seat 1: jamesmcc92 (5477 in chips, $5 bounty) 
Seat 2: 00gap00 (7257 in chips, $5 bounty) 
Seat 3: Kompolino28 (7930 in chips, $5 bounty) 
Seat 4: sKAro1201 (4672 in chips, $5 bounty) 
Seat 5: XRobstyleX (2654 in chips, $5 bounty) 
Seat 6: Gabrielfs13 (4378 in chips, $5 bounty) 
Seat 7: Padde47 (4598 in chips, $5 bounty) 
Seat 8: PsychOrwell (2405 in chips, $5 bounty) 
jamesmcc92: posts the ante 15
00gap00: posts the ante 15
Kompolino28: posts the ante 15
sKAro1201: posts the ante 15
XRobstyleX: posts the ante 15
Gabrielfs13: posts the ante 15
Padde47: posts the ante 15
PsychOrwell: posts the ante 15
jamesmcc92: posts small blind 60
00gap00: posts big blind 120
*** HOLE CARDS ***
Dealt to Gabrielfs13 [Qd 5c]
Kompolino28: folds 
sKAro1201: folds 
XRobstyleX: folds 
Gabrielfs13: folds 
Padde47: raises 156 to 276
PsychOrwell: folds 
jamesmcc92: calls 216
00gap00: folds 
*** FLOP *** [7d As 3c]
jamesmcc92: checks 
Padde47: checks 
*** TURN *** [7d As 3c] [Th]
jamesmcc92: checks 
Padde47: bets 444
jamesmcc92: folds 
Uncalled bet (444) returned to Padde47
Padde47 collected 792 from pot
Padde47: doesn't show hand 
*** SUMMARY ***
Total pot 792 | Rake 0 
Board [7d As 3c Th]
Seat 1: jamesmcc92 (small blind) folded on the Turn
Seat 2: 00gap00 (big blind) folded before Flop
Seat 3: Kompolino28 folded before Flop (didn't bet)
Seat 4: sKAro1201 folded before Flop (didn't bet)
Seat 5: XRobstyleX folded before Flop (didn't bet)
Seat 6: Gabrielfs13 folded before Flop (didn't bet)
Seat 7: Padde47 collected (792)
Seat 8: PsychOrwell (button) folded before Flop (didn't bet)



PokerStars Hand #257172566417: Tournament #3914011274, $4.80+$5.00+$1.20 USD Hold'em No Limit - Level VII (60/120) - 2025/08/01 14:46:59 BRT [2025/08/01 13:46:59 ET]
Table '3914011274 10' 8-max Seat #1 is the button
Seat 1: jamesmcc92 (5186 in chips, $5 bounty) 
Seat 2: 00gap00 (7122 in chips, $5 bounty) 
Seat 3: Kompolino28 (7915 in chips, $5 bounty) 
Seat 4: sKAro1201 (4657 in chips, $5 bounty) 
Seat 5: XRobstyleX (2639 in chips, $5 bounty) 
Seat 6: Gabrielfs13 (4363 in chips, $5 bounty) 
Seat 7: Padde47 (5099 in chips, $5 bounty) 
Seat 8: PsychOrwell (2390 in chips, $5 bounty) 
jamesmcc92: posts the ante 15
00gap00: posts the ante 15
Kompolino28: posts the ante 15
sKAro1201: posts the ante 15
XRobstyleX: posts the ante 15
Gabrielfs13: posts the ante 15
Padde47: posts the ante 15
PsychOrwell: posts the ante 15
00gap00: posts small blind 60
Kompolino28: posts big blind 120
*** HOLE CARDS ***
Dealt to Gabrielfs13 [5h Kc]
sKAro1201: folds 
XRobstyleX: folds 
Gabrielfs13 has timed out
Gabrielfs13: folds 
Gabrielfs13 is sitting out
Padde47: folds 
PsychOrwell: folds 
Gabrielfs13 has returned
jamesmcc92: calls 120
00gap00: raises 480 to 600
Kompolino28: folds 
jamesmcc92: folds 
Uncalled bet (480) returned to 00gap00
00gap00 collected 480 from pot
00gap00: doesn't show hand 
*** SUMMARY ***
Total pot 480 | Rake 0 
Seat 1: jamesmcc92 (button) folded before Flop
Seat 2: 00gap00 (small blind) collected (480)
Seat 3: Kompolino28 (big blind) folded before Flop
Seat 4: sKAro1201 folded before Flop (didn't bet)
Seat 5: XRobstyleX folded before Flop (didn't bet)
Seat 6: Gabrielfs13 folded before Flop (didn't bet)
Seat 7: Padde47 folded before Flop (didn't bet)
Seat 8: PsychOrwell folded before Flop (didn't bet)



PokerStars Hand #257172576559: Tournament #3914011274, $4.80+$5.00+$1.20 USD Hold'em No Limit - Level VII (60/120) - 2025/08/01 14:47:50 BRT [2025/08/01 13:47:50 ET]
Table '3914011274 10' 8-max Seat #2 is the button
Seat 1: jamesmcc92 (5051 in chips, $5 bounty) 
Seat 2: 00gap00 (7467 in chips, $5 bounty) 
Seat 3: Kompolino28 (7780 in chips, $5 bounty) 
Seat 4: sKAro1201 (4642 in chips, $5 bounty) 
Seat 5: XRobstyleX (2624 in chips, $5 bounty) 
Seat 6: Gabrielfs13 (4348 in chips, $5 bounty) 
Seat 7: Padde47 (5084 in chips, $5 bounty) 
Seat 8: PsychOrwell (2375 in chips, $5 bounty) 
jamesmcc92: posts the ante 15
00gap00: posts the ante 15
Kompolino28: posts the ante 15
sKAro1201: posts the ante 15
XRobstyleX: posts the ante 15
Gabrielfs13: posts the ante 15
Padde47: posts the ante 15
PsychOrwell: posts the ante 15
Kompolino28: posts small blind 60
sKAro1201: posts big blind 120
*** HOLE CARDS ***
Dealt to Gabrielfs13 [Js 5c]
XRobstyleX: folds 
Gabrielfs13: folds 
Padde47: folds 
PsychOrwell: raises 2240 to 2360 and is all-in
jamesmcc92: raises 2676 to 5036 and is all-in
00gap00: folds 
Kompolino28: raises 2729 to 7765 and is all-in
sKAro1201: folds 
Uncalled bet (2729) returned to Kompolino28
*** FLOP *** [7d 7c Tc]
*** TURN *** [7d 7c Tc] [4c]
*** RIVER *** [7d 7c Tc 4c] [2s]
*** SHOW DOWN ***
Kompolino28: shows [Td Th] (a full house, Tens full of Sevens)
jamesmcc92: shows [As Qd] (a pair of Sevens)
Kompolino28 collected 5352 from side pot
PsychOrwell: shows [8h 8d] (two pair, Eights and Sevens)
Kompolino28 collected 7320 from main pot
Kompolino28 wins $2.50 for eliminating jamesmcc92 and their own bounty increases by $2.50 to $7.50
Kompolino28 wins $2.50 for eliminating PsychOrwell and their own bounty increases by $2.50 to $10
jamesmcc92 finished the tournament
PsychOrwell finished the tournament
Taiger0101 is disconnected 
*** SUMMARY ***
Total pot 12672 Main pot 7320. Side pot 5352. | Rake 0 
Board [7d 7c Tc 4c 2s]
Seat 1: jamesmcc92 showed [As Qd] and lost with a pair of Sevens
Seat 2: 00gap00 (button) folded before Flop (didn't bet)
Seat 3: Kompolino28 (small blind) showed [Td Th] and won (12672) with a full house, Tens full of Sevens
Seat 4: sKAro1201 (big blind) folded before Flop
Seat 5: XRobstyleX folded before Flop (didn't bet)
Seat 6: Gabrielfs13 folded before Flop (didn't bet)
Seat 7: Padde47 folded before Flop (didn't bet)
Seat 8: PsychOrwell showed [8h 8d] and lost with two pair, Eights and Sevens



PokerStars Hand #257172584924: Tournament #3914011274, $4.80+$5.00+$1.20 USD Hold'em No Limit - Level VII (60/120) - 2025/08/01 14:48:32 BRT [2025/08/01 13:48:32 ET]
Table '3914011274 10' 8-max Seat #3 is the button
Seat 2: 00gap00 (7452 in chips, $5 bounty) 
Seat 3: Kompolino28 (15401 in chips, $10 bounty) 
Seat 4: sKAro1201 (4507 in chips, $5 bounty) 
Seat 5: XRobstyleX (2609 in chips, $5 bounty) 
Seat 6: Gabrielfs13 (4333 in chips, $5 bounty) 
Seat 7: Padde47 (5069 in chips, $5 bounty) 
Seat 8: Taiger0101 (8563 in chips, $5 bounty) 
00gap00: posts the ante 15
Kompolino28: posts the ante 15
sKAro1201: posts the ante 15
XRobstyleX: posts the ante 15
Gabrielfs13: posts the ante 15
Padde47: posts the ante 15
Taiger0101: posts the ante 15
sKAro1201: posts small blind 60
XRobstyleX: posts big blind 120
*** HOLE CARDS ***
Dealt to Gabrielfs13 [6c 8d]
X!DoMyBestX is disconnected 
Gabrielfs13 has timed out
Gabrielfs13: folds 
Gabrielfs13 is sitting out
Padde47: raises 156 to 276
Taiger0101: folds 
00gap00: folds 
Kompolino28: folds 
sKAro1201: folds 
XRobstyleX: calls 156
*** FLOP *** [Ah Kh Jd]
XRobstyleX: checks 
Padde47: bets 402
XRobstyleX: folds 
Uncalled bet (402) returned to Padde47
Padde47 collected 717 from pot
Padde47: doesn't show hand 
*** SUMMARY ***
Total pot 717 | Rake 0 
Board [Ah Kh Jd]
Seat 2: 00gap00 folded before Flop (didn't bet)
Seat 3: Kompolino28 (button) folded before Flop (didn't bet)
Seat 4: sKAro1201 (small blind) folded before Flop
Seat 5: XRobstyleX (big blind) folded on the Flop
Seat 6: Gabrielfs13 folded before Flop (didn't bet)
Seat 7: Padde47 collected (717)
Seat 8: Taiger0101 folded before Flop (didn't bet)



PokerStars Hand #257172595566: Tournament #3914011274, $4.80+$5.00+$1.20 USD Hold'em No Limit - Level VII (60/120) - 2025/08/01 14:49:24 BRT [2025/08/01 13:49:24 ET]
Table '3914011274 10' 8-max Seat #4 is the button
Seat 1: X!DoMyBestX (10298 in chips, $5 bounty) 
Seat 2: 00gap00 (7437 in chips, $5 bounty) 
Seat 3: Kompolino28 (15386 in chips, $10 bounty) 
Seat 4: sKAro1201 (4432 in chips, $5 bounty) 
Seat 5: XRobstyleX (2318 in chips, $5 bounty) 
Seat 6: Gabrielfs13 (4318 in chips, $5 bounty) is sitting out
Seat 7: Padde47 (5495 in chips, $5 bounty) 
Seat 8: Taiger0101 (8548 in chips, $5 bounty) 
X!DoMyBestX: posts the ante 15
00gap00: posts the ante 15
Kompolino28: posts the ante 15
sKAro1201: posts the ante 15
XRobstyleX: posts the ante 15
Gabrielfs13: posts the ante 15
Padde47: posts the ante 15
Taiger0101: posts the ante 15
XRobstyleX: posts small blind 60
Gabrielfs13: posts big blind 120
*** HOLE CARDS ***
Dealt to Gabrielfs13 [3c Ks]
Padde47: folds 
Taiger0101: raises 240 to 360
X!DoMyBestX: folds 
00gap00: folds 
Kompolino28: folds 
Gabrielfs13 has returned
sKAro1201: folds 
XRobstyleX: folds 
Gabrielfs13 has timed out
Gabrielfs13: folds 
Gabrielfs13 is sitting out
Uncalled bet (240) returned to Taiger0101
Taiger0101 collected 420 from pot
Taiger0101: doesn't show hand 
*** SUMMARY ***
Total pot 420 | Rake 0 
Seat 1: X!DoMyBestX folded before Flop (didn't bet)
Seat 2: 00gap00 folded before Flop (didn't bet)
Seat 3: Kompolino28 folded before Flop (didn't bet)
Seat 4: sKAro1201 (button) folded before Flop (didn't bet)
Seat 5: XRobstyleX (small blind) folded before Flop
Seat 6: Gabrielfs13 (big blind) folded before Flop
Seat 7: Padde47 folded before Flop (didn't bet)
Seat 8: Taiger0101 collected (420)



PokerStars Hand #257172602579: Tournament #3914011274, $4.80+$5.00+$1.20 USD Hold'em No Limit - Level VII (60/120) - 2025/08/01 14:50:00 BRT [2025/08/01 13:50:00 ET]
Table '3914011274 10' 8-max Seat #5 is the button
Seat 1: X!DoMyBestX (10283 in chips, $5 bounty) 
Seat 2: 00gap00 (7422 in chips, $5 bounty) 
Seat 3: Kompolino28 (15371 in chips, $10 bounty) 
Seat 4: sKAro1201 (4417 in chips, $5 bounty) 
Seat 5: XRobstyleX (2243 in chips, $5 bounty) 
Seat 6: Gabrielfs13 (4183 in chips, $5 bounty) is sitting out
Seat 7: Padde47 (5480 in chips, $5 bounty) 
Seat 8: Taiger0101 (8833 in chips, $5 bounty) 
X!DoMyBestX: posts the ante 15
00gap00: posts the ante 15
Kompolino28: posts the ante 15
sKAro1201: posts the ante 15
XRobstyleX: posts the ante 15
Gabrielfs13: posts the ante 15
Padde47: posts the ante 15
Taiger0101: posts the ante 15
Gabrielfs13: posts small blind 60
Padde47: posts big blind 120
*** HOLE CARDS ***
Dealt to Gabrielfs13 [Ac Kd]
Taiger0101: folds 
X!DoMyBestX: folds 
00gap00: folds 
Kompolino28: folds 
Gabrielfs13 has returned
sKAro1201: folds 
XRobstyleX: folds 
Gabrielfs13: raises 240 to 360
Padde47: folds 
Uncalled bet (240) returned to Gabrielfs13
Gabrielfs13 collected 360 from pot
Gabrielfs13: doesn't show hand 
*** SUMMARY ***
Total pot 360 | Rake 0 
Seat 1: X!DoMyBestX folded before Flop (didn't bet)
Seat 2: 00gap00 folded before Flop (didn't bet)
Seat 3: Kompolino28 folded before Flop (didn't bet)
Seat 4: sKAro1201 folded before Flop (didn't bet)
Seat 5: XRobstyleX (button) folded before Flop (didn't bet)
Seat 6: Gabrielfs13 (small blind) collected (360)
Seat 7: Padde47 (big blind) folded before Flop
Seat 8: Taiger0101 folded before Flop (didn't bet)



PokerStars Hand #257172611785: Tournament #3914011274, $4.80+$5.00+$1.20 USD Hold'em No Limit - Level VIII (75/150) - 2025/08/01 14:50:46 BRT [2025/08/01 13:50:46 ET]
Table '3914011274 10' 8-max Seat #6 is the button
Seat 1: X!DoMyBestX (10268 in chips, $5 bounty) 
Seat 2: 00gap00 (7407 in chips, $5 bounty) 
Seat 3: Kompolino28 (15356 in chips, $10 bounty) 
Seat 4: sKAro1201 (4402 in chips, $5 bounty) 
Seat 5: XRobstyleX (2228 in chips, $5 bounty) 
Seat 6: Gabrielfs13 (4408 in chips, $5 bounty) 
Seat 7: Padde47 (5345 in chips, $5 bounty) 
Seat 8: Taiger0101 (8818 in chips, $5 bounty) 
X!DoMyBestX: posts the ante 20
00gap00: posts the ante 20
Kompolino28: posts the ante 20
sKAro1201: posts the ante 20
XRobstyleX: posts the ante 20
Gabrielfs13: posts the ante 20
Padde47: posts the ante 20
Taiger0101: posts the ante 20
Padde47: posts small blind 75
Taiger0101: posts big blind 150
*** HOLE CARDS ***
Dealt to Gabrielfs13 [Qd 3s]
X!DoMyBestX: raises 150 to 300
00gap00: folds 
Kompolino28: folds 
sKAro1201: folds 
XRobstyleX: folds 
Gabrielfs13: folds 
Padde47: folds 
Taiger0101: calls 150
*** FLOP *** [Td 4d 2h]
Taiger0101: checks 
X!DoMyBestX: bets 276
Taiger0101: calls 276
*** TURN *** [Td 4d 2h] [3h]
Taiger0101: checks 
X!DoMyBestX: bets 1040
Taiger0101: folds 
Uncalled bet (1040) returned to X!DoMyBestX
X!DoMyBestX collected 1387 from pot
X!DoMyBestX: doesn't show hand 
*** SUMMARY ***
Total pot 1387 | Rake 0 
Board [Td 4d 2h 3h]
Seat 1: X!DoMyBestX collected (1387)
Seat 2: 00gap00 folded before Flop (didn't bet)
Seat 3: Kompolino28 folded before Flop (didn't bet)
Seat 4: sKAro1201 folded before Flop (didn't bet)
Seat 5: XRobstyleX folded before Flop (didn't bet)
Seat 6: Gabrielfs13 (button) folded before Flop (didn't bet)
Seat 7: Padde47 (small blind) folded before Flop
Seat 8: Taiger0101 (big blind) folded on the Turn



PokerStars Hand #257172624548: Tournament #3914011274, $4.80+$5.00+$1.20 USD Hold'em No Limit - Level VIII (75/150) - 2025/08/01 14:51:50 BRT [2025/08/01 13:51:50 ET]
Table '3914011274 10' 8-max Seat #7 is the button
Seat 1: X!DoMyBestX (11059 in chips, $5 bounty) 
Seat 2: 00gap00 (7387 in chips, $5 bounty) 
Seat 3: Kompolino28 (15336 in chips, $10 bounty) 
Seat 4: sKAro1201 (4382 in chips, $5 bounty) 
Seat 5: XRobstyleX (2208 in chips, $5 bounty) 
Seat 6: Gabrielfs13 (4388 in chips, $5 bounty) 
Seat 7: Padde47 (5250 in chips, $5 bounty) 
Seat 8: Taiger0101 (8222 in chips, $5 bounty) 
X!DoMyBestX: posts the ante 20
00gap00: posts the ante 20
Kompolino28: posts the ante 20
sKAro1201: posts the ante 20
XRobstyleX: posts the ante 20
Gabrielfs13: posts the ante 20
Padde47: posts the ante 20
Taiger0101: posts the ante 20
Taiger0101: posts small blind 75
X!DoMyBestX: posts big blind 150
*** HOLE CARDS ***
Dealt to Gabrielfs13 [4s Ac]
00gap00: folds 
Kompolino28: folds 
sKAro1201: raises 150 to 300
XRobstyleX: folds 
Gabrielfs13 has timed out
Gabrielfs13: folds 
Gabrielfs13 is sitting out
Padde47: folds 
Taiger0101: calls 225
X!DoMyBestX: calls 150
*** FLOP *** [6s 8h 9d]
Gabrielfs13 has returned
Taiger0101: bets 980
X!DoMyBestX: folds 
sKAro1201: calls 980
*** TURN *** [6s 8h 9d] [7h]
Taiger0101: checks 
sKAro1201: bets 1510
Taiger0101: raises 5412 to 6922 and is all-in
sKAro1201: calls 1572 and is all-in
Uncalled bet (3840) returned to Taiger0101
*** RIVER *** [6s 8h 9d 7h] [3h]
*** SHOW DOWN ***
Taiger0101: shows [8d 9h] (two pair, Nines and Eights)
sKAro1201: shows [Tc Ah] (a straight, Six to Ten)
sKAro1201 collected 9184 from pot
*** SUMMARY ***
Total pot 9184 | Rake 0 
Board [6s 8h 9d 7h 3h]
Seat 1: X!DoMyBestX (big blind) folded on the Flop
Seat 2: 00gap00 folded before Flop (didn't bet)
Seat 3: Kompolino28 folded before Flop (didn't bet)
Seat 4: sKAro1201 showed [Tc Ah] and won (9184) with a straight, Six to Ten
Seat 5: XRobstyleX folded before Flop (didn't bet)
Seat 6: Gabrielfs13 folded before Flop (didn't bet)
Seat 7: Padde47 (button) folded before Flop (didn't bet)
Seat 8: Taiger0101 (small blind) showed [8d 9h] and lost with two pair, Nines and Eights



PokerStars Hand #257172642948: Tournament #3914011274, $4.80+$5.00+$1.20 USD Hold'em No Limit - Level VIII (75/150) - 2025/08/01 14:53:22 BRT [2025/08/01 13:53:22 ET]
Table '3914011274 10' 8-max Seat #8 is the button
Seat 1: X!DoMyBestX (10739 in chips, $5 bounty) 
Seat 2: 00gap00 (7367 in chips, $5 bounty) 
Seat 3: Kompolino28 (15316 in chips, $10 bounty) 
Seat 4: sKAro1201 (9184 in chips, $5 bounty) 
Seat 5: XRobstyleX (2188 in chips, $5 bounty) 
Seat 6: Gabrielfs13 (4368 in chips, $5 bounty) 
Seat 7: Padde47 (5230 in chips, $5 bounty) 
Seat 8: Taiger0101 (3840 in chips, $5 bounty) 
X!DoMyBestX: posts the ante 20
00gap00: posts the ante 20
Kompolino28: posts the ante 20
sKAro1201: posts the ante 20
XRobstyleX: posts the ante 20
Gabrielfs13: posts the ante 20
Padde47: posts the ante 20
Taiger0101: posts the ante 20
X!DoMyBestX: posts small blind 75
00gap00: posts big blind 150
*** HOLE CARDS ***
Dealt to Gabrielfs13 [9d Ks]
Kompolino28: folds 
sKAro1201: folds 
XRobstyleX: folds 
Gabrielfs13: folds 
Padde47: folds 
Taiger0101: folds 
X!DoMyBestX: calls 75
00gap00: checks 
*** FLOP *** [Ts Ah 5d]
X!DoMyBestX: bets 150
00gap00: folds 
Uncalled bet (150) returned to X!DoMyBestX
X!DoMyBestX collected 460 from pot
X!DoMyBestX: doesn't show hand 
*** SUMMARY ***
Total pot 460 | Rake 0 
Board [Ts Ah 5d]
Seat 1: X!DoMyBestX (small blind) collected (460)
Seat 2: 00gap00 (big blind) folded on the Flop
Seat 3: Kompolino28 folded before Flop (didn't bet)
Seat 4: sKAro1201 folded before Flop (didn't bet)
Seat 5: XRobstyleX folded before Flop (didn't bet)
Seat 6: Gabrielfs13 folded before Flop (didn't bet)
Seat 7: Padde47 folded before Flop (didn't bet)
Seat 8: Taiger0101 (button) folded before Flop (didn't bet)



PokerStars Hand #257172649501: Tournament #3914011274, $4.80+$5.00+$1.20 USD Hold'em No Limit - Level VIII (75/150) - 2025/08/01 14:53:55 BRT [2025/08/01 13:53:55 ET]
Table '3914011274 10' 8-max Seat #1 is the button
Seat 1: X!DoMyBestX (11029 in chips, $5 bounty) 
Seat 2: 00gap00 (7197 in chips, $5 bounty) 
Seat 3: Kompolino28 (15296 in chips, $10 bounty) 
Seat 4: sKAro1201 (9164 in chips, $5 bounty) 
Seat 5: XRobstyleX (2168 in chips, $5 bounty) 
Seat 6: Gabrielfs13 (4348 in chips, $5 bounty) 
Seat 7: Padde47 (5210 in chips, $5 bounty) 
Seat 8: Taiger0101 (3820 in chips, $5 bounty) 
X!DoMyBestX: posts the ante 20
00gap00: posts the ante 20
Kompolino28: posts the ante 20
sKAro1201: posts the ante 20
XRobstyleX: posts the ante 20
Gabrielfs13: posts the ante 20
Padde47: posts the ante 20
Taiger0101: posts the ante 20
00gap00: posts small blind 75
Kompolino28: posts big blind 150
*** HOLE CARDS ***
Dealt to Gabrielfs13 [7h Kd]
sKAro1201: folds 
XRobstyleX: folds 
Gabrielfs13: folds 
Padde47: folds 
Taiger0101: folds 
X!DoMyBestX: raises 150 to 300
00gap00: folds 
Kompolino28: calls 150
*** FLOP *** [3s 4s Ts]
Kompolino28: checks 
X!DoMyBestX: bets 209
Kompolino28: raises 563 to 772
X!DoMyBestX: folds 
Uncalled bet (563) returned to Kompolino28
Kompolino28 collected 1253 from pot
Kompolino28: doesn't show hand 
*** SUMMARY ***
Total pot 1253 | Rake 0 
Board [3s 4s Ts]
Seat 1: X!DoMyBestX (button) folded on the Flop
Seat 2: 00gap00 (small blind) folded before Flop
Seat 3: Kompolino28 (big blind) collected (1253)
Seat 4: sKAro1201 folded before Flop (didn't bet)
Seat 5: XRobstyleX folded before Flop (didn't bet)
Seat 6: Gabrielfs13 folded before Flop (didn't bet)
Seat 7: Padde47 folded before Flop (didn't bet)
Seat 8: Taiger0101 folded before Flop (didn't bet)



PokerStars Hand #257172659162: Tournament #3914011274, $4.80+$5.00+$1.20 USD Hold'em No Limit - Level VIII (75/150) - 2025/08/01 14:54:43 BRT [2025/08/01 13:54:43 ET]
Table '3914011274 10' 8-max Seat #2 is the button
Seat 1: X!DoMyBestX (10500 in chips, $5 bounty) 
Seat 2: 00gap00 (7102 in chips, $5 bounty) 
Seat 3: Kompolino28 (16020 in chips, $10 bounty) 
Seat 4: sKAro1201 (9144 in chips, $5 bounty) 
Seat 5: XRobstyleX (2148 in chips, $5 bounty) 
Seat 6: Gabrielfs13 (4328 in chips, $5 bounty) 
Seat 7: Padde47 (5190 in chips, $5 bounty) 
Seat 8: Taiger0101 (3800 in chips, $5 bounty) 
X!DoMyBestX: posts the ante 20
00gap00: posts the ante 20
Kompolino28: posts the ante 20
sKAro1201: posts the ante 20
XRobstyleX: posts the ante 20
Gabrielfs13: posts the ante 20
Padde47: posts the ante 20
Taiger0101: posts the ante 20
Kompolino28: posts small blind 75
sKAro1201: posts big blind 150
*** HOLE CARDS ***
Dealt to Gabrielfs13 [Jh 6h]
XRobstyleX: folds 
Gabrielfs13: folds 
Padde47: raises 195 to 345
Taiger0101: folds 
X!DoMyBestX: calls 345
00gap00: calls 345
Kompolino28: raises 1380 to 1725
sKAro1201: folds 
Padde47: folds 
X!DoMyBestX: raises 8755 to 10480 and is all-in
00gap00: folds 
Kompolino28: calls 8755
*** FLOP *** [5h Kd Th]
*** TURN *** [5h Kd Th] [3s]
*** RIVER *** [5h Kd Th 3s] [6c]
*** SHOW DOWN ***
Kompolino28: shows [9c 9d] (a pair of Nines)
X!DoMyBestX: shows [7c 7h] (a pair of Sevens)
Kompolino28 collected 21960 from pot
Kompolino28 wins $2.50 for eliminating X!DoMyBestX and their own bounty increases by $2.50 to $12.50
X!DoMyBestX finished the tournament
*** SUMMARY ***
Total pot 21960 | Rake 0 
Board [5h Kd Th 3s 6c]
Seat 1: X!DoMyBestX showed [7c 7h] and lost with a pair of Sevens
Seat 2: 00gap00 (button) folded before Flop
Seat 3: Kompolino28 (small blind) showed [9c 9d] and won (21960) with a pair of Nines
Seat 4: sKAro1201 (big blind) folded before Flop
Seat 5: XRobstyleX folded before Flop (didn't bet)
Seat 6: Gabrielfs13 folded before Flop (didn't bet)
Seat 7: Padde47 folded before Flop
Seat 8: Taiger0101 folded before Flop (didn't bet)



PokerStars Hand #257172719252: Tournament #3914011274, $4.80+$5.00+$1.20 USD Hold'em No Limit - Level IX (100/200) - 2025/08/01 15:01:14 BRT [2025/08/01 14:01:14 ET]
Table '3914011274 10' 8-max Seat #3 is the button
Seat 1: Hope2502 (5000 in chips, $5 bounty) 
Seat 2: 00gap00 (6737 in chips, $5 bounty) is sitting out
Seat 3: Kompolino28 (27480 in chips, $12.50 bounty) 
Seat 4: sKAro1201 (8974 in chips, $5 bounty) 
Seat 5: XRobstyleX (2128 in chips, $5 bounty) 
Seat 6: Gabrielfs13 (4308 in chips, $5 bounty) 
Seat 7: Padde47 (4825 in chips, $5 bounty) 
Seat 8: Taiger0101 (3780 in chips, $5 bounty) 
Hope2502: posts the ante 25
00gap00: posts the ante 25
Kompolino28: posts the ante 25
sKAro1201: posts the ante 25
XRobstyleX: posts the ante 25
Gabrielfs13: posts the ante 25
Padde47: posts the ante 25
Taiger0101: posts the ante 25
sKAro1201: posts small blind 100
XRobstyleX: posts big blind 200
*** HOLE CARDS ***
Dealt to Gabrielfs13 [Ks 8c]
Gabrielfs13: folds 
Padde47: folds 
Taiger0101: raises 700 to 900
Hope2502: folds 
00gap00: folds 
Kompolino28: folds 
sKAro1201: folds 
XRobstyleX: folds 
Uncalled bet (700) returned to Taiger0101
Taiger0101 collected 700 from pot
Taiger0101: doesn't show hand 
*** SUMMARY ***
Total pot 700 | Rake 0 
Seat 1: Hope2502 folded before Flop (didn't bet)
Seat 2: 00gap00 folded before Flop (didn't bet)
Seat 3: Kompolino28 (button) folded before Flop (didn't bet)
Seat 4: sKAro1201 (small blind) folded before Flop
Seat 5: XRobstyleX (big blind) folded before Flop
Seat 6: Gabrielfs13 folded before Flop (didn't bet)
Seat 7: Padde47 folded before Flop (didn't bet)
Seat 8: Taiger0101 collected (700)



PokerStars Hand #257172729326: Tournament #3914011274, $4.80+$5.00+$1.20 USD Hold'em No Limit - Level IX (100/200) - 2025/08/01 15:02:04 BRT [2025/08/01 14:02:04 ET]
Table '3914011274 10' 8-max Seat #4 is the button
Seat 1: Hope2502 (4975 in chips, $5 bounty) 
Seat 2: 00gap00 (6712 in chips, $5 bounty) is sitting out
Seat 3: Kompolino28 (27455 in chips, $12.50 bounty) 
Seat 4: sKAro1201 (8849 in chips, $5 bounty) 
Seat 5: XRobstyleX (1903 in chips, $5 bounty) 
Seat 6: Gabrielfs13 (4283 in chips, $5 bounty) 
Seat 7: Padde47 (4800 in chips, $5 bounty) 
Seat 8: Taiger0101 (4255 in chips, $5 bounty) 
Hope2502: posts the ante 25
00gap00: posts the ante 25
Kompolino28: posts the ante 25
sKAro1201: posts the ante 25
XRobstyleX: posts the ante 25
Gabrielfs13: posts the ante 25
Padde47: posts the ante 25
Taiger0101: posts the ante 25
XRobstyleX: posts small blind 100
Gabrielfs13: posts big blind 200
*** HOLE CARDS ***
Dealt to Gabrielfs13 [Kd 4h]
Padde47: folds 
Taiger0101: folds 
Hope2502: folds 
00gap00: folds 
Kompolino28: raises 200 to 400
sKAro1201: folds 
XRobstyleX: raises 1478 to 1878 and is all-in
Gabrielfs13: folds 
Kompolino28: calls 1478
*** FLOP *** [7d 8h Tc]
*** TURN *** [7d 8h Tc] [Kc]
*** RIVER *** [7d 8h Tc Kc] [2h]
*** SHOW DOWN ***
XRobstyleX: shows [Ac Jd] (high card Ace)
Kompolino28: shows [8s Qh] (a pair of Eights)
Kompolino28 collected 4156 from pot
Kompolino28 wins $2.50 for eliminating XRobstyleX and their own bounty increases by $2.50 to $15
XRobstyleX finished the tournament
*** SUMMARY ***
Total pot 4156 | Rake 0 
Board [7d 8h Tc Kc 2h]
Seat 1: Hope2502 folded before Flop (didn't bet)
Seat 2: 00gap00 folded before Flop (didn't bet)
Seat 3: Kompolino28 showed [8s Qh] and won (4156) with a pair of Eights
Seat 4: sKAro1201 (button) folded before Flop (didn't bet)
Seat 5: XRobstyleX (small blind) showed [Ac Jd] and lost with high card Ace
Seat 6: Gabrielfs13 (big blind) folded before Flop
Seat 7: Padde47 folded before Flop (didn't bet)
Seat 8: Taiger0101 folded before Flop (didn't bet)



PokerStars Hand #257172738878: Tournament #3914011274, $4.80+$5.00+$1.20 USD Hold'em No Limit - Level IX (100/200) - 2025/08/01 15:02:50 BRT [2025/08/01 14:02:50 ET]
Table '3914011274 10' 8-max Seat #6 is the button
Seat 1: Hope2502 (4950 in chips, $5 bounty) 
Seat 2: 00gap00 (6687 in chips, $5 bounty) is sitting out
Seat 3: Kompolino28 (29708 in chips, $15 bounty) 
Seat 4: sKAro1201 (8824 in chips, $5 bounty) 
Seat 6: Gabrielfs13 (4058 in chips, $5 bounty) 
Seat 7: Padde47 (4775 in chips, $5 bounty) 
Seat 8: Taiger0101 (4230 in chips, $5 bounty) 
Hope2502: posts the ante 25
00gap00: posts the ante 25
Kompolino28: posts the ante 25
sKAro1201: posts the ante 25
Gabrielfs13: posts the ante 25
Padde47: posts the ante 25
Taiger0101: posts the ante 25
Padde47: posts small blind 100
Taiger0101: posts big blind 200
*** HOLE CARDS ***
Dealt to Gabrielfs13 [5s Th]
Hope2502: folds 
00gap00: folds 
Kompolino28: folds 
sKAro1201: folds 
00gap00 has returned
Gabrielfs13: folds 
Padde47: folds 
Uncalled bet (100) returned to Taiger0101
Taiger0101 collected 375 from pot
Taiger0101: doesn't show hand 
*** SUMMARY ***
Total pot 375 | Rake 0 
Seat 1: Hope2502 folded before Flop (didn't bet)
Seat 2: 00gap00 folded before Flop (didn't bet)
Seat 3: Kompolino28 folded before Flop (didn't bet)
Seat 4: sKAro1201 folded before Flop (didn't bet)
Seat 6: Gabrielfs13 (button) folded before Flop (didn't bet)
Seat 7: Padde47 (small blind) folded before Flop
Seat 8: Taiger0101 (big blind) collected (375)



PokerStars Hand #257172743065: Tournament #3914011274, $4.80+$5.00+$1.20 USD Hold'em No Limit - Level IX (100/200) - 2025/08/01 15:03:10 BRT [2025/08/01 14:03:10 ET]
Table '3914011274 10' 8-max Seat #7 is the button
Seat 1: Hope2502 (4925 in chips, $5 bounty) 
Seat 2: 00gap00 (6662 in chips, $5 bounty) 
Seat 3: Kompolino28 (29683 in chips, $15 bounty) 
Seat 4: sKAro1201 (8799 in chips, $5 bounty) 
Seat 5: booskasino (5000 in chips, $5 bounty) 
Seat 6: Gabrielfs13 (4033 in chips, $5 bounty) 
Seat 7: Padde47 (4650 in chips, $5 bounty) 
Seat 8: Taiger0101 (4480 in chips, $5 bounty) 
Hope2502: posts the ante 25
00gap00: posts the ante 25
Kompolino28: posts the ante 25
sKAro1201: posts the ante 25
booskasino: posts the ante 25
Gabrielfs13: posts the ante 25
Padde47: posts the ante 25
Taiger0101: posts the ante 25
Taiger0101: posts small blind 100
Hope2502: posts big blind 200
*** HOLE CARDS ***
Dealt to Gabrielfs13 [Ah 6h]
00gap00: folds 
Kompolino28: raises 200 to 400
sKAro1201: folds 
booskasino: folds 
Gabrielfs13: folds 
Padde47: folds 
Taiger0101: folds 
Hope2502: folds 
Uncalled bet (200) returned to Kompolino28
Kompolino28 collected 700 from pot
Kompolino28: doesn't show hand 
*** SUMMARY ***
Total pot 700 | Rake 0 
Seat 1: Hope2502 (big blind) folded before Flop
Seat 2: 00gap00 folded before Flop (didn't bet)
Seat 3: Kompolino28 collected (700)
Seat 4: sKAro1201 folded before Flop (didn't bet)
Seat 5: booskasino folded before Flop (didn't bet)
Seat 6: Gabrielfs13 folded before Flop (didn't bet)
Seat 7: Padde47 (button) folded before Flop (didn't bet)
Seat 8: Taiger0101 (small blind) folded before Flop



PokerStars Hand #257172749467: Tournament #3914011274, $4.80+$5.00+$1.20 USD Hold'em No Limit - Level IX (100/200) - 2025/08/01 15:03:41 BRT [2025/08/01 14:03:41 ET]
Table '3914011274 10' 8-max Seat #8 is the button
Seat 1: Hope2502 (4700 in chips, $5 bounty) 
Seat 2: 00gap00 (6637 in chips, $5 bounty) 
Seat 3: Kompolino28 (30158 in chips, $15 bounty) 
Seat 4: sKAro1201 (8774 in chips, $5 bounty) 
Seat 5: booskasino (4975 in chips, $5 bounty) 
Seat 6: Gabrielfs13 (4008 in chips, $5 bounty) 
Seat 7: Padde47 (4625 in chips, $5 bounty) 
Seat 8: Taiger0101 (4355 in chips, $5 bounty) 
Hope2502: posts the ante 25
00gap00: posts the ante 25
Kompolino28: posts the ante 25
sKAro1201: posts the ante 25
booskasino: posts the ante 25
Gabrielfs13: posts the ante 25
Padde47: posts the ante 25
Taiger0101: posts the ante 25
Hope2502: posts small blind 100
00gap00: posts big blind 200
*** HOLE CARDS ***
Dealt to Gabrielfs13 [3s 6d]
Kompolino28: folds 
sKAro1201: raises 200 to 400
booskasino: folds 
Gabrielfs13: folds 
Padde47: folds 
Taiger0101: folds 
Hope2502: folds 
00gap00: folds 
Uncalled bet (200) returned to sKAro1201
sKAro1201 collected 700 from pot
sKAro1201: doesn't show hand 
*** SUMMARY ***
Total pot 700 | Rake 0 
Seat 1: Hope2502 (small blind) folded before Flop
Seat 2: 00gap00 (big blind) folded before Flop
Seat 3: Kompolino28 folded before Flop (didn't bet)
Seat 4: sKAro1201 collected (700)
Seat 5: booskasino folded before Flop (didn't bet)
Seat 6: Gabrielfs13 folded before Flop (didn't bet)
Seat 7: Padde47 folded before Flop (didn't bet)
Seat 8: Taiger0101 (button) folded before Flop (didn't bet)



PokerStars Hand #257172755918: Tournament #3914011274, $4.80+$5.00+$1.20 USD Hold'em No Limit - Level IX (100/200) - 2025/08/01 15:04:12 BRT [2025/08/01 14:04:12 ET]
Table '3914011274 10' 8-max Seat #1 is the button
Seat 1: Hope2502 (4575 in chips, $5 bounty) 
Seat 2: 00gap00 (6412 in chips, $5 bounty) 
Seat 3: Kompolino28 (30133 in chips, $15 bounty) 
Seat 4: sKAro1201 (9249 in chips, $5 bounty) 
Seat 5: booskasino (4950 in chips, $5 bounty) 
Seat 6: Gabrielfs13 (3983 in chips, $5 bounty) 
Seat 7: Padde47 (4600 in chips, $5 bounty) 
Seat 8: Taiger0101 (4330 in chips, $5 bounty) 
Hope2502: posts the ante 25
00gap00: posts the ante 25
Kompolino28: posts the ante 25
sKAro1201: posts the ante 25
booskasino: posts the ante 25
Gabrielfs13: posts the ante 25
Padde47: posts the ante 25
Taiger0101: posts the ante 25
00gap00: posts small blind 100
Kompolino28: posts big blind 200
*** HOLE CARDS ***
Dealt to Gabrielfs13 [6d 2h]
sKAro1201: folds 
booskasino: folds 
Gabrielfs13: folds 
Padde47: folds 
Taiger0101: raises 200 to 400
Hope2502: folds 
00gap00: folds 
Kompolino28: folds 
Uncalled bet (200) returned to Taiger0101
Taiger0101 collected 700 from pot
Taiger0101: doesn't show hand 
*** SUMMARY ***
Total pot 700 | Rake 0 
Seat 1: Hope2502 (button) folded before Flop (didn't bet)
Seat 2: 00gap00 (small blind) folded before Flop
Seat 3: Kompolino28 (big blind) folded before Flop
Seat 4: sKAro1201 folded before Flop (didn't bet)
Seat 5: booskasino folded before Flop (didn't bet)
Seat 6: Gabrielfs13 folded before Flop (didn't bet)
Seat 7: Padde47 folded before Flop (didn't bet)
Seat 8: Taiger0101 collected (700)



PokerStars Hand #257172766376: Tournament #3914011274, $4.80+$5.00+$1.20 USD Hold'em No Limit - Level IX (100/200) - 2025/08/01 15:05:01 BRT [2025/08/01 14:05:01 ET]
Table '3914011274 10' 8-max Seat #2 is the button
Seat 1: Hope2502 (4550 in chips, $5 bounty) 
Seat 2: 00gap00 (6287 in chips, $5 bounty) 
Seat 3: Kompolino28 (29908 in chips, $15 bounty) 
Seat 4: sKAro1201 (9224 in chips, $5 bounty) 
Seat 5: booskasino (4925 in chips, $5 bounty) 
Seat 6: Gabrielfs13 (3958 in chips, $5 bounty) 
Seat 7: Padde47 (4575 in chips, $5 bounty) 
Seat 8: Taiger0101 (4805 in chips, $5 bounty) 
Hope2502: posts the ante 25
00gap00: posts the ante 25
Kompolino28: posts the ante 25
sKAro1201: posts the ante 25
booskasino: posts the ante 25
Gabrielfs13: posts the ante 25
Padde47: posts the ante 25
Taiger0101: posts the ante 25
Kompolino28: posts small blind 100
sKAro1201: posts big blind 200
*** HOLE CARDS ***
Dealt to Gabrielfs13 [Qh 5s]
booskasino: raises 400 to 600
Gabrielfs13: folds 
Padde47: folds 
Taiger0101: raises 4180 to 4780 and is all-in
Hope2502: folds 
00gap00: folds 
Kompolino28: folds 
sKAro1201: folds 
booskasino: calls 4180
*** FLOP *** [Ks 8h 5c]
*** TURN *** [Ks 8h 5c] [Ac]
*** RIVER *** [Ks 8h 5c Ac] [7d]
*** SHOW DOWN ***
booskasino: shows [7c 7s] (three of a kind, Sevens)
Taiger0101: shows [Qc Ah] (a pair of Aces)
booskasino collected 10060 from pot
booskasino wins $2.50 for eliminating Taiger0101 and their own bounty increases by $2.50 to $7.50
Taiger0101 finished the tournament
*** SUMMARY ***
Total pot 10060 | Rake 0 
Board [Ks 8h 5c Ac 7d]
Seat 1: Hope2502 folded before Flop (didn't bet)
Seat 2: 00gap00 (button) folded before Flop (didn't bet)
Seat 3: Kompolino28 (small blind) folded before Flop
Seat 4: sKAro1201 (big blind) folded before Flop
Seat 5: booskasino showed [7c 7s] and won (10060) with three of a kind, Sevens
Seat 6: Gabrielfs13 folded before Flop (didn't bet)
Seat 7: Padde47 folded before Flop (didn't bet)
Seat 8: Taiger0101 showed [Qc Ah] and lost with a pair of Aces



PokerStars Hand #257172773918: Tournament #3914011274, $4.80+$5.00+$1.20 USD Hold'em No Limit - Level IX (100/200) - 2025/08/01 15:05:37 BRT [2025/08/01 14:05:37 ET]
Table '3914011274 10' 8-max Seat #3 is the button
Seat 1: Hope2502 (4525 in chips, $5 bounty) 
Seat 2: 00gap00 (6262 in chips, $5 bounty) 
Seat 3: Kompolino28 (29783 in chips, $15 bounty) 
Seat 4: sKAro1201 (8999 in chips, $5 bounty) 
Seat 5: booskasino (10180 in chips, $7.50 bounty) 
Seat 6: Gabrielfs13 (3933 in chips, $5 bounty) 
Seat 7: Padde47 (4550 in chips, $5 bounty) 
Hope2502: posts the ante 25
00gap00: posts the ante 25
Kompolino28: posts the ante 25
sKAro1201: posts the ante 25
booskasino: posts the ante 25
Gabrielfs13: posts the ante 25
Padde47: posts the ante 25
sKAro1201: posts small blind 100
booskasino: posts big blind 200
*** HOLE CARDS ***
Dealt to Gabrielfs13 [9s 3s]
Gabrielfs13: folds 
Padde47: folds 
Hope2502: folds 
00gap00: folds 
Kompolino28: raises 200 to 400
sKAro1201: folds 
booskasino: folds 
Uncalled bet (200) returned to Kompolino28
Kompolino28 collected 675 from pot
Kompolino28: doesn't show hand 
*** SUMMARY ***
Total pot 675 | Rake 0 
Seat 1: Hope2502 folded before Flop (didn't bet)
Seat 2: 00gap00 folded before Flop (didn't bet)
Seat 3: Kompolino28 (button) collected (675)
Seat 4: sKAro1201 (small blind) folded before Flop
Seat 5: booskasino (big blind) folded before Flop
Seat 6: Gabrielfs13 folded before Flop (didn't bet)
Seat 7: Padde47 folded before Flop (didn't bet)



PokerStars Hand #257172782273: Tournament #3914011274, $4.80+$5.00+$1.20 USD Hold'em No Limit - Level X (125/250) - 2025/08/01 15:06:16 BRT [2025/08/01 14:06:16 ET]
Table '3914011274 10' 8-max Seat #4 is the button
Seat 1: Hope2502 (4500 in chips, $5 bounty) 
Seat 2: 00gap00 (6237 in chips, $5 bounty) 
Seat 3: Kompolino28 (30233 in chips, $15 bounty) 
Seat 4: sKAro1201 (8874 in chips, $5 bounty) 
Seat 5: booskasino (9955 in chips, $7.50 bounty) 
Seat 6: Gabrielfs13 (3908 in chips, $5 bounty) 
Seat 7: Padde47 (4525 in chips, $5 bounty) 
Hope2502: posts the ante 30
00gap00: posts the ante 30
Kompolino28: posts the ante 30
sKAro1201: posts the ante 30
booskasino: posts the ante 30
Gabrielfs13: posts the ante 30
Padde47: posts the ante 30
booskasino: posts small blind 125
Gabrielfs13: posts big blind 250
*** HOLE CARDS ***
Dealt to Gabrielfs13 [Td 7h]
Padde47: folds 
Hope2502: folds 
00gap00: folds 
Kompolino28: raises 250 to 500
jura677 is disconnected 
sKAro1201: folds 
booskasino: raises 1000 to 1500
Gabrielfs13: folds 
Kompolino28: calls 1000
*** FLOP *** [5d 4c 4d]
booskasino: bets 3460
Kompolino28: folds 
Uncalled bet (3460) returned to booskasino
booskasino collected 3460 from pot
*** SUMMARY ***
Total pot 3460 | Rake 0 
Board [5d 4c 4d]
Seat 1: Hope2502 folded before Flop (didn't bet)
Seat 2: 00gap00 folded before Flop (didn't bet)
Seat 3: Kompolino28 folded on the Flop
Seat 4: sKAro1201 (button) folded before Flop (didn't bet)
Seat 5: booskasino (small blind) collected (3460)
Seat 6: Gabrielfs13 (big blind) folded before Flop
Seat 7: Padde47 folded before Flop (didn't bet)



PokerStars Hand #257172795488: Tournament #3914011274, $4.80+$5.00+$1.20 USD Hold'em No Limit - Level X (125/250) - 2025/08/01 15:07:18 BRT [2025/08/01 14:07:18 ET]
Table '3914011274 10' 8-max Seat #5 is the button
Seat 1: Hope2502 (4470 in chips, $5 bounty) 
Seat 2: 00gap00 (6207 in chips, $5 bounty) 
Seat 3: Kompolino28 (28703 in chips, $15 bounty) 
Seat 4: sKAro1201 (8844 in chips, $5 bounty) 
Seat 5: booskasino (11885 in chips, $7.50 bounty) 
Seat 6: Gabrielfs13 (3628 in chips, $5 bounty) 
Seat 7: Padde47 (4495 in chips, $5 bounty) 
Seat 8: jura677 (12040 in chips, $10 bounty) 
Hope2502: posts the ante 30
00gap00: posts the ante 30
Kompolino28: posts the ante 30
sKAro1201: posts the ante 30
booskasino: posts the ante 30
Gabrielfs13: posts the ante 30
Padde47: posts the ante 30
jura677: posts the ante 30
Gabrielfs13: posts small blind 125
Padde47: posts big blind 250
*** HOLE CARDS ***
Dealt to Gabrielfs13 [2c 6d]
jura677: folds 
Hope2502: folds 
00gap00: folds 
Kompolino28: raises 250 to 500
sKAro1201: folds 
booskasino: folds 
Gabrielfs13: folds 
Padde47: raises 3965 to 4465 and is all-in
Kompolino28: folds 
Uncalled bet (3965) returned to Padde47
Padde47 collected 1365 from pot
Padde47: doesn't show hand 
*** SUMMARY ***
Total pot 1365 | Rake 0 
Seat 1: Hope2502 folded before Flop (didn't bet)
Seat 2: 00gap00 folded before Flop (didn't bet)
Seat 3: Kompolino28 folded before Flop
Seat 4: sKAro1201 folded before Flop (didn't bet)
Seat 5: booskasino (button) folded before Flop (didn't bet)
Seat 6: Gabrielfs13 (small blind) folded before Flop
Seat 7: Padde47 (big blind) collected (1365)
Seat 8: jura677 folded before Flop (didn't bet)



PokerStars Hand #257172804190: Tournament #3914011274, $4.80+$5.00+$1.20 USD Hold'em No Limit - Level X (125/250) - 2025/08/01 15:07:59 BRT [2025/08/01 14:07:59 ET]
Table '3914011274 10' 8-max Seat #6 is the button
Seat 1: Hope2502 (4440 in chips, $5 bounty) 
Seat 2: 00gap00 (6177 in chips, $5 bounty) 
Seat 3: Kompolino28 (28173 in chips, $15 bounty) 
Seat 4: sKAro1201 (8814 in chips, $5 bounty) 
Seat 5: booskasino (11855 in chips, $7.50 bounty) 
Seat 6: Gabrielfs13 (3473 in chips, $5 bounty) 
Seat 7: Padde47 (5330 in chips, $5 bounty) 
Seat 8: jura677 (12010 in chips, $10 bounty) 
Hope2502: posts the ante 30
00gap00: posts the ante 30
Kompolino28: posts the ante 30
sKAro1201: posts the ante 30
booskasino: posts the ante 30
Gabrielfs13: posts the ante 30
Padde47: posts the ante 30
jura677: posts the ante 30
Padde47: posts small blind 125
jura677: posts big blind 250
*** HOLE CARDS ***
Dealt to Gabrielfs13 [5s Kh]
Hope2502: folds 
00gap00: raises 5897 to 6147 and is all-in
Kompolino28: folds 
sKAro1201: folds 
booskasino: folds 
Gabrielfs13: folds 
Padde47: folds 
jura677: folds 
Uncalled bet (5897) returned to 00gap00
00gap00 collected 865 from pot
00gap00: doesn't show hand 
*** SUMMARY ***
Total pot 865 | Rake 0 
Seat 1: Hope2502 folded before Flop (didn't bet)
Seat 2: 00gap00 collected (865)
Seat 3: Kompolino28 folded before Flop (didn't bet)
Seat 4: sKAro1201 folded before Flop (didn't bet)
Seat 5: booskasino folded before Flop (didn't bet)
Seat 6: Gabrielfs13 (button) folded before Flop (didn't bet)
Seat 7: Padde47 (small blind) folded before Flop
Seat 8: jura677 (big blind) folded before Flop



PokerStars Hand #257172808179: Tournament #3914011274, $4.80+$5.00+$1.20 USD Hold'em No Limit - Level X (125/250) - 2025/08/01 15:08:18 BRT [2025/08/01 14:08:18 ET]
Table '3914011274 10' 8-max Seat #7 is the button
Seat 1: Hope2502 (4410 in chips, $5 bounty) 
Seat 2: 00gap00 (6762 in chips, $5 bounty) 
Seat 3: Kompolino28 (28143 in chips, $15 bounty) 
Seat 4: sKAro1201 (8784 in chips, $5 bounty) 
Seat 5: booskasino (11825 in chips, $7.50 bounty) 
Seat 6: Gabrielfs13 (3443 in chips, $5 bounty) 
Seat 7: Padde47 (5175 in chips, $5 bounty) 
Seat 8: jura677 (11730 in chips, $10 bounty) 
Hope2502: posts the ante 30
00gap00: posts the ante 30
Kompolino28: posts the ante 30
sKAro1201: posts the ante 30
booskasino: posts the ante 30
Gabrielfs13: posts the ante 30
Padde47: posts the ante 30
jura677: posts the ante 30
jura677: posts small blind 125
Hope2502: posts big blind 250
*** HOLE CARDS ***
Dealt to Gabrielfs13 [Ks Kc]
00gap00: folds 
Kompolino28: folds 
sKAro1201: raises 250 to 500
booskasino: calls 500
Gabrielfs13: raises 2913 to 3413 and is all-in
Padde47: folds 
jura677: folds 
Hope2502: folds 
sKAro1201: folds 
booskasino: calls 2913
*** FLOP *** [2d Ad 5c]
*** TURN *** [2d Ad 5c] [7c]
*** RIVER *** [2d Ad 5c 7c] [3c]
*** SHOW DOWN ***
booskasino: shows [As Td] (a pair of Aces)
Gabrielfs13: shows [Ks Kc] (a pair of Kings)
booskasino collected 7941 from pot
booskasino wins $2.50 for eliminating Gabrielfs13 and their own bounty increases by $2.50 to $10
Gabrielfs13 finished the tournament
*** SUMMARY ***
Total pot 7941 | Rake 0 
Board [2d Ad 5c 7c 3c]
Seat 1: Hope2502 (big blind) folded before Flop
Seat 2: 00gap00 folded before Flop (didn't bet)
Seat 3: Kompolino28 folded before Flop (didn't bet)
Seat 4: sKAro1201 folded before Flop
Seat 5: booskasino showed [As Td] and won (7941) with a pair of Aces
Seat 6: Gabrielfs13 showed [Ks Kc] and lost with a pair of Kings
Seat 7: Padde47 (button) folded before Flop (didn't bet)
Seat 8: jura677 (small blind) folded before Flop



