PokerStars Hand #257198300572: Tournament #3913501752, $10+$10+$2 USD Hold'em No Limit - Level IX (600/1200) - 2025/08/03 13:21:51 BRT [2025/08/03 12:21:51 ET]
Table '3913501752 5' 8-max Seat #5 is the button
Seat 1: jammy1875 (108099 in chips, $10 bounty) 
Seat 2: Gabrielfs13 (50000 in chips, $10 bounty) 
Seat 3: Renattoporto (38015 in chips, $10 bounty) 
Seat 4: nhozidrean (126765 in chips, $15 bounty) 
Seat 5: pl@ta0plomo (98799 in chips, $20 bounty) 
Seat 6: Chiefinio (77364 in chips, $10 bounty) 
Seat 7: RckNog (34204 in chips, $10 bounty) 
Seat 8: bakos121 (57284 in chips, $10 bounty) 
jammy1875: posts the ante 150
Gabrielfs13: posts the ante 150
Renattoporto: posts the ante 150
nhozidrean: posts the ante 150
pl@ta0plomo: posts the ante 150
Chiefinio: posts the ante 150
RckNog: posts the ante 150
bakos121: posts the ante 150
Chiefinio: posts small blind 600
RckNog: posts big blind 1200
*** HOLE CARDS ***
Dealt to Gabrielfs13 [4h Kh]
bakos121: folds 
jammy1875: folds 
Gabrielfs13: raises 1200 to 2400
Renattoporto: folds 
nhozidrean: folds 
pl@ta0plomo: folds 
Chiefinio: folds 
RckNog: folds 
Uncalled bet (1200) returned to Gabrielfs13
Gabrielfs13 collected 4200 from pot
Gabrielfs13: doesn't show hand 
*** SUMMARY ***
Total pot 4200 | Rake 0 
Seat 1: jammy1875 folded before Flop (didn't bet)
Seat 2: Gabrielfs13 collected (4200)
Seat 3: Renattoporto folded before Flop (didn't bet)
Seat 4: nhozidrean folded before Flop (didn't bet)
Seat 5: pl@ta0plomo (button) folded before Flop (didn't bet)
Seat 6: Chiefinio (small blind) folded before Flop
Seat 7: RckNog (big blind) folded before Flop
Seat 8: bakos121 folded before Flop (didn't bet)



PokerStars Hand #257198305992: Tournament #3913501752, $10+$10+$2 USD Hold'em No Limit - Level IX (600/1200) - 2025/08/03 13:22:14 BRT [2025/08/03 12:22:14 ET]
Table '3913501752 5' 8-max Seat #6 is the button
Seat 1: jammy1875 (107949 in chips, $10 bounty) 
Seat 2: Gabrielfs13 (52850 in chips, $10 bounty) 
Seat 3: Renattoporto (37865 in chips, $10 bounty) 
Seat 4: nhozidrean (126615 in chips, $15 bounty) 
Seat 5: pl@ta0plomo (98649 in chips, $20 bounty) 
Seat 6: Chiefinio (76614 in chips, $10 bounty) 
Seat 7: RckNog (32854 in chips, $10 bounty) 
Seat 8: bakos121 (57134 in chips, $10 bounty) 
jammy1875: posts the ante 150
Gabrielfs13: posts the ante 150
Renattoporto: posts the ante 150
nhozidrean: posts the ante 150
pl@ta0plomo: posts the ante 150
Chiefinio: posts the ante 150
RckNog: posts the ante 150
bakos121: posts the ante 150
RckNog: posts small blind 600
bakos121: posts big blind 1200
*** HOLE CARDS ***
Dealt to Gabrielfs13 [9s 2c]
jammy1875: folds 
Gabrielfs13: folds 
Renattoporto: folds 
nhozidrean: folds 
pl@ta0plomo: raises 1560 to 2760
Chiefinio: folds 
RckNog: folds 
bakos121: calls 1560
*** FLOP *** [Qd Jh Kh]
bakos121: checks 
pl@ta0plomo: bets 2562
bakos121: raises 4107 to 6669
pl@ta0plomo: calls 4107
*** TURN *** [Qd Jh Kh] [3c]
bakos121: bets 15494
pl@ta0plomo: folds 
Uncalled bet (15494) returned to bakos121
bakos121 collected 20658 from pot
bakos121: doesn't show hand 
*** SUMMARY ***
Total pot 20658 | Rake 0 
Board [Qd Jh Kh 3c]
Seat 1: jammy1875 folded before Flop (didn't bet)
Seat 2: Gabrielfs13 folded before Flop (didn't bet)
Seat 3: Renattoporto folded before Flop (didn't bet)
Seat 4: nhozidrean folded before Flop (didn't bet)
Seat 5: pl@ta0plomo folded on the Turn
Seat 6: Chiefinio (button) folded before Flop (didn't bet)
Seat 7: RckNog (small blind) folded before Flop
Seat 8: bakos121 (big blind) collected (20658)



PokerStars Hand #257198321475: Tournament #3913501752, $10+$10+$2 USD Hold'em No Limit - Level IX (600/1200) - 2025/08/03 13:23:21 BRT [2025/08/03 12:23:21 ET]
Table '3913501752 5' 8-max Seat #7 is the button
Seat 1: jammy1875 (107799 in chips, $10 bounty) 
Seat 2: Gabrielfs13 (52700 in chips, $10 bounty) 
Seat 3: Renattoporto (37715 in chips, $10 bounty) 
Seat 4: nhozidrean (126465 in chips, $15 bounty) 
Seat 5: pl@ta0plomo (89070 in chips, $20 bounty) 
Seat 6: Chiefinio (76464 in chips, $10 bounty) 
Seat 7: RckNog (32104 in chips, $10 bounty) 
Seat 8: bakos121 (68213 in chips, $10 bounty) 
jammy1875: posts the ante 150
Gabrielfs13: posts the ante 150
Renattoporto: posts the ante 150
nhozidrean: posts the ante 150
pl@ta0plomo: posts the ante 150
Chiefinio: posts the ante 150
RckNog: posts the ante 150
bakos121: posts the ante 150
bakos121: posts small blind 600
jammy1875: posts big blind 1200
*** HOLE CARDS ***
Dealt to Gabrielfs13 [5h 4h]
Gabrielfs13: folds 
Renattoporto: folds 
nhozidrean: raises 1200 to 2400
pl@ta0plomo: folds 
Chiefinio: folds 
RckNog: raises 4800 to 7200
bakos121: folds 
jammy1875: calls 6000
nhozidrean: folds 
*** FLOP *** [Ks 2s 3c]
jammy1875: checks 
RckNog: bets 4650
jammy1875: calls 4650
*** TURN *** [Ks 2s 3c] [7s]
jammy1875: checks 
RckNog: checks 
*** RIVER *** [Ks 2s 3c 7s] [4s]
jammy1875: bets 27900
RckNog: calls 20104 and is all-in
Uncalled bet (7796) returned to jammy1875
*** SHOW DOWN ***
jammy1875: shows [9h 9s] (a flush, King high)
RckNog: shows [Ac Ad] (a pair of Aces)
jammy1875 collected 68108 from pot
jammy1875 wins $5 for eliminating RckNog and their own bounty increases by $5 to $15
RckNog finished the tournament
*** SUMMARY ***
Total pot 68108 | Rake 0 
Board [Ks 2s 3c 7s 4s]
Seat 1: jammy1875 (big blind) showed [9h 9s] and won (68108) with a flush, King high
Seat 2: Gabrielfs13 folded before Flop (didn't bet)
Seat 3: Renattoporto folded before Flop (didn't bet)
Seat 4: nhozidrean folded before Flop
Seat 5: pl@ta0plomo folded before Flop (didn't bet)
Seat 6: Chiefinio folded before Flop (didn't bet)
Seat 7: RckNog (button) showed [Ac Ad] and lost with a pair of Aces
Seat 8: bakos121 (small blind) folded before Flop



PokerStars Hand #257198340067: Tournament #3913501752, $10+$10+$2 USD Hold'em No Limit - Level IX (600/1200) - 2025/08/03 13:24:41 BRT [2025/08/03 12:24:41 ET]
Table '3913501752 5' 8-max Seat #8 is the button
Seat 1: jammy1875 (143803 in chips, $15 bounty) 
Seat 2: Gabrielfs13 (52550 in chips, $10 bounty) 
Seat 3: Renattoporto (37565 in chips, $10 bounty) 
Seat 4: nhozidrean (123915 in chips, $15 bounty) 
Seat 5: pl@ta0plomo (88920 in chips, $20 bounty) 
Seat 6: Chiefinio (76314 in chips, $10 bounty) 
Seat 8: bakos121 (67463 in chips, $10 bounty) 
jammy1875: posts the ante 150
Gabrielfs13: posts the ante 150
Renattoporto: posts the ante 150
nhozidrean: posts the ante 150
pl@ta0plomo: posts the ante 150
Chiefinio: posts the ante 150
bakos121: posts the ante 150
jammy1875: posts small blind 600
Gabrielfs13: posts big blind 1200
*** HOLE CARDS ***
Dealt to Gabrielfs13 [6d 4h]
CheongPoker is disconnected 
Renattoporto: folds 
nhozidrean: folds 
pl@ta0plomo: folds 
Chiefinio: folds 
bakos121: folds 
jammy1875: folds 
Uncalled bet (600) returned to Gabrielfs13
Gabrielfs13 collected 2250 from pot
Gabrielfs13: doesn't show hand 
*** SUMMARY ***
Total pot 2250 | Rake 0 
Seat 1: jammy1875 (small blind) folded before Flop
Seat 2: Gabrielfs13 (big blind) collected (2250)
Seat 3: Renattoporto folded before Flop (didn't bet)
Seat 4: nhozidrean folded before Flop (didn't bet)
Seat 5: pl@ta0plomo folded before Flop (didn't bet)
Seat 6: Chiefinio folded before Flop (didn't bet)
Seat 8: bakos121 (button) folded before Flop (didn't bet)



PokerStars Hand #257198346977: Tournament #3913501752, $10+$10+$2 USD Hold'em No Limit - Level IX (600/1200) - 2025/08/03 13:25:11 BRT [2025/08/03 12:25:11 ET]
Table '3913501752 5' 8-max Seat #1 is the button
Seat 1: jammy1875 (143053 in chips, $15 bounty) 
Seat 2: Gabrielfs13 (54050 in chips, $10 bounty) 
Seat 3: Renattoporto (37415 in chips, $10 bounty) 
Seat 4: nhozidrean (123765 in chips, $15 bounty) 
Seat 5: pl@ta0plomo (88770 in chips, $20 bounty) 
Seat 6: Chiefinio (76164 in chips, $10 bounty) 
Seat 7: CheongPoker (50000 in chips, $10 bounty) 
Seat 8: bakos121 (67313 in chips, $10 bounty) 
jammy1875: posts the ante 150
Gabrielfs13: posts the ante 150
Renattoporto: posts the ante 150
nhozidrean: posts the ante 150
pl@ta0plomo: posts the ante 150
Chiefinio: posts the ante 150
CheongPoker: posts the ante 150
bakos121: posts the ante 150
Gabrielfs13: posts small blind 600
Renattoporto: posts big blind 1200
*** HOLE CARDS ***
Dealt to Gabrielfs13 [2s Tc]
nhozidrean: raises 1200 to 2400
pl@ta0plomo: calls 2400
Chiefinio: folds 
CheongPoker: raises 7200 to 9600
bakos121: folds 
jammy1875: calls 9600
Gabrielfs13: folds 
Renattoporto: folds 
nhozidrean: folds 
pl@ta0plomo: raises 79020 to 88620 and is all-in
CheongPoker: calls 40250 and is all-in
jammy1875: calls 79020
*** FLOP *** [9h Qd 3c]
*** TURN *** [9h Qd 3c] [Jd]
*** RIVER *** [9h Qd 3c Jd] [3d]
*** SHOW DOWN ***
pl@ta0plomo: shows [Ah Kd] (a pair of Threes)
jammy1875: shows [8c 8h] (two pair, Eights and Threes)
jammy1875 collected 77540 from side pot
CheongPoker: shows [Ad Qh] (two pair, Queens and Threes)
CheongPoker collected 154950 from main pot
jammy1875 wins $10 for eliminating pl@ta0plomo and their own bounty increases by $10 to $25
pl@ta0plomo finished the tournament
*** SUMMARY ***
Total pot 232490 Main pot 154950. Side pot 77540. | Rake 0 
Board [9h Qd 3c Jd 3d]
Seat 1: jammy1875 (button) showed [8c 8h] and won (77540) with two pair, Eights and Threes
Seat 2: Gabrielfs13 (small blind) folded before Flop
Seat 3: Renattoporto (big blind) folded before Flop
Seat 4: nhozidrean folded before Flop
Seat 5: pl@ta0plomo showed [Ah Kd] and lost with a pair of Threes
Seat 6: Chiefinio folded before Flop (didn't bet)
Seat 7: CheongPoker showed [Ad Qh] and won (154950) with two pair, Queens and Threes
Seat 8: bakos121 folded before Flop (didn't bet)



PokerStars Hand #257198363015: Tournament #3913501752, $10+$10+$2 USD Hold'em No Limit - Level IX (600/1200) - 2025/08/03 13:26:20 BRT [2025/08/03 12:26:20 ET]
Table '3913501752 5' 8-max Seat #2 is the button
Seat 1: jammy1875 (131823 in chips, $25 bounty) 
Seat 2: Gabrielfs13 (53300 in chips, $10 bounty) 
Seat 3: Renattoporto (36065 in chips, $10 bounty) 
Seat 4: nhozidrean (121215 in chips, $15 bounty) 
Seat 6: Chiefinio (76014 in chips, $10 bounty) 
Seat 7: CheongPoker (154950 in chips, $10 bounty) 
Seat 8: bakos121 (67163 in chips, $10 bounty) 
jammy1875: posts the ante 150
Gabrielfs13: posts the ante 150
Renattoporto: posts the ante 150
nhozidrean: posts the ante 150
Chiefinio: posts the ante 150
CheongPoker: posts the ante 150
bakos121: posts the ante 150
Renattoporto: posts small blind 600
nhozidrean: posts big blind 1200
*** HOLE CARDS ***
Dealt to Gabrielfs13 [4h 9c]
RabbitHunt93 is disconnected 
Chiefinio: folds 
CheongPoker: raises 1200 to 2400
bakos121: folds 
jammy1875: folds 
Gabrielfs13: folds 
Renattoporto: folds 
nhozidrean: calls 1200
*** FLOP *** [6s 2h Qh]
nhozidrean: checks 
CheongPoker: checks 
*** TURN *** [6s 2h Qh] [Js]
nhozidrean: bets 2129
CheongPoker: calls 2129
*** RIVER *** [6s 2h Qh Js] [Jc]
nhozidrean: checks 
CheongPoker: checks 
*** SHOW DOWN ***
nhozidrean: shows [Tc Qc] (two pair, Queens and Jacks)
CheongPoker: mucks hand 
nhozidrean collected 10708 from pot
*** SUMMARY ***
Total pot 10708 | Rake 0 
Board [6s 2h Qh Js Jc]
Seat 1: jammy1875 folded before Flop (didn't bet)
Seat 2: Gabrielfs13 (button) folded before Flop (didn't bet)
Seat 3: Renattoporto (small blind) folded before Flop
Seat 4: nhozidrean (big blind) showed [Tc Qc] and won (10708) with two pair, Queens and Jacks
Seat 6: Chiefinio folded before Flop (didn't bet)
Seat 7: CheongPoker mucked [Kc Ac]
Seat 8: bakos121 folded before Flop (didn't bet)



PokerStars Hand #257198378452: Tournament #3913501752, $10+$10+$2 USD Hold'em No Limit - Level IX (600/1200) - 2025/08/03 13:27:26 BRT [2025/08/03 12:27:26 ET]
Table '3913501752 259' 8-max Seat #2 is the button
Seat 1: Gabrielfs13 (53150 in chips, $10 bounty) 
Seat 2: doublecrosss (204703 in chips, $15 bounty) 
Seat 3: freekpower (265586 in chips, $32.50 bounty) 
Seat 4: pinguinho (75155 in chips, $20 bounty) 
Seat 5: routschi91 (50000 in chips, $10 bounty) 
Seat 6: ReboundBro (104425 in chips, $15 bounty) 
Seat 8: Kaltzem (70139 in chips, $10 bounty) 
Gabrielfs13: posts the ante 150
doublecrosss: posts the ante 150
freekpower: posts the ante 150
pinguinho: posts the ante 150
routschi91: posts the ante 150
ReboundBro: posts the ante 150
Kaltzem: posts the ante 150
freekpower: posts small blind 600
pinguinho: posts big blind 1200
*** HOLE CARDS ***
Dealt to Gabrielfs13 [9s 3c]
routschi91: raises 1920 to 3120
Moncho1000 is disconnected 
ReboundBro: calls 3120
Kaltzem: folds 
Gabrielfs13: folds 
doublecrosss: folds 
freekpower: folds 
pinguinho: folds 
*** FLOP *** [Kc 4s Js]
routschi91: bets 4727
ReboundBro: calls 4727
*** TURN *** [Kc 4s Js] [6d]
routschi91: bets 9643
ReboundBro: calls 9643
*** RIVER *** [Kc 4s Js 6d] [6c]
routschi91: bets 32360 and is all-in
ReboundBro: folds 
Uncalled bet (32360) returned to routschi91
routschi91 collected 37830 from pot
routschi91: doesn't show hand 
*** SUMMARY ***
Total pot 37830 | Rake 0 
Board [Kc 4s Js 6d 6c]
Seat 1: Gabrielfs13 folded before Flop (didn't bet)
Seat 2: doublecrosss (button) folded before Flop (didn't bet)
Seat 3: freekpower (small blind) folded before Flop
Seat 4: pinguinho (big blind) folded before Flop
Seat 5: routschi91 collected (37830)
Seat 6: ReboundBro folded on the River
Seat 8: Kaltzem folded before Flop (didn't bet)



PokerStars Hand #257198396158: Tournament #3913501752, $10+$10+$2 USD Hold'em No Limit - Level IX (600/1200) - 2025/08/03 13:28:43 BRT [2025/08/03 12:28:43 ET]
Table '3913501752 259' 8-max Seat #3 is the button
Seat 1: Gabrielfs13 (53000 in chips, $10 bounty) 
Seat 2: doublecrosss (204553 in chips, $15 bounty) 
Seat 3: freekpower (264836 in chips, $32.50 bounty) 
Seat 4: pinguinho (73805 in chips, $20 bounty) 
Seat 5: routschi91 (70190 in chips, $10 bounty) 
Seat 6: ReboundBro (86785 in chips, $15 bounty) 
Seat 7: Moncho1000 (50000 in chips, $10 bounty) 
Seat 8: Kaltzem (69989 in chips, $10 bounty) 
Gabrielfs13: posts the ante 150
doublecrosss: posts the ante 150
freekpower: posts the ante 150
pinguinho: posts the ante 150
routschi91: posts the ante 150
ReboundBro: posts the ante 150
Moncho1000: posts the ante 150
Kaltzem: posts the ante 150
pinguinho: posts small blind 600
routschi91: posts big blind 1200
*** HOLE CARDS ***
Dealt to Gabrielfs13 [Td Ts]
ReboundBro: folds 
Moncho1000: raises 2400 to 3600
Kaltzem: folds 
Gabrielfs13: raises 7200 to 10800
doublecrosss: folds 
freekpower: folds 
pinguinho: folds 
routschi91: folds 
Moncho1000: calls 7200
*** FLOP *** [9s Kd 8c]
Moncho1000: checks 
Gabrielfs13: bets 8118
Moncho1000: folds 
Uncalled bet (8118) returned to Gabrielfs13
Gabrielfs13 collected 24600 from pot
Gabrielfs13: doesn't show hand 
*** SUMMARY ***
Total pot 24600 | Rake 0 
Board [9s Kd 8c]
Seat 1: Gabrielfs13 collected (24600)
Seat 2: doublecrosss folded before Flop (didn't bet)
Seat 3: freekpower (button) folded before Flop (didn't bet)
Seat 4: pinguinho (small blind) folded before Flop
Seat 5: routschi91 (big blind) folded before Flop
Seat 6: ReboundBro folded before Flop (didn't bet)
Seat 7: Moncho1000 folded on the Flop
Seat 8: Kaltzem folded before Flop (didn't bet)



PokerStars Hand #257198409615: Tournament #3913501752, $10+$10+$2 USD Hold'em No Limit - Level IX (600/1200) - 2025/08/03 13:29:41 BRT [2025/08/03 12:29:41 ET]
Table '3913501752 259' 8-max Seat #4 is the button
Seat 1: Gabrielfs13 (66650 in chips, $10 bounty) 
Seat 2: doublecrosss (204403 in chips, $15 bounty) 
Seat 3: freekpower (264686 in chips, $32.50 bounty) 
Seat 4: pinguinho (73055 in chips, $20 bounty) 
Seat 5: routschi91 (68840 in chips, $10 bounty) 
Seat 6: ReboundBro (86635 in chips, $15 bounty) 
Seat 7: Moncho1000 (39050 in chips, $10 bounty) 
Seat 8: Kaltzem (69839 in chips, $10 bounty) 
Gabrielfs13: posts the ante 150
doublecrosss: posts the ante 150
freekpower: posts the ante 150
pinguinho: posts the ante 150
routschi91: posts the ante 150
ReboundBro: posts the ante 150
Moncho1000: posts the ante 150
Kaltzem: posts the ante 150
routschi91: posts small blind 600
ReboundBro: posts big blind 1200
*** HOLE CARDS ***
Dealt to Gabrielfs13 [5c Jc]
Moncho1000: folds 
Kaltzem: raises 1200 to 2400
Gabrielfs13: folds 
doublecrosss: calls 2400
freekpower: folds 
pinguinho: folds 
routschi91: folds 
ReboundBro: calls 1200
*** FLOP *** [7d 6c Ac]
ReboundBro: checks 
Kaltzem: checks 
doublecrosss: bets 4500
ReboundBro: folds 
Kaltzem: folds 
Uncalled bet (4500) returned to doublecrosss
doublecrosss collected 9000 from pot
doublecrosss: doesn't show hand 
*** SUMMARY ***
Total pot 9000 | Rake 0 
Board [7d 6c Ac]
Seat 1: Gabrielfs13 folded before Flop (didn't bet)
Seat 2: doublecrosss collected (9000)
Seat 3: freekpower folded before Flop (didn't bet)
Seat 4: pinguinho (button) folded before Flop (didn't bet)
Seat 5: routschi91 (small blind) folded before Flop
Seat 6: ReboundBro (big blind) folded on the Flop
Seat 7: Moncho1000 folded before Flop (didn't bet)
Seat 8: Kaltzem folded on the Flop



PokerStars Hand #257198421431: Tournament #3913501752, $10+$10+$2 USD Hold'em No Limit - Level IX (600/1200) - 2025/08/03 13:30:30 BRT [2025/08/03 12:30:30 ET]
Table '3913501752 259' 8-max Seat #5 is the button
Seat 1: Gabrielfs13 (66500 in chips, $10 bounty) 
Seat 2: doublecrosss (210853 in chips, $15 bounty) 
Seat 3: freekpower (264536 in chips, $32.50 bounty) 
Seat 4: pinguinho (72905 in chips, $20 bounty) 
Seat 5: routschi91 (68090 in chips, $10 bounty) 
Seat 6: ReboundBro (84085 in chips, $15 bounty) 
Seat 7: Moncho1000 (38900 in chips, $10 bounty) 
Seat 8: Kaltzem (67289 in chips, $10 bounty) 
Gabrielfs13: posts the ante 150
doublecrosss: posts the ante 150
freekpower: posts the ante 150
pinguinho: posts the ante 150
routschi91: posts the ante 150
ReboundBro: posts the ante 150
Moncho1000: posts the ante 150
Kaltzem: posts the ante 150
ReboundBro: posts small blind 600
Moncho1000: posts big blind 1200
*** HOLE CARDS ***
Dealt to Gabrielfs13 [8h Qd]
Kaltzem: folds 
Gabrielfs13: folds 
doublecrosss: folds 
freekpower: raises 1200 to 2400
pinguinho: folds 
routschi91: folds 
ReboundBro: folds 
Moncho1000: calls 1200
*** FLOP *** [8s 3d 4d]
Moncho1000: checks 
freekpower: bets 1584
Moncho1000: calls 1584
*** TURN *** [8s 3d 4d] [3c]
Moncho1000: checks 
freekpower: checks 
*** RIVER *** [8s 3d 4d 3c] [7c]
Moncho1000: bets 9768
freekpower: folds 
Uncalled bet (9768) returned to Moncho1000
Moncho1000 collected 9768 from pot
Moncho1000: doesn't show hand 
*** SUMMARY ***
Total pot 9768 | Rake 0 
Board [8s 3d 4d 3c 7c]
Seat 1: Gabrielfs13 folded before Flop (didn't bet)
Seat 2: doublecrosss folded before Flop (didn't bet)
Seat 3: freekpower folded on the River
Seat 4: pinguinho folded before Flop (didn't bet)
Seat 5: routschi91 (button) folded before Flop (didn't bet)
Seat 6: ReboundBro (small blind) folded before Flop
Seat 7: Moncho1000 (big blind) collected (9768)
Seat 8: Kaltzem folded before Flop (didn't bet)



PokerStars Hand #257198434419: Tournament #3913501752, $10+$10+$2 USD Hold'em No Limit - Level IX (600/1200) - 2025/08/03 13:31:24 BRT [2025/08/03 12:31:24 ET]
Table '3913501752 259' 8-max Seat #6 is the button
Seat 1: Gabrielfs13 (66350 in chips, $10 bounty) 
Seat 2: doublecrosss (210703 in chips, $15 bounty) 
Seat 3: freekpower (260402 in chips, $32.50 bounty) 
Seat 4: pinguinho (72755 in chips, $20 bounty) 
Seat 5: routschi91 (67940 in chips, $10 bounty) 
Seat 6: ReboundBro (83335 in chips, $15 bounty) 
Seat 7: Moncho1000 (44534 in chips, $10 bounty) 
Seat 8: Kaltzem (67139 in chips, $10 bounty) 
Gabrielfs13: posts the ante 150
doublecrosss: posts the ante 150
freekpower: posts the ante 150
pinguinho: posts the ante 150
routschi91: posts the ante 150
ReboundBro: posts the ante 150
Moncho1000: posts the ante 150
Kaltzem: posts the ante 150
Moncho1000: posts small blind 600
Kaltzem: posts big blind 1200
*** HOLE CARDS ***
Dealt to Gabrielfs13 [2h 5h]
Gabrielfs13: folds 
doublecrosss: folds 
freekpower: folds 
pinguinho: folds 
routschi91: folds 
ReboundBro: folds 
Moncho1000: raises 2400 to 3600
Kaltzem: calls 2400
*** FLOP *** [5d 2c 6c]
Moncho1000: checks 
Kaltzem: bets 2700
Moncho1000: calls 2700
*** TURN *** [5d 2c 6c] [8s]
Moncho1000: checks 
Kaltzem: bets 5658
Moncho1000: raises 9942 to 15600
Kaltzem: raises 45089 to 60689 and is all-in
Moncho1000: calls 22484 and is all-in
Uncalled bet (22605) returned to Kaltzem
*** RIVER *** [5d 2c 6c 8s] [5s]
*** SHOW DOWN ***
Moncho1000: shows [6h 6s] (a full house, Sixes full of Fives)
Kaltzem: shows [9s 7h] (a straight, Five to Nine)
Moncho1000 collected 89968 from pot
*** SUMMARY ***
Total pot 89968 | Rake 0 
Board [5d 2c 6c 8s 5s]
Seat 1: Gabrielfs13 folded before Flop (didn't bet)
Seat 2: doublecrosss folded before Flop (didn't bet)
Seat 3: freekpower folded before Flop (didn't bet)
Seat 4: pinguinho folded before Flop (didn't bet)
Seat 5: routschi91 folded before Flop (didn't bet)
Seat 6: ReboundBro (button) folded before Flop (didn't bet)
Seat 7: Moncho1000 (small blind) showed [6h 6s] and won (89968) with a full house, Sixes full of Fives
Seat 8: Kaltzem (big blind) showed [9s 7h] and lost with a straight, Five to Nine



PokerStars Hand #257198456862: Tournament #3913501752, $10+$10+$2 USD Hold'em No Limit - Level IX (600/1200) - 2025/08/03 13:32:58 BRT [2025/08/03 12:32:58 ET]
Table '3913501752 259' 8-max Seat #7 is the button
Seat 1: Gabrielfs13 (66200 in chips, $10 bounty) 
Seat 2: doublecrosss (210553 in chips, $15 bounty) 
Seat 3: freekpower (260252 in chips, $32.50 bounty) 
Seat 4: pinguinho (72605 in chips, $20 bounty) 
Seat 5: routschi91 (67790 in chips, $10 bounty) 
Seat 6: ReboundBro (83185 in chips, $15 bounty) 
Seat 7: Moncho1000 (89968 in chips, $10 bounty) 
Seat 8: Kaltzem (22605 in chips, $10 bounty) 
Gabrielfs13: posts the ante 150
doublecrosss: posts the ante 150
freekpower: posts the ante 150
pinguinho: posts the ante 150
routschi91: posts the ante 150
ReboundBro: posts the ante 150
Moncho1000: posts the ante 150
Kaltzem: posts the ante 150
Kaltzem: posts small blind 600
Gabrielfs13: posts big blind 1200
*** HOLE CARDS ***
Dealt to Gabrielfs13 [7h 6d]
doublecrosss: raises 3000 to 4200
freekpower: folds 
pinguinho: folds 
routschi91: folds 
ReboundBro: folds 
Moncho1000: calls 4200
Kaltzem: folds 
Gabrielfs13: folds 
*** FLOP *** [4s 7s 4d]
doublecrosss: checks 
Moncho1000: bets 3600
doublecrosss: calls 3600
*** TURN *** [4s 7s 4d] [Tc]
doublecrosss: checks 
Moncho1000: checks 
*** RIVER *** [4s 7s 4d Tc] [Ah]
doublecrosss: bets 9300
Moncho1000: calls 9300
*** SHOW DOWN ***
doublecrosss: shows [Jh Kh] (a pair of Fours)
Moncho1000: shows [8d 7d] (two pair, Sevens and Fours)
Moncho1000 collected 37200 from pot
*** SUMMARY ***
Total pot 37200 | Rake 0 
Board [4s 7s 4d Tc Ah]
Seat 1: Gabrielfs13 (big blind) folded before Flop
Seat 2: doublecrosss showed [Jh Kh] and lost with a pair of Fours
Seat 3: freekpower folded before Flop (didn't bet)
Seat 4: pinguinho folded before Flop (didn't bet)
Seat 5: routschi91 folded before Flop (didn't bet)
Seat 6: ReboundBro folded before Flop (didn't bet)
Seat 7: Moncho1000 (button) showed [8d 7d] and won (37200) with two pair, Sevens and Fours
Seat 8: Kaltzem (small blind) folded before Flop



PokerStars Hand #257198471489: Tournament #3913501752, $10+$10+$2 USD Hold'em No Limit - Level X (700/1400) - 2025/08/03 13:34:00 BRT [2025/08/03 12:34:00 ET]
Table '3913501752 259' 8-max Seat #8 is the button
Seat 1: Gabrielfs13 (64850 in chips, $10 bounty) 
Seat 2: doublecrosss (193303 in chips, $15 bounty) 
Seat 3: freekpower (260102 in chips, $32.50 bounty) 
Seat 4: pinguinho (72455 in chips, $20 bounty) 
Seat 5: routschi91 (67640 in chips, $10 bounty) 
Seat 6: ReboundBro (83035 in chips, $15 bounty) 
Seat 7: Moncho1000 (109918 in chips, $10 bounty) 
Seat 8: Kaltzem (21855 in chips, $10 bounty) 
Gabrielfs13: posts the ante 175
doublecrosss: posts the ante 175
freekpower: posts the ante 175
pinguinho: posts the ante 175
routschi91: posts the ante 175
ReboundBro: posts the ante 175
Moncho1000: posts the ante 175
Kaltzem: posts the ante 175
Gabrielfs13: posts small blind 700
doublecrosss: posts big blind 1400
*** HOLE CARDS ***
Dealt to Gabrielfs13 [Ah Th]
freekpower: folds 
pinguinho: folds 
routschi91: folds 
ReboundBro: folds 
Moncho1000: raises 1400 to 2800
Kaltzem: raises 18880 to 21680 and is all-in
Gabrielfs13: folds 
doublecrosss: raises 41320 to 63000
Moncho1000: folds 
Uncalled bet (41320) returned to doublecrosss
*** FLOP *** [Tc 5d Jc]
*** TURN *** [Tc 5d Jc] [2s]
*** RIVER *** [Tc 5d Jc 2s] [7h]
*** SHOW DOWN ***
doublecrosss: shows [Ad Kh] (high card Ace)
Kaltzem: shows [Kc Ac] (high card Ace)
doublecrosss collected 24130 from pot
Kaltzem collected 24130 from pot
*** SUMMARY ***
Total pot 48260 | Rake 0 
Board [Tc 5d Jc 2s 7h]
Seat 1: Gabrielfs13 (small blind) folded before Flop
Seat 2: doublecrosss (big blind) showed [Ad Kh] and won (24130) with high card Ace
Seat 3: freekpower folded before Flop (didn't bet)
Seat 4: pinguinho folded before Flop (didn't bet)
Seat 5: routschi91 folded before Flop (didn't bet)
Seat 6: ReboundBro folded before Flop (didn't bet)
Seat 7: Moncho1000 folded before Flop
Seat 8: Kaltzem (button) showed [Kc Ac] and won (24130) with high card Ace



PokerStars Hand #257198482239: Tournament #3913501752, $10+$10+$2 USD Hold'em No Limit - Level X (700/1400) - 2025/08/03 13:34:45 BRT [2025/08/03 12:34:45 ET]
Table '3913501752 259' 8-max Seat #1 is the button
Seat 1: Gabrielfs13 (63975 in chips, $10 bounty) 
Seat 2: doublecrosss (195578 in chips, $15 bounty) 
Seat 3: freekpower (259927 in chips, $32.50 bounty) 
Seat 4: pinguinho (72280 in chips, $20 bounty) 
Seat 5: routschi91 (67465 in chips, $10 bounty) 
Seat 6: ReboundBro (82860 in chips, $15 bounty) 
Seat 7: Moncho1000 (106943 in chips, $10 bounty) 
Seat 8: Kaltzem (24130 in chips, $10 bounty) 
Gabrielfs13: posts the ante 175
doublecrosss: posts the ante 175
freekpower: posts the ante 175
pinguinho: posts the ante 175
routschi91: posts the ante 175
ReboundBro: posts the ante 175
Moncho1000: posts the ante 175
Kaltzem: posts the ante 175
doublecrosss: posts small blind 700
freekpower: posts big blind 1400
*** HOLE CARDS ***
Dealt to Gabrielfs13 [5s Qc]
pinguinho: folds 
routschi91: raises 2240 to 3640
ReboundBro: folds 
Moncho1000: folds 
Kaltzem: folds 
Gabrielfs13: folds 
doublecrosss: calls 2940
freekpower: folds 
*** FLOP *** [6c Qd Js]
doublecrosss: checks 
routschi91: checks 
*** TURN *** [6c Qd Js] [9s]
doublecrosss: checks 
routschi91: checks 
*** RIVER *** [6c Qd Js 9s] [Qs]
doublecrosss: checks 
routschi91: checks 
*** SHOW DOWN ***
doublecrosss: shows [Td Th] (two pair, Queens and Tens)
routschi91: mucks hand 
doublecrosss collected 10080 from pot
*** SUMMARY ***
Total pot 10080 | Rake 0 
Board [6c Qd Js 9s Qs]
Seat 1: Gabrielfs13 (button) folded before Flop (didn't bet)
Seat 2: doublecrosss (small blind) showed [Td Th] and won (10080) with two pair, Queens and Tens
Seat 3: freekpower (big blind) folded before Flop
Seat 4: pinguinho folded before Flop (didn't bet)
Seat 5: routschi91 mucked [Ad 8h]
Seat 6: ReboundBro folded before Flop (didn't bet)
Seat 7: Moncho1000 folded before Flop (didn't bet)
Seat 8: Kaltzem folded before Flop (didn't bet)



PokerStars Hand #257198499985: Tournament #3913501752, $10+$10+$2 USD Hold'em No Limit - Level X (700/1400) - 2025/08/03 13:36:00 BRT [2025/08/03 12:36:00 ET]
Table '3913501752 259' 8-max Seat #2 is the button
Seat 1: Gabrielfs13 (63800 in chips, $10 bounty) 
Seat 2: doublecrosss (201843 in chips, $15 bounty) 
Seat 3: freekpower (258352 in chips, $32.50 bounty) 
Seat 4: pinguinho (72105 in chips, $20 bounty) 
Seat 5: routschi91 (63650 in chips, $10 bounty) 
Seat 6: ReboundBro (82685 in chips, $15 bounty) 
Seat 7: Moncho1000 (106768 in chips, $10 bounty) 
Seat 8: Kaltzem (23955 in chips, $10 bounty) 
Gabrielfs13: posts the ante 175
doublecrosss: posts the ante 175
freekpower: posts the ante 175
pinguinho: posts the ante 175
routschi91: posts the ante 175
ReboundBro: posts the ante 175
Moncho1000: posts the ante 175
Kaltzem: posts the ante 175
freekpower: posts small blind 700
pinguinho: posts big blind 1400
*** HOLE CARDS ***
Dealt to Gabrielfs13 [Qh 2d]
routschi91: folds 
ReboundBro: folds 
Moncho1000: folds 
Kaltzem: folds 
Gabrielfs13: folds 
doublecrosss: folds 
freekpower: raises 4200 to 5600
pinguinho: folds 
Uncalled bet (4200) returned to freekpower
freekpower collected 4200 from pot
freekpower: doesn't show hand 
*** SUMMARY ***
Total pot 4200 | Rake 0 
Seat 1: Gabrielfs13 folded before Flop (didn't bet)
Seat 2: doublecrosss (button) folded before Flop (didn't bet)
Seat 3: freekpower (small blind) collected (4200)
Seat 4: pinguinho (big blind) folded before Flop
Seat 5: routschi91 folded before Flop (didn't bet)
Seat 6: ReboundBro folded before Flop (didn't bet)
Seat 7: Moncho1000 folded before Flop (didn't bet)
Seat 8: Kaltzem folded before Flop (didn't bet)



PokerStars Hand #257198509578: Tournament #3913501752, $10+$10+$2 USD Hold'em No Limit - Level X (700/1400) - 2025/08/03 13:36:42 BRT [2025/08/03 12:36:42 ET]
Table '3913501752 259' 8-max Seat #3 is the button
Seat 1: Gabrielfs13 (63625 in chips, $10 bounty) 
Seat 2: doublecrosss (201668 in chips, $15 bounty) 
Seat 3: freekpower (260977 in chips, $32.50 bounty) 
Seat 4: pinguinho (70530 in chips, $20 bounty) 
Seat 5: routschi91 (63475 in chips, $10 bounty) 
Seat 6: ReboundBro (82510 in chips, $15 bounty) 
Seat 7: Moncho1000 (106593 in chips, $10 bounty) 
Seat 8: Kaltzem (23780 in chips, $10 bounty) 
Gabrielfs13: posts the ante 175
doublecrosss: posts the ante 175
freekpower: posts the ante 175
pinguinho: posts the ante 175
routschi91: posts the ante 175
ReboundBro: posts the ante 175
Moncho1000: posts the ante 175
Kaltzem: posts the ante 175
pinguinho: posts small blind 700
routschi91: posts big blind 1400
*** HOLE CARDS ***
Dealt to Gabrielfs13 [8c Jc]
ReboundBro: folds 
Moncho1000: raises 2800 to 4200
Kaltzem: raises 19405 to 23605 and is all-in
Gabrielfs13: folds 
doublecrosss: folds 
freekpower: folds 
pinguinho: folds 
routschi91: folds 
Moncho1000: calls 19405
*** FLOP *** [9c 3h 3c]
*** TURN *** [9c 3h 3c] [9s]
*** RIVER *** [9c 3h 3c 9s] [2d]
*** SHOW DOWN ***
Moncho1000: shows [Jd Ac] (two pair, Nines and Threes)
Kaltzem: shows [Tc Ts] (two pair, Tens and Nines)
Kaltzem collected 50710 from pot
*** SUMMARY ***
Total pot 50710 | Rake 0 
Board [9c 3h 3c 9s 2d]
Seat 1: Gabrielfs13 folded before Flop (didn't bet)
Seat 2: doublecrosss folded before Flop (didn't bet)
Seat 3: freekpower (button) folded before Flop (didn't bet)
Seat 4: pinguinho (small blind) folded before Flop
Seat 5: routschi91 (big blind) folded before Flop
Seat 6: ReboundBro folded before Flop (didn't bet)
Seat 7: Moncho1000 showed [Jd Ac] and lost with two pair, Nines and Threes
Seat 8: Kaltzem showed [Tc Ts] and won (50710) with two pair, Tens and Nines



PokerStars Hand #257198522782: Tournament #3913501752, $10+$10+$2 USD Hold'em No Limit - Level X (700/1400) - 2025/08/03 13:37:37 BRT [2025/08/03 12:37:37 ET]
Table '3913501752 259' 8-max Seat #4 is the button
Seat 1: Gabrielfs13 (63450 in chips, $10 bounty) 
Seat 2: doublecrosss (201493 in chips, $15 bounty) 
Seat 3: freekpower (260802 in chips, $32.50 bounty) 
Seat 4: pinguinho (69655 in chips, $20 bounty) 
Seat 5: routschi91 (61900 in chips, $10 bounty) 
Seat 6: ReboundBro (82335 in chips, $15 bounty) 
Seat 7: Moncho1000 (82813 in chips, $10 bounty) 
Seat 8: Kaltzem (50710 in chips, $10 bounty) 
Gabrielfs13: posts the ante 175
doublecrosss: posts the ante 175
freekpower: posts the ante 175
pinguinho: posts the ante 175
routschi91: posts the ante 175
ReboundBro: posts the ante 175
Moncho1000: posts the ante 175
Kaltzem: posts the ante 175
routschi91: posts small blind 700
ReboundBro: posts big blind 1400
*** HOLE CARDS ***
Dealt to Gabrielfs13 [Kc Kh]
Moncho1000: calls 1400
Kaltzem: folds 
Gabrielfs13: raises 4200 to 5600
doublecrosss: folds 
freekpower: folds 
pinguinho: folds 
routschi91: raises 11200 to 16800
ReboundBro: folds 
Moncho1000: folds 
Gabrielfs13: raises 46475 to 63275 and is all-in
routschi91: calls 44925 and is all-in
Uncalled bet (1550) returned to Gabrielfs13
*** FLOP *** [3h 7c 2c]
*** TURN *** [3h 7c 2c] [9s]
*** RIVER *** [3h 7c 2c 9s] [7s]
*** SHOW DOWN ***
routschi91: shows [Kd As] (a pair of Sevens)
Gabrielfs13: shows [Kc Kh] (two pair, Kings and Sevens)
Gabrielfs13 collected 127650 from pot
Gabrielfs13 wins $5 for eliminating routschi91 and their own bounty increases by $5 to $15
routschi91 finished the tournament
*** SUMMARY ***
Total pot 127650 | Rake 0 
Board [3h 7c 2c 9s 7s]
Seat 1: Gabrielfs13 showed [Kc Kh] and won (127650) with two pair, Kings and Sevens
Seat 2: doublecrosss folded before Flop (didn't bet)
Seat 3: freekpower folded before Flop (didn't bet)
Seat 4: pinguinho (button) folded before Flop (didn't bet)
Seat 5: routschi91 (small blind) showed [Kd As] and lost with a pair of Sevens
Seat 6: ReboundBro (big blind) folded before Flop
Seat 7: Moncho1000 folded before Flop
Seat 8: Kaltzem folded before Flop (didn't bet)



PokerStars Hand #257198540142: Tournament #3913501752, $10+$10+$2 USD Hold'em No Limit - Level X (700/1400) - 2025/08/03 13:38:50 BRT [2025/08/03 12:38:50 ET]
Table '3913501752 259' 8-max Seat #6 is the button
Seat 1: Gabrielfs13 (129200 in chips, $15 bounty) 
Seat 2: doublecrosss (201318 in chips, $15 bounty) 
Seat 3: freekpower (260627 in chips, $32.50 bounty) 
Seat 4: pinguinho (69480 in chips, $20 bounty) 
Seat 6: ReboundBro (80760 in chips, $15 bounty) 
Seat 7: Moncho1000 (81238 in chips, $10 bounty) 
Seat 8: Kaltzem (50535 in chips, $10 bounty) 
Gabrielfs13: posts the ante 175
doublecrosss: posts the ante 175
freekpower: posts the ante 175
pinguinho: posts the ante 175
ReboundBro: posts the ante 175
Moncho1000: posts the ante 175
Kaltzem: posts the ante 175
Moncho1000: posts small blind 700
Kaltzem: posts big blind 1400
*** HOLE CARDS ***
Dealt to Gabrielfs13 [Qs As]
FernandesDiz is disconnected 
Gabrielfs13: raises 1400 to 2800
doublecrosss: folds 
freekpower: folds 
pinguinho: folds 
ReboundBro: folds 
Moncho1000: folds 
Kaltzem: folds 
Uncalled bet (1400) returned to Gabrielfs13
Gabrielfs13 collected 4725 from pot
Gabrielfs13: doesn't show hand 
*** SUMMARY ***
Total pot 4725 | Rake 0 
Seat 1: Gabrielfs13 collected (4725)
Seat 2: doublecrosss folded before Flop (didn't bet)
Seat 3: freekpower folded before Flop (didn't bet)
Seat 4: pinguinho folded before Flop (didn't bet)
Seat 6: ReboundBro (button) folded before Flop (didn't bet)
Seat 7: Moncho1000 (small blind) folded before Flop
Seat 8: Kaltzem (big blind) folded before Flop



PokerStars Hand #257198549509: Tournament #3913501752, $10+$10+$2 USD Hold'em No Limit - Level X (700/1400) - 2025/08/03 13:39:29 BRT [2025/08/03 12:39:29 ET]
Table '3913501752 259' 8-max Seat #7 is the button
Seat 1: Gabrielfs13 (132350 in chips, $15 bounty) 
Seat 2: doublecrosss (201143 in chips, $15 bounty) 
Seat 3: freekpower (260452 in chips, $32.50 bounty) 
Seat 4: pinguinho (69305 in chips, $20 bounty) 
Seat 5: FernandesDiz (50000 in chips, $10 bounty) 
Seat 6: ReboundBro (80585 in chips, $15 bounty) 
Seat 7: Moncho1000 (80363 in chips, $10 bounty) 
Seat 8: Kaltzem (48960 in chips, $10 bounty) 
Gabrielfs13: posts the ante 175
doublecrosss: posts the ante 175
freekpower: posts the ante 175
pinguinho: posts the ante 175
FernandesDiz: posts the ante 175
ReboundBro: posts the ante 175
Moncho1000: posts the ante 175
Kaltzem: posts the ante 175
Kaltzem: posts small blind 700
Gabrielfs13: posts big blind 1400
*** HOLE CARDS ***
Dealt to Gabrielfs13 [Kh 7h]
doublecrosss: folds 
freekpower: folds 
pinguinho: raises 1400 to 2800
FernandesDiz: folds 
ReboundBro: folds 
Moncho1000: folds 
Kaltzem: folds 
Gabrielfs13: calls 1400
*** FLOP *** [5s Ah Qc]
Gabrielfs13: checks 
pinguinho: checks 
*** TURN *** [5s Ah Qc] [8s]
Gabrielfs13: checks 
pinguinho: bets 1999
Gabrielfs13: folds 
Uncalled bet (1999) returned to pinguinho
pinguinho collected 7700 from pot
pinguinho: doesn't show hand 
*** SUMMARY ***
Total pot 7700 | Rake 0 
Board [5s Ah Qc 8s]
Seat 1: Gabrielfs13 (big blind) folded on the Turn
Seat 2: doublecrosss folded before Flop (didn't bet)
Seat 3: freekpower folded before Flop (didn't bet)
Seat 4: pinguinho collected (7700)
Seat 5: FernandesDiz folded before Flop (didn't bet)
Seat 6: ReboundBro folded before Flop (didn't bet)
Seat 7: Moncho1000 (button) folded before Flop (didn't bet)
Seat 8: Kaltzem (small blind) folded before Flop



PokerStars Hand #257198563290: Tournament #3913501752, $10+$10+$2 USD Hold'em No Limit - Level X (700/1400) - 2025/08/03 13:40:27 BRT [2025/08/03 12:40:27 ET]
Table '3913501752 259' 8-max Seat #8 is the button
Seat 1: Gabrielfs13 (129375 in chips, $15 bounty) 
Seat 2: doublecrosss (200968 in chips, $15 bounty) 
Seat 3: freekpower (260277 in chips, $32.50 bounty) 
Seat 4: pinguinho (74030 in chips, $20 bounty) 
Seat 5: FernandesDiz (49825 in chips, $10 bounty) 
Seat 6: ReboundBro (80410 in chips, $15 bounty) 
Seat 7: Moncho1000 (80188 in chips, $10 bounty) 
Seat 8: Kaltzem (48085 in chips, $10 bounty) 
Gabrielfs13: posts the ante 175
doublecrosss: posts the ante 175
freekpower: posts the ante 175
pinguinho: posts the ante 175
FernandesDiz: posts the ante 175
ReboundBro: posts the ante 175
Moncho1000: posts the ante 175
Kaltzem: posts the ante 175
Gabrielfs13: posts small blind 700
doublecrosss: posts big blind 1400
*** HOLE CARDS ***
Dealt to Gabrielfs13 [Kc 7h]
freekpower: folds 
pinguinho: folds 
FernandesDiz: folds 
ReboundBro: folds 
Moncho1000: folds 
Kaltzem: raises 1400 to 2800
Gabrielfs13: folds 
doublecrosss: raises 9800 to 12600
Kaltzem: folds 
Uncalled bet (9800) returned to doublecrosss
doublecrosss collected 7700 from pot
doublecrosss: doesn't show hand 
*** SUMMARY ***
Total pot 7700 | Rake 0 
Seat 1: Gabrielfs13 (small blind) folded before Flop
Seat 2: doublecrosss (big blind) collected (7700)
Seat 3: freekpower folded before Flop (didn't bet)
Seat 4: pinguinho folded before Flop (didn't bet)
Seat 5: FernandesDiz folded before Flop (didn't bet)
Seat 6: ReboundBro folded before Flop (didn't bet)
Seat 7: Moncho1000 folded before Flop (didn't bet)
Seat 8: Kaltzem (button) folded before Flop



PokerStars Hand #257198579536: Tournament #3913501752, $10+$10+$2 USD Hold'em No Limit - Level X (700/1400) - 2025/08/03 13:41:35 BRT [2025/08/03 12:41:35 ET]
Table '3913501752 259' 8-max Seat #1 is the button
Seat 1: Gabrielfs13 (128500 in chips, $15 bounty) 
Seat 2: doublecrosss (205693 in chips, $15 bounty) 
Seat 3: freekpower (260102 in chips, $32.50 bounty) 
Seat 4: pinguinho (73855 in chips, $20 bounty) 
Seat 5: FernandesDiz (49650 in chips, $10 bounty) 
Seat 6: ReboundBro (80235 in chips, $15 bounty) 
Seat 7: Moncho1000 (80013 in chips, $10 bounty) 
Seat 8: Kaltzem (45110 in chips, $10 bounty) 
Gabrielfs13: posts the ante 175
doublecrosss: posts the ante 175
freekpower: posts the ante 175
pinguinho: posts the ante 175
FernandesDiz: posts the ante 175
ReboundBro: posts the ante 175
Moncho1000: posts the ante 175
Kaltzem: posts the ante 175
doublecrosss: posts small blind 700
freekpower: posts big blind 1400
*** HOLE CARDS ***
Dealt to Gabrielfs13 [6s 3s]
pinguinho: raises 1400 to 2800
FernandesDiz: folds 
ReboundBro: folds 
Moncho1000: folds 
Kaltzem: folds 
Gabrielfs13: folds 
doublecrosss: folds 
freekpower: folds 
Uncalled bet (1400) returned to pinguinho
pinguinho collected 4900 from pot
pinguinho: doesn't show hand 
*** SUMMARY ***
Total pot 4900 | Rake 0 
Seat 1: Gabrielfs13 (button) folded before Flop (didn't bet)
Seat 2: doublecrosss (small blind) folded before Flop
Seat 3: freekpower (big blind) folded before Flop
Seat 4: pinguinho collected (4900)
Seat 5: FernandesDiz folded before Flop (didn't bet)
Seat 6: ReboundBro folded before Flop (didn't bet)
Seat 7: Moncho1000 folded before Flop (didn't bet)
Seat 8: Kaltzem folded before Flop (didn't bet)



PokerStars Hand #257198585150: Tournament #3913501752, $10+$10+$2 USD Hold'em No Limit - Level X (700/1400) - 2025/08/03 13:41:59 BRT [2025/08/03 12:41:59 ET]
Table '3913501752 259' 8-max Seat #2 is the button
Seat 1: Gabrielfs13 (128325 in chips, $15 bounty) 
Seat 2: doublecrosss (204818 in chips, $15 bounty) 
Seat 3: freekpower (258527 in chips, $32.50 bounty) 
Seat 4: pinguinho (77180 in chips, $20 bounty) 
Seat 5: FernandesDiz (49475 in chips, $10 bounty) 
Seat 6: ReboundBro (80060 in chips, $15 bounty) 
Seat 7: Moncho1000 (79838 in chips, $10 bounty) 
Seat 8: Kaltzem (44935 in chips, $10 bounty) 
Gabrielfs13: posts the ante 175
doublecrosss: posts the ante 175
freekpower: posts the ante 175
pinguinho: posts the ante 175
FernandesDiz: posts the ante 175
ReboundBro: posts the ante 175
Moncho1000: posts the ante 175
Kaltzem: posts the ante 175
freekpower: posts small blind 700
pinguinho: posts big blind 1400
*** HOLE CARDS ***
Dealt to Gabrielfs13 [Jh 2s]
FernandesDiz: folds 
ReboundBro: folds 
Moncho1000: folds 
Kaltzem: raises 1400 to 2800
Gabrielfs13: folds 
doublecrosss: calls 2800
freekpower: folds 
pinguinho: calls 1400
*** FLOP *** [Qd 3h 4s]
pinguinho: checks 
Kaltzem: bets 3325
doublecrosss: calls 3325
pinguinho: folds 
*** TURN *** [Qd 3h 4s] [Qc]
Kaltzem: bets 7032
doublecrosss: folds 
Uncalled bet (7032) returned to Kaltzem
Kaltzem collected 17150 from pot
*** SUMMARY ***
Total pot 17150 | Rake 0 
Board [Qd 3h 4s Qc]
Seat 1: Gabrielfs13 folded before Flop (didn't bet)
Seat 2: doublecrosss (button) folded on the Turn
Seat 3: freekpower (small blind) folded before Flop
Seat 4: pinguinho (big blind) folded on the Flop
Seat 5: FernandesDiz folded before Flop (didn't bet)
Seat 6: ReboundBro folded before Flop (didn't bet)
Seat 7: Moncho1000 folded before Flop (didn't bet)
Seat 8: Kaltzem collected (17150)



PokerStars Hand #257198600185: Tournament #3913501752, $10+$10+$2 USD Hold'em No Limit - Level X (700/1400) - 2025/08/03 13:43:02 BRT [2025/08/03 12:43:02 ET]
Table '3913501752 259' 8-max Seat #3 is the button
Seat 1: Gabrielfs13 (128150 in chips, $15 bounty) 
Seat 2: doublecrosss (198518 in chips, $15 bounty) 
Seat 3: freekpower (257652 in chips, $32.50 bounty) 
Seat 4: pinguinho (74205 in chips, $20 bounty) 
Seat 5: FernandesDiz (49300 in chips, $10 bounty) 
Seat 6: ReboundBro (79885 in chips, $15 bounty) 
Seat 7: Moncho1000 (79663 in chips, $10 bounty) 
Seat 8: Kaltzem (55785 in chips, $10 bounty) 
Gabrielfs13: posts the ante 175
doublecrosss: posts the ante 175
freekpower: posts the ante 175
pinguinho: posts the ante 175
FernandesDiz: posts the ante 175
ReboundBro: posts the ante 175
Moncho1000: posts the ante 175
Kaltzem: posts the ante 175
pinguinho: posts small blind 700
FernandesDiz: posts big blind 1400
*** HOLE CARDS ***
Dealt to Gabrielfs13 [Qd Td]
ReboundBro: folds 
Moncho1000: folds 
Kaltzem: folds 
Gabrielfs13: raises 1400 to 2800
doublecrosss: folds 
freekpower: folds 
pinguinho: folds 
FernandesDiz: calls 1400
*** FLOP *** [4d Kc 6h]
FernandesDiz: checks 
Gabrielfs13: bets 2100
FernandesDiz: folds 
Uncalled bet (2100) returned to Gabrielfs13
Gabrielfs13 collected 7700 from pot
Gabrielfs13: doesn't show hand 
*** SUMMARY ***
Total pot 7700 | Rake 0 
Board [4d Kc 6h]
Seat 1: Gabrielfs13 collected (7700)
Seat 2: doublecrosss folded before Flop (didn't bet)
Seat 3: freekpower (button) folded before Flop (didn't bet)
Seat 4: pinguinho (small blind) folded before Flop
Seat 5: FernandesDiz (big blind) folded on the Flop
Seat 6: ReboundBro folded before Flop (didn't bet)
Seat 7: Moncho1000 folded before Flop (didn't bet)
Seat 8: Kaltzem folded before Flop (didn't bet)



PokerStars Hand #257198606762: Tournament #3913501752, $10+$10+$2 USD Hold'em No Limit - Level X (700/1400) - 2025/08/03 13:43:30 BRT [2025/08/03 12:43:30 ET]
Table '3913501752 259' 8-max Seat #4 is the button
Seat 1: Gabrielfs13 (132875 in chips, $15 bounty) 
Seat 2: doublecrosss (198343 in chips, $15 bounty) 
Seat 3: freekpower (257477 in chips, $32.50 bounty) 
Seat 4: pinguinho (73330 in chips, $20 bounty) 
Seat 5: FernandesDiz (46325 in chips, $10 bounty) 
Seat 6: ReboundBro (79710 in chips, $15 bounty) 
Seat 7: Moncho1000 (79488 in chips, $10 bounty) 
Seat 8: Kaltzem (55610 in chips, $10 bounty) 
Gabrielfs13: posts the ante 175
doublecrosss: posts the ante 175
freekpower: posts the ante 175
pinguinho: posts the ante 175
FernandesDiz: posts the ante 175
ReboundBro: posts the ante 175
Moncho1000: posts the ante 175
Kaltzem: posts the ante 175
FernandesDiz: posts small blind 700
ReboundBro: posts big blind 1400
*** HOLE CARDS ***
Dealt to Gabrielfs13 [3s Js]
Moncho1000: raises 2800 to 4200
Kaltzem: folds 
Gabrielfs13: folds 
doublecrosss: folds 
freekpower: folds 
pinguinho: folds 
FernandesDiz: folds 
ReboundBro: folds 
Uncalled bet (2800) returned to Moncho1000
Moncho1000 collected 4900 from pot
Moncho1000: doesn't show hand 
*** SUMMARY ***
Total pot 4900 | Rake 0 
Seat 1: Gabrielfs13 folded before Flop (didn't bet)
Seat 2: doublecrosss folded before Flop (didn't bet)
Seat 3: freekpower folded before Flop (didn't bet)
Seat 4: pinguinho (button) folded before Flop (didn't bet)
Seat 5: FernandesDiz (small blind) folded before Flop
Seat 6: ReboundBro (big blind) folded before Flop
Seat 7: Moncho1000 collected (4900)
Seat 8: Kaltzem folded before Flop (didn't bet)



PokerStars Hand #257198614626: Tournament #3913501752, $10+$10+$2 USD Hold'em No Limit - Level X (700/1400) - 2025/08/03 13:44:03 BRT [2025/08/03 12:44:03 ET]
Table '3913501752 259' 8-max Seat #5 is the button
Seat 1: Gabrielfs13 (132700 in chips, $15 bounty) 
Seat 2: doublecrosss (198168 in chips, $15 bounty) 
Seat 3: freekpower (257302 in chips, $32.50 bounty) 
Seat 4: pinguinho (73155 in chips, $20 bounty) 
Seat 5: FernandesDiz (45450 in chips, $10 bounty) 
Seat 6: ReboundBro (78135 in chips, $15 bounty) 
Seat 7: Moncho1000 (82813 in chips, $10 bounty) 
Seat 8: Kaltzem (55435 in chips, $10 bounty) 
Gabrielfs13: posts the ante 175
doublecrosss: posts the ante 175
freekpower: posts the ante 175
pinguinho: posts the ante 175
FernandesDiz: posts the ante 175
ReboundBro: posts the ante 175
Moncho1000: posts the ante 175
Kaltzem: posts the ante 175
ReboundBro: posts small blind 700
Moncho1000: posts big blind 1400
*** HOLE CARDS ***
Dealt to Gabrielfs13 [Jc 9d]
Kaltzem: folds 
Gabrielfs13: folds 
doublecrosss: raises 1680 to 3080
freekpower: folds 
pinguinho: folds 
FernandesDiz: folds 
ReboundBro: folds 
Moncho1000: folds 
Uncalled bet (1680) returned to doublecrosss
doublecrosss collected 4900 from pot
doublecrosss: doesn't show hand 
*** SUMMARY ***
Total pot 4900 | Rake 0 
Seat 1: Gabrielfs13 folded before Flop (didn't bet)
Seat 2: doublecrosss collected (4900)
Seat 3: freekpower folded before Flop (didn't bet)
Seat 4: pinguinho folded before Flop (didn't bet)
Seat 5: FernandesDiz (button) folded before Flop (didn't bet)
Seat 6: ReboundBro (small blind) folded before Flop
Seat 7: Moncho1000 (big blind) folded before Flop
Seat 8: Kaltzem folded before Flop (didn't bet)



PokerStars Hand #257198619898: Tournament #3913501752, $10+$10+$2 USD Hold'em No Limit - Level X (700/1400) - 2025/08/03 13:44:25 BRT [2025/08/03 12:44:25 ET]
Table '3913501752 259' 8-max Seat #6 is the button
Seat 1: Gabrielfs13 (132525 in chips, $15 bounty) 
Seat 2: doublecrosss (201493 in chips, $15 bounty) 
Seat 3: freekpower (257127 in chips, $32.50 bounty) 
Seat 4: pinguinho (72980 in chips, $20 bounty) 
Seat 5: FernandesDiz (45275 in chips, $10 bounty) 
Seat 6: ReboundBro (77260 in chips, $15 bounty) 
Seat 7: Moncho1000 (81238 in chips, $10 bounty) 
Seat 8: Kaltzem (55260 in chips, $10 bounty) 
Gabrielfs13: posts the ante 175
doublecrosss: posts the ante 175
freekpower: posts the ante 175
pinguinho: posts the ante 175
FernandesDiz: posts the ante 175
ReboundBro: posts the ante 175
Moncho1000: posts the ante 175
Kaltzem: posts the ante 175
Moncho1000: posts small blind 700
Kaltzem: posts big blind 1400
*** HOLE CARDS ***
Dealt to Gabrielfs13 [Qc Td]
Gabrielfs13: folds 
doublecrosss: folds 
freekpower: raises 1400 to 2800
pinguinho: folds 
FernandesDiz: folds 
ReboundBro: folds 
Moncho1000: calls 2100
Kaltzem: calls 1400
*** FLOP *** [4c Ad Kd]
Moncho1000: checks 
Kaltzem: checks 
freekpower: checks 
*** TURN *** [4c Ad Kd] [2c]
Moncho1000: checks 
Kaltzem: checks 
freekpower: bets 4200
Moncho1000: folds 
Kaltzem: folds 
Uncalled bet (4200) returned to freekpower
freekpower collected 9800 from pot
freekpower: doesn't show hand 
*** SUMMARY ***
Total pot 9800 | Rake 0 
Board [4c Ad Kd 2c]
Seat 1: Gabrielfs13 folded before Flop (didn't bet)
Seat 2: doublecrosss folded before Flop (didn't bet)
Seat 3: freekpower collected (9800)
Seat 4: pinguinho folded before Flop (didn't bet)
Seat 5: FernandesDiz folded before Flop (didn't bet)
Seat 6: ReboundBro (button) folded before Flop (didn't bet)
Seat 7: Moncho1000 (small blind) folded on the Turn
Seat 8: Kaltzem (big blind) folded on the Turn



PokerStars Hand #257198637122: Tournament #3913501752, $10+$10+$2 USD Hold'em No Limit - Level XI (800/1600) - 2025/08/03 13:45:39 BRT [2025/08/03 12:45:39 ET]
Table '3913501752 259' 8-max Seat #7 is the button
Seat 1: Gabrielfs13 (132350 in chips, $15 bounty) 
Seat 2: doublecrosss (201318 in chips, $15 bounty) 
Seat 3: freekpower (263952 in chips, $32.50 bounty) 
Seat 4: pinguinho (72805 in chips, $20 bounty) 
Seat 5: FernandesDiz (45100 in chips, $10 bounty) 
Seat 6: ReboundBro (77085 in chips, $15 bounty) 
Seat 7: Moncho1000 (78263 in chips, $10 bounty) 
Seat 8: Kaltzem (52285 in chips, $10 bounty) 
Gabrielfs13: posts the ante 200
doublecrosss: posts the ante 200
freekpower: posts the ante 200
pinguinho: posts the ante 200
FernandesDiz: posts the ante 200
ReboundBro: posts the ante 200
Moncho1000: posts the ante 200
Kaltzem: posts the ante 200
Kaltzem: posts small blind 800
Gabrielfs13: posts big blind 1600
*** HOLE CARDS ***
Dealt to Gabrielfs13 [Ad 7s]
doublecrosss: raises 4000 to 5600
freekpower: folds 
pinguinho: folds 
FernandesDiz: folds 
ReboundBro: folds 
Moncho1000: calls 5600
Kaltzem: folds 
Gabrielfs13: calls 4000
*** FLOP *** [2s 3h 5h]
Gabrielfs13: checks 
doublecrosss: checks 
Moncho1000: checks 
*** TURN *** [2s 3h 5h] [Jc]
Gabrielfs13: bets 9600
doublecrosss: folds 
Moncho1000: folds 
Uncalled bet (9600) returned to Gabrielfs13
Gabrielfs13 collected 19200 from pot
Gabrielfs13: doesn't show hand 
*** SUMMARY ***
Total pot 19200 | Rake 0 
Board [2s 3h 5h Jc]
Seat 1: Gabrielfs13 (big blind) collected (19200)
Seat 2: doublecrosss folded on the Turn
Seat 3: freekpower folded before Flop (didn't bet)
Seat 4: pinguinho folded before Flop (didn't bet)
Seat 5: FernandesDiz folded before Flop (didn't bet)
Seat 6: ReboundBro folded before Flop (didn't bet)
Seat 7: Moncho1000 (button) folded on the Turn
Seat 8: Kaltzem (small blind) folded before Flop



PokerStars Hand #257198650651: Tournament #3913501752, $10+$10+$2 USD Hold'em No Limit - Level XI (800/1600) - 2025/08/03 13:46:36 BRT [2025/08/03 12:46:36 ET]
Table '3913501752 259' 8-max Seat #8 is the button
Seat 1: Gabrielfs13 (145750 in chips, $15 bounty) 
Seat 2: doublecrosss (195518 in chips, $15 bounty) 
Seat 3: freekpower (263752 in chips, $32.50 bounty) 
Seat 4: pinguinho (72605 in chips, $20 bounty) 
Seat 5: FernandesDiz (44900 in chips, $10 bounty) 
Seat 6: ReboundBro (76885 in chips, $15 bounty) 
Seat 7: Moncho1000 (72463 in chips, $10 bounty) 
Seat 8: Kaltzem (51285 in chips, $10 bounty) 
Gabrielfs13: posts the ante 200
doublecrosss: posts the ante 200
freekpower: posts the ante 200
pinguinho: posts the ante 200
FernandesDiz: posts the ante 200
ReboundBro: posts the ante 200
Moncho1000: posts the ante 200
Kaltzem: posts the ante 200
Gabrielfs13: posts small blind 800
doublecrosss: posts big blind 1600
*** HOLE CARDS ***
Dealt to Gabrielfs13 [Ah 3d]
freekpower: folds 
pinguinho: folds 
FernandesDiz: folds 
ReboundBro: folds 
Moncho1000: calls 1600
Kaltzem: raises 4800 to 6400
Gabrielfs13: folds 
doublecrosss: folds 
Moncho1000: folds 
Uncalled bet (4800) returned to Kaltzem
Kaltzem collected 7200 from pot
*** SUMMARY ***
Total pot 7200 | Rake 0 
Seat 1: Gabrielfs13 (small blind) folded before Flop
Seat 2: doublecrosss (big blind) folded before Flop
Seat 3: freekpower folded before Flop (didn't bet)
Seat 4: pinguinho folded before Flop (didn't bet)
Seat 5: FernandesDiz folded before Flop (didn't bet)
Seat 6: ReboundBro folded before Flop (didn't bet)
Seat 7: Moncho1000 folded before Flop
Seat 8: Kaltzem (button) collected (7200)



PokerStars Hand #257198655070: Tournament #3913501752, $10+$10+$2 USD Hold'em No Limit - Level XI (800/1600) - 2025/08/03 13:46:55 BRT [2025/08/03 12:46:55 ET]
Table '3913501752 259' 8-max Seat #1 is the button
Seat 1: Gabrielfs13 (144750 in chips, $15 bounty) 
Seat 2: doublecrosss (193718 in chips, $15 bounty) 
Seat 3: freekpower (263552 in chips, $32.50 bounty) 
Seat 4: pinguinho (72405 in chips, $20 bounty) 
Seat 5: FernandesDiz (44700 in chips, $10 bounty) 
Seat 6: ReboundBro (76685 in chips, $15 bounty) 
Seat 7: Moncho1000 (70663 in chips, $10 bounty) 
Seat 8: Kaltzem (56685 in chips, $10 bounty) 
Gabrielfs13: posts the ante 200
doublecrosss: posts the ante 200
freekpower: posts the ante 200
pinguinho: posts the ante 200
FernandesDiz: posts the ante 200
ReboundBro: posts the ante 200
Moncho1000: posts the ante 200
Kaltzem: posts the ante 200
doublecrosss: posts small blind 800
freekpower: posts big blind 1600
*** HOLE CARDS ***
Dealt to Gabrielfs13 [7h 2c]
pinguinho: raises 1600 to 3200
FernandesDiz: folds 
ReboundBro: raises 6400 to 9600
Moncho1000: folds 
Kaltzem: folds 
Gabrielfs13: folds 
doublecrosss: folds 
freekpower: folds 
pinguinho: folds 
Uncalled bet (6400) returned to ReboundBro
ReboundBro collected 10400 from pot
ReboundBro: doesn't show hand 
*** SUMMARY ***
Total pot 10400 | Rake 0 
Seat 1: Gabrielfs13 (button) folded before Flop (didn't bet)
Seat 2: doublecrosss (small blind) folded before Flop
Seat 3: freekpower (big blind) folded before Flop
Seat 4: pinguinho folded before Flop
Seat 5: FernandesDiz folded before Flop (didn't bet)
Seat 6: ReboundBro collected (10400)
Seat 7: Moncho1000 folded before Flop (didn't bet)
Seat 8: Kaltzem folded before Flop (didn't bet)



PokerStars Hand #257198663443: Tournament #3913501752, $10+$10+$2 USD Hold'em No Limit - Level XI (800/1600) - 2025/08/03 13:47:30 BRT [2025/08/03 12:47:30 ET]
Table '3913501752 259' 8-max Seat #2 is the button
Seat 1: Gabrielfs13 (144550 in chips, $15 bounty) 
Seat 2: doublecrosss (192718 in chips, $15 bounty) 
Seat 3: freekpower (261752 in chips, $32.50 bounty) 
Seat 4: pinguinho (69005 in chips, $20 bounty) 
Seat 5: FernandesDiz (44500 in chips, $10 bounty) 
Seat 6: ReboundBro (83685 in chips, $15 bounty) 
Seat 7: Moncho1000 (70463 in chips, $10 bounty) 
Seat 8: Kaltzem (56485 in chips, $10 bounty) 
Gabrielfs13: posts the ante 200
doublecrosss: posts the ante 200
freekpower: posts the ante 200
pinguinho: posts the ante 200
FernandesDiz: posts the ante 200
ReboundBro: posts the ante 200
Moncho1000: posts the ante 200
Kaltzem: posts the ante 200
freekpower: posts small blind 800
pinguinho: posts big blind 1600
*** HOLE CARDS ***
Dealt to Gabrielfs13 [Th Ac]
FernandesDiz: folds 
ReboundBro: raises 1760 to 3360
Moncho1000: folds 
Kaltzem: folds 
Gabrielfs13: calls 3360
doublecrosss: raises 12640 to 16000
freekpower: folds 
pinguinho: folds 
ReboundBro: folds 
Gabrielfs13: folds 
Uncalled bet (12640) returned to doublecrosss
doublecrosss collected 14080 from pot
doublecrosss: doesn't show hand 
*** SUMMARY ***
Total pot 14080 | Rake 0 
Seat 1: Gabrielfs13 folded before Flop
Seat 2: doublecrosss (button) collected (14080)
Seat 3: freekpower (small blind) folded before Flop
Seat 4: pinguinho (big blind) folded before Flop
Seat 5: FernandesDiz folded before Flop (didn't bet)
Seat 6: ReboundBro folded before Flop
Seat 7: Moncho1000 folded before Flop (didn't bet)
Seat 8: Kaltzem folded before Flop (didn't bet)



PokerStars Hand #257198674157: Tournament #3913501752, $10+$10+$2 USD Hold'em No Limit - Level XI (800/1600) - 2025/08/03 13:48:16 BRT [2025/08/03 12:48:16 ET]
Table '3913501752 259' 8-max Seat #3 is the button
Seat 1: Gabrielfs13 (140990 in chips, $15 bounty) 
Seat 2: doublecrosss (203238 in chips, $15 bounty) 
Seat 3: freekpower (260752 in chips, $32.50 bounty) 
Seat 4: pinguinho (67205 in chips, $20 bounty) 
Seat 5: FernandesDiz (44300 in chips, $10 bounty) 
Seat 6: ReboundBro (80125 in chips, $15 bounty) 
Seat 7: Moncho1000 (70263 in chips, $10 bounty) 
Seat 8: Kaltzem (56285 in chips, $10 bounty) 
Gabrielfs13: posts the ante 200
doublecrosss: posts the ante 200
freekpower: posts the ante 200
pinguinho: posts the ante 200
FernandesDiz: posts the ante 200
ReboundBro: posts the ante 200
Moncho1000: posts the ante 200
Kaltzem: posts the ante 200
pinguinho: posts small blind 800
FernandesDiz: posts big blind 1600
*** HOLE CARDS ***
Dealt to Gabrielfs13 [5c 9d]
ReboundBro: folds 
Moncho1000: folds 
Kaltzem: raises 1600 to 3200
Gabrielfs13: folds 
doublecrosss: raises 8000 to 11200
freekpower: folds 
pinguinho: folds 
FernandesDiz: folds 
Kaltzem: folds 
Uncalled bet (8000) returned to doublecrosss
doublecrosss collected 10400 from pot
doublecrosss: doesn't show hand 
*** SUMMARY ***
Total pot 10400 | Rake 0 
Seat 1: Gabrielfs13 folded before Flop (didn't bet)
Seat 2: doublecrosss collected (10400)
Seat 3: freekpower (button) folded before Flop (didn't bet)
Seat 4: pinguinho (small blind) folded before Flop
Seat 5: FernandesDiz (big blind) folded before Flop
Seat 6: ReboundBro folded before Flop (didn't bet)
Seat 7: Moncho1000 folded before Flop (didn't bet)
Seat 8: Kaltzem folded before Flop



PokerStars Hand #257198680039: Tournament #3913501752, $10+$10+$2 USD Hold'em No Limit - Level XI (800/1600) - 2025/08/03 13:48:41 BRT [2025/08/03 12:48:41 ET]
Table '3913501752 259' 8-max Seat #4 is the button
Seat 1: Gabrielfs13 (140790 in chips, $15 bounty) 
Seat 2: doublecrosss (210238 in chips, $15 bounty) 
Seat 3: freekpower (260552 in chips, $32.50 bounty) 
Seat 4: pinguinho (66205 in chips, $20 bounty) 
Seat 5: FernandesDiz (42500 in chips, $10 bounty) 
Seat 6: ReboundBro (79925 in chips, $15 bounty) 
Seat 7: Moncho1000 (70063 in chips, $10 bounty) 
Seat 8: Kaltzem (52885 in chips, $10 bounty) 
Gabrielfs13: posts the ante 200
doublecrosss: posts the ante 200
freekpower: posts the ante 200
pinguinho: posts the ante 200
FernandesDiz: posts the ante 200
ReboundBro: posts the ante 200
Moncho1000: posts the ante 200
Kaltzem: posts the ante 200
FernandesDiz: posts small blind 800
ReboundBro: posts big blind 1600
*** HOLE CARDS ***
Dealt to Gabrielfs13 [4d Qd]
Moncho1000: folds 
Kaltzem: folds 
Gabrielfs13: folds 
doublecrosss: folds 
freekpower: folds 
pinguinho: raises 1600 to 3200
FernandesDiz: folds 
ReboundBro: calls 1600
*** FLOP *** [2s Th Tc]
ReboundBro: checks 
pinguinho: bets 3200
ReboundBro: folds 
Uncalled bet (3200) returned to pinguinho
pinguinho collected 8800 from pot
pinguinho: doesn't show hand 
*** SUMMARY ***
Total pot 8800 | Rake 0 
Board [2s Th Tc]
Seat 1: Gabrielfs13 folded before Flop (didn't bet)
Seat 2: doublecrosss folded before Flop (didn't bet)
Seat 3: freekpower folded before Flop (didn't bet)
Seat 4: pinguinho (button) collected (8800)
Seat 5: FernandesDiz (small blind) folded before Flop
Seat 6: ReboundBro (big blind) folded on the Flop
Seat 7: Moncho1000 folded before Flop (didn't bet)
Seat 8: Kaltzem folded before Flop (didn't bet)



PokerStars Hand #257198688925: Tournament #3913501752, $10+$10+$2 USD Hold'em No Limit - Level XI (800/1600) - 2025/08/03 13:49:19 BRT [2025/08/03 12:49:19 ET]
Table '3913501752 259' 8-max Seat #5 is the button
Seat 1: Gabrielfs13 (140590 in chips, $15 bounty) 
Seat 2: doublecrosss (210038 in chips, $15 bounty) 
Seat 3: freekpower (260352 in chips, $32.50 bounty) 
Seat 4: pinguinho (71605 in chips, $20 bounty) 
Seat 5: FernandesDiz (41500 in chips, $10 bounty) 
Seat 6: ReboundBro (76525 in chips, $15 bounty) 
Seat 7: Moncho1000 (69863 in chips, $10 bounty) 
Seat 8: Kaltzem (52685 in chips, $10 bounty) 
Gabrielfs13: posts the ante 200
doublecrosss: posts the ante 200
freekpower: posts the ante 200
pinguinho: posts the ante 200
FernandesDiz: posts the ante 200
ReboundBro: posts the ante 200
Moncho1000: posts the ante 200
Kaltzem: posts the ante 200
ReboundBro: posts small blind 800
Moncho1000: posts big blind 1600
*** HOLE CARDS ***
Dealt to Gabrielfs13 [5c Jh]
Kaltzem: folds 
Gabrielfs13: folds 
doublecrosss: folds 
freekpower: raises 1600 to 3200
pinguinho: calls 3200
FernandesDiz: folds 
ReboundBro: folds 
Moncho1000: calls 1600
*** FLOP *** [3c 7d 3s]
Moncho1000: bets 4800
freekpower: folds 
pinguinho: folds 
Uncalled bet (4800) returned to Moncho1000
Moncho1000 collected 12000 from pot
Moncho1000: doesn't show hand 
*** SUMMARY ***
Total pot 12000 | Rake 0 
Board [3c 7d 3s]
Seat 1: Gabrielfs13 folded before Flop (didn't bet)
Seat 2: doublecrosss folded before Flop (didn't bet)
Seat 3: freekpower folded on the Flop
Seat 4: pinguinho folded on the Flop
Seat 5: FernandesDiz (button) folded before Flop (didn't bet)
Seat 6: ReboundBro (small blind) folded before Flop
Seat 7: Moncho1000 (big blind) collected (12000)
Seat 8: Kaltzem folded before Flop (didn't bet)



PokerStars Hand #257198697516: Tournament #3913501752, $10+$10+$2 USD Hold'em No Limit - Level XI (800/1600) - 2025/08/03 13:49:55 BRT [2025/08/03 12:49:55 ET]
Table '3913501752 259' 8-max Seat #6 is the button
Seat 1: Gabrielfs13 (140390 in chips, $15 bounty) 
Seat 2: doublecrosss (209838 in chips, $15 bounty) 
Seat 3: freekpower (256952 in chips, $32.50 bounty) 
Seat 4: pinguinho (68205 in chips, $20 bounty) 
Seat 5: FernandesDiz (41300 in chips, $10 bounty) 
Seat 6: ReboundBro (75525 in chips, $15 bounty) 
Seat 7: Moncho1000 (78463 in chips, $10 bounty) 
Seat 8: Kaltzem (52485 in chips, $10 bounty) 
Gabrielfs13: posts the ante 200
doublecrosss: posts the ante 200
freekpower: posts the ante 200
pinguinho: posts the ante 200
FernandesDiz: posts the ante 200
ReboundBro: posts the ante 200
Moncho1000: posts the ante 200
Kaltzem: posts the ante 200
Moncho1000: posts small blind 800
Kaltzem: posts big blind 1600
*** HOLE CARDS ***
Dealt to Gabrielfs13 [3s Th]
Gabrielfs13: folds 
doublecrosss: raises 4000 to 5600
freekpower: calls 5600
pinguinho: folds 
FernandesDiz: raises 35500 to 41100 and is all-in
ReboundBro: folds 
Moncho1000: folds 
Kaltzem: folds 
doublecrosss: folds 
freekpower: calls 35500
*** FLOP *** [9d Jd 4c]
*** TURN *** [9d Jd 4c] [Td]
*** RIVER *** [9d Jd 4c Td] [9h]
*** SHOW DOWN ***
freekpower: shows [Ts Tc] (a full house, Tens full of Nines)
FernandesDiz: shows [Ac As] (two pair, Aces and Nines)
freekpower collected 91800 from pot
freekpower wins $5 for eliminating FernandesDiz and their own bounty increases by $5 to $37.50
FernandesDiz finished the tournament
*** SUMMARY ***
Total pot 91800 | Rake 0 
Board [9d Jd 4c Td 9h]
Seat 1: Gabrielfs13 folded before Flop (didn't bet)
Seat 2: doublecrosss folded before Flop
Seat 3: freekpower showed [Ts Tc] and won (91800) with a full house, Tens full of Nines
Seat 4: pinguinho folded before Flop (didn't bet)
Seat 5: FernandesDiz showed [Ac As] and lost with two pair, Aces and Nines
Seat 6: ReboundBro (button) folded before Flop (didn't bet)
Seat 7: Moncho1000 (small blind) folded before Flop
Seat 8: Kaltzem (big blind) folded before Flop



PokerStars Hand #257198710131: Tournament #3913501752, $10+$10+$2 USD Hold'em No Limit - Level XI (800/1600) - 2025/08/03 13:50:49 BRT [2025/08/03 12:50:49 ET]
Table '3913501752 259' 8-max Seat #7 is the button
Seat 1: Gabrielfs13 (140190 in chips, $15 bounty) 
Seat 2: doublecrosss (204038 in chips, $15 bounty) 
Seat 3: freekpower (307452 in chips, $37.50 bounty) 
Seat 4: pinguinho (68005 in chips, $20 bounty) 
Seat 6: ReboundBro (75325 in chips, $15 bounty) 
Seat 7: Moncho1000 (77463 in chips, $10 bounty) 
Seat 8: Kaltzem (50685 in chips, $10 bounty) 
Gabrielfs13: posts the ante 200
doublecrosss: posts the ante 200
freekpower: posts the ante 200
pinguinho: posts the ante 200
ReboundBro: posts the ante 200
Moncho1000: posts the ante 200
Kaltzem: posts the ante 200
Kaltzem: posts small blind 800
Gabrielfs13: posts big blind 1600
*** HOLE CARDS ***
Dealt to Gabrielfs13 [3h 7s]
doublecrosss: raises 4000 to 5600
drope$tyle is disconnected 
freekpower: calls 5600
pinguinho: folds 
ReboundBro: calls 5600
Moncho1000: folds 
Kaltzem: folds 
Gabrielfs13: folds 
*** FLOP *** [4d Jh 3c]
doublecrosss: bets 10300
freekpower: calls 10300
ReboundBro: calls 10300
*** TURN *** [4d Jh 3c] [4s]
doublecrosss: checks 
freekpower: checks 
ReboundBro: bets 19000
doublecrosss: folds 
freekpower: folds 
Uncalled bet (19000) returned to ReboundBro
ReboundBro collected 51500 from pot
ReboundBro: doesn't show hand 
*** SUMMARY ***
Total pot 51500 | Rake 0 
Board [4d Jh 3c 4s]
Seat 1: Gabrielfs13 (big blind) folded before Flop
Seat 2: doublecrosss folded on the Turn
Seat 3: freekpower folded on the Turn
Seat 4: pinguinho folded before Flop (didn't bet)
Seat 6: ReboundBro collected (51500)
Seat 7: Moncho1000 (button) folded before Flop (didn't bet)
Seat 8: Kaltzem (small blind) folded before Flop



PokerStars Hand #257198727154: Tournament #3913501752, $10+$10+$2 USD Hold'em No Limit - Level XI (800/1600) - 2025/08/03 13:52:02 BRT [2025/08/03 12:52:02 ET]
Table '3913501752 259' 8-max Seat #8 is the button
Seat 1: Gabrielfs13 (138390 in chips, $15 bounty) 
Seat 2: doublecrosss (187938 in chips, $15 bounty) 
Seat 3: freekpower (291352 in chips, $37.50 bounty) 
Seat 4: pinguinho (67805 in chips, $20 bounty) 
Seat 5: drope$tyle (50000 in chips, $10 bounty) 
Seat 6: ReboundBro (110725 in chips, $15 bounty) 
Seat 7: Moncho1000 (77263 in chips, $10 bounty) 
Seat 8: Kaltzem (49685 in chips, $10 bounty) 
Gabrielfs13: posts the ante 200
doublecrosss: posts the ante 200
freekpower: posts the ante 200
pinguinho: posts the ante 200
drope$tyle: posts the ante 200
ReboundBro: posts the ante 200
Moncho1000: posts the ante 200
Kaltzem: posts the ante 200
Gabrielfs13: posts small blind 800
doublecrosss: posts big blind 1600
*** HOLE CARDS ***
Dealt to Gabrielfs13 [6d 5h]
freekpower: folds 
pinguinho: raises 1600 to 3200
drope$tyle: folds 
ReboundBro: folds 
Moncho1000: calls 3200
Kaltzem: raises 9600 to 12800
Gabrielfs13: folds 
doublecrosss: folds 
pinguinho: folds 
Moncho1000: calls 9600
*** FLOP *** [5d 2h 6s]
Moncho1000: checks 
Kaltzem: bets 5600
Moncho1000: calls 5600
*** TURN *** [5d 2h 6s] [7d]
Moncho1000: checks 
Kaltzem: checks 
*** RIVER *** [5d 2h 6s 7d] [4h]
Moncho1000: bets 58663 and is all-in
Kaltzem: folds 
Uncalled bet (58663) returned to Moncho1000
Moncho1000 collected 44000 from pot
Moncho1000: doesn't show hand 
*** SUMMARY ***
Total pot 44000 | Rake 0 
Board [5d 2h 6s 7d 4h]
Seat 1: Gabrielfs13 (small blind) folded before Flop
Seat 2: doublecrosss (big blind) folded before Flop
Seat 3: freekpower folded before Flop (didn't bet)
Seat 4: pinguinho folded before Flop
Seat 5: drope$tyle folded before Flop (didn't bet)
Seat 6: ReboundBro folded before Flop (didn't bet)
Seat 7: Moncho1000 collected (44000)
Seat 8: Kaltzem (button) folded on the River



PokerStars Hand #257198743415: Tournament #3913501752, $10+$10+$2 USD Hold'em No Limit - Level XI (800/1600) - 2025/08/03 13:53:11 BRT [2025/08/03 12:53:11 ET]
Table '3913501752 259' 8-max Seat #1 is the button
Seat 1: Gabrielfs13 (137390 in chips, $15 bounty) 
Seat 2: doublecrosss (186138 in chips, $15 bounty) 
Seat 3: freekpower (291152 in chips, $37.50 bounty) 
Seat 4: pinguinho (64405 in chips, $20 bounty) 
Seat 5: drope$tyle (49800 in chips, $10 bounty) 
Seat 6: ReboundBro (110525 in chips, $15 bounty) 
Seat 7: Moncho1000 (102663 in chips, $10 bounty) 
Seat 8: Kaltzem (31085 in chips, $10 bounty) 
Gabrielfs13: posts the ante 200
doublecrosss: posts the ante 200
freekpower: posts the ante 200
pinguinho: posts the ante 200
drope$tyle: posts the ante 200
ReboundBro: posts the ante 200
Moncho1000: posts the ante 200
Kaltzem: posts the ante 200
doublecrosss: posts small blind 800
freekpower: posts big blind 1600
*** HOLE CARDS ***
Dealt to Gabrielfs13 [9h 6d]
pinguinho: folds 
drope$tyle: folds 
ReboundBro: folds 
Moncho1000: calls 1600
Kaltzem: folds 
Gabrielfs13: folds 
doublecrosss: folds 
freekpower: checks 
*** FLOP *** [Js 4c Td]
freekpower: checks 
Moncho1000: bets 3200
freekpower: folds 
Uncalled bet (3200) returned to Moncho1000
Moncho1000 collected 5600 from pot
Moncho1000: doesn't show hand 
*** SUMMARY ***
Total pot 5600 | Rake 0 
Board [Js 4c Td]
Seat 1: Gabrielfs13 (button) folded before Flop (didn't bet)
Seat 2: doublecrosss (small blind) folded before Flop
Seat 3: freekpower (big blind) folded on the Flop
Seat 4: pinguinho folded before Flop (didn't bet)
Seat 5: drope$tyle folded before Flop (didn't bet)
Seat 6: ReboundBro folded before Flop (didn't bet)
Seat 7: Moncho1000 collected (5600)
Seat 8: Kaltzem folded before Flop (didn't bet)



PokerStars Hand #257198754167: Tournament #3913501752, $10+$10+$2 USD Hold'em No Limit - Level XI (800/1600) - 2025/08/03 13:53:58 BRT [2025/08/03 12:53:58 ET]
Table '3913501752 259' 8-max Seat #2 is the button
Seat 1: Gabrielfs13 (137190 in chips, $15 bounty) 
Seat 2: doublecrosss (185138 in chips, $15 bounty) 
Seat 3: freekpower (289352 in chips, $37.50 bounty) 
Seat 4: pinguinho (64205 in chips, $20 bounty) 
Seat 5: drope$tyle (49600 in chips, $10 bounty) 
Seat 6: ReboundBro (110325 in chips, $15 bounty) 
Seat 7: Moncho1000 (106463 in chips, $10 bounty) 
Seat 8: Kaltzem (30885 in chips, $10 bounty) 
Gabrielfs13: posts the ante 200
doublecrosss: posts the ante 200
freekpower: posts the ante 200
pinguinho: posts the ante 200
drope$tyle: posts the ante 200
ReboundBro: posts the ante 200
Moncho1000: posts the ante 200
Kaltzem: posts the ante 200
freekpower: posts small blind 800
pinguinho: posts big blind 1600
*** HOLE CARDS ***
Dealt to Gabrielfs13 [Kc 4d]
drope$tyle: folds 
ReboundBro: folds 
Moncho1000: calls 1600
Kaltzem: raises 29085 to 30685 and is all-in
Gabrielfs13: folds 
doublecrosss: folds 
freekpower: folds 
pinguinho: folds 
Moncho1000: folds 
Uncalled bet (29085) returned to Kaltzem
Kaltzem collected 7200 from pot
*** SUMMARY ***
Total pot 7200 | Rake 0 
Seat 1: Gabrielfs13 folded before Flop (didn't bet)
Seat 2: doublecrosss (button) folded before Flop (didn't bet)
Seat 3: freekpower (small blind) folded before Flop
Seat 4: pinguinho (big blind) folded before Flop
Seat 5: drope$tyle folded before Flop (didn't bet)
Seat 6: ReboundBro folded before Flop (didn't bet)
Seat 7: Moncho1000 folded before Flop
Seat 8: Kaltzem collected (7200)



PokerStars Hand #257198762025: Tournament #3913501752, $10+$10+$2 USD Hold'em No Limit - Level XI (800/1600) - 2025/08/03 13:54:31 BRT [2025/08/03 12:54:31 ET]
Table '3913501752 259' 8-max Seat #3 is the button
Seat 1: Gabrielfs13 (136990 in chips, $15 bounty) 
Seat 2: doublecrosss (184938 in chips, $15 bounty) 
Seat 3: freekpower (288352 in chips, $37.50 bounty) 
Seat 4: pinguinho (62405 in chips, $20 bounty) 
Seat 5: drope$tyle (49400 in chips, $10 bounty) 
Seat 6: ReboundBro (110125 in chips, $15 bounty) 
Seat 7: Moncho1000 (104663 in chips, $10 bounty) 
Seat 8: Kaltzem (36285 in chips, $10 bounty) 
Gabrielfs13: posts the ante 200
doublecrosss: posts the ante 200
freekpower: posts the ante 200
pinguinho: posts the ante 200
drope$tyle: posts the ante 200
ReboundBro: posts the ante 200
Moncho1000: posts the ante 200
Kaltzem: posts the ante 200
pinguinho: posts small blind 800
drope$tyle: posts big blind 1600
*** HOLE CARDS ***
Dealt to Gabrielfs13 [6s Th]
ReboundBro: folds 
Moncho1000: folds 
Kaltzem: folds 
Gabrielfs13: folds 
doublecrosss: folds 
freekpower: folds 
pinguinho: calls 800
drope$tyle: checks 
*** FLOP *** [Jc Ah 6h]
pinguinho: bets 1600
drope$tyle: folds 
Uncalled bet (1600) returned to pinguinho
pinguinho collected 4800 from pot
pinguinho: doesn't show hand 
*** SUMMARY ***
Total pot 4800 | Rake 0 
Board [Jc Ah 6h]
Seat 1: Gabrielfs13 folded before Flop (didn't bet)
Seat 2: doublecrosss folded before Flop (didn't bet)
Seat 3: freekpower (button) folded before Flop (didn't bet)
Seat 4: pinguinho (small blind) collected (4800)
Seat 5: drope$tyle (big blind) folded on the Flop
Seat 6: ReboundBro folded before Flop (didn't bet)
Seat 7: Moncho1000 folded before Flop (didn't bet)
Seat 8: Kaltzem folded before Flop (didn't bet)



PokerStars Hand #257198768656: Tournament #3913501752, $10+$10+$2 USD Hold'em No Limit - Level XI (800/1600) - 2025/08/03 13:55:00 BRT [2025/08/03 12:55:00 ET]
Table '3913501752 259' 8-max Seat #4 is the button
Seat 1: Gabrielfs13 (136790 in chips, $15 bounty) 
Seat 2: doublecrosss (184738 in chips, $15 bounty) 
Seat 3: freekpower (288152 in chips, $37.50 bounty) 
Seat 4: pinguinho (65405 in chips, $20 bounty) 
Seat 5: drope$tyle (47600 in chips, $10 bounty) 
Seat 6: ReboundBro (109925 in chips, $15 bounty) 
Seat 7: Moncho1000 (104463 in chips, $10 bounty) 
Seat 8: Kaltzem (36085 in chips, $10 bounty) 
Gabrielfs13: posts the ante 200
doublecrosss: posts the ante 200
freekpower: posts the ante 200
pinguinho: posts the ante 200
drope$tyle: posts the ante 200
ReboundBro: posts the ante 200
Moncho1000: posts the ante 200
Kaltzem: posts the ante 200
drope$tyle: posts small blind 800
ReboundBro: posts big blind 1600
*** HOLE CARDS ***
Dealt to Gabrielfs13 [5d Ad]
Moncho1000: raises 1600 to 3200
Kaltzem: folds 
Gabrielfs13: raises 8000 to 11200
doublecrosss: folds 
freekpower: folds 
pinguinho: folds 
drope$tyle: folds 
ReboundBro: folds 
Moncho1000: folds 
Uncalled bet (8000) returned to Gabrielfs13
Gabrielfs13 collected 10400 from pot
Gabrielfs13: doesn't show hand 
*** SUMMARY ***
Total pot 10400 | Rake 0 
Seat 1: Gabrielfs13 collected (10400)
Seat 2: doublecrosss folded before Flop (didn't bet)
Seat 3: freekpower folded before Flop (didn't bet)
Seat 4: pinguinho (button) folded before Flop (didn't bet)
Seat 5: drope$tyle (small blind) folded before Flop
Seat 6: ReboundBro (big blind) folded before Flop
Seat 7: Moncho1000 folded before Flop
Seat 8: Kaltzem folded before Flop (didn't bet)



PokerStars Hand #257198853002: Tournament #3913501752, $10+$10+$2 USD Hold'em No Limit - Level XI (800/1600) - 2025/08/03 14:03:16 BRT [2025/08/03 13:03:16 ET]
Table '3913501752 259' 8-max Seat #5 is the button
Seat 1: Gabrielfs13 (143790 in chips, $15 bounty) 
Seat 2: doublecrosss (184538 in chips, $15 bounty) 
Seat 3: freekpower (287952 in chips, $37.50 bounty) 
Seat 4: pinguinho (65205 in chips, $20 bounty) 
Seat 5: drope$tyle (46600 in chips, $10 bounty) 
Seat 6: ReboundBro (108125 in chips, $15 bounty) 
Seat 7: Moncho1000 (101063 in chips, $10 bounty) 
Seat 8: Kaltzem (35885 in chips, $10 bounty) 
Gabrielfs13: posts the ante 200
doublecrosss: posts the ante 200
freekpower: posts the ante 200
pinguinho: posts the ante 200
drope$tyle: posts the ante 200
ReboundBro: posts the ante 200
Moncho1000: posts the ante 200
Kaltzem: posts the ante 200
ReboundBro: posts small blind 800
Moncho1000: posts big blind 1600
*** HOLE CARDS ***
Dealt to Gabrielfs13 [7c 4c]
Kaltzem: raises 1600 to 3200
Gabrielfs13: folds 
doublecrosss: folds 
freekpower: calls 3200
pinguinho: folds 
drope$tyle: folds 
ReboundBro: folds 
Moncho1000: folds 
*** FLOP *** [4s 9h 6c]
Kaltzem: bets 5720
freekpower: calls 5720
*** TURN *** [4s 9h 6c] [5d]
Kaltzem: checks 
freekpower: bets 6400
Kaltzem: folds 
Uncalled bet (6400) returned to freekpower
freekpower collected 21840 from pot
freekpower: doesn't show hand 
*** SUMMARY ***
Total pot 21840 | Rake 0 
Board [4s 9h 6c 5d]
Seat 1: Gabrielfs13 folded before Flop (didn't bet)
Seat 2: doublecrosss folded before Flop (didn't bet)
Seat 3: freekpower collected (21840)
Seat 4: pinguinho folded before Flop (didn't bet)
Seat 5: drope$tyle (button) folded before Flop (didn't bet)
Seat 6: ReboundBro (small blind) folded before Flop
Seat 7: Moncho1000 (big blind) folded before Flop
Seat 8: Kaltzem folded on the Turn



PokerStars Hand #257198871686: Tournament #3913501752, $10+$10+$2 USD Hold'em No Limit - Level XI (800/1600) - 2025/08/03 14:04:36 BRT [2025/08/03 13:04:36 ET]
Table '3913501752 259' 8-max Seat #6 is the button
Seat 1: Gabrielfs13 (143590 in chips, $15 bounty) 
Seat 2: doublecrosss (184338 in chips, $15 bounty) 
Seat 3: freekpower (300672 in chips, $37.50 bounty) 
Seat 4: pinguinho (65005 in chips, $20 bounty) 
Seat 5: drope$tyle (46400 in chips, $10 bounty) 
Seat 6: ReboundBro (107125 in chips, $15 bounty) 
Seat 7: Moncho1000 (99263 in chips, $10 bounty) 
Seat 8: Kaltzem (26765 in chips, $10 bounty) 
Gabrielfs13: posts the ante 200
doublecrosss: posts the ante 200
freekpower: posts the ante 200
pinguinho: posts the ante 200
drope$tyle: posts the ante 200
ReboundBro: posts the ante 200
Moncho1000: posts the ante 200
Kaltzem: posts the ante 200
Moncho1000: posts small blind 800
Kaltzem: posts big blind 1600
*** HOLE CARDS ***
Dealt to Gabrielfs13 [Jh Kd]
Gabrielfs13: raises 1600 to 3200
doublecrosss: folds 
freekpower: folds 
pinguinho: folds 
drope$tyle: folds 
ReboundBro: folds 
Moncho1000: folds 
Kaltzem: calls 1600
*** FLOP *** [7c 9d 5s]
Kaltzem: checks 
Gabrielfs13: checks 
*** TURN *** [7c 9d 5s] [Ad]
Kaltzem: checks 
Gabrielfs13: bets 4400
Kaltzem: folds 
Uncalled bet (4400) returned to Gabrielfs13
Gabrielfs13 collected 8800 from pot
Gabrielfs13: doesn't show hand 
*** SUMMARY ***
Total pot 8800 | Rake 0 
Board [7c 9d 5s Ad]
Seat 1: Gabrielfs13 collected (8800)
Seat 2: doublecrosss folded before Flop (didn't bet)
Seat 3: freekpower folded before Flop (didn't bet)
Seat 4: pinguinho folded before Flop (didn't bet)
Seat 5: drope$tyle folded before Flop (didn't bet)
Seat 6: ReboundBro (button) folded before Flop (didn't bet)
Seat 7: Moncho1000 (small blind) folded before Flop
Seat 8: Kaltzem (big blind) folded on the Turn



PokerStars Hand #257198887648: Tournament #3913501752, $10+$10+$2 USD Hold'em No Limit - Level XII (1000/2000) - 2025/08/03 14:05:42 BRT [2025/08/03 13:05:42 ET]
Table '3913501752 259' 8-max Seat #7 is the button
Seat 1: Gabrielfs13 (148990 in chips, $15 bounty) 
Seat 2: doublecrosss (184138 in chips, $15 bounty) 
Seat 3: freekpower (300472 in chips, $37.50 bounty) 
Seat 4: pinguinho (64805 in chips, $20 bounty) 
Seat 5: drope$tyle (46200 in chips, $10 bounty) 
Seat 6: ReboundBro (106925 in chips, $15 bounty) 
Seat 7: Moncho1000 (98263 in chips, $10 bounty) 
Seat 8: Kaltzem (23365 in chips, $10 bounty) 
Gabrielfs13: posts the ante 250
doublecrosss: posts the ante 250
freekpower: posts the ante 250
pinguinho: posts the ante 250
drope$tyle: posts the ante 250
ReboundBro: posts the ante 250
Moncho1000: posts the ante 250
Kaltzem: posts the ante 250
Kaltzem: posts small blind 1000
Gabrielfs13: posts big blind 2000
*** HOLE CARDS ***
Dealt to Gabrielfs13 [2h 7c]
doublecrosss: folds 
freekpower: folds 
pinguinho: folds 
drope$tyle: folds 
ReboundBro: calls 2000
Moncho1000: folds 
Kaltzem: raises 21115 to 23115 and is all-in
Gabrielfs13: folds 
ReboundBro: calls 21115
*** FLOP *** [Ah 6c 9s]
*** TURN *** [Ah 6c 9s] [3d]
*** RIVER *** [Ah 6c 9s 3d] [As]
*** SHOW DOWN ***
Kaltzem: shows [Kd Jc] (a pair of Aces)
ReboundBro: shows [Ks Qc] (a pair of Aces - King+Queen kicker)
ReboundBro collected 50230 from pot
ReboundBro wins $5 for eliminating Kaltzem and their own bounty increases by $5 to $20
Kaltzem finished the tournament
*** SUMMARY ***
Total pot 50230 | Rake 0 
Board [Ah 6c 9s 3d As]
Seat 1: Gabrielfs13 (big blind) folded before Flop
Seat 2: doublecrosss folded before Flop (didn't bet)
Seat 3: freekpower folded before Flop (didn't bet)
Seat 4: pinguinho folded before Flop (didn't bet)
Seat 5: drope$tyle folded before Flop (didn't bet)
Seat 6: ReboundBro showed [Ks Qc] and won (50230) with a pair of Aces
Seat 7: Moncho1000 (button) folded before Flop (didn't bet)
Seat 8: Kaltzem (small blind) showed [Kd Jc] and lost with a pair of Aces



PokerStars Hand #257198903130: Tournament #3913501752, $10+$10+$2 USD Hold'em No Limit - Level XII (1000/2000) - 2025/08/03 14:06:46 BRT [2025/08/03 13:06:46 ET]
Table '3913501752 259' 8-max Seat #1 is the button
Seat 1: Gabrielfs13 (146740 in chips, $15 bounty) 
Seat 2: doublecrosss (183888 in chips, $15 bounty) 
Seat 3: freekpower (300222 in chips, $37.50 bounty) 
Seat 4: pinguinho (64555 in chips, $20 bounty) 
Seat 5: drope$tyle (45950 in chips, $10 bounty) 
Seat 6: ReboundBro (133790 in chips, $20 bounty) 
Seat 7: Moncho1000 (98013 in chips, $10 bounty) 
Gabrielfs13: posts the ante 250
doublecrosss: posts the ante 250
freekpower: posts the ante 250
pinguinho: posts the ante 250
drope$tyle: posts the ante 250
ReboundBro: posts the ante 250
Moncho1000: posts the ante 250
doublecrosss: posts small blind 1000
freekpower: posts big blind 2000
*** HOLE CARDS ***
Dealt to Gabrielfs13 [Ac 8d]
pinguinho: folds 
drope$tyle: folds 
ReboundBro: raises 2200 to 4200
Moncho1000: folds 
Gabrielfs13: raises 14800 to 19000
doublecrosss: folds 
freekpower: folds 
ReboundBro: folds 
Uncalled bet (14800) returned to Gabrielfs13
Gabrielfs13 collected 13150 from pot
Gabrielfs13: doesn't show hand 
*** SUMMARY ***
Total pot 13150 | Rake 0 
Seat 1: Gabrielfs13 (button) collected (13150)
Seat 2: doublecrosss (small blind) folded before Flop
Seat 3: freekpower (big blind) folded before Flop
Seat 4: pinguinho folded before Flop (didn't bet)
Seat 5: drope$tyle folded before Flop (didn't bet)
Seat 6: ReboundBro folded before Flop
Seat 7: Moncho1000 folded before Flop (didn't bet)



PokerStars Hand #257198913392: Tournament #3913501752, $10+$10+$2 USD Hold'em No Limit - Level XII (1000/2000) - 2025/08/03 14:07:29 BRT [2025/08/03 13:07:29 ET]
Table '3913501752 259' 8-max Seat #2 is the button
Seat 1: Gabrielfs13 (155440 in chips, $15 bounty) 
Seat 2: doublecrosss (182638 in chips, $15 bounty) 
Seat 3: freekpower (297972 in chips, $37.50 bounty) 
Seat 4: pinguinho (64305 in chips, $20 bounty) 
Seat 5: drope$tyle (45700 in chips, $10 bounty) 
Seat 6: ReboundBro (129340 in chips, $20 bounty) 
Seat 7: Moncho1000 (97763 in chips, $10 bounty) 
Seat 8: Alika DJ (230943 in chips, $30 bounty) 
Gabrielfs13: posts the ante 250
doublecrosss: posts the ante 250
freekpower: posts the ante 250
pinguinho: posts the ante 250
drope$tyle: posts the ante 250
ReboundBro: posts the ante 250
Moncho1000: posts the ante 250
Alika DJ: posts the ante 250
freekpower: posts small blind 1000
pinguinho: posts big blind 2000
*** HOLE CARDS ***
Dealt to Gabrielfs13 [Jh Jc]
drope$tyle: folds 
ReboundBro: folds 
Moncho1000: raises 4000 to 6000
Alika DJ: folds 
Gabrielfs13: raises 14000 to 20000
doublecrosss: folds 
freekpower: folds 
pinguinho: folds 
Moncho1000: calls 14000
*** FLOP *** [5d 4s 9c]
Moncho1000: checks 
Gabrielfs13: bets 22500
Moncho1000: raises 55013 to 77513 and is all-in
Gabrielfs13: calls 55013
*** TURN *** [5d 4s 9c] [3c]
*** RIVER *** [5d 4s 9c 3c] [7h]
*** SHOW DOWN ***
Moncho1000: shows [Qh Qd] (a pair of Queens)
Gabrielfs13: shows [Jh Jc] (a pair of Jacks)
Moncho1000 collected 200026 from pot
*** SUMMARY ***
Total pot 200026 | Rake 0 
Board [5d 4s 9c 3c 7h]
Seat 1: Gabrielfs13 showed [Jh Jc] and lost with a pair of Jacks
Seat 2: doublecrosss (button) folded before Flop (didn't bet)
Seat 3: freekpower (small blind) folded before Flop
Seat 4: pinguinho (big blind) folded before Flop
Seat 5: drope$tyle folded before Flop (didn't bet)
Seat 6: ReboundBro folded before Flop (didn't bet)
Seat 7: Moncho1000 showed [Qh Qd] and won (200026) with a pair of Queens
Seat 8: Alika DJ folded before Flop (didn't bet)



PokerStars Hand #257198934989: Tournament #3913501752, $10+$10+$2 USD Hold'em No Limit - Level XII (1000/2000) - 2025/08/03 14:08:59 BRT [2025/08/03 13:08:59 ET]
Table '3913501752 259' 8-max Seat #3 is the button
Seat 1: Gabrielfs13 (57677 in chips, $15 bounty) 
Seat 2: doublecrosss (182388 in chips, $15 bounty) 
Seat 3: freekpower (296722 in chips, $37.50 bounty) 
Seat 4: pinguinho (62055 in chips, $20 bounty) 
Seat 5: drope$tyle (45450 in chips, $10 bounty) 
Seat 6: ReboundBro (129090 in chips, $20 bounty) 
Seat 7: Moncho1000 (200026 in chips, $10 bounty) 
Seat 8: Alika DJ (230693 in chips, $30 bounty) 
Gabrielfs13: posts the ante 250
doublecrosss: posts the ante 250
freekpower: posts the ante 250
pinguinho: posts the ante 250
drope$tyle: posts the ante 250
ReboundBro: posts the ante 250
Moncho1000: posts the ante 250
Alika DJ: posts the ante 250
pinguinho: posts small blind 1000
drope$tyle: posts big blind 2000
*** HOLE CARDS ***
Dealt to Gabrielfs13 [Ah 4c]
ReboundBro: folds 
Moncho1000: calls 2000
Alika DJ: raises 6000 to 8000
Gabrielfs13: folds 
doublecrosss: folds 
freekpower: folds 
pinguinho: folds 
drope$tyle: folds 
Moncho1000: folds 
Uncalled bet (6000) returned to Alika DJ
Alika DJ collected 9000 from pot
*** SUMMARY ***
Total pot 9000 | Rake 0 
Seat 1: Gabrielfs13 folded before Flop (didn't bet)
Seat 2: doublecrosss folded before Flop (didn't bet)
Seat 3: freekpower (button) folded before Flop (didn't bet)
Seat 4: pinguinho (small blind) folded before Flop
Seat 5: drope$tyle (big blind) folded before Flop
Seat 6: ReboundBro folded before Flop (didn't bet)
Seat 7: Moncho1000 folded before Flop
Seat 8: Alika DJ collected (9000)



PokerStars Hand #257198947859: Tournament #3913501752, $10+$10+$2 USD Hold'em No Limit - Level XII (1000/2000) - 2025/08/03 14:09:52 BRT [2025/08/03 13:09:52 ET]
Table '3913501752 259' 8-max Seat #4 is the button
Seat 1: Gabrielfs13 (57427 in chips, $15 bounty) 
Seat 2: doublecrosss (182138 in chips, $15 bounty) 
Seat 3: freekpower (296472 in chips, $37.50 bounty) 
Seat 4: pinguinho (60805 in chips, $20 bounty) 
Seat 5: drope$tyle (43200 in chips, $10 bounty) 
Seat 6: ReboundBro (128840 in chips, $20 bounty) 
Seat 7: Moncho1000 (197776 in chips, $10 bounty) 
Seat 8: Alika DJ (237443 in chips, $30 bounty) 
Gabrielfs13: posts the ante 250
doublecrosss: posts the ante 250
freekpower: posts the ante 250
pinguinho: posts the ante 250
drope$tyle: posts the ante 250
ReboundBro: posts the ante 250
Moncho1000: posts the ante 250
Alika DJ: posts the ante 250
drope$tyle: posts small blind 1000
ReboundBro: posts big blind 2000
*** HOLE CARDS ***
Dealt to Gabrielfs13 [4d 5h]
Moncho1000: folds 
Alika DJ: raises 2000 to 4000
Gabrielfs13: folds 
doublecrosss: folds 
freekpower: folds 
pinguinho: folds 
drope$tyle: folds 
ReboundBro: calls 2000
*** FLOP *** [Th 2c 8h]
ReboundBro: checks 
Alika DJ: bets 2750
ReboundBro: folds 
Uncalled bet (2750) returned to Alika DJ
Alika DJ collected 11000 from pot
*** SUMMARY ***
Total pot 11000 | Rake 0 
Board [Th 2c 8h]
Seat 1: Gabrielfs13 folded before Flop (didn't bet)
Seat 2: doublecrosss folded before Flop (didn't bet)
Seat 3: freekpower folded before Flop (didn't bet)
Seat 4: pinguinho (button) folded before Flop (didn't bet)
Seat 5: drope$tyle (small blind) folded before Flop
Seat 6: ReboundBro (big blind) folded on the Flop
Seat 7: Moncho1000 folded before Flop (didn't bet)
Seat 8: Alika DJ collected (11000)



PokerStars Hand #257198960889: Tournament #3913501752, $10+$10+$2 USD Hold'em No Limit - Level XII (1000/2000) - 2025/08/03 14:10:45 BRT [2025/08/03 13:10:45 ET]
Table '3913501752 259' 8-max Seat #5 is the button
Seat 1: Gabrielfs13 (57177 in chips, $15 bounty) 
Seat 2: doublecrosss (181888 in chips, $15 bounty) 
Seat 3: freekpower (296222 in chips, $37.50 bounty) 
Seat 4: pinguinho (60555 in chips, $20 bounty) 
Seat 5: drope$tyle (41950 in chips, $10 bounty) 
Seat 6: ReboundBro (124590 in chips, $20 bounty) 
Seat 7: Moncho1000 (197526 in chips, $10 bounty) 
Seat 8: Alika DJ (244193 in chips, $30 bounty) 
Gabrielfs13: posts the ante 250
doublecrosss: posts the ante 250
freekpower: posts the ante 250
pinguinho: posts the ante 250
drope$tyle: posts the ante 250
ReboundBro: posts the ante 250
Moncho1000: posts the ante 250
Alika DJ: posts the ante 250
ReboundBro: posts small blind 1000
Moncho1000: posts big blind 2000
*** HOLE CARDS ***
Dealt to Gabrielfs13 [6h 5c]
Alika DJ: folds 
Gabrielfs13: folds 
doublecrosss: folds 
freekpower: raises 2000 to 4000
pinguinho: folds 
drope$tyle: raises 37700 to 41700 and is all-in
ReboundBro: folds 
Moncho1000: folds 
freekpower: calls 37700
*** FLOP *** [8s Qc 9s]
*** TURN *** [8s Qc 9s] [5s]
*** RIVER *** [8s Qc 9s 5s] [4s]
*** SHOW DOWN ***
freekpower: shows [Ac Th] (high card Ace)
drope$tyle: shows [Ts Qs] (a flush, Queen high)
drope$tyle collected 88400 from pot
*** SUMMARY ***
Total pot 88400 | Rake 0 
Board [8s Qc 9s 5s 4s]
Seat 1: Gabrielfs13 folded before Flop (didn't bet)
Seat 2: doublecrosss folded before Flop (didn't bet)
Seat 3: freekpower showed [Ac Th] and lost with high card Ace
Seat 4: pinguinho folded before Flop (didn't bet)
Seat 5: drope$tyle (button) showed [Ts Qs] and won (88400) with a flush, Queen high
Seat 6: ReboundBro (small blind) folded before Flop
Seat 7: Moncho1000 (big blind) folded before Flop
Seat 8: Alika DJ folded before Flop (didn't bet)



PokerStars Hand #257198972498: Tournament #3913501752, $10+$10+$2 USD Hold'em No Limit - Level XII (1000/2000) - 2025/08/03 14:11:32 BRT [2025/08/03 13:11:32 ET]
Table '3913501752 259' 8-max Seat #6 is the button
Seat 1: Gabrielfs13 (56927 in chips, $15 bounty) 
Seat 2: doublecrosss (181638 in chips, $15 bounty) 
Seat 3: freekpower (254272 in chips, $37.50 bounty) 
Seat 4: pinguinho (60305 in chips, $20 bounty) 
Seat 5: drope$tyle (88400 in chips, $10 bounty) 
Seat 6: ReboundBro (123340 in chips, $20 bounty) 
Seat 7: Moncho1000 (195276 in chips, $10 bounty) 
Seat 8: Alika DJ (243943 in chips, $30 bounty) 
Gabrielfs13: posts the ante 250
doublecrosss: posts the ante 250
freekpower: posts the ante 250
pinguinho: posts the ante 250
drope$tyle: posts the ante 250
ReboundBro: posts the ante 250
Moncho1000: posts the ante 250
Alika DJ: posts the ante 250
Moncho1000: posts small blind 1000
Alika DJ: posts big blind 2000
*** HOLE CARDS ***
Dealt to Gabrielfs13 [Ac Jd]
Gabrielfs13: raises 2000 to 4000
doublecrosss: folds 
freekpower: folds 
pinguinho: folds 
drope$tyle: calls 4000
ReboundBro: folds 
Moncho1000: folds 
Alika DJ: calls 2000
*** FLOP *** [2s Td 2h]
Alika DJ: checks 
Gabrielfs13: bets 4950
drope$tyle: calls 4950
doublecrosss is disconnected 
Alika DJ: folds 
*** TURN *** [2s Td 2h] [4c]
Gabrielfs13: checks 
doublecrosss is disconnected 
drope$tyle: bets 8225
Gabrielfs13: calls 8225
*** RIVER *** [2s Td 2h 4c] [9s]
Gabrielfs13: checks 
drope$tyle: checks 
*** SHOW DOWN ***
Gabrielfs13: shows [Ac Jd] (a pair of Deuces)
drope$tyle: shows [7c 7d] (two pair, Sevens and Deuces)
drope$tyle collected 41350 from pot
*** SUMMARY ***
Total pot 41350 | Rake 0 
Board [2s Td 2h 4c 9s]
Seat 1: Gabrielfs13 showed [Ac Jd] and lost with a pair of Deuces
Seat 2: doublecrosss folded before Flop (didn't bet)
Seat 3: freekpower folded before Flop (didn't bet)
Seat 4: pinguinho folded before Flop (didn't bet)
Seat 5: drope$tyle showed [7c 7d] and won (41350) with two pair, Sevens and Deuces
Seat 6: ReboundBro (button) folded before Flop (didn't bet)
Seat 7: Moncho1000 (small blind) folded before Flop
Seat 8: Alika DJ (big blind) folded on the Flop



PokerStars Hand #257198991104: Tournament #3913501752, $10+$10+$2 USD Hold'em No Limit - Level XII (1000/2000) - 2025/08/03 14:12:48 BRT [2025/08/03 13:12:48 ET]
Table '3913501752 259' 8-max Seat #7 is the button
Seat 1: Gabrielfs13 (39502 in chips, $15 bounty) 
Seat 2: doublecrosss (181388 in chips, $15 bounty) 
Seat 3: freekpower (254022 in chips, $37.50 bounty) 
Seat 4: pinguinho (60055 in chips, $20 bounty) 
Seat 5: drope$tyle (112325 in chips, $10 bounty) 
Seat 6: ReboundBro (123090 in chips, $20 bounty) 
Seat 7: Moncho1000 (194026 in chips, $10 bounty) 
Seat 8: Alika DJ (239693 in chips, $30 bounty) 
Gabrielfs13: posts the ante 250
doublecrosss: posts the ante 250
freekpower: posts the ante 250
pinguinho: posts the ante 250
drope$tyle: posts the ante 250
ReboundBro: posts the ante 250
Moncho1000: posts the ante 250
Alika DJ: posts the ante 250
Alika DJ: posts small blind 1000
Gabrielfs13: posts big blind 2000
*** HOLE CARDS ***
Dealt to Gabrielfs13 [3s 4h]
doublecrosss: folds 
freekpower: raises 2000 to 4000
pinguinho: folds 
drope$tyle: raises 7000 to 11000
ReboundBro: folds 
Moncho1000: folds 
Alika DJ: folds 
Gabrielfs13: folds 
freekpower: calls 7000
*** FLOP *** [Jc Kc Qc]
freekpower: checks 
drope$tyle: bets 8750
freekpower: raises 234022 to 242772 and is all-in
drope$tyle: folds 
Uncalled bet (234022) returned to freekpower
freekpower collected 44500 from pot
freekpower: doesn't show hand 
*** SUMMARY ***
Total pot 44500 | Rake 0 
Board [Jc Kc Qc]
Seat 1: Gabrielfs13 (big blind) folded before Flop
Seat 2: doublecrosss folded before Flop (didn't bet)
Seat 3: freekpower collected (44500)
Seat 4: pinguinho folded before Flop (didn't bet)
Seat 5: drope$tyle folded on the Flop
Seat 6: ReboundBro folded before Flop (didn't bet)
Seat 7: Moncho1000 (button) folded before Flop (didn't bet)
Seat 8: Alika DJ (small blind) folded before Flop



PokerStars Hand #257199002230: Tournament #3913501752, $10+$10+$2 USD Hold'em No Limit - Level XII (1000/2000) - 2025/08/03 14:13:34 BRT [2025/08/03 13:13:34 ET]
Table '3913501752 259' 8-max Seat #8 is the button
Seat 1: Gabrielfs13 (37252 in chips, $15 bounty) 
Seat 2: doublecrosss (181138 in chips, $15 bounty) 
Seat 3: freekpower (278522 in chips, $37.50 bounty) 
Seat 4: pinguinho (59805 in chips, $20 bounty) 
Seat 5: drope$tyle (92325 in chips, $10 bounty) 
Seat 6: ReboundBro (122840 in chips, $20 bounty) 
Seat 7: Moncho1000 (193776 in chips, $10 bounty) 
Seat 8: Alika DJ (238443 in chips, $30 bounty) 
Gabrielfs13: posts the ante 250
doublecrosss: posts the ante 250
freekpower: posts the ante 250
pinguinho: posts the ante 250
drope$tyle: posts the ante 250
ReboundBro: posts the ante 250
Moncho1000: posts the ante 250
Alika DJ: posts the ante 250
Gabrielfs13: posts small blind 1000
doublecrosss: posts big blind 2000
*** HOLE CARDS ***
Dealt to Gabrielfs13 [Qs Ac]
freekpower: folds 
pinguinho: folds 
drope$tyle: folds 
ReboundBro: folds 
Moncho1000: folds 
Alika DJ: folds 
Gabrielfs13: calls 1000
doublecrosss: checks 
*** FLOP *** [Kc Tc 6h]
Gabrielfs13: bets 2000
doublecrosss: calls 2000
*** TURN *** [Kc Tc 6h] [Ad]
Gabrielfs13: bets 2000
doublecrosss: calls 2000
*** RIVER *** [Kc Tc 6h Ad] [3d]
Gabrielfs13: bets 31002 and is all-in
doublecrosss: folds 
Uncalled bet (31002) returned to Gabrielfs13
Gabrielfs13 collected 14000 from pot
Gabrielfs13: doesn't show hand 
*** SUMMARY ***
Total pot 14000 | Rake 0 
Board [Kc Tc 6h Ad 3d]
Seat 1: Gabrielfs13 (small blind) collected (14000)
Seat 2: doublecrosss (big blind) folded on the River
Seat 3: freekpower folded before Flop (didn't bet)
Seat 4: pinguinho folded before Flop (didn't bet)
Seat 5: drope$tyle folded before Flop (didn't bet)
Seat 6: ReboundBro folded before Flop (didn't bet)
Seat 7: Moncho1000 folded before Flop (didn't bet)
Seat 8: Alika DJ (button) folded before Flop (didn't bet)



PokerStars Hand #257199013945: Tournament #3913501752, $10+$10+$2 USD Hold'em No Limit - Level XII (1000/2000) - 2025/08/03 14:14:21 BRT [2025/08/03 13:14:21 ET]
Table '3913501752 259' 8-max Seat #1 is the button
Seat 1: Gabrielfs13 (45002 in chips, $15 bounty) 
Seat 2: doublecrosss (174888 in chips, $15 bounty) 
Seat 3: freekpower (278272 in chips, $37.50 bounty) 
Seat 4: pinguinho (59555 in chips, $20 bounty) 
Seat 5: drope$tyle (92075 in chips, $10 bounty) 
Seat 6: ReboundBro (122590 in chips, $20 bounty) 
Seat 7: Moncho1000 (193526 in chips, $10 bounty) 
Seat 8: Alika DJ (238193 in chips, $30 bounty) 
Gabrielfs13: posts the ante 250
doublecrosss: posts the ante 250
freekpower: posts the ante 250
pinguinho: posts the ante 250
drope$tyle: posts the ante 250
ReboundBro: posts the ante 250
Moncho1000: posts the ante 250
Alika DJ: posts the ante 250
doublecrosss: posts small blind 1000
freekpower: posts big blind 2000
*** HOLE CARDS ***
Dealt to Gabrielfs13 [4c Js]
pinguinho: folds 
drope$tyle: raises 2000 to 4000
ReboundBro: folds 
Moncho1000: folds 
Alika DJ: folds 
Gabrielfs13: folds 
doublecrosss: calls 3000
freekpower: folds 
*** FLOP *** [8d 6s 9h]
doublecrosss: checks 
drope$tyle: bets 8000
doublecrosss: folds 
Uncalled bet (8000) returned to drope$tyle
drope$tyle collected 12000 from pot
drope$tyle: doesn't show hand 
*** SUMMARY ***
Total pot 12000 | Rake 0 
Board [8d 6s 9h]
Seat 1: Gabrielfs13 (button) folded before Flop (didn't bet)
Seat 2: doublecrosss (small blind) folded on the Flop
Seat 3: freekpower (big blind) folded before Flop
Seat 4: pinguinho folded before Flop (didn't bet)
Seat 5: drope$tyle collected (12000)
Seat 6: ReboundBro folded before Flop (didn't bet)
Seat 7: Moncho1000 folded before Flop (didn't bet)
Seat 8: Alika DJ folded before Flop (didn't bet)



PokerStars Hand #257199024895: Tournament #3913501752, $10+$10+$2 USD Hold'em No Limit - Level XII (1000/2000) - 2025/08/03 14:15:06 BRT [2025/08/03 13:15:06 ET]
Table '3913501752 259' 8-max Seat #2 is the button
Seat 1: Gabrielfs13 (44752 in chips, $15 bounty) 
Seat 2: doublecrosss (170638 in chips, $15 bounty) 
Seat 3: freekpower (276022 in chips, $37.50 bounty) 
Seat 4: pinguinho (59305 in chips, $20 bounty) 
Seat 5: drope$tyle (99825 in chips, $10 bounty) 
Seat 6: ReboundBro (122340 in chips, $20 bounty) 
Seat 7: Moncho1000 (193276 in chips, $10 bounty) 
Seat 8: Alika DJ (237943 in chips, $30 bounty) 
Gabrielfs13: posts the ante 250
doublecrosss: posts the ante 250
freekpower: posts the ante 250
pinguinho: posts the ante 250
drope$tyle: posts the ante 250
ReboundBro: posts the ante 250
Moncho1000: posts the ante 250
Alika DJ: posts the ante 250
freekpower: posts small blind 1000
pinguinho: posts big blind 2000
*** HOLE CARDS ***
Dealt to Gabrielfs13 [7c 5d]
drope$tyle: folds 
ReboundBro: folds 
Moncho1000: calls 2000
Alika DJ: folds 
Gabrielfs13: folds 
doublecrosss: raises 8000 to 10000
freekpower: folds 
pinguinho: folds 
Moncho1000: folds 
Uncalled bet (8000) returned to doublecrosss
doublecrosss collected 9000 from pot
doublecrosss: doesn't show hand 
*** SUMMARY ***
Total pot 9000 | Rake 0 
Seat 1: Gabrielfs13 folded before Flop (didn't bet)
Seat 2: doublecrosss (button) collected (9000)
Seat 3: freekpower (small blind) folded before Flop
Seat 4: pinguinho (big blind) folded before Flop
Seat 5: drope$tyle folded before Flop (didn't bet)
Seat 6: ReboundBro folded before Flop (didn't bet)
Seat 7: Moncho1000 folded before Flop
Seat 8: Alika DJ folded before Flop (didn't bet)



PokerStars Hand #257199034839: Tournament #3913501752, $10+$10+$2 USD Hold'em No Limit - Level XII (1000/2000) - 2025/08/03 14:15:46 BRT [2025/08/03 13:15:46 ET]
Table '3913501752 259' 8-max Seat #3 is the button
Seat 1: Gabrielfs13 (44502 in chips, $15 bounty) 
Seat 2: doublecrosss (177388 in chips, $15 bounty) 
Seat 3: freekpower (274772 in chips, $37.50 bounty) 
Seat 4: pinguinho (57055 in chips, $20 bounty) 
Seat 5: drope$tyle (99575 in chips, $10 bounty) 
Seat 6: ReboundBro (122090 in chips, $20 bounty) 
Seat 7: Moncho1000 (191026 in chips, $10 bounty) 
Seat 8: Alika DJ (237693 in chips, $30 bounty) 
Gabrielfs13: posts the ante 250
doublecrosss: posts the ante 250
freekpower: posts the ante 250
pinguinho: posts the ante 250
drope$tyle: posts the ante 250
ReboundBro: posts the ante 250
Moncho1000: posts the ante 250
Alika DJ: posts the ante 250
pinguinho: posts small blind 1000
drope$tyle: posts big blind 2000
*** HOLE CARDS ***
Dealt to Gabrielfs13 [Kh Jc]
ReboundBro: folds 
Moncho1000: raises 4000 to 6000
Alika DJ: folds 
Gabrielfs13: folds 
doublecrosss: folds 
freekpower: folds 
pinguinho: folds 
drope$tyle: folds 
Uncalled bet (4000) returned to Moncho1000
Moncho1000 collected 7000 from pot
Moncho1000: doesn't show hand 
*** SUMMARY ***
Total pot 7000 | Rake 0 
Seat 1: Gabrielfs13 folded before Flop (didn't bet)
Seat 2: doublecrosss folded before Flop (didn't bet)
Seat 3: freekpower (button) folded before Flop (didn't bet)
Seat 4: pinguinho (small blind) folded before Flop
Seat 5: drope$tyle (big blind) folded before Flop
Seat 6: ReboundBro folded before Flop (didn't bet)
Seat 7: Moncho1000 collected (7000)
Seat 8: Alika DJ folded before Flop (didn't bet)



PokerStars Hand #257199047612: Tournament #3913501752, $10+$10+$2 USD Hold'em No Limit - Level XII (1000/2000) - 2025/08/03 14:16:38 BRT [2025/08/03 13:16:38 ET]
Table '3913501752 259' 8-max Seat #4 is the button
Seat 1: Gabrielfs13 (44252 in chips, $15 bounty) 
Seat 2: doublecrosss (177138 in chips, $15 bounty) 
Seat 3: freekpower (274522 in chips, $37.50 bounty) 
Seat 4: pinguinho (55805 in chips, $20 bounty) 
Seat 5: drope$tyle (97325 in chips, $10 bounty) 
Seat 6: ReboundBro (121840 in chips, $20 bounty) 
Seat 7: Moncho1000 (195776 in chips, $10 bounty) 
Seat 8: Alika DJ (237443 in chips, $30 bounty) 
Gabrielfs13: posts the ante 250
doublecrosss: posts the ante 250
freekpower: posts the ante 250
pinguinho: posts the ante 250
drope$tyle: posts the ante 250
ReboundBro: posts the ante 250
Moncho1000: posts the ante 250
Alika DJ: posts the ante 250
drope$tyle: posts small blind 1000
ReboundBro: posts big blind 2000
*** HOLE CARDS ***
Dealt to Gabrielfs13 [6d 6s]
Moncho1000: folds 
Alika DJ: folds 
Gabrielfs13: raises 2000 to 4000
doublecrosss: folds 
freekpower: folds 
pinguinho: folds 
drope$tyle: folds 
ReboundBro: calls 2000
*** FLOP *** [3h 7d Ad]
ReboundBro: checks 
Gabrielfs13: bets 3000
ReboundBro: folds 
Uncalled bet (3000) returned to Gabrielfs13
Gabrielfs13 collected 11000 from pot
Gabrielfs13: doesn't show hand 
*** SUMMARY ***
Total pot 11000 | Rake 0 
Board [3h 7d Ad]
Seat 1: Gabrielfs13 collected (11000)
Seat 2: doublecrosss folded before Flop (didn't bet)
Seat 3: freekpower folded before Flop (didn't bet)
Seat 4: pinguinho (button) folded before Flop (didn't bet)
Seat 5: drope$tyle (small blind) folded before Flop
Seat 6: ReboundBro (big blind) folded on the Flop
Seat 7: Moncho1000 folded before Flop (didn't bet)
Seat 8: Alika DJ folded before Flop (didn't bet)



PokerStars Hand #257199056661: Tournament #3913501752, $10+$10+$2 USD Hold'em No Limit - Level XII (1000/2000) - 2025/08/03 14:17:15 BRT [2025/08/03 13:17:15 ET]
Table '3913501752 259' 8-max Seat #5 is the button
Seat 1: Gabrielfs13 (51002 in chips, $15 bounty) 
Seat 2: doublecrosss (176888 in chips, $15 bounty) 
Seat 3: freekpower (274272 in chips, $37.50 bounty) 
Seat 4: pinguinho (55555 in chips, $20 bounty) 
Seat 5: drope$tyle (96075 in chips, $10 bounty) 
Seat 6: ReboundBro (117590 in chips, $20 bounty) 
Seat 7: Moncho1000 (195526 in chips, $10 bounty) 
Seat 8: Alika DJ (237193 in chips, $30 bounty) 
Gabrielfs13: posts the ante 250
doublecrosss: posts the ante 250
freekpower: posts the ante 250
pinguinho: posts the ante 250
drope$tyle: posts the ante 250
ReboundBro: posts the ante 250
Moncho1000: posts the ante 250
Alika DJ: posts the ante 250
ReboundBro: posts small blind 1000
Moncho1000: posts big blind 2000
*** HOLE CARDS ***
Dealt to Gabrielfs13 [8d Ac]
Alika DJ: folds 
Gabrielfs13: folds 
doublecrosss: folds 
freekpower: raises 2000 to 4000
pinguinho: raises 8000 to 12000
drope$tyle: folds 
ReboundBro: folds 
Moncho1000: folds 
freekpower: raises 262022 to 274022 and is all-in
pinguinho: calls 43305 and is all-in
Uncalled bet (218717) returned to freekpower
*** FLOP *** [4c 5h Jd]
*** TURN *** [4c 5h Jd] [9h]
*** RIVER *** [4c 5h Jd 9h] [Qc]
*** SHOW DOWN ***
freekpower: shows [Th Td] (a pair of Tens)
pinguinho: shows [Kd Ks] (a pair of Kings)
pinguinho collected 115610 from pot
*** SUMMARY ***
Total pot 115610 | Rake 0 
Board [4c 5h Jd 9h Qc]
Seat 1: Gabrielfs13 folded before Flop (didn't bet)
Seat 2: doublecrosss folded before Flop (didn't bet)
Seat 3: freekpower showed [Th Td] and lost with a pair of Tens
Seat 4: pinguinho showed [Kd Ks] and won (115610) with a pair of Kings
Seat 5: drope$tyle (button) folded before Flop (didn't bet)
Seat 6: ReboundBro (small blind) folded before Flop
Seat 7: Moncho1000 (big blind) folded before Flop
Seat 8: Alika DJ folded before Flop (didn't bet)



PokerStars Hand #257199071032: Tournament #3913501752, $10+$10+$2 USD Hold'em No Limit - Level XIII (1250/2500) - 2025/08/03 14:18:14 BRT [2025/08/03 13:18:14 ET]
Table '3913501752 259' 8-max Seat #6 is the button
Seat 1: Gabrielfs13 (50752 in chips, $15 bounty) 
Seat 2: doublecrosss (176638 in chips, $15 bounty) 
Seat 3: freekpower (218717 in chips, $37.50 bounty) 
Seat 4: pinguinho (115610 in chips, $20 bounty) 
Seat 5: drope$tyle (95825 in chips, $10 bounty) 
Seat 6: ReboundBro (116340 in chips, $20 bounty) 
Seat 7: Moncho1000 (193276 in chips, $10 bounty) 
Seat 8: Alika DJ (236943 in chips, $30 bounty) 
Gabrielfs13: posts the ante 325
doublecrosss: posts the ante 325
freekpower: posts the ante 325
pinguinho: posts the ante 325
drope$tyle: posts the ante 325
ReboundBro: posts the ante 325
Moncho1000: posts the ante 325
Alika DJ: posts the ante 325
Moncho1000: posts small blind 1250
Alika DJ: posts big blind 2500
*** HOLE CARDS ***
Dealt to Gabrielfs13 [Qd Kd]
Gabrielfs13: raises 2500 to 5000
doublecrosss: folds 
freekpower: calls 5000
pinguinho: folds 
drope$tyle: folds 
ReboundBro: folds 
Moncho1000: calls 3750
Alika DJ: calls 2500
*** FLOP *** [7d 3s Th]
Moncho1000: bets 17500
Alika DJ: folds 
Gabrielfs13: folds 
freekpower: folds 
Uncalled bet (17500) returned to Moncho1000
Moncho1000 collected 22600 from pot
Moncho1000: doesn't show hand 
*** SUMMARY ***
Total pot 22600 | Rake 0 
Board [7d 3s Th]
Seat 1: Gabrielfs13 folded on the Flop
Seat 2: doublecrosss folded before Flop (didn't bet)
Seat 3: freekpower folded on the Flop
Seat 4: pinguinho folded before Flop (didn't bet)
Seat 5: drope$tyle folded before Flop (didn't bet)
Seat 6: ReboundBro (button) folded before Flop (didn't bet)
Seat 7: Moncho1000 (small blind) collected (22600)
Seat 8: Alika DJ (big blind) folded on the Flop



PokerStars Hand #257199084301: Tournament #3913501752, $10+$10+$2 USD Hold'em No Limit - Level XIII (1250/2500) - 2025/08/03 14:19:08 BRT [2025/08/03 13:19:08 ET]
Table '3913501752 259' 8-max Seat #7 is the button
Seat 1: Gabrielfs13 (45427 in chips, $15 bounty) 
Seat 2: doublecrosss (176313 in chips, $15 bounty) 
Seat 3: freekpower (213392 in chips, $37.50 bounty) 
Seat 4: pinguinho (115285 in chips, $20 bounty) 
Seat 5: drope$tyle (95500 in chips, $10 bounty) 
Seat 6: ReboundBro (116015 in chips, $20 bounty) 
Seat 7: Moncho1000 (210551 in chips, $10 bounty) 
Seat 8: Alika DJ (231618 in chips, $30 bounty) 
Gabrielfs13: posts the ante 325
doublecrosss: posts the ante 325
freekpower: posts the ante 325
pinguinho: posts the ante 325
drope$tyle: posts the ante 325
ReboundBro: posts the ante 325
Moncho1000: posts the ante 325
Alika DJ: posts the ante 325
Alika DJ: posts small blind 1250
Gabrielfs13: posts big blind 2500
*** HOLE CARDS ***
Dealt to Gabrielfs13 [2h Ac]
doublecrosss: raises 6250 to 8750
freekpower: folds 
pinguinho: folds 
drope$tyle: folds 
ReboundBro: folds 
Moncho1000: folds 
Alika DJ: folds 
Gabrielfs13: folds 
Uncalled bet (6250) returned to doublecrosss
doublecrosss collected 8850 from pot
doublecrosss: doesn't show hand 
*** SUMMARY ***
Total pot 8850 | Rake 0 
Seat 1: Gabrielfs13 (big blind) folded before Flop
Seat 2: doublecrosss collected (8850)
Seat 3: freekpower folded before Flop (didn't bet)
Seat 4: pinguinho folded before Flop (didn't bet)
Seat 5: drope$tyle folded before Flop (didn't bet)
Seat 6: ReboundBro folded before Flop (didn't bet)
Seat 7: Moncho1000 (button) folded before Flop (didn't bet)
Seat 8: Alika DJ (small blind) folded before Flop



PokerStars Hand #257199091585: Tournament #3913501752, $10+$10+$2 USD Hold'em No Limit - Level XIII (1250/2500) - 2025/08/03 14:19:37 BRT [2025/08/03 13:19:37 ET]
Table '3913501752 259' 8-max Seat #8 is the button
Seat 1: Gabrielfs13 (42602 in chips, $15 bounty) 
Seat 2: doublecrosss (182338 in chips, $15 bounty) 
Seat 3: freekpower (213067 in chips, $37.50 bounty) 
Seat 4: pinguinho (114960 in chips, $20 bounty) 
Seat 5: drope$tyle (95175 in chips, $10 bounty) 
Seat 6: ReboundBro (115690 in chips, $20 bounty) 
Seat 7: Moncho1000 (210226 in chips, $10 bounty) 
Seat 8: Alika DJ (230043 in chips, $30 bounty) 
Gabrielfs13: posts the ante 325
doublecrosss: posts the ante 325
freekpower: posts the ante 325
pinguinho: posts the ante 325
drope$tyle: posts the ante 325
ReboundBro: posts the ante 325
Moncho1000: posts the ante 325
Alika DJ: posts the ante 325
Gabrielfs13: posts small blind 1250
doublecrosss: posts big blind 2500
*** HOLE CARDS ***
Dealt to Gabrielfs13 [Kh Ac]
freekpower: folds 
pinguinho: folds 
drope$tyle: raises 2500 to 5000
ReboundBro: folds 
Moncho1000: folds 
Alika DJ: folds 
Gabrielfs13: raises 37277 to 42277 and is all-in
doublecrosss: folds 
drope$tyle: calls 37277
*** FLOP *** [4d Qd 5s]
*** TURN *** [4d Qd 5s] [7c]
*** RIVER *** [4d Qd 5s 7c] [5h]
*** SHOW DOWN ***
Gabrielfs13: shows [Kh Ac] (a pair of Fives)
drope$tyle: shows [Ad Js] (a pair of Fives - lower kicker)
Gabrielfs13 collected 89654 from pot
*** SUMMARY ***
Total pot 89654 | Rake 0 
Board [4d Qd 5s 7c 5h]
Seat 1: Gabrielfs13 (small blind) showed [Kh Ac] and won (89654) with a pair of Fives
Seat 2: doublecrosss (big blind) folded before Flop
Seat 3: freekpower folded before Flop (didn't bet)
Seat 4: pinguinho folded before Flop (didn't bet)
Seat 5: drope$tyle showed [Ad Js] and lost with a pair of Fives
Seat 6: ReboundBro folded before Flop (didn't bet)
Seat 7: Moncho1000 folded before Flop (didn't bet)
Seat 8: Alika DJ (button) folded before Flop (didn't bet)



PokerStars Hand #257199101251: Tournament #3913501752, $10+$10+$2 USD Hold'em No Limit - Level XIII (1250/2500) - 2025/08/03 14:20:16 BRT [2025/08/03 13:20:16 ET]
Table '3913501752 259' 8-max Seat #1 is the button
Seat 1: Gabrielfs13 (89654 in chips, $15 bounty) 
Seat 2: doublecrosss (179513 in chips, $15 bounty) 
Seat 3: freekpower (212742 in chips, $37.50 bounty) 
Seat 4: pinguinho (114635 in chips, $20 bounty) 
Seat 5: drope$tyle (52573 in chips, $10 bounty) 
Seat 6: ReboundBro (115365 in chips, $20 bounty) 
Seat 7: Moncho1000 (209901 in chips, $10 bounty) 
Seat 8: Alika DJ (229718 in chips, $30 bounty) 
Gabrielfs13: posts the ante 325
doublecrosss: posts the ante 325
freekpower: posts the ante 325
pinguinho: posts the ante 325
drope$tyle: posts the ante 325
ReboundBro: posts the ante 325
Moncho1000: posts the ante 325
Alika DJ: posts the ante 325
doublecrosss: posts small blind 1250
freekpower: posts big blind 2500
*** HOLE CARDS ***
Dealt to Gabrielfs13 [2d 7h]
pinguinho: folds 
drope$tyle: folds 
ReboundBro: folds 
Moncho1000: folds 
Alika DJ: raises 2500 to 5000
Gabrielfs13: folds 
doublecrosss: folds 
freekpower: calls 2500
*** FLOP *** [4s Th Kh]
freekpower: checks 
Alika DJ: bets 3463
freekpower: calls 3463
*** TURN *** [4s Th Kh] [4d]
freekpower: checks 
Alika DJ: bets 8310
freekpower: calls 8310
*** RIVER *** [4s Th Kh 4d] [3h]
freekpower: checks 
Alika DJ: checks 
*** SHOW DOWN ***
freekpower: shows [Ts Ad] (two pair, Tens and Fours)
Alika DJ: mucks hand 
freekpower collected 37396 from pot
*** SUMMARY ***
Total pot 37396 | Rake 0 
Board [4s Th Kh 4d 3h]
Seat 1: Gabrielfs13 (button) folded before Flop (didn't bet)
Seat 2: doublecrosss (small blind) folded before Flop
Seat 3: freekpower (big blind) showed [Ts Ad] and won (37396) with two pair, Tens and Fours
Seat 4: pinguinho folded before Flop (didn't bet)
Seat 5: drope$tyle folded before Flop (didn't bet)
Seat 6: ReboundBro folded before Flop (didn't bet)
Seat 7: Moncho1000 folded before Flop (didn't bet)
Seat 8: Alika DJ mucked [Td 9s]



PokerStars Hand #257199119270: Tournament #3913501752, $10+$10+$2 USD Hold'em No Limit - Level XIII (1250/2500) - 2025/08/03 14:21:28 BRT [2025/08/03 13:21:28 ET]
Table '3913501752 259' 8-max Seat #2 is the button
Seat 1: Gabrielfs13 (89329 in chips, $15 bounty) 
Seat 2: doublecrosss (177938 in chips, $15 bounty) 
Seat 3: freekpower (233040 in chips, $37.50 bounty) 
Seat 4: pinguinho (114310 in chips, $20 bounty) 
Seat 5: drope$tyle (52248 in chips, $10 bounty) 
Seat 6: ReboundBro (115040 in chips, $20 bounty) 
Seat 7: Moncho1000 (209576 in chips, $10 bounty) 
Seat 8: Alika DJ (212620 in chips, $30 bounty) 
Gabrielfs13: posts the ante 325
doublecrosss: posts the ante 325
freekpower: posts the ante 325
pinguinho: posts the ante 325
drope$tyle: posts the ante 325
ReboundBro: posts the ante 325
Moncho1000: posts the ante 325
Alika DJ: posts the ante 325
freekpower: posts small blind 1250
pinguinho: posts big blind 2500
*** HOLE CARDS ***
Dealt to Gabrielfs13 [9c Jc]
drope$tyle: folds 
ReboundBro: folds 
Moncho1000: raises 5000 to 7500
Alika DJ: folds 
Gabrielfs13: calls 7500
doublecrosss: raises 17500 to 25000
freekpower: folds 
pinguinho: folds 
Moncho1000: folds 
Gabrielfs13: folds 
Uncalled bet (17500) returned to doublecrosss
doublecrosss collected 28850 from pot
doublecrosss: doesn't show hand 
*** SUMMARY ***
Total pot 28850 | Rake 0 
Seat 1: Gabrielfs13 folded before Flop
Seat 2: doublecrosss (button) collected (28850)
Seat 3: freekpower (small blind) folded before Flop
Seat 4: pinguinho (big blind) folded before Flop
Seat 5: drope$tyle folded before Flop (didn't bet)
Seat 6: ReboundBro folded before Flop (didn't bet)
Seat 7: Moncho1000 folded before Flop
Seat 8: Alika DJ folded before Flop (didn't bet)



PokerStars Hand #257199135425: Tournament #3913501752, $10+$10+$2 USD Hold'em No Limit - Level XIII (1250/2500) - 2025/08/03 14:22:32 BRT [2025/08/03 13:22:32 ET]
Table '3913501752 259' 8-max Seat #3 is the button
Seat 1: Gabrielfs13 (81504 in chips, $15 bounty) 
Seat 2: doublecrosss (198963 in chips, $15 bounty) 
Seat 3: freekpower (231465 in chips, $37.50 bounty) 
Seat 4: pinguinho (111485 in chips, $20 bounty) 
Seat 5: drope$tyle (51923 in chips, $10 bounty) 
Seat 6: ReboundBro (114715 in chips, $20 bounty) 
Seat 7: Moncho1000 (201751 in chips, $10 bounty) 
Seat 8: Alika DJ (212295 in chips, $30 bounty) 
Gabrielfs13: posts the ante 325
doublecrosss: posts the ante 325
freekpower: posts the ante 325
pinguinho: posts the ante 325
drope$tyle: posts the ante 325
ReboundBro: posts the ante 325
Moncho1000: posts the ante 325
Alika DJ: posts the ante 325
pinguinho: posts small blind 1250
drope$tyle: posts big blind 2500
*** HOLE CARDS ***
Dealt to Gabrielfs13 [Kh 3h]
ReboundBro: folds 
Moncho1000: raises 5000 to 7500
Alika DJ: calls 7500
Gabrielfs13: folds 
doublecrosss: folds 
freekpower: folds 
pinguinho: folds 
drope$tyle: calls 5000
*** FLOP *** [4d 9s 6s]
drope$tyle: checks 
Moncho1000: checks 
Alika DJ: bets 6588
drope$tyle: calls 6588
Moncho1000: calls 6588
*** TURN *** [4d 9s 6s] [8s]
drope$tyle: checks 
Moncho1000: checks 
Alika DJ: checks 
*** RIVER *** [4d 9s 6s 8s] [5s]
drope$tyle: checks 
Moncho1000: checks 
Alika DJ: checks 
*** SHOW DOWN ***
drope$tyle: shows [6h 6c] (three of a kind, Sixes)
Moncho1000: mucks hand 
Alika DJ: mucks hand 
drope$tyle collected 46114 from pot
*** SUMMARY ***
Total pot 46114 | Rake 0 
Board [4d 9s 6s 8s 5s]
Seat 1: Gabrielfs13 folded before Flop (didn't bet)
Seat 2: doublecrosss folded before Flop (didn't bet)
Seat 3: freekpower (button) folded before Flop (didn't bet)
Seat 4: pinguinho (small blind) folded before Flop
Seat 5: drope$tyle (big blind) showed [6h 6c] and won (46114) with three of a kind, Sixes
Seat 6: ReboundBro folded before Flop (didn't bet)
Seat 7: Moncho1000 mucked [Kc Ac]
Seat 8: Alika DJ mucked [Tc Th]



PokerStars Hand #257199156381: Tournament #3913501752, $10+$10+$2 USD Hold'em No Limit - Level XIII (1250/2500) - 2025/08/03 14:23:56 BRT [2025/08/03 13:23:56 ET]
Table '3913501752 259' 8-max Seat #4 is the button
Seat 1: Gabrielfs13 (81179 in chips, $15 bounty) 
Seat 2: doublecrosss (198638 in chips, $15 bounty) 
Seat 3: freekpower (231140 in chips, $37.50 bounty) 
Seat 4: pinguinho (109910 in chips, $20 bounty) 
Seat 5: drope$tyle (83624 in chips, $10 bounty) 
Seat 6: ReboundBro (114390 in chips, $20 bounty) 
Seat 7: Moncho1000 (187338 in chips, $10 bounty) 
Seat 8: Alika DJ (197882 in chips, $30 bounty) 
Gabrielfs13: posts the ante 325
doublecrosss: posts the ante 325
freekpower: posts the ante 325
pinguinho: posts the ante 325
drope$tyle: posts the ante 325
ReboundBro: posts the ante 325
Moncho1000: posts the ante 325
Alika DJ: posts the ante 325
drope$tyle: posts small blind 1250
ReboundBro: posts big blind 2500
*** HOLE CARDS ***
Dealt to Gabrielfs13 [8s Jc]
Moncho1000: folds 
Alika DJ: folds 
Gabrielfs13: folds 
doublecrosss: folds 
freekpower: raises 2500 to 5000
pinguinho: folds 
drope$tyle: folds 
ReboundBro: calls 2500
*** FLOP *** [4h 4d 9s]
ReboundBro: checks 
freekpower: checks 
*** TURN *** [4h 4d 9s] [3c]
ReboundBro: bets 12500
freekpower: folds 
Uncalled bet (12500) returned to ReboundBro
ReboundBro collected 13850 from pot
ReboundBro: doesn't show hand 
*** SUMMARY ***
Total pot 13850 | Rake 0 
Board [4h 4d 9s 3c]
Seat 1: Gabrielfs13 folded before Flop (didn't bet)
Seat 2: doublecrosss folded before Flop (didn't bet)
Seat 3: freekpower folded on the Turn
Seat 4: pinguinho (button) folded before Flop (didn't bet)
Seat 5: drope$tyle (small blind) folded before Flop
Seat 6: ReboundBro (big blind) collected (13850)
Seat 7: Moncho1000 folded before Flop (didn't bet)
Seat 8: Alika DJ folded before Flop (didn't bet)



PokerStars Hand #257199168098: Tournament #3913501752, $10+$10+$2 USD Hold'em No Limit - Level XIII (1250/2500) - 2025/08/03 14:24:43 BRT [2025/08/03 13:24:43 ET]
Table '3913501752 259' 8-max Seat #5 is the button
Seat 1: Gabrielfs13 (80854 in chips, $15 bounty) 
Seat 2: doublecrosss (198313 in chips, $15 bounty) 
Seat 3: freekpower (225815 in chips, $37.50 bounty) 
Seat 4: pinguinho (109585 in chips, $20 bounty) 
Seat 5: drope$tyle (82049 in chips, $10 bounty) 
Seat 6: ReboundBro (122915 in chips, $20 bounty) 
Seat 7: Moncho1000 (187013 in chips, $10 bounty) 
Seat 8: Alika DJ (197557 in chips, $30 bounty) 
Gabrielfs13: posts the ante 325
doublecrosss: posts the ante 325
freekpower: posts the ante 325
pinguinho: posts the ante 325
drope$tyle: posts the ante 325
ReboundBro: posts the ante 325
Moncho1000: posts the ante 325
Alika DJ: posts the ante 325
ReboundBro: posts small blind 1250
Moncho1000: posts big blind 2500
*** HOLE CARDS ***
Dealt to Gabrielfs13 [7s 7d]
Alika DJ: folds 
Gabrielfs13: raises 2500 to 5000
doublecrosss: folds 
freekpower: folds 
pinguinho: folds 
drope$tyle: raises 8750 to 13750
ReboundBro: folds 
Moncho1000: folds 
Gabrielfs13: calls 8750
*** FLOP *** [3c Qc As]
Gabrielfs13: checks 
drope$tyle: bets 9713
Gabrielfs13: folds 
Uncalled bet (9713) returned to drope$tyle
drope$tyle collected 33850 from pot
*** SUMMARY ***
Total pot 33850 | Rake 0 
Board [3c Qc As]
Seat 1: Gabrielfs13 folded on the Flop
Seat 2: doublecrosss folded before Flop (didn't bet)
Seat 3: freekpower folded before Flop (didn't bet)
Seat 4: pinguinho folded before Flop (didn't bet)
Seat 5: drope$tyle (button) collected (33850)
Seat 6: ReboundBro (small blind) folded before Flop
Seat 7: Moncho1000 (big blind) folded before Flop
Seat 8: Alika DJ folded before Flop (didn't bet)



PokerStars Hand #257199185414: Tournament #3913501752, $10+$10+$2 USD Hold'em No Limit - Level XIII (1250/2500) - 2025/08/03 14:25:53 BRT [2025/08/03 13:25:53 ET]
Table '3913501752 259' 8-max Seat #6 is the button
Seat 1: Gabrielfs13 (66779 in chips, $15 bounty) 
Seat 2: doublecrosss (197988 in chips, $15 bounty) 
Seat 3: freekpower (225490 in chips, $37.50 bounty) 
Seat 4: pinguinho (109260 in chips, $20 bounty) 
Seat 5: drope$tyle (101824 in chips, $10 bounty) 
Seat 6: ReboundBro (121340 in chips, $20 bounty) 
Seat 7: Moncho1000 (184188 in chips, $10 bounty) 
Seat 8: Alika DJ (197232 in chips, $30 bounty) 
Gabrielfs13: posts the ante 325
doublecrosss: posts the ante 325
freekpower: posts the ante 325
pinguinho: posts the ante 325
drope$tyle: posts the ante 325
ReboundBro: posts the ante 325
Moncho1000: posts the ante 325
Alika DJ: posts the ante 325
Moncho1000: posts small blind 1250
Alika DJ: posts big blind 2500
*** HOLE CARDS ***
Dealt to Gabrielfs13 [Qs Ad]
Gabrielfs13: raises 2500 to 5000
doublecrosss: calls 5000
freekpower: folds 
pinguinho: folds 
drope$tyle: folds 
ReboundBro: calls 5000
Moncho1000: calls 3750
Alika DJ: folds 
*** FLOP *** [Th 8d Qd]
Moncho1000: checks 
Gabrielfs13: bets 12550
doublecrosss: raises 42450 to 55000
ReboundBro: raises 61015 to 116015 and is all-in
Moncho1000: folds 
Gabrielfs13: calls 48904 and is all-in
doublecrosss: calls 61015
*** TURN *** [Th 8d Qd] [Jh]
*** RIVER *** [Th 8d Qd Jh] [5h]
*** SHOW DOWN ***
doublecrosss: shows [8c 8h] (three of a kind, Eights)
ReboundBro: shows [Ts Qh] (two pair, Queens and Tens)
doublecrosss collected 109122 from side pot
Gabrielfs13: shows [Qs Ad] (a pair of Queens)
doublecrosss collected 209462 from main pot
doublecrosss wins $7.50 for eliminating Gabrielfs13 and their own bounty increases by $7.50 to $22.50
doublecrosss wins $10 for eliminating ReboundBro and their own bounty increases by $10 to $32.50
ReboundBro finished the tournament
Gabrielfs13 finished the tournament
manocaio is disconnected 
*** SUMMARY ***
Total pot 318584 Main pot 209462. Side pot 109122. | Rake 0 
Board [Th 8d Qd Jh 5h]
Seat 1: Gabrielfs13 showed [Qs Ad] and lost with a pair of Queens
Seat 2: doublecrosss showed [8c 8h] and won (318584) with three of a kind, Eights
Seat 3: freekpower folded before Flop (didn't bet)
Seat 4: pinguinho folded before Flop (didn't bet)
Seat 5: drope$tyle folded before Flop (didn't bet)
Seat 6: ReboundBro (button) showed [Ts Qh] and lost with two pair, Queens and Tens
Seat 7: Moncho1000 (small blind) folded on the Flop
Seat 8: Alika DJ (big blind) folded before Flop



