PokerStars Hand #257279618391: Tournament #3916201917, $10.27+$0.73 USD Hold'em No Limit - Level VIII (125/250) - 2025/08/09 18:03:37 BRT [2025/08/09 17:03:37 ET]
Table '3916201917 6' 7-max Seat #7 is the button
Seat 1: oxide8888 (4590 in chips) 
Seat 2: jsmith091 (15299 in chips) 
Seat 3: denisovits (4120 in chips) 
Seat 4: KingfishKiwi (6825 in chips) 
Seat 5: amadeous73 (3429 in chips) 
Seat 6: Gabrielfs13 (5000 in chips) 
Seat 7: novagoh (4515 in chips) 
oxide8888: posts the ante 60
jsmith091: posts the ante 60
denisovits: posts the ante 60
KingfishKiwi: posts the ante 60
amadeous73: posts the ante 60
Gabrielfs13: posts the ante 60
novagoh: posts the ante 60
oxide8888: posts small blind 125
jsmith091: posts big blind 250
*** HOLE CARDS ***
Dealt to Gabrielfs13 [3d Ks]
denisovits: folds 
KingfishKiwi: calls 250
amadeous73: raises 3119 to 3369 and is all-in
Gabrielfs13: folds 
novagoh: raises 1086 to 4455 and is all-in
oxide8888: folds 
jsmith091: folds 
KingfishKiwi: folds 
Uncalled bet (1086) returned to novagoh
*** FLOP *** [3c Td Jh]
*** TURN *** [3c Td Jh] [8s]
*** RIVER *** [3c Td Jh 8s] [2h]
*** SHOW DOWN ***
amadeous73: shows [As Qs] (high card Ace)
novagoh: shows [Th Ts] (three of a kind, Tens)
novagoh collected 7783 from pot
amadeous73 finished the tournament
*** SUMMARY ***
Total pot 7783 | Rake 0 
Board [3c Td Jh 8s 2h]
Seat 1: oxide8888 (small blind) folded before Flop
Seat 2: jsmith091 (big blind) folded before Flop
Seat 3: denisovits folded before Flop (didn't bet)
Seat 4: KingfishKiwi folded before Flop
Seat 5: amadeous73 showed [As Qs] and lost with high card Ace
Seat 6: Gabrielfs13 folded before Flop (didn't bet)
Seat 7: novagoh (button) showed [Th Ts] and won (7783) with three of a kind, Tens



PokerStars Hand #257279627572: Tournament #3916201917, $10.27+$0.73 USD Hold'em No Limit - Level VIII (125/250) - 2025/08/09 18:04:16 BRT [2025/08/09 17:04:16 ET]
Table '3916201917 6' 7-max Seat #1 is the button
Seat 1: oxide8888 (4405 in chips) 
Seat 2: jsmith091 (14989 in chips) 
Seat 3: denisovits (4060 in chips) 
Seat 4: KingfishKiwi (6515 in chips) 
Seat 6: Gabrielfs13 (4940 in chips) 
Seat 7: novagoh (8869 in chips) 
oxide8888: posts the ante 60
jsmith091: posts the ante 60
denisovits: posts the ante 60
KingfishKiwi: posts the ante 60
Gabrielfs13: posts the ante 60
novagoh: posts the ante 60
jsmith091: posts small blind 125
denisovits: posts big blind 250
*** HOLE CARDS ***
Dealt to Gabrielfs13 [4h 3h]
daniturn is disconnected 
KingfishKiwi: calls 250
Gabrielfs13: folds 
novagoh: raises 250 to 500
oxide8888: folds 
jsmith091: folds 
denisovits: folds 
KingfishKiwi: calls 250
*** FLOP *** [5h Kc 3c]
KingfishKiwi: checks 
novagoh: bets 368
KingfishKiwi: calls 368
*** TURN *** [5h Kc 3c] [5c]
KingfishKiwi: checks 
novagoh: checks 
*** RIVER *** [5h Kc 3c 5c] [Js]
KingfishKiwi: bets 1250
novagoh: raises 6691 to 7941 and is all-in
KingfishKiwi: calls 4337 and is all-in
Uncalled bet (2354) returned to novagoh
*** SHOW DOWN ***
novagoh: shows [3d 3s] (a full house, Threes full of Fives)
KingfishKiwi: shows [6c 7c] (a flush, King high)
novagoh collected 13645 from pot
KingfishKiwi finished the tournament
*** SUMMARY ***
Total pot 13645 | Rake 0 
Board [5h Kc 3c 5c Js]
Seat 1: oxide8888 (button) folded before Flop (didn't bet)
Seat 2: jsmith091 (small blind) folded before Flop
Seat 3: denisovits (big blind) folded before Flop
Seat 4: KingfishKiwi showed [6c 7c] and lost with a flush, King high
Seat 6: Gabrielfs13 folded before Flop (didn't bet)
Seat 7: novagoh showed [3d 3s] and won (13645) with a full house, Threes full of Fives



PokerStars Hand #257279649964: Tournament #3916201917, $10.27+$0.73 USD Hold'em No Limit - Level IX (150/300) - 2025/08/09 18:05:52 BRT [2025/08/09 17:05:52 ET]
Table '3916201917 6' 7-max Seat #2 is the button
Seat 1: oxide8888 (4345 in chips) 
Seat 2: jsmith091 (14804 in chips) 
Seat 3: denisovits (3750 in chips) 
Seat 5: daniturn (5000 in chips) 
Seat 6: Gabrielfs13 (4880 in chips) 
Seat 7: novagoh (15999 in chips) 
oxide8888: posts the ante 75
jsmith091: posts the ante 75
denisovits: posts the ante 75
daniturn: posts the ante 75
Gabrielfs13: posts the ante 75
novagoh: posts the ante 75
denisovits: posts small blind 150
daniturn: posts big blind 300
*** HOLE CARDS ***
Dealt to Gabrielfs13 [Kd Tc]
Gabrielfs13: folds 
novagoh: folds 
oxide8888: folds 
jsmith091: raises 14429 to 14729 and is all-in
denisovits: folds 
daniturn: folds 
Uncalled bet (14429) returned to jsmith091
jsmith091 collected 1200 from pot
jsmith091: doesn't show hand 
*** SUMMARY ***
Total pot 1200 | Rake 0 
Seat 1: oxide8888 folded before Flop (didn't bet)
Seat 2: jsmith091 (button) collected (1200)
Seat 3: denisovits (small blind) folded before Flop
Seat 5: daniturn (big blind) folded before Flop
Seat 6: Gabrielfs13 folded before Flop (didn't bet)
Seat 7: novagoh folded before Flop (didn't bet)



PokerStars Hand #257279657989: Tournament #3916201917, $10.27+$0.73 USD Hold'em No Limit - Level IX (150/300) - 2025/08/09 18:06:26 BRT [2025/08/09 17:06:26 ET]
Table '3916201917 6' 7-max Seat #3 is the button
Seat 1: oxide8888 (4270 in chips) 
Seat 2: jsmith091 (15629 in chips) 
Seat 3: denisovits (3525 in chips) 
Seat 5: daniturn (4625 in chips) 
Seat 6: Gabrielfs13 (4805 in chips) 
Seat 7: novagoh (15924 in chips) 
oxide8888: posts the ante 75
jsmith091: posts the ante 75
denisovits: posts the ante 75
daniturn: posts the ante 75
Gabrielfs13: posts the ante 75
novagoh: posts the ante 75
daniturn: posts small blind 150
Gabrielfs13: posts big blind 300
*** HOLE CARDS ***
Dealt to Gabrielfs13 [Ts As]
novagoh: folds 
oxide8888: folds 
jsmith091: folds 
denisovits: folds 
daniturn: folds 
Uncalled bet (150) returned to Gabrielfs13
Gabrielfs13 collected 750 from pot
Gabrielfs13: doesn't show hand 
*** SUMMARY ***
Total pot 750 | Rake 0 
Seat 1: oxide8888 folded before Flop (didn't bet)
Seat 2: jsmith091 folded before Flop (didn't bet)
Seat 3: denisovits (button) folded before Flop (didn't bet)
Seat 5: daniturn (small blind) folded before Flop
Seat 6: Gabrielfs13 (big blind) collected (750)
Seat 7: novagoh folded before Flop (didn't bet)



PokerStars Hand #257279662411: Tournament #3916201917, $10.27+$0.73 USD Hold'em No Limit - Level IX (150/300) - 2025/08/09 18:06:44 BRT [2025/08/09 17:06:44 ET]
Table '3916201917 6' 7-max Seat #5 is the button
Seat 1: oxide8888 (4195 in chips) 
Seat 2: jsmith091 (15554 in chips) 
Seat 3: denisovits (3450 in chips) 
Seat 5: daniturn (4400 in chips) 
Seat 6: Gabrielfs13 (5330 in chips) 
Seat 7: novagoh (15849 in chips) 
oxide8888: posts the ante 75
jsmith091: posts the ante 75
denisovits: posts the ante 75
daniturn: posts the ante 75
Gabrielfs13: posts the ante 75
novagoh: posts the ante 75
Gabrielfs13: posts small blind 150
novagoh: posts big blind 300
*** HOLE CARDS ***
Dealt to Gabrielfs13 [7h 9h]
oxide8888: folds 
jsmith091: raises 300 to 600
denisovits: folds 
daniturn: folds 
Gabrielfs13: folds 
novagoh: calls 300
*** FLOP *** [Jc 8c 4s]
MAKKAPAKK is disconnected 
novagoh: checks 
jsmith091: bets 300
novagoh: raises 1050 to 1350
jsmith091: folds 
Uncalled bet (1050) returned to novagoh
novagoh collected 2400 from pot
novagoh: doesn't show hand 
*** SUMMARY ***
Total pot 2400 | Rake 0 
Board [Jc 8c 4s]
Seat 1: oxide8888 folded before Flop (didn't bet)
Seat 2: jsmith091 folded on the Flop
Seat 3: denisovits folded before Flop (didn't bet)
Seat 5: daniturn (button) folded before Flop (didn't bet)
Seat 6: Gabrielfs13 (small blind) folded before Flop
Seat 7: novagoh (big blind) collected (2400)



PokerStars Hand #257279672359: Tournament #3916201917, $10.27+$0.73 USD Hold'em No Limit - Level IX (150/300) - 2025/08/09 18:07:27 BRT [2025/08/09 17:07:27 ET]
Table '3916201917 6' 7-max Seat #6 is the button
Seat 1: oxide8888 (4120 in chips) 
Seat 2: jsmith091 (14579 in chips) 
Seat 3: denisovits (3375 in chips) 
Seat 4: MAKKAPAKK (6590 in chips) 
Seat 5: daniturn (4325 in chips) 
Seat 6: Gabrielfs13 (5105 in chips) 
Seat 7: novagoh (17274 in chips) 
oxide8888: posts the ante 75
jsmith091: posts the ante 75
denisovits: posts the ante 75
MAKKAPAKK: posts the ante 75
daniturn: posts the ante 75
Gabrielfs13: posts the ante 75
novagoh: posts the ante 75
novagoh: posts small blind 150
oxide8888: posts big blind 300
*** HOLE CARDS ***
Dealt to Gabrielfs13 [8s 6h]
jsmith091: folds 
denisovits: folds 
MAKKAPAKK: folds 
daniturn: folds 
Gabrielfs13: raises 300 to 600
novagoh: folds 
oxide8888: calls 300
*** FLOP *** [7s 5d 6c]
oxide8888: bets 300
Gabrielfs13: raises 900 to 1200
oxide8888: folds 
Uncalled bet (900) returned to Gabrielfs13
Gabrielfs13 collected 2475 from pot
Gabrielfs13: doesn't show hand 
*** SUMMARY ***
Total pot 2475 | Rake 0 
Board [7s 5d 6c]
Seat 1: oxide8888 (big blind) folded on the Flop
Seat 2: jsmith091 folded before Flop (didn't bet)
Seat 3: denisovits folded before Flop (didn't bet)
Seat 4: MAKKAPAKK folded before Flop (didn't bet)
Seat 5: daniturn folded before Flop (didn't bet)
Seat 6: Gabrielfs13 (button) collected (2475)
Seat 7: novagoh (small blind) folded before Flop



PokerStars Hand #257279686094: Tournament #3916201917, $10.27+$0.73 USD Hold'em No Limit - Level X (200/400) - 2025/08/09 18:08:26 BRT [2025/08/09 17:08:26 ET]
Table '3916201917 6' 7-max Seat #7 is the button
Seat 1: oxide8888 (3145 in chips) 
Seat 2: jsmith091 (14504 in chips) 
Seat 3: denisovits (3300 in chips) 
Seat 4: MAKKAPAKK (6515 in chips) 
Seat 5: daniturn (4250 in chips) 
Seat 6: Gabrielfs13 (6605 in chips) 
Seat 7: novagoh (17049 in chips) 
oxide8888: posts the ante 100
jsmith091: posts the ante 100
denisovits: posts the ante 100
MAKKAPAKK: posts the ante 100
daniturn: posts the ante 100
Gabrielfs13: posts the ante 100
novagoh: posts the ante 100
oxide8888: posts small blind 200
jsmith091: posts big blind 400
*** HOLE CARDS ***
Dealt to Gabrielfs13 [2s Ts]
denisovits: folds 
MAKKAPAKK: folds 
daniturn: folds 
Gabrielfs13: folds 
novagoh: folds 
oxide8888: folds 
Uncalled bet (200) returned to jsmith091
jsmith091 collected 1100 from pot
jsmith091: doesn't show hand 
*** SUMMARY ***
Total pot 1100 | Rake 0 
Seat 1: oxide8888 (small blind) folded before Flop
Seat 2: jsmith091 (big blind) collected (1100)
Seat 3: denisovits folded before Flop (didn't bet)
Seat 4: MAKKAPAKK folded before Flop (didn't bet)
Seat 5: daniturn folded before Flop (didn't bet)
Seat 6: Gabrielfs13 folded before Flop (didn't bet)
Seat 7: novagoh (button) folded before Flop (didn't bet)



PokerStars Hand #257279692274: Tournament #3916201917, $10.27+$0.73 USD Hold'em No Limit - Level X (200/400) - 2025/08/09 18:08:52 BRT [2025/08/09 17:08:52 ET]
Table '3916201917 6' 7-max Seat #1 is the button
Seat 1: oxide8888 (2845 in chips) 
Seat 2: jsmith091 (15304 in chips) 
Seat 3: denisovits (3200 in chips) 
Seat 4: MAKKAPAKK (6415 in chips) 
Seat 5: daniturn (4150 in chips) 
Seat 6: Gabrielfs13 (6505 in chips) 
Seat 7: novagoh (16949 in chips) 
oxide8888: posts the ante 100
jsmith091: posts the ante 100
denisovits: posts the ante 100
MAKKAPAKK: posts the ante 100
daniturn: posts the ante 100
Gabrielfs13: posts the ante 100
novagoh: posts the ante 100
jsmith091: posts small blind 200
denisovits: posts big blind 400
*** HOLE CARDS ***
Dealt to Gabrielfs13 [9s Jd]
MAKKAPAKK: folds 
daniturn: folds 
Gabrielfs13: folds 
novagoh: folds 
oxide8888: raises 2345 to 2745 and is all-in
jsmith091: folds 
denisovits: calls 2345
*** FLOP *** [Kc 5d Ac]
*** TURN *** [Kc 5d Ac] [Jc]
*** RIVER *** [Kc 5d Ac Jc] [Ad]
*** SHOW DOWN ***
denisovits: shows [3s Qs] (a pair of Aces)
oxide8888: shows [Qd Ts] (a straight, Ten to Ace)
oxide8888 collected 6390 from pot
*** SUMMARY ***
Total pot 6390 | Rake 0 
Board [Kc 5d Ac Jc Ad]
Seat 1: oxide8888 (button) showed [Qd Ts] and won (6390) with a straight, Ten to Ace
Seat 2: jsmith091 (small blind) folded before Flop
Seat 3: denisovits (big blind) showed [3s Qs] and lost with a pair of Aces
Seat 4: MAKKAPAKK folded before Flop (didn't bet)
Seat 5: daniturn folded before Flop (didn't bet)
Seat 6: Gabrielfs13 folded before Flop (didn't bet)
Seat 7: novagoh folded before Flop (didn't bet)



PokerStars Hand #257279700064: Tournament #3916201917, $10.27+$0.73 USD Hold'em No Limit - Level X (200/400) - 2025/08/09 18:09:25 BRT [2025/08/09 17:09:25 ET]
Table '3916201917 6' 7-max Seat #2 is the button
Seat 1: oxide8888 (6390 in chips) 
Seat 2: jsmith091 (15004 in chips) 
Seat 3: denisovits (355 in chips) 
Seat 4: MAKKAPAKK (6315 in chips) 
Seat 5: daniturn (4050 in chips) 
Seat 6: Gabrielfs13 (6405 in chips) 
Seat 7: novagoh (16849 in chips) 
oxide8888: posts the ante 100
jsmith091: posts the ante 100
denisovits: posts the ante 100
MAKKAPAKK: posts the ante 100
daniturn: posts the ante 100
Gabrielfs13: posts the ante 100
novagoh: posts the ante 100
denisovits: posts small blind 200
MAKKAPAKK: posts big blind 400
*** HOLE CARDS ***
Dealt to Gabrielfs13 [7d 3h]
daniturn: raises 3550 to 3950 and is all-in
Gabrielfs13: folds 
novagoh: folds 
oxide8888: folds 
jsmith091: folds 
denisovits: calls 55 and is all-in
MAKKAPAKK: folds 
Uncalled bet (3550) returned to daniturn
*** FLOP *** [Jd Jc 4h]
*** TURN *** [Jd Jc 4h] [Qh]
*** RIVER *** [Jd Jc 4h Qh] [8h]
*** SHOW DOWN ***
daniturn: shows [Tc Ts] (two pair, Jacks and Tens)
daniturn collected 290 from side pot
denisovits: shows [5h Qd] (two pair, Queens and Jacks)
denisovits collected 1465 from main pot
*** SUMMARY ***
Total pot 1755 Main pot 1465. Side pot 290. | Rake 0 
Board [Jd Jc 4h Qh 8h]
Seat 1: oxide8888 folded before Flop (didn't bet)
Seat 2: jsmith091 (button) folded before Flop (didn't bet)
Seat 3: denisovits (small blind) showed [5h Qd] and won (1465) with two pair, Queens and Jacks
Seat 4: MAKKAPAKK (big blind) folded before Flop
Seat 5: daniturn showed [Tc Ts] and won (290) with two pair, Jacks and Tens
Seat 6: Gabrielfs13 folded before Flop (didn't bet)
Seat 7: novagoh folded before Flop (didn't bet)



PokerStars Hand #257279706873: Tournament #3916201917, $10.27+$0.73 USD Hold'em No Limit - Level X (200/400) - 2025/08/09 18:09:54 BRT [2025/08/09 17:09:54 ET]
Table '3916201917 6' 7-max Seat #3 is the button
Seat 1: oxide8888 (6290 in chips) 
Seat 2: jsmith091 (14904 in chips) 
Seat 3: denisovits (1465 in chips) 
Seat 4: MAKKAPAKK (5815 in chips) 
Seat 5: daniturn (3840 in chips) 
Seat 6: Gabrielfs13 (6305 in chips) 
Seat 7: novagoh (16749 in chips) 
oxide8888: posts the ante 100
jsmith091: posts the ante 100
denisovits: posts the ante 100
MAKKAPAKK: posts the ante 100
daniturn: posts the ante 100
Gabrielfs13: posts the ante 100
novagoh: posts the ante 100
MAKKAPAKK: posts small blind 200
daniturn: posts big blind 400
*** HOLE CARDS ***
Dealt to Gabrielfs13 [9h Qh]
Gabrielfs13: raises 400 to 800
novagoh: folds 
oxide8888: folds 
jsmith091: folds 
denisovits: raises 565 to 1365 and is all-in
MAKKAPAKK: folds 
daniturn: folds 
Gabrielfs13: calls 565
*** FLOP *** [Kd 8c Ks]
*** TURN *** [Kd 8c Ks] [Qc]
*** RIVER *** [Kd 8c Ks Qc] [5c]
*** SHOW DOWN ***
Gabrielfs13: shows [9h Qh] (two pair, Kings and Queens)
denisovits: shows [Kc Ac] (a flush, Ace high)
denisovits collected 4030 from pot
*** SUMMARY ***
Total pot 4030 | Rake 0 
Board [Kd 8c Ks Qc 5c]
Seat 1: oxide8888 folded before Flop (didn't bet)
Seat 2: jsmith091 folded before Flop (didn't bet)
Seat 3: denisovits (button) showed [Kc Ac] and won (4030) with a flush, Ace high
Seat 4: MAKKAPAKK (small blind) folded before Flop
Seat 5: daniturn (big blind) folded before Flop
Seat 6: Gabrielfs13 showed [9h Qh] and lost with two pair, Kings and Queens
Seat 7: novagoh folded before Flop (didn't bet)



PokerStars Hand #257279717271: Tournament #3916201917, $10.27+$0.73 USD Hold'em No Limit - Level X (200/400) - 2025/08/09 18:10:38 BRT [2025/08/09 17:10:38 ET]
Table '3916201917 6' 7-max Seat #4 is the button
Seat 1: oxide8888 (6190 in chips) 
Seat 2: jsmith091 (14804 in chips) 
Seat 3: denisovits (4030 in chips) 
Seat 4: MAKKAPAKK (5515 in chips) 
Seat 5: daniturn (3340 in chips) 
Seat 6: Gabrielfs13 (4840 in chips) 
Seat 7: novagoh (16649 in chips) 
oxide8888: posts the ante 100
jsmith091: posts the ante 100
denisovits: posts the ante 100
MAKKAPAKK: posts the ante 100
daniturn: posts the ante 100
Gabrielfs13: posts the ante 100
novagoh: posts the ante 100
daniturn: posts small blind 200
Gabrielfs13: posts big blind 400
*** HOLE CARDS ***
Dealt to Gabrielfs13 [3s 5d]
novagoh: raises 400 to 800
oxide8888: folds 
jsmith091: folds 
denisovits: folds 
MAKKAPAKK: folds 
daniturn: raises 2440 to 3240 and is all-in
Gabrielfs13: folds 
novagoh: calls 2440
*** FLOP *** [Kd Ks Kc]
*** TURN *** [Kd Ks Kc] [Ad]
*** RIVER *** [Kd Ks Kc Ad] [3c]
*** SHOW DOWN ***
daniturn: shows [Jc Jh] (a full house, Kings full of Jacks)
novagoh: shows [Ac 6d] (a full house, Kings full of Aces)
novagoh collected 7580 from pot
daniturn finished the tournament in 224th place
*** SUMMARY ***
Total pot 7580 | Rake 0 
Board [Kd Ks Kc Ad 3c]
Seat 1: oxide8888 folded before Flop (didn't bet)
Seat 2: jsmith091 folded before Flop (didn't bet)
Seat 3: denisovits folded before Flop (didn't bet)
Seat 4: MAKKAPAKK (button) folded before Flop (didn't bet)
Seat 5: daniturn (small blind) showed [Jc Jh] and lost with a full house, Kings full of Jacks
Seat 6: Gabrielfs13 (big blind) folded before Flop
Seat 7: novagoh showed [Ac 6d] and won (7580) with a full house, Kings full of Aces



PokerStars Hand #257279729198: Tournament #3916201917, $10.27+$0.73 USD Hold'em No Limit - Level XI (250/500) - 2025/08/09 18:11:29 BRT [2025/08/09 17:11:29 ET]
Table '3916201917 6' 7-max Seat #6 is the button
Seat 1: oxide8888 (6090 in chips) 
Seat 2: jsmith091 (14704 in chips) 
Seat 3: denisovits (3930 in chips) 
Seat 4: MAKKAPAKK (5415 in chips) 
Seat 6: Gabrielfs13 (4340 in chips) 
Seat 7: novagoh (20889 in chips) 
oxide8888: posts the ante 125
jsmith091: posts the ante 125
denisovits: posts the ante 125
MAKKAPAKK: posts the ante 125
Gabrielfs13: posts the ante 125
novagoh: posts the ante 125
novagoh: posts small blind 250
oxide8888: posts big blind 500
*** HOLE CARDS ***
Dealt to Gabrielfs13 [Ts Ah]
jsmith091: folds 
denisovits: folds 
MAKKAPAKK: raises 4790 to 5290 and is all-in
Gabrielfs13: calls 4215 and is all-in
novagoh: folds 
oxide8888: folds 
Uncalled bet (1075) returned to MAKKAPAKK
*** FLOP *** [9c Th 6s]
*** TURN *** [9c Th 6s] [5c]
*** RIVER *** [9c Th 6s 5c] [6d]
*** SHOW DOWN ***
MAKKAPAKK: shows [Qs Kd] (a pair of Sixes)
Gabrielfs13: shows [Ts Ah] (two pair, Tens and Sixes)
Gabrielfs13 collected 9930 from pot
*** SUMMARY ***
Total pot 9930 | Rake 0 
Board [9c Th 6s 5c 6d]
Seat 1: oxide8888 (big blind) folded before Flop
Seat 2: jsmith091 folded before Flop (didn't bet)
Seat 3: denisovits folded before Flop (didn't bet)
Seat 4: MAKKAPAKK showed [Qs Kd] and lost with a pair of Sixes
Seat 6: Gabrielfs13 (button) showed [Ts Ah] and won (9930) with two pair, Tens and Sixes
Seat 7: novagoh (small blind) folded before Flop



PokerStars Hand #257279736693: Tournament #3916201917, $10.27+$0.73 USD Hold'em No Limit - Level XI (250/500) - 2025/08/09 18:12:01 BRT [2025/08/09 17:12:01 ET]
Table '3916201917 6' 7-max Seat #7 is the button
Seat 1: oxide8888 (5465 in chips) 
Seat 2: jsmith091 (14579 in chips) 
Seat 3: denisovits (3805 in chips) 
Seat 4: MAKKAPAKK (1075 in chips) 
Seat 6: Gabrielfs13 (9930 in chips) 
Seat 7: novagoh (20514 in chips) 
oxide8888: posts the ante 125
jsmith091: posts the ante 125
denisovits: posts the ante 125
MAKKAPAKK: posts the ante 125
Gabrielfs13: posts the ante 125
novagoh: posts the ante 125
oxide8888: posts small blind 250
jsmith091: posts big blind 500
*** HOLE CARDS ***
Dealt to Gabrielfs13 [Kc 2d]
TorukMaktuson is disconnected 
denisovits: folds 
MAKKAPAKK: raises 450 to 950 and is all-in
Gabrielfs13: folds 
novagoh: folds 
oxide8888: folds 
jsmith091: calls 450
*** FLOP *** [Qs 3s 9s]
*** TURN *** [Qs 3s 9s] [Ks]
*** RIVER *** [Qs 3s 9s Ks] [8s]
*** SHOW DOWN ***
jsmith091: shows [5h 3h] (a flush, King high)
MAKKAPAKK: shows [Qc Qh] (a flush, King high)
jsmith091 collected 1450 from pot
MAKKAPAKK collected 1450 from pot
*** SUMMARY ***
Total pot 2900 | Rake 0 
Board [Qs 3s 9s Ks 8s]
Seat 1: oxide8888 (small blind) folded before Flop
Seat 2: jsmith091 (big blind) showed [5h 3h] and won (1450) with a flush, King high
Seat 3: denisovits folded before Flop (didn't bet)
Seat 4: MAKKAPAKK showed [Qc Qh] and won (1450) with a flush, King high
Seat 6: Gabrielfs13 folded before Flop (didn't bet)
Seat 7: novagoh (button) folded before Flop (didn't bet)



PokerStars Hand #257279744216: Tournament #3916201917, $10.27+$0.73 USD Hold'em No Limit - Level XI (250/500) - 2025/08/09 18:12:33 BRT [2025/08/09 17:12:33 ET]
Table '3916201917 6' 7-max Seat #1 is the button
Seat 1: oxide8888 (5090 in chips) 
Seat 2: jsmith091 (14954 in chips) 
Seat 3: denisovits (3680 in chips) 
Seat 4: MAKKAPAKK (1450 in chips) 
Seat 5: TorukMaktuson (10253 in chips) 
Seat 6: Gabrielfs13 (9805 in chips) 
Seat 7: novagoh (20389 in chips) 
oxide8888: posts the ante 125
jsmith091: posts the ante 125
denisovits: posts the ante 125
MAKKAPAKK: posts the ante 125
TorukMaktuson: posts the ante 125
Gabrielfs13: posts the ante 125
novagoh: posts the ante 125
jsmith091: posts small blind 250
denisovits: posts big blind 500
*** HOLE CARDS ***
Dealt to Gabrielfs13 [3c Ah]
MAKKAPAKK: folds 
TorukMaktuson: folds 
Gabrielfs13: folds 
novagoh: folds 
oxide8888: raises 4465 to 4965 and is all-in
jsmith091: folds 
denisovits: calls 3055 and is all-in
Uncalled bet (1410) returned to oxide8888
*** FLOP *** [Jh 7d 9s]
*** TURN *** [Jh 7d 9s] [As]
*** RIVER *** [Jh 7d 9s As] [2h]
*** SHOW DOWN ***
denisovits: shows [6c 9d] (a pair of Nines)
oxide8888: shows [Kd Qs] (high card Ace)
denisovits collected 8235 from pot
*** SUMMARY ***
Total pot 8235 | Rake 0 
Board [Jh 7d 9s As 2h]
Seat 1: oxide8888 (button) showed [Kd Qs] and lost with high card Ace
Seat 2: jsmith091 (small blind) folded before Flop
Seat 3: denisovits (big blind) showed [6c 9d] and won (8235) with a pair of Nines
Seat 4: MAKKAPAKK folded before Flop (didn't bet)
Seat 5: TorukMaktuson folded before Flop (didn't bet)
Seat 6: Gabrielfs13 folded before Flop (didn't bet)
Seat 7: novagoh folded before Flop (didn't bet)



PokerStars Hand #257279758552: Tournament #3916201917, $10.27+$0.73 USD Hold'em No Limit - Level XI (250/500) - 2025/08/09 18:13:34 BRT [2025/08/09 17:13:34 ET]
Table '3916201917 6' 7-max Seat #2 is the button
Seat 1: oxide8888 (1410 in chips) 
Seat 2: jsmith091 (14579 in chips) 
Seat 3: denisovits (8235 in chips) 
Seat 4: MAKKAPAKK (1325 in chips) 
Seat 5: TorukMaktuson (10128 in chips) 
Seat 6: Gabrielfs13 (9680 in chips) 
Seat 7: novagoh (20264 in chips) 
oxide8888: posts the ante 125
jsmith091: posts the ante 125
denisovits: posts the ante 125
MAKKAPAKK: posts the ante 125
TorukMaktuson: posts the ante 125
Gabrielfs13: posts the ante 125
novagoh: posts the ante 125
denisovits: posts small blind 250
MAKKAPAKK: posts big blind 500
*** HOLE CARDS ***
Dealt to Gabrielfs13 [3s 9s]
TorukMaktuson: folds 
Gabrielfs13: folds 
novagoh: folds 
oxide8888: raises 500 to 1000
jsmith091: raises 1000 to 2000
denisovits: folds 
MAKKAPAKK: calls 700 and is all-in
oxide8888: calls 285 and is all-in
Uncalled bet (715) returned to jsmith091
*** FLOP *** [Kd 7c 4h]
*** TURN *** [Kd 7c 4h] [2s]
*** RIVER *** [Kd 7c 4h 2s] [3d]
*** SHOW DOWN ***
oxide8888: shows [Js Kc] (a pair of Kings)
jsmith091: shows [Ah Tc] (high card Ace)
oxide8888 collected 170 from side pot
MAKKAPAKK: shows [4d 6c] (a pair of Fours)
oxide8888 collected 4725 from main pot
MAKKAPAKK finished the tournament in 189th place
*** SUMMARY ***
Total pot 4895 Main pot 4725. Side pot 170. | Rake 0 
Board [Kd 7c 4h 2s 3d]
Seat 1: oxide8888 showed [Js Kc] and won (4895) with a pair of Kings
Seat 2: jsmith091 (button) showed [Ah Tc] and lost with high card Ace
Seat 3: denisovits (small blind) folded before Flop
Seat 4: MAKKAPAKK (big blind) showed [4d 6c] and lost with a pair of Fours
Seat 5: TorukMaktuson folded before Flop (didn't bet)
Seat 6: Gabrielfs13 folded before Flop (didn't bet)
Seat 7: novagoh folded before Flop (didn't bet)



PokerStars Hand #257279771373: Tournament #3916201917, $10.27+$0.73 USD Hold'em No Limit - Level XII (300/600) - 2025/08/09 18:14:30 BRT [2025/08/09 17:14:30 ET]
Table '3916201917 6' 7-max Seat #3 is the button
Seat 1: oxide8888 (4895 in chips) 
Seat 2: jsmith091 (13169 in chips) 
Seat 3: denisovits (7860 in chips) 
Seat 5: TorukMaktuson (10003 in chips) 
Seat 6: Gabrielfs13 (9555 in chips) 
Seat 7: novagoh (20139 in chips) 
oxide8888: posts the ante 150
jsmith091: posts the ante 150
denisovits: posts the ante 150
TorukMaktuson: posts the ante 150
Gabrielfs13: posts the ante 150
novagoh: posts the ante 150
TorukMaktuson: posts small blind 300
Gabrielfs13: posts big blind 600
*** HOLE CARDS ***
Dealt to Gabrielfs13 [5c 5d]
novagoh: folds 
oxide8888: raises 4145 to 4745 and is all-in
jsmith091: folds 
denisovits: folds 
TorukMaktuson: folds 
Gabrielfs13: calls 4145
flårdig is disconnected 
*** FLOP *** [Ah As 5s]
*** TURN *** [Ah As 5s] [Qs]
*** RIVER *** [Ah As 5s Qs] [2s]
*** SHOW DOWN ***
Gabrielfs13: shows [5c 5d] (a full house, Fives full of Aces)
oxide8888: shows [Qh Th] (two pair, Aces and Queens)
Gabrielfs13 collected 10690 from pot
oxide8888 finished the tournament in 180th place
*** SUMMARY ***
Total pot 10690 | Rake 0 
Board [Ah As 5s Qs 2s]
Seat 1: oxide8888 showed [Qh Th] and lost with two pair, Aces and Queens
Seat 2: jsmith091 folded before Flop (didn't bet)
Seat 3: denisovits (button) folded before Flop (didn't bet)
Seat 5: TorukMaktuson (small blind) folded before Flop
Seat 6: Gabrielfs13 (big blind) showed [5c 5d] and won (10690) with a full house, Fives full of Aces
Seat 7: novagoh folded before Flop (didn't bet)



PokerStars Hand #257279780498: Tournament #3916201917, $10.27+$0.73 USD Hold'em No Limit - Level XII (300/600) - 2025/08/09 18:15:08 BRT [2025/08/09 17:15:08 ET]
Table '3916201917 6' 7-max Seat #5 is the button
Seat 2: jsmith091 (13019 in chips) 
Seat 3: denisovits (7710 in chips) 
Seat 4: flårdig (15806 in chips) 
Seat 5: TorukMaktuson (9553 in chips) 
Seat 6: Gabrielfs13 (15350 in chips) 
Seat 7: novagoh (19989 in chips) 
jsmith091: posts the ante 150
denisovits: posts the ante 150
flårdig: posts the ante 150
TorukMaktuson: posts the ante 150
Gabrielfs13: posts the ante 150
novagoh: posts the ante 150
Gabrielfs13: posts small blind 300
novagoh: posts big blind 600
*** HOLE CARDS ***
Dealt to Gabrielfs13 [5c 3d]
bengtkassler is disconnected 
jsmith091: folds 
denisovits: raises 6960 to 7560 and is all-in
flårdig: folds 
TorukMaktuson: folds 
Gabrielfs13: folds 
novagoh: folds 
Uncalled bet (6960) returned to denisovits
denisovits collected 2400 from pot
*** SUMMARY ***
Total pot 2400 | Rake 0 
Seat 2: jsmith091 folded before Flop (didn't bet)
Seat 3: denisovits collected (2400)
Seat 4: flårdig folded before Flop (didn't bet)
Seat 5: TorukMaktuson (button) folded before Flop (didn't bet)
Seat 6: Gabrielfs13 (small blind) folded before Flop
Seat 7: novagoh (big blind) folded before Flop



PokerStars Hand #257279789629: Tournament #3916201917, $10.27+$0.73 USD Hold'em No Limit - Level XII (300/600) - 2025/08/09 18:15:47 BRT [2025/08/09 17:15:47 ET]
Table '3916201917 6' 7-max Seat #6 is the button
Seat 1: bengtkassler (20588 in chips) 
Seat 2: jsmith091 (12869 in chips) 
Seat 3: denisovits (9360 in chips) 
Seat 4: flårdig (15656 in chips) 
Seat 5: TorukMaktuson (9403 in chips) 
Seat 6: Gabrielfs13 (14900 in chips) 
Seat 7: novagoh (19239 in chips) 
bengtkassler: posts the ante 150
jsmith091: posts the ante 150
denisovits: posts the ante 150
flårdig: posts the ante 150
TorukMaktuson: posts the ante 150
Gabrielfs13: posts the ante 150
novagoh: posts the ante 150
novagoh: posts small blind 300
bengtkassler: posts big blind 600
*** HOLE CARDS ***
Dealt to Gabrielfs13 [Jd 8c]
jsmith091: folds 
denisovits: raises 1200 to 1800
flårdig: folds 
TorukMaktuson: folds 
Gabrielfs13: folds 
novagoh: folds 
bengtkassler: folds 
Uncalled bet (1200) returned to denisovits
denisovits collected 2550 from pot
*** SUMMARY ***
Total pot 2550 | Rake 0 
Seat 1: bengtkassler (big blind) folded before Flop
Seat 2: jsmith091 folded before Flop (didn't bet)
Seat 3: denisovits collected (2550)
Seat 4: flårdig folded before Flop (didn't bet)
Seat 5: TorukMaktuson folded before Flop (didn't bet)
Seat 6: Gabrielfs13 (button) folded before Flop (didn't bet)
Seat 7: novagoh (small blind) folded before Flop



PokerStars Hand #257279796595: Tournament #3916201917, $10.27+$0.73 USD Hold'em No Limit - Level XII (300/600) - 2025/08/09 18:16:16 BRT [2025/08/09 17:16:16 ET]
Table '3916201917 6' 7-max Seat #7 is the button
Seat 1: bengtkassler (19838 in chips) 
Seat 2: jsmith091 (12719 in chips) 
Seat 3: denisovits (11160 in chips) 
Seat 4: flårdig (15506 in chips) 
Seat 5: TorukMaktuson (9253 in chips) 
Seat 6: Gabrielfs13 (14750 in chips) 
Seat 7: novagoh (18789 in chips) 
bengtkassler: posts the ante 150
jsmith091: posts the ante 150
denisovits: posts the ante 150
flårdig: posts the ante 150
TorukMaktuson: posts the ante 150
Gabrielfs13: posts the ante 150
novagoh: posts the ante 150
bengtkassler: posts small blind 300
jsmith091: posts big blind 600
*** HOLE CARDS ***
Dealt to Gabrielfs13 [Td Ah]
denisovits: folds 
flårdig: calls 600
TorukMaktuson: folds 
Gabrielfs13: raises 1500 to 2100
novagoh: folds 
bengtkassler: folds 
jsmith091: folds 
flårdig: folds 
Uncalled bet (1500) returned to Gabrielfs13
Gabrielfs13 collected 3150 from pot
Gabrielfs13: doesn't show hand 
*** SUMMARY ***
Total pot 3150 | Rake 0 
Seat 1: bengtkassler (small blind) folded before Flop
Seat 2: jsmith091 (big blind) folded before Flop
Seat 3: denisovits folded before Flop (didn't bet)
Seat 4: flårdig folded before Flop
Seat 5: TorukMaktuson folded before Flop (didn't bet)
Seat 6: Gabrielfs13 collected (3150)
Seat 7: novagoh (button) folded before Flop (didn't bet)



PokerStars Hand #257279809844: Tournament #3916201917, $10.27+$0.73 USD Hold'em No Limit - Level XIII (400/800) - 2025/08/09 18:17:13 BRT [2025/08/09 17:17:13 ET]
Table '3916201917 6' 7-max Seat #1 is the button
Seat 1: bengtkassler (19388 in chips) 
Seat 2: jsmith091 (11969 in chips) 
Seat 3: denisovits (11010 in chips) 
Seat 4: flårdig (14756 in chips) 
Seat 5: TorukMaktuson (9103 in chips) 
Seat 6: Gabrielfs13 (17150 in chips) 
Seat 7: novagoh (18639 in chips) 
bengtkassler: posts the ante 200
jsmith091: posts the ante 200
denisovits: posts the ante 200
flårdig: posts the ante 200
TorukMaktuson: posts the ante 200
Gabrielfs13: posts the ante 200
novagoh: posts the ante 200
jsmith091: posts small blind 400
denisovits: posts big blind 800
*** HOLE CARDS ***
Dealt to Gabrielfs13 [5s Ks]
flårdig: folds 
TorukMaktuson: folds 
Gabrielfs13: folds 
novagoh: raises 800 to 1600
bengtkassler: folds 
jsmith091: calls 1200
denisovits: calls 800
*** FLOP *** [5h 5c 4c]
jsmith091: checks 
denisovits: checks 
novagoh: checks 
*** TURN *** [5h 5c 4c] [Jd]
jsmith091: bets 800
denisovits: folds 
novagoh: raises 2000 to 2800
jsmith091: folds 
Uncalled bet (2000) returned to novagoh
novagoh collected 7800 from pot
novagoh: doesn't show hand 
*** SUMMARY ***
Total pot 7800 | Rake 0 
Board [5h 5c 4c Jd]
Seat 1: bengtkassler (button) folded before Flop (didn't bet)
Seat 2: jsmith091 (small blind) folded on the Turn
Seat 3: denisovits (big blind) folded on the Turn
Seat 4: flårdig folded before Flop (didn't bet)
Seat 5: TorukMaktuson folded before Flop (didn't bet)
Seat 6: Gabrielfs13 folded before Flop (didn't bet)
Seat 7: novagoh collected (7800)



PokerStars Hand #257279824679: Tournament #3916201917, $10.27+$0.73 USD Hold'em No Limit - Level XIII (400/800) - 2025/08/09 18:18:17 BRT [2025/08/09 17:18:17 ET]
Table '3916201917 6' 7-max Seat #2 is the button
Seat 1: bengtkassler (19188 in chips) 
Seat 2: jsmith091 (9369 in chips) 
Seat 3: denisovits (9210 in chips) 
Seat 4: flårdig (14556 in chips) 
Seat 5: TorukMaktuson (8903 in chips) 
Seat 6: Gabrielfs13 (16950 in chips) 
Seat 7: novagoh (23839 in chips) 
bengtkassler: posts the ante 200
jsmith091: posts the ante 200
denisovits: posts the ante 200
flårdig: posts the ante 200
TorukMaktuson: posts the ante 200
Gabrielfs13: posts the ante 200
novagoh: posts the ante 200
denisovits: posts small blind 400
flårdig: posts big blind 800
*** HOLE CARDS ***
Dealt to Gabrielfs13 [3s 2h]
TorukMaktuson: folds 
Gabrielfs13: folds 
novagoh: raises 800 to 1600
bengtkassler: calls 1600
jsmith091: folds 
denisovits: folds 
flårdig: folds 
*** FLOP *** [6c Ks 9h]
novagoh: bets 2000
bengtkassler: calls 2000
*** TURN *** [6c Ks 9h] [Ah]
novagoh: bets 4900
bengtkassler: folds 
Uncalled bet (4900) returned to novagoh
novagoh collected 9800 from pot
novagoh: doesn't show hand 
*** SUMMARY ***
Total pot 9800 | Rake 0 
Board [6c Ks 9h Ah]
Seat 1: bengtkassler folded on the Turn
Seat 2: jsmith091 (button) folded before Flop (didn't bet)
Seat 3: denisovits (small blind) folded before Flop
Seat 4: flårdig (big blind) folded before Flop
Seat 5: TorukMaktuson folded before Flop (didn't bet)
Seat 6: Gabrielfs13 folded before Flop (didn't bet)
Seat 7: novagoh collected (9800)



PokerStars Hand #257279836771: Tournament #3916201917, $10.27+$0.73 USD Hold'em No Limit - Level XIII (400/800) - 2025/08/09 18:19:10 BRT [2025/08/09 17:19:10 ET]
Table '3916201917 6' 7-max Seat #3 is the button
Seat 1: bengtkassler (15388 in chips) 
Seat 2: jsmith091 (9169 in chips) 
Seat 3: denisovits (8610 in chips) 
Seat 4: flårdig (13556 in chips) 
Seat 5: TorukMaktuson (8703 in chips) 
Seat 6: Gabrielfs13 (16750 in chips) 
Seat 7: novagoh (29839 in chips) 
bengtkassler: posts the ante 200
jsmith091: posts the ante 200
denisovits: posts the ante 200
flårdig: posts the ante 200
TorukMaktuson: posts the ante 200
Gabrielfs13: posts the ante 200
novagoh: posts the ante 200
flårdig: posts small blind 400
TorukMaktuson: posts big blind 800
*** HOLE CARDS ***
Dealt to Gabrielfs13 [Js Ts]
Gabrielfs13: raises 800 to 1600
novagoh: folds 
bengtkassler: folds 
jsmith091: folds 
denisovits: folds 
flårdig: folds 
TorukMaktuson: calls 800
*** FLOP *** [2h 7d 5h]
TorukMaktuson: checks 
Gabrielfs13: checks 
*** TURN *** [2h 7d 5h] [9h]
TorukMaktuson: bets 1500
Gabrielfs13: calls 1500
*** RIVER *** [2h 7d 5h 9h] [Tc]
TorukMaktuson: bets 1600
Gabrielfs13: raises 1600 to 3200
TorukMaktuson: calls 1600
*** SHOW DOWN ***
Gabrielfs13: shows [Js Ts] (a pair of Tens)
TorukMaktuson: mucks hand 
Gabrielfs13 collected 14400 from pot
*** SUMMARY ***
Total pot 14400 | Rake 0 
Board [2h 7d 5h 9h Tc]
Seat 1: bengtkassler folded before Flop (didn't bet)
Seat 2: jsmith091 folded before Flop (didn't bet)
Seat 3: denisovits (button) folded before Flop (didn't bet)
Seat 4: flårdig (small blind) folded before Flop
Seat 5: TorukMaktuson (big blind) mucked [Ad 9c]
Seat 6: Gabrielfs13 showed [Js Ts] and won (14400) with a pair of Tens
Seat 7: novagoh folded before Flop (didn't bet)



PokerStars Hand #257279858666: Tournament #3916201917, $10.27+$0.73 USD Hold'em No Limit - Level XIV (500/1000) - 2025/08/09 18:20:46 BRT [2025/08/09 17:20:46 ET]
Table '3916201917 6' 7-max Seat #4 is the button
Seat 1: bengtkassler (15188 in chips) 
Seat 2: jsmith091 (8969 in chips) 
Seat 3: denisovits (8410 in chips) 
Seat 4: flårdig (12956 in chips) 
Seat 5: TorukMaktuson (2203 in chips) 
Seat 6: Gabrielfs13 (24650 in chips) 
Seat 7: novagoh (29639 in chips) 
bengtkassler: posts the ante 250
jsmith091: posts the ante 250
denisovits: posts the ante 250
flårdig: posts the ante 250
TorukMaktuson: posts the ante 250
Gabrielfs13: posts the ante 250
novagoh: posts the ante 250
TorukMaktuson: posts small blind 500
Gabrielfs13: posts big blind 1000
*** HOLE CARDS ***
Dealt to Gabrielfs13 [As 3c]
novagoh: folds 
bengtkassler: folds 
jsmith091: raises 7719 to 8719 and is all-in
denisovits: folds 
flårdig: folds 
TorukMaktuson: calls 1453 and is all-in
Gabrielfs13: calls 7719
*** FLOP *** [Jc Td Qs]
*** TURN *** [Jc Td Qs] [Js]
*** RIVER *** [Jc Td Qs Js] [4d]
*** SHOW DOWN ***
Gabrielfs13: shows [As 3c] (a pair of Jacks)
jsmith091: shows [9s Ad] (a pair of Jacks)
Gabrielfs13 collected 6766 from side pot
jsmith091 collected 6766 from side pot
TorukMaktuson: shows [Ac Kh] (a straight, Ten to Ace)
TorukMaktuson collected 7609 from main pot
*** SUMMARY ***
Total pot 21141 Main pot 7609. Side pot 13532. | Rake 0 
Board [Jc Td Qs Js 4d]
Seat 1: bengtkassler folded before Flop (didn't bet)
Seat 2: jsmith091 showed [9s Ad] and won (6766) with a pair of Jacks
Seat 3: denisovits folded before Flop (didn't bet)
Seat 4: flårdig (button) folded before Flop (didn't bet)
Seat 5: TorukMaktuson (small blind) showed [Ac Kh] and won (7609) with a straight, Ten to Ace
Seat 6: Gabrielfs13 (big blind) showed [As 3c] and won (6766) with a pair of Jacks
Seat 7: novagoh folded before Flop (didn't bet)



PokerStars Hand #257279868282: Tournament #3916201917, $10.27+$0.73 USD Hold'em No Limit - Level XIV (500/1000) - 2025/08/09 18:21:27 BRT [2025/08/09 17:21:27 ET]
Table '3916201917 6' 7-max Seat #5 is the button
Seat 1: bengtkassler (14938 in chips) 
Seat 2: jsmith091 (6766 in chips) 
Seat 3: denisovits (8160 in chips) 
Seat 4: flårdig (12706 in chips) 
Seat 5: TorukMaktuson (7609 in chips) 
Seat 6: Gabrielfs13 (22447 in chips) 
Seat 7: novagoh (29389 in chips) 
bengtkassler: posts the ante 250
jsmith091: posts the ante 250
denisovits: posts the ante 250
flårdig: posts the ante 250
TorukMaktuson: posts the ante 250
Gabrielfs13: posts the ante 250
novagoh: posts the ante 250
Gabrielfs13: posts small blind 500
novagoh: posts big blind 1000
*** HOLE CARDS ***
Dealt to Gabrielfs13 [8d 2d]
bengtkassler: folds 
jsmith091: folds 
denisovits: folds 
flårdig: raises 1000 to 2000
TorukMaktuson: folds 
Gabrielfs13: folds 
novagoh: calls 1000
*** FLOP *** [Ks Jc 5h]
novagoh: checks 
flårdig: bets 4000
novagoh: folds 
Uncalled bet (4000) returned to flårdig
flårdig collected 6250 from pot
flårdig: doesn't show hand 
*** SUMMARY ***
Total pot 6250 | Rake 0 
Board [Ks Jc 5h]
Seat 1: bengtkassler folded before Flop (didn't bet)
Seat 2: jsmith091 folded before Flop (didn't bet)
Seat 3: denisovits folded before Flop (didn't bet)
Seat 4: flårdig collected (6250)
Seat 5: TorukMaktuson (button) folded before Flop (didn't bet)
Seat 6: Gabrielfs13 (small blind) folded before Flop
Seat 7: novagoh (big blind) folded on the Flop



PokerStars Hand #257279879804: Tournament #3916201917, $10.27+$0.73 USD Hold'em No Limit - Level XIV (500/1000) - 2025/08/09 18:22:18 BRT [2025/08/09 17:22:18 ET]
Table '3916201917 6' 7-max Seat #6 is the button
Seat 1: bengtkassler (14688 in chips) 
Seat 2: jsmith091 (6516 in chips) 
Seat 3: denisovits (7910 in chips) 
Seat 4: flårdig (16706 in chips) 
Seat 5: TorukMaktuson (7359 in chips) 
Seat 6: Gabrielfs13 (21697 in chips) 
Seat 7: novagoh (27139 in chips) 
bengtkassler: posts the ante 250
jsmith091: posts the ante 250
denisovits: posts the ante 250
flårdig: posts the ante 250
TorukMaktuson: posts the ante 250
Gabrielfs13: posts the ante 250
novagoh: posts the ante 250
novagoh: posts small blind 500
bengtkassler: posts big blind 1000
*** HOLE CARDS ***
Dealt to Gabrielfs13 [5d 6d]
jsmith091: raises 5266 to 6266 and is all-in
denisovits: folds 
flårdig: folds 
TorukMaktuson: folds 
Gabrielfs13: folds 
novagoh: folds 
bengtkassler: folds 
Uncalled bet (5266) returned to jsmith091
jsmith091 collected 4250 from pot
jsmith091: doesn't show hand 
*** SUMMARY ***
Total pot 4250 | Rake 0 
Seat 1: bengtkassler (big blind) folded before Flop
Seat 2: jsmith091 collected (4250)
Seat 3: denisovits folded before Flop (didn't bet)
Seat 4: flårdig folded before Flop (didn't bet)
Seat 5: TorukMaktuson folded before Flop (didn't bet)
Seat 6: Gabrielfs13 (button) folded before Flop (didn't bet)
Seat 7: novagoh (small blind) folded before Flop



PokerStars Hand #257279886808: Tournament #3916201917, $10.27+$0.73 USD Hold'em No Limit - Level XIV (500/1000) - 2025/08/09 18:22:49 BRT [2025/08/09 17:22:49 ET]
Table '3916201917 6' 7-max Seat #7 is the button
Seat 1: bengtkassler (13438 in chips) 
Seat 2: jsmith091 (9516 in chips) 
Seat 3: denisovits (7660 in chips) 
Seat 4: flårdig (16456 in chips) 
Seat 5: TorukMaktuson (7109 in chips) 
Seat 6: Gabrielfs13 (21447 in chips) 
Seat 7: novagoh (26389 in chips) 
bengtkassler: posts the ante 250
jsmith091: posts the ante 250
denisovits: posts the ante 250
flårdig: posts the ante 250
TorukMaktuson: posts the ante 250
Gabrielfs13: posts the ante 250
novagoh: posts the ante 250
bengtkassler: posts small blind 500
jsmith091: posts big blind 1000
*** HOLE CARDS ***
Dealt to Gabrielfs13 [7s Ts]
denisovits: folds 
flårdig: folds 
TorukMaktuson: folds 
Gabrielfs13: folds 
novagoh: raises 25139 to 26139 and is all-in
bengtkassler: folds 
jsmith091: folds 
Uncalled bet (25139) returned to novagoh
novagoh collected 4250 from pot
novagoh: doesn't show hand 
*** SUMMARY ***
Total pot 4250 | Rake 0 
Seat 1: bengtkassler (small blind) folded before Flop
Seat 2: jsmith091 (big blind) folded before Flop
Seat 3: denisovits folded before Flop (didn't bet)
Seat 4: flårdig folded before Flop (didn't bet)
Seat 5: TorukMaktuson folded before Flop (didn't bet)
Seat 6: Gabrielfs13 folded before Flop (didn't bet)
Seat 7: novagoh (button) collected (4250)



PokerStars Hand #257279893929: Tournament #3916201917, $10.27+$0.73 USD Hold'em No Limit - Level XV (600/1200) - 2025/08/09 18:23:20 BRT [2025/08/09 17:23:20 ET]
Table '3916201917 6' 7-max Seat #1 is the button
Seat 1: bengtkassler (12688 in chips) 
Seat 2: jsmith091 (8266 in chips) 
Seat 3: denisovits (7410 in chips) 
Seat 4: flårdig (16206 in chips) 
Seat 5: TorukMaktuson (6859 in chips) 
Seat 6: Gabrielfs13 (21197 in chips) 
Seat 7: novagoh (29389 in chips) 
bengtkassler: posts the ante 300
jsmith091: posts the ante 300
denisovits: posts the ante 300
flårdig: posts the ante 300
TorukMaktuson: posts the ante 300
Gabrielfs13: posts the ante 300
novagoh: posts the ante 300
jsmith091: posts small blind 600
denisovits: posts big blind 1200
*** HOLE CARDS ***
Dealt to Gabrielfs13 [6h Ad]
flårdig: raises 1200 to 2400
TorukMaktuson: folds 
Gabrielfs13: folds 
novagoh: folds 
bengtkassler: folds 
jsmith091: folds 
denisovits: calls 1200
*** FLOP *** [4s 7d Td]
denisovits: bets 4710 and is all-in
flårdig: calls 4710
*** TURN *** [4s 7d Td] [3d]
*** RIVER *** [4s 7d Td 3d] [Kc]
*** SHOW DOWN ***
denisovits: shows [Qh Ts] (a pair of Tens)
flårdig: shows [Jd Ah] (high card Ace)
denisovits collected 16920 from pot
*** SUMMARY ***
Total pot 16920 | Rake 0 
Board [4s 7d Td 3d Kc]
Seat 1: bengtkassler (button) folded before Flop (didn't bet)
Seat 2: jsmith091 (small blind) folded before Flop
Seat 3: denisovits (big blind) showed [Qh Ts] and won (16920) with a pair of Tens
Seat 4: flårdig showed [Jd Ah] and lost with high card Ace
Seat 5: TorukMaktuson folded before Flop (didn't bet)
Seat 6: Gabrielfs13 folded before Flop (didn't bet)
Seat 7: novagoh folded before Flop (didn't bet)



PokerStars Hand #257279902206: Tournament #3916201917, $10.27+$0.73 USD Hold'em No Limit - Level XV (600/1200) - 2025/08/09 18:23:57 BRT [2025/08/09 17:23:57 ET]
Table '3916201917 6' 7-max Seat #2 is the button
Seat 1: bengtkassler (12388 in chips) 
Seat 2: jsmith091 (7366 in chips) 
Seat 3: denisovits (16920 in chips) 
Seat 4: flårdig (8796 in chips) 
Seat 5: TorukMaktuson (6559 in chips) 
Seat 6: Gabrielfs13 (20897 in chips) 
Seat 7: novagoh (29089 in chips) 
bengtkassler: posts the ante 300
jsmith091: posts the ante 300
denisovits: posts the ante 300
flårdig: posts the ante 300
TorukMaktuson: posts the ante 300
Gabrielfs13: posts the ante 300
novagoh: posts the ante 300
denisovits: posts small blind 600
flårdig: posts big blind 1200
*** HOLE CARDS ***
Dealt to Gabrielfs13 [Js 8s]
TorukMaktuson: folds 
Gabrielfs13: raises 1200 to 2400
novagoh: raises 3600 to 6000
bengtkassler: folds 
jsmith091: folds 
denisovits: folds 
flårdig: folds 
Gabrielfs13: folds 
Uncalled bet (3600) returned to novagoh
novagoh collected 8700 from pot
novagoh: doesn't show hand 
*** SUMMARY ***
Total pot 8700 | Rake 0 
Seat 1: bengtkassler folded before Flop (didn't bet)
Seat 2: jsmith091 (button) folded before Flop (didn't bet)
Seat 3: denisovits (small blind) folded before Flop
Seat 4: flårdig (big blind) folded before Flop
Seat 5: TorukMaktuson folded before Flop (didn't bet)
Seat 6: Gabrielfs13 folded before Flop
Seat 7: novagoh collected (8700)



PokerStars Hand #257279909165: Tournament #3916201917, $10.27+$0.73 USD Hold'em No Limit - Level XV (600/1200) - 2025/08/09 18:24:28 BRT [2025/08/09 17:24:28 ET]
Table '3916201917 6' 7-max Seat #3 is the button
Seat 1: bengtkassler (12088 in chips) 
Seat 2: jsmith091 (7066 in chips) 
Seat 3: denisovits (16020 in chips) 
Seat 4: flårdig (7296 in chips) 
Seat 5: TorukMaktuson (6259 in chips) 
Seat 6: Gabrielfs13 (18197 in chips) 
Seat 7: novagoh (35089 in chips) 
bengtkassler: posts the ante 300
jsmith091: posts the ante 300
denisovits: posts the ante 300
flårdig: posts the ante 300
TorukMaktuson: posts the ante 300
Gabrielfs13: posts the ante 300
novagoh: posts the ante 300
flårdig: posts small blind 600
TorukMaktuson: posts big blind 1200
*** HOLE CARDS ***
Dealt to Gabrielfs13 [6c Qc]
Gabrielfs13: folds 
novagoh: folds 
bengtkassler: folds 
jsmith091: folds 
denisovits: folds 
flårdig: raises 5796 to 6996 and is all-in
TorukMaktuson: calls 4759 and is all-in
Uncalled bet (1037) returned to flårdig
*** FLOP *** [Tc 8d 5s]
*** TURN *** [Tc 8d 5s] [2h]
*** RIVER *** [Tc 8d 5s 2h] [Jh]
*** SHOW DOWN ***
flårdig: shows [4h Qs] (high card Queen)
TorukMaktuson: shows [Jc 9c] (a pair of Jacks)
TorukMaktuson collected 14018 from pot
*** SUMMARY ***
Total pot 14018 | Rake 0 
Board [Tc 8d 5s 2h Jh]
Seat 1: bengtkassler folded before Flop (didn't bet)
Seat 2: jsmith091 folded before Flop (didn't bet)
Seat 3: denisovits (button) folded before Flop (didn't bet)
Seat 4: flårdig (small blind) showed [4h Qs] and lost with high card Queen
Seat 5: TorukMaktuson (big blind) showed [Jc 9c] and won (14018) with a pair of Jacks
Seat 6: Gabrielfs13 folded before Flop (didn't bet)
Seat 7: novagoh folded before Flop (didn't bet)



PokerStars Hand #257279917563: Tournament #3916201917, $10.27+$0.73 USD Hold'em No Limit - Level XV (600/1200) - 2025/08/09 18:25:05 BRT [2025/08/09 17:25:05 ET]
Table '3916201917 6' 7-max Seat #4 is the button
Seat 1: bengtkassler (11788 in chips) 
Seat 2: jsmith091 (6766 in chips) 
Seat 3: denisovits (15720 in chips) 
Seat 4: flårdig (1037 in chips) 
Seat 5: TorukMaktuson (14018 in chips) 
Seat 6: Gabrielfs13 (17897 in chips) 
Seat 7: novagoh (34789 in chips) 
bengtkassler: posts the ante 300
jsmith091: posts the ante 300
denisovits: posts the ante 300
flårdig: posts the ante 300
TorukMaktuson: posts the ante 300
Gabrielfs13: posts the ante 300
novagoh: posts the ante 300
TorukMaktuson: posts small blind 600
Gabrielfs13: posts big blind 1200
*** HOLE CARDS ***
Dealt to Gabrielfs13 [Kc 4d]
novagoh: folds 
bengtkassler: folds 
jsmith091: folds 
denisovits: raises 5100 to 6300
flårdig: calls 737 and is all-in
TorukMaktuson: folds 
Gabrielfs13: folds 
Uncalled bet (5100) returned to denisovits
*** FLOP *** [7s 5s 4c]
*** TURN *** [7s 5s 4c] [6s]
*** RIVER *** [7s 5s 4c 6s] [Tc]
*** SHOW DOWN ***
denisovits: shows [As Jh] (high card Ace)
denisovits collected 926 from side pot
flårdig: shows [4s 3s] (a straight flush, Three to Seven)
flårdig collected 4911 from main pot
*** SUMMARY ***
Total pot 5837 Main pot 4911. Side pot 926. | Rake 0 
Board [7s 5s 4c 6s Tc]
Seat 1: bengtkassler folded before Flop (didn't bet)
Seat 2: jsmith091 folded before Flop (didn't bet)
Seat 3: denisovits showed [As Jh] and won (926) with high card Ace
Seat 4: flårdig (button) showed [4s 3s] and won (4911) with a straight flush, Three to Seven
Seat 5: TorukMaktuson (small blind) folded before Flop
Seat 6: Gabrielfs13 (big blind) folded before Flop
Seat 7: novagoh folded before Flop (didn't bet)



PokerStars Hand #257279925597: Tournament #3916201917, $10.27+$0.73 USD Hold'em No Limit - Level XV (600/1200) - 2025/08/09 18:25:40 BRT [2025/08/09 17:25:40 ET]
Table '3916201917 6' 7-max Seat #5 is the button
Seat 1: bengtkassler (11488 in chips) 
Seat 2: jsmith091 (6466 in chips) 
Seat 3: denisovits (15146 in chips) 
Seat 4: flårdig (4911 in chips) 
Seat 5: TorukMaktuson (13118 in chips) 
Seat 6: Gabrielfs13 (16397 in chips) 
Seat 7: novagoh (34489 in chips) 
bengtkassler: posts the ante 300
jsmith091: posts the ante 300
denisovits: posts the ante 300
flårdig: posts the ante 300
TorukMaktuson: posts the ante 300
Gabrielfs13: posts the ante 300
novagoh: posts the ante 300
Gabrielfs13: posts small blind 600
novagoh: posts big blind 1200
*** HOLE CARDS ***
Dealt to Gabrielfs13 [3d 4c]
bengtkassler: raises 9988 to 11188 and is all-in
jsmith091: folds 
denisovits: folds 
flårdig: calls 4611 and is all-in
TorukMaktuson: folds 
Gabrielfs13: folds 
novagoh: calls 9988
*** FLOP *** [Tc Ks 6d]
*** TURN *** [Tc Ks 6d] [Qs]
*** RIVER *** [Tc Ks 6d Qs] [Jh]
*** SHOW DOWN ***
novagoh: shows [As Js] (a straight, Ten to Ace)
bengtkassler: shows [Td Ad] (a straight, Ten to Ace)
novagoh collected 6577 from side pot
bengtkassler collected 6577 from side pot
flårdig: shows [Ac 9h] (a straight, Ten to Ace)
novagoh collected 5511 from main pot
bengtkassler collected 5511 from main pot
flårdig collected 5511 from main pot
*** SUMMARY ***
Total pot 29687 Main pot 16533. Side pot 13154. | Rake 0 
Board [Tc Ks 6d Qs Jh]
Seat 1: bengtkassler showed [Td Ad] and won (12088) with a straight, Ten to Ace
Seat 2: jsmith091 folded before Flop (didn't bet)
Seat 3: denisovits folded before Flop (didn't bet)
Seat 4: flårdig showed [Ac 9h] and won (5511) with a straight, Ten to Ace
Seat 5: TorukMaktuson (button) folded before Flop (didn't bet)
Seat 6: Gabrielfs13 (small blind) folded before Flop
Seat 7: novagoh (big blind) showed [As Js] and won (12088) with a straight, Ten to Ace



PokerStars Hand #257279933501: Tournament #3916201917, $10.27+$0.73 USD Hold'em No Limit - Level XVI (800/1600) - 2025/08/09 18:26:14 BRT [2025/08/09 17:26:14 ET]
Table '3916201917 6' 7-max Seat #6 is the button
Seat 1: bengtkassler (12088 in chips) 
Seat 2: jsmith091 (6166 in chips) 
Seat 3: denisovits (14846 in chips) 
Seat 4: flårdig (5511 in chips) 
Seat 5: TorukMaktuson (12818 in chips) 
Seat 6: Gabrielfs13 (15497 in chips) 
Seat 7: novagoh (35089 in chips) 
bengtkassler: posts the ante 400
jsmith091: posts the ante 400
denisovits: posts the ante 400
flårdig: posts the ante 400
TorukMaktuson: posts the ante 400
Gabrielfs13: posts the ante 400
novagoh: posts the ante 400
novagoh: posts small blind 800
bengtkassler: posts big blind 1600
*** HOLE CARDS ***
Dealt to Gabrielfs13 [2s Ks]
jsmith091: raises 4166 to 5766 and is all-in
denisovits: folds 
flårdig: folds 
TorukMaktuson: raises 6652 to 12418 and is all-in
Gabrielfs13: folds 
novagoh: raises 6652 to 19070
bengtkassler: folds 
Uncalled bet (6652) returned to novagoh
*** FLOP *** [5h 6c 7s]
*** TURN *** [5h 6c 7s] [As]
*** RIVER *** [5h 6c 7s As] [3s]
*** SHOW DOWN ***
novagoh: shows [7d 7h] (three of a kind, Sevens)
TorukMaktuson: shows [Ah Ts] (a pair of Aces)
novagoh collected 13304 from side pot
jsmith091: shows [Qh Qc] (a pair of Queens)
novagoh collected 21698 from main pot
TorukMaktuson finished the tournament in 91st place
jsmith091 finished the tournament in 92nd place
*** SUMMARY ***
Total pot 35002 Main pot 21698. Side pot 13304. | Rake 0 
Board [5h 6c 7s As 3s]
Seat 1: bengtkassler (big blind) folded before Flop
Seat 2: jsmith091 showed [Qh Qc] and lost with a pair of Queens
Seat 3: denisovits folded before Flop (didn't bet)
Seat 4: flårdig folded before Flop (didn't bet)
Seat 5: TorukMaktuson showed [Ah Ts] and lost with a pair of Aces
Seat 6: Gabrielfs13 (button) folded before Flop (didn't bet)
Seat 7: novagoh (small blind) showed [7d 7h] and won (35002) with three of a kind, Sevens



PokerStars Hand #257279954175: Tournament #3916201917, $10.27+$0.73 USD Hold'em No Limit - Level XVI (800/1600) - 2025/08/09 18:27:44 BRT [2025/08/09 17:27:44 ET]
Table '3916201917 3' 7-max Seat #7 is the button
Seat 1: joaovfbarroso (9050 in chips) 
Seat 3: fns1985 (21377 in chips) 
Seat 4: Gabrielfs13 (15097 in chips) 
Seat 5: Dazzleflare (17910 in chips) 
Seat 6: Bodinho23 (32373 in chips) 
Seat 7: DJÄxel (11494 in chips) 
joaovfbarroso: posts the ante 400
fns1985: posts the ante 400
Gabrielfs13: posts the ante 400
Dazzleflare: posts the ante 400
Bodinho23: posts the ante 400
DJÄxel: posts the ante 400
joaovfbarroso: posts small blind 800
fns1985: posts big blind 1600
*** HOLE CARDS ***
Dealt to Gabrielfs13 [Qc Jc]
AokiJrBr is disconnected 
Gabrielfs13: raises 13097 to 14697 and is all-in
Dazzleflare: folds 
Bodinho23: folds 
DJÄxel: folds 
joaovfbarroso: folds 
fns1985: folds 
Uncalled bet (13097) returned to Gabrielfs13
Gabrielfs13 collected 6400 from pot
Gabrielfs13: doesn't show hand 
*** SUMMARY ***
Total pot 6400 | Rake 0 
Seat 1: joaovfbarroso (small blind) folded before Flop
Seat 3: fns1985 (big blind) folded before Flop
Seat 4: Gabrielfs13 collected (6400)
Seat 5: Dazzleflare folded before Flop (didn't bet)
Seat 6: Bodinho23 folded before Flop (didn't bet)
Seat 7: DJÄxel (button) folded before Flop (didn't bet)



PokerStars Hand #257279962467: Tournament #3916201917, $10.27+$0.73 USD Hold'em No Limit - Level XVI (800/1600) - 2025/08/09 18:28:21 BRT [2025/08/09 17:28:21 ET]
Table '3916201917 3' 7-max Seat #1 is the button
Seat 1: joaovfbarroso (7850 in chips) 
Seat 2: AokiJrBr (23154 in chips) out of hand (moved from another table into small blind)
Seat 3: fns1985 (19377 in chips) 
Seat 4: Gabrielfs13 (19497 in chips) 
Seat 5: Dazzleflare (17510 in chips) 
Seat 6: Bodinho23 (31973 in chips) 
Seat 7: DJÄxel (11094 in chips) 
AokiJrBr will be allowed to play after the button
joaovfbarroso: posts the ante 400
fns1985: posts the ante 400
Gabrielfs13: posts the ante 400
Dazzleflare: posts the ante 400
Bodinho23: posts the ante 400
DJÄxel: posts the ante 400
fns1985: posts small blind 800
Gabrielfs13: posts big blind 1600
*** HOLE CARDS ***
Dealt to Gabrielfs13 [6h Ac]
Dazzleflare: folds 
Bodinho23: raises 29973 to 31573 and is all-in
DJÄxel: folds 
joaovfbarroso: folds 
fns1985: folds 
Gabrielfs13: folds 
Uncalled bet (29973) returned to Bodinho23
Bodinho23 collected 6400 from pot
Bodinho23: doesn't show hand 
*** SUMMARY ***
Total pot 6400 | Rake 0 
Seat 1: joaovfbarroso (button) folded before Flop (didn't bet)
Seat 3: fns1985 (small blind) folded before Flop
Seat 4: Gabrielfs13 (big blind) folded before Flop
Seat 5: Dazzleflare folded before Flop (didn't bet)
Seat 6: Bodinho23 collected (6400)
Seat 7: DJÄxel folded before Flop (didn't bet)



PokerStars Hand #257279978779: Tournament #3916201917, $10.27+$0.73 USD Hold'em No Limit - Level XVII (1000/2000) - 2025/08/09 18:29:32 BRT [2025/08/09 17:29:32 ET]
Table '3916201917 3' 7-max Seat #3 is the button
Seat 1: joaovfbarroso (7450 in chips) 
Seat 2: AokiJrBr (23154 in chips) 
Seat 3: fns1985 (18177 in chips) 
Seat 4: Gabrielfs13 (17497 in chips) 
Seat 5: Dazzleflare (17110 in chips) 
Seat 6: Bodinho23 (36373 in chips) 
Seat 7: DJÄxel (10694 in chips) 
joaovfbarroso: posts the ante 500
AokiJrBr: posts the ante 500
fns1985: posts the ante 500
Gabrielfs13: posts the ante 500
Dazzleflare: posts the ante 500
Bodinho23: posts the ante 500
DJÄxel: posts the ante 500
Gabrielfs13: posts small blind 1000
Dazzleflare: posts big blind 2000
*** HOLE CARDS ***
Dealt to Gabrielfs13 [Qc 8d]
Bodinho23: folds 
DJÄxel: folds 
joaovfbarroso: folds 
AokiJrBr: folds 
fns1985: raises 4000 to 6000
Gabrielfs13: folds 
Dazzleflare: folds 
Uncalled bet (4000) returned to fns1985
fns1985 collected 8500 from pot
*** SUMMARY ***
Total pot 8500 | Rake 0 
Seat 1: joaovfbarroso folded before Flop (didn't bet)
Seat 2: AokiJrBr folded before Flop (didn't bet)
Seat 3: fns1985 (button) collected (8500)
Seat 4: Gabrielfs13 (small blind) folded before Flop
Seat 5: Dazzleflare (big blind) folded before Flop
Seat 6: Bodinho23 folded before Flop (didn't bet)
Seat 7: DJÄxel folded before Flop (didn't bet)



PokerStars Hand #257279991118: Tournament #3916201917, $10.27+$0.73 USD Hold'em No Limit - Level XVII (1000/2000) - 2025/08/09 18:30:26 BRT [2025/08/09 17:30:26 ET]
Table '3916201917 3' 7-max Seat #4 is the button
Seat 1: joaovfbarroso (6950 in chips) 
Seat 2: AokiJrBr (22654 in chips) 
Seat 3: fns1985 (24177 in chips) 
Seat 4: Gabrielfs13 (15997 in chips) 
Seat 5: Dazzleflare (14610 in chips) 
Seat 6: Bodinho23 (35873 in chips) 
Seat 7: DJÄxel (10194 in chips) 
joaovfbarroso: posts the ante 500
AokiJrBr: posts the ante 500
fns1985: posts the ante 500
Gabrielfs13: posts the ante 500
Dazzleflare: posts the ante 500
Bodinho23: posts the ante 500
DJÄxel: posts the ante 500
Dazzleflare: posts small blind 1000
Bodinho23: posts big blind 2000
*** HOLE CARDS ***
Dealt to Gabrielfs13 [Qh 9d]
DJÄxel: raises 7694 to 9694 and is all-in
joaovfbarroso: folds 
AokiJrBr: folds 
fns1985: folds 
Gabrielfs13: folds 
Dazzleflare: folds 
Bodinho23: folds 
Uncalled bet (7694) returned to DJÄxel
DJÄxel collected 8500 from pot
DJÄxel: doesn't show hand 
*** SUMMARY ***
Total pot 8500 | Rake 0 
Seat 1: joaovfbarroso folded before Flop (didn't bet)
Seat 2: AokiJrBr folded before Flop (didn't bet)
Seat 3: fns1985 folded before Flop (didn't bet)
Seat 4: Gabrielfs13 (button) folded before Flop (didn't bet)
Seat 5: Dazzleflare (small blind) folded before Flop
Seat 6: Bodinho23 (big blind) folded before Flop
Seat 7: DJÄxel collected (8500)



PokerStars Hand #257280007034: Tournament #3916201917, $10.27+$0.73 USD Hold'em No Limit - Level XVII (1000/2000) - 2025/08/09 18:31:36 BRT [2025/08/09 17:31:36 ET]
Table '3916201917 3' 7-max Seat #5 is the button
Seat 1: joaovfbarroso (6450 in chips) 
Seat 2: AokiJrBr (22154 in chips) 
Seat 3: fns1985 (23677 in chips) 
Seat 4: Gabrielfs13 (15497 in chips) 
Seat 5: Dazzleflare (13110 in chips) 
Seat 6: Bodinho23 (33373 in chips) 
Seat 7: DJÄxel (16194 in chips) 
joaovfbarroso: posts the ante 500
AokiJrBr: posts the ante 500
fns1985: posts the ante 500
Gabrielfs13: posts the ante 500
Dazzleflare: posts the ante 500
Bodinho23: posts the ante 500
DJÄxel: posts the ante 500
Bodinho23: posts small blind 1000
DJÄxel: posts big blind 2000
*** HOLE CARDS ***
Dealt to Gabrielfs13 [7d 2c]
joaovfbarroso: raises 3950 to 5950 and is all-in
AokiJrBr: folds 
fns1985: folds 
Gabrielfs13: folds 
Dazzleflare: folds 
Bodinho23: folds 
DJÄxel: calls 3950
*** FLOP *** [Qh 4h 7h]
*** TURN *** [Qh 4h 7h] [7c]
*** RIVER *** [Qh 4h 7h 7c] [Jd]
*** SHOW DOWN ***
DJÄxel: shows [3h Tc] (a pair of Sevens)
joaovfbarroso: shows [3c Ad] (a pair of Sevens - Ace kicker)
joaovfbarroso collected 16400 from pot
*** SUMMARY ***
Total pot 16400 | Rake 0 
Board [Qh 4h 7h 7c Jd]
Seat 1: joaovfbarroso showed [3c Ad] and won (16400) with a pair of Sevens
Seat 2: AokiJrBr folded before Flop (didn't bet)
Seat 3: fns1985 folded before Flop (didn't bet)
Seat 4: Gabrielfs13 folded before Flop (didn't bet)
Seat 5: Dazzleflare (button) folded before Flop (didn't bet)
Seat 6: Bodinho23 (small blind) folded before Flop
Seat 7: DJÄxel (big blind) showed [3h Tc] and lost with a pair of Sevens



PokerStars Hand #257280019161: Tournament #3916201917, $10.27+$0.73 USD Hold'em No Limit - Level XVIII (1200/2400) - 2025/08/09 18:32:29 BRT [2025/08/09 17:32:29 ET]
Table '3916201917 3' 7-max Seat #6 is the button
Seat 1: joaovfbarroso (16400 in chips) 
Seat 2: AokiJrBr (21654 in chips) 
Seat 3: fns1985 (23177 in chips) 
Seat 4: Gabrielfs13 (14997 in chips) 
Seat 5: Dazzleflare (12610 in chips) 
Seat 6: Bodinho23 (31873 in chips) 
Seat 7: DJÄxel (9744 in chips) 
joaovfbarroso: posts the ante 600
AokiJrBr: posts the ante 600
fns1985: posts the ante 600
Gabrielfs13: posts the ante 600
Dazzleflare: posts the ante 600
Bodinho23: posts the ante 600
DJÄxel: posts the ante 600
DJÄxel: posts small blind 1200
joaovfbarroso: posts big blind 2400
*** HOLE CARDS ***
Dealt to Gabrielfs13 [Kh Ah]
AokiJrBr: folds 
fns1985: folds 
Gabrielfs13: raises 11997 to 14397 and is all-in
Dazzleflare: folds 
Bodinho23: folds 
DJÄxel: folds 
joaovfbarroso: folds 
Uncalled bet (11997) returned to Gabrielfs13
Gabrielfs13 collected 10200 from pot
Gabrielfs13: doesn't show hand 
*** SUMMARY ***
Total pot 10200 | Rake 0 
Seat 1: joaovfbarroso (big blind) folded before Flop
Seat 2: AokiJrBr folded before Flop (didn't bet)
Seat 3: fns1985 folded before Flop (didn't bet)
Seat 4: Gabrielfs13 collected (10200)
Seat 5: Dazzleflare folded before Flop (didn't bet)
Seat 6: Bodinho23 (button) folded before Flop (didn't bet)
Seat 7: DJÄxel (small blind) folded before Flop



PokerStars Hand #257280028521: Tournament #3916201917, $10.27+$0.73 USD Hold'em No Limit - Level XVIII (1200/2400) - 2025/08/09 18:33:11 BRT [2025/08/09 17:33:11 ET]
Table '3916201917 3' 7-max Seat #7 is the button
Seat 1: joaovfbarroso (13400 in chips) 
Seat 2: AokiJrBr (21054 in chips) 
Seat 3: fns1985 (22577 in chips) 
Seat 4: Gabrielfs13 (22197 in chips) 
Seat 5: Dazzleflare (12010 in chips) 
Seat 6: Bodinho23 (31273 in chips) 
Seat 7: DJÄxel (7944 in chips) 
joaovfbarroso: posts the ante 600
AokiJrBr: posts the ante 600
fns1985: posts the ante 600
Gabrielfs13: posts the ante 600
Dazzleflare: posts the ante 600
Bodinho23: posts the ante 600
DJÄxel: posts the ante 600
joaovfbarroso: posts small blind 1200
AokiJrBr: posts big blind 2400
*** HOLE CARDS ***
Dealt to Gabrielfs13 [9s As]
fns1985: raises 2800 to 5200
Gabrielfs13: folds 
Dazzleflare: folds 
Bodinho23: folds 
DJÄxel: folds 
joaovfbarroso: folds 
AokiJrBr: calls 2800
*** FLOP *** [6c 8h 7c]
AokiJrBr: checks 
fns1985: bets 16777 and is all-in
AokiJrBr: folds 
Uncalled bet (16777) returned to fns1985
fns1985 collected 15800 from pot
*** SUMMARY ***
Total pot 15800 | Rake 0 
Board [6c 8h 7c]
Seat 1: joaovfbarroso (small blind) folded before Flop
Seat 2: AokiJrBr (big blind) folded on the Flop
Seat 3: fns1985 collected (15800)
Seat 4: Gabrielfs13 folded before Flop (didn't bet)
Seat 5: Dazzleflare folded before Flop (didn't bet)
Seat 6: Bodinho23 folded before Flop (didn't bet)
Seat 7: DJÄxel (button) folded before Flop (didn't bet)



PokerStars Hand #257280046388: Tournament #3916201917, $10.27+$0.73 USD Hold'em No Limit - Level XVIII (1200/2400) - 2025/08/09 18:34:30 BRT [2025/08/09 17:34:30 ET]
Table '3916201917 3' 7-max Seat #1 is the button
Seat 1: joaovfbarroso (11600 in chips) 
Seat 2: AokiJrBr (15254 in chips) 
Seat 3: fns1985 (32577 in chips) 
Seat 4: Gabrielfs13 (21597 in chips) 
Seat 5: Dazzleflare (11410 in chips) 
Seat 6: Bodinho23 (30673 in chips) 
Seat 7: DJÄxel (7344 in chips) 
joaovfbarroso: posts the ante 600
AokiJrBr: posts the ante 600
fns1985: posts the ante 600
Gabrielfs13: posts the ante 600
Dazzleflare: posts the ante 600
Bodinho23: posts the ante 600
DJÄxel: posts the ante 600
AokiJrBr: posts small blind 1200
fns1985: posts big blind 2400
*** HOLE CARDS ***
Dealt to Gabrielfs13 [7d 9c]
Gabrielfs13: folds 
Dazzleflare: raises 8410 to 10810 and is all-in
Bodinho23: folds 
DJÄxel: folds 
joaovfbarroso: folds 
AokiJrBr: folds 
fns1985: folds 
Uncalled bet (8410) returned to Dazzleflare
Dazzleflare collected 10200 from pot
Dazzleflare: doesn't show hand 
*** SUMMARY ***
Total pot 10200 | Rake 0 
Seat 1: joaovfbarroso (button) folded before Flop (didn't bet)
Seat 2: AokiJrBr (small blind) folded before Flop
Seat 3: fns1985 (big blind) folded before Flop
Seat 4: Gabrielfs13 folded before Flop (didn't bet)
Seat 5: Dazzleflare collected (10200)
Seat 6: Bodinho23 folded before Flop (didn't bet)
Seat 7: DJÄxel folded before Flop (didn't bet)



PokerStars Hand #257280059791: Tournament #3916201917, $10.27+$0.73 USD Hold'em No Limit - Level XIX (1400/2800) - 2025/08/09 18:35:29 BRT [2025/08/09 17:35:29 ET]
Table '3916201917 3' 7-max Seat #2 is the button
Seat 1: joaovfbarroso (11000 in chips) 
Seat 2: AokiJrBr (13454 in chips) 
Seat 3: fns1985 (29577 in chips) 
Seat 4: Gabrielfs13 (20997 in chips) 
Seat 5: Dazzleflare (18610 in chips) 
Seat 6: Bodinho23 (30073 in chips) 
Seat 7: DJÄxel (6744 in chips) 
joaovfbarroso: posts the ante 700
AokiJrBr: posts the ante 700
fns1985: posts the ante 700
Gabrielfs13: posts the ante 700
Dazzleflare: posts the ante 700
Bodinho23: posts the ante 700
DJÄxel: posts the ante 700
fns1985: posts small blind 1400
Gabrielfs13: posts big blind 2800
*** HOLE CARDS ***
Dealt to Gabrielfs13 [Qh 5d]
Dazzleflare: folds 
Bodinho23: folds 
DJÄxel: folds 
joaovfbarroso: raises 7500 to 10300 and is all-in
AokiJrBr: folds 
fns1985: folds 
Gabrielfs13: calls 7500
*** FLOP *** [4d 8d Td]
*** TURN *** [4d 8d Td] [Kc]
*** RIVER *** [4d 8d Td Kc] [Jd]
*** SHOW DOWN ***
Gabrielfs13: shows [Qh 5d] (a flush, Jack high)
joaovfbarroso: shows [2c 2h] (a pair of Deuces)
Gabrielfs13 collected 26900 from pot
joaovfbarroso finished the tournament in 67th place
*** SUMMARY ***
Total pot 26900 | Rake 0 
Board [4d 8d Td Kc Jd]
Seat 1: joaovfbarroso showed [2c 2h] and lost with a pair of Deuces
Seat 2: AokiJrBr (button) folded before Flop (didn't bet)
Seat 3: fns1985 (small blind) folded before Flop
Seat 4: Gabrielfs13 (big blind) showed [Qh 5d] and won (26900) with a flush, Jack high
Seat 5: Dazzleflare folded before Flop (didn't bet)
Seat 6: Bodinho23 folded before Flop (didn't bet)
Seat 7: DJÄxel folded before Flop (didn't bet)



PokerStars Hand #257280072643: Tournament #3916201917, $10.27+$0.73 USD Hold'em No Limit - Level XIX (1400/2800) - 2025/08/09 18:36:25 BRT [2025/08/09 17:36:25 ET]
Table '3916201917 3' 7-max Seat #3 is the button
Seat 2: AokiJrBr (12754 in chips) 
Seat 3: fns1985 (27477 in chips) 
Seat 4: Gabrielfs13 (36897 in chips) 
Seat 5: Dazzleflare (17910 in chips) 
Seat 6: Bodinho23 (29373 in chips) 
Seat 7: DJÄxel (6044 in chips) 
AokiJrBr: posts the ante 700
fns1985: posts the ante 700
Gabrielfs13: posts the ante 700
Dazzleflare: posts the ante 700
Bodinho23: posts the ante 700
DJÄxel: posts the ante 700
Gabrielfs13: posts small blind 1400
Dazzleflare: posts big blind 2800
*** HOLE CARDS ***
Dealt to Gabrielfs13 [Qc Th]
Bodinho23: folds 
DJÄxel has timed out
DJÄxel: folds 
DJÄxel is sitting out
DJÄxel has returned
AokiJrBr: folds 
fns1985: folds 
Gabrielfs13: raises 15400 to 18200
giank99 is disconnected 
Dazzleflare: folds 
Uncalled bet (15400) returned to Gabrielfs13
Gabrielfs13 collected 9800 from pot
Gabrielfs13: doesn't show hand 
*** SUMMARY ***
Total pot 9800 | Rake 0 
Seat 2: AokiJrBr folded before Flop (didn't bet)
Seat 3: fns1985 (button) folded before Flop (didn't bet)
Seat 4: Gabrielfs13 (small blind) collected (9800)
Seat 5: Dazzleflare (big blind) folded before Flop
Seat 6: Bodinho23 folded before Flop (didn't bet)
Seat 7: DJÄxel folded before Flop (didn't bet)



PokerStars Hand #257280108863: Tournament #3916201917, $10.27+$0.73 USD Hold'em No Limit - Level XX (1600/3200) - 2025/08/09 18:39:06 BRT [2025/08/09 17:39:06 ET]
Table '3916201917 3' 7-max Seat #4 is the button
Seat 1: giank99 (100083 in chips) 
Seat 2: AokiJrBr (12054 in chips) 
Seat 3: fns1985 (26777 in chips) 
Seat 4: Gabrielfs13 (43197 in chips) 
Seat 5: Dazzleflare (14410 in chips) 
Seat 6: Bodinho23 (28673 in chips) 
Seat 7: DJÄxel (5344 in chips) 
giank99: posts the ante 800
AokiJrBr: posts the ante 800
fns1985: posts the ante 800
Gabrielfs13: posts the ante 800
Dazzleflare: posts the ante 800
Bodinho23: posts the ante 800
DJÄxel: posts the ante 800
Dazzleflare: posts small blind 1600
Bodinho23: posts big blind 3200
*** HOLE CARDS ***
Dealt to Gabrielfs13 [Kc 7c]
DJÄxel: folds 
giank99: folds 
AokiJrBr: raises 8054 to 11254 and is all-in
fns1985: raises 14723 to 25977 and is all-in
Gabrielfs13: raises 14723 to 40700
Dazzleflare: folds 
Bodinho23: folds 
Uncalled bet (14723) returned to Gabrielfs13
*** FLOP *** [7s 3c 3h]
*** TURN *** [7s 3c 3h] [5h]
*** RIVER *** [7s 3c 3h 5h] [6d]
*** SHOW DOWN ***
fns1985: shows [Kd Qs] (a pair of Threes)
Gabrielfs13: shows [Kc 7c] (two pair, Sevens and Threes)
Gabrielfs13 collected 29446 from side pot
AokiJrBr: shows [5c Kh] (two pair, Fives and Threes)
Gabrielfs13 collected 44162 from main pot
fns1985 finished the tournament in 50th place and received $21.62.
AokiJrBr finished the tournament in 51st place and received $21.62.
*** SUMMARY ***
Total pot 73608 Main pot 44162. Side pot 29446. | Rake 0 
Board [7s 3c 3h 5h 6d]
Seat 1: giank99 folded before Flop (didn't bet)
Seat 2: AokiJrBr showed [5c Kh] and lost with two pair, Fives and Threes
Seat 3: fns1985 showed [Kd Qs] and lost with a pair of Threes
Seat 4: Gabrielfs13 (button) showed [Kc 7c] and won (73608) with two pair, Sevens and Threes
Seat 5: Dazzleflare (small blind) folded before Flop
Seat 6: Bodinho23 (big blind) folded before Flop
Seat 7: DJÄxel folded before Flop (didn't bet)



PokerStars Hand #257280129021: Tournament #3916201917, $10.27+$0.73 USD Hold'em No Limit - Level XX (1600/3200) - 2025/08/09 18:40:36 BRT [2025/08/09 17:40:36 ET]
Table '3916201917 24' 7-max Seat #4 is the button
Seat 1: renkee27 (79255 in chips) 
Seat 2: Bronkoletti (14952 in chips) 
Seat 3: Gabrielfs13 (90028 in chips) 
Seat 4: Deltapf (37382 in chips) 
Seat 6: PulseChain1 (131585 in chips) 
Seat 7: giank99 (99283 in chips) 
renkee27: posts the ante 800
Bronkoletti: posts the ante 800
Gabrielfs13: posts the ante 800
Deltapf: posts the ante 800
PulseChain1: posts the ante 800
giank99: posts the ante 800
PulseChain1: posts small blind 1600
giank99: posts big blind 3200
*** HOLE CARDS ***
Dealt to Gabrielfs13 [Kc 8h]
renkee27: folds 
Bronkoletti: folds 
Gabrielfs13: folds 
Deltapf: raises 3200 to 6400
PulseChain1: folds 
giank99: calls 3200
*** FLOP *** [3h 9s Td]
giank99: checks 
delysid is disconnected 
Deltapf: checks 
*** TURN *** [3h 9s Td] [5d]
giank99: bets 6336
Deltapf: raises 23846 to 30182 and is all-in
giank99: folds 
Uncalled bet (23846) returned to Deltapf
Deltapf collected 31872 from pot
Deltapf: doesn't show hand 
*** SUMMARY ***
Total pot 31872 | Rake 0 
Board [3h 9s Td 5d]
Seat 1: renkee27 folded before Flop (didn't bet)
Seat 2: Bronkoletti folded before Flop (didn't bet)
Seat 3: Gabrielfs13 folded before Flop (didn't bet)
Seat 4: Deltapf (button) collected (31872)
Seat 6: PulseChain1 (small blind) folded before Flop
Seat 7: giank99 (big blind) folded on the Turn



PokerStars Hand #257280142572: Tournament #3916201917, $10.27+$0.73 USD Hold'em No Limit - Level XXI (1800/3600) - 2025/08/09 18:41:37 BRT [2025/08/09 17:41:37 ET]
Table '3916201917 24' 7-max Seat #6 is the button
Seat 1: renkee27 (78455 in chips) 
Seat 2: Bronkoletti (14152 in chips) 
Seat 3: Gabrielfs13 (89228 in chips) 
Seat 4: Deltapf (55718 in chips) 
Seat 5: delysid (61830 in chips) 
Seat 6: PulseChain1 (129185 in chips) 
Seat 7: giank99 (85747 in chips) 
renkee27: posts the ante 900
Bronkoletti: posts the ante 900
Gabrielfs13: posts the ante 900
Deltapf: posts the ante 900
delysid: posts the ante 900
PulseChain1: posts the ante 900
giank99: posts the ante 900
giank99: posts small blind 1800
renkee27: posts big blind 3600
*** HOLE CARDS ***
Dealt to Gabrielfs13 [Jc Kd]
Bronkoletti: folds 
Gabrielfs13: raises 3600 to 7200
Deltapf: folds 
delysid: folds 
PulseChain1: folds 
giank99: folds 
renkee27: folds 
Uncalled bet (3600) returned to Gabrielfs13
Gabrielfs13 collected 15300 from pot
Gabrielfs13: doesn't show hand 
*** SUMMARY ***
Total pot 15300 | Rake 0 
Seat 1: renkee27 (big blind) folded before Flop
Seat 2: Bronkoletti folded before Flop (didn't bet)
Seat 3: Gabrielfs13 collected (15300)
Seat 4: Deltapf folded before Flop (didn't bet)
Seat 5: delysid folded before Flop (didn't bet)
Seat 6: PulseChain1 (button) folded before Flop (didn't bet)
Seat 7: giank99 (small blind) folded before Flop



PokerStars Hand #257280152829: Tournament #3916201917, $10.27+$0.73 USD Hold'em No Limit - Level XXI (1800/3600) - 2025/08/09 18:42:23 BRT [2025/08/09 17:42:23 ET]
Table '3916201917 24' 7-max Seat #7 is the button
Seat 1: renkee27 (73955 in chips) 
Seat 2: Bronkoletti (13252 in chips) 
Seat 3: Gabrielfs13 (100028 in chips) 
Seat 4: Deltapf (54818 in chips) 
Seat 5: delysid (60930 in chips) 
Seat 6: PulseChain1 (128285 in chips) 
Seat 7: giank99 (83047 in chips) 
renkee27: posts the ante 900
Bronkoletti: posts the ante 900
Gabrielfs13: posts the ante 900
Deltapf: posts the ante 900
delysid: posts the ante 900
PulseChain1: posts the ante 900
giank99: posts the ante 900
renkee27: posts small blind 1800
Bronkoletti: posts big blind 3600
*** HOLE CARDS ***
Dealt to Gabrielfs13 [Qh Jd]
Gabrielfs13: raises 3600 to 7200
Deltapf: folds 
delysid: raises 52830 to 60030 and is all-in
PulseChain1: folds 
giank99: folds 
renkee27: folds 
Bronkoletti: calls 8752 and is all-in
Gabrielfs13: folds 
Uncalled bet (47678) returned to delysid
*** FLOP *** [3s As 8s]
*** TURN *** [3s As 8s] [2c]
*** RIVER *** [3s As 8s 2c] [7s]
*** SHOW DOWN ***
Bronkoletti: shows [Ts Js] (a flush, Ace high)
delysid: shows [6h 6c] (a pair of Sixes)
Bronkoletti collected 40004 from pot
*** SUMMARY ***
Total pot 40004 | Rake 0 
Board [3s As 8s 2c 7s]
Seat 1: renkee27 (small blind) folded before Flop
Seat 2: Bronkoletti (big blind) showed [Ts Js] and won (40004) with a flush, Ace high
Seat 3: Gabrielfs13 folded before Flop
Seat 4: Deltapf folded before Flop (didn't bet)
Seat 5: delysid showed [6h 6c] and lost with a pair of Sixes
Seat 6: PulseChain1 folded before Flop (didn't bet)
Seat 7: giank99 (button) folded before Flop (didn't bet)



PokerStars Hand #257280165592: Tournament #3916201917, $10.27+$0.73 USD Hold'em No Limit - Level XXI (1800/3600) - 2025/08/09 18:43:21 BRT [2025/08/09 17:43:21 ET]
Table '3916201917 24' 7-max Seat #1 is the button
Seat 1: renkee27 (71255 in chips) 
Seat 2: Bronkoletti (40004 in chips) 
Seat 3: Gabrielfs13 (91928 in chips) 
Seat 4: Deltapf (53918 in chips) 
Seat 5: delysid (47678 in chips) 
Seat 6: PulseChain1 (127385 in chips) 
Seat 7: giank99 (82147 in chips) 
renkee27: posts the ante 900
Bronkoletti: posts the ante 900
Gabrielfs13: posts the ante 900
Deltapf: posts the ante 900
delysid: posts the ante 900
PulseChain1: posts the ante 900
giank99: posts the ante 900
Bronkoletti: posts small blind 1800
Gabrielfs13: posts big blind 3600
*** HOLE CARDS ***
Dealt to Gabrielfs13 [6c 8s]
Deltapf: folds 
delysid: folds 
PulseChain1: raises 3600 to 7200
giank99: folds 
renkee27: folds 
Bronkoletti: folds 
Gabrielfs13: calls 3600
*** FLOP *** [Kc 8d 5c]
Gabrielfs13: checks 
PulseChain1: bets 6750
Gabrielfs13: calls 6750
*** TURN *** [Kc 8d 5c] [Jh]
Gabrielfs13: checks 
PulseChain1: checks 
*** RIVER *** [Kc 8d 5c Jh] [6d]
Gabrielfs13: bets 23760
PulseChain1: folds 
Uncalled bet (23760) returned to Gabrielfs13
Gabrielfs13 collected 36000 from pot
Gabrielfs13: doesn't show hand 
*** SUMMARY ***
Total pot 36000 | Rake 0 
Board [Kc 8d 5c Jh 6d]
Seat 1: renkee27 (button) folded before Flop (didn't bet)
Seat 2: Bronkoletti (small blind) folded before Flop
Seat 3: Gabrielfs13 (big blind) collected (36000)
Seat 4: Deltapf folded before Flop (didn't bet)
Seat 5: delysid folded before Flop (didn't bet)
Seat 6: PulseChain1 folded on the River
Seat 7: giank99 folded before Flop (didn't bet)



PokerStars Hand #257280181772: Tournament #3916201917, $10.27+$0.73 USD Hold'em No Limit - Level XXII (2000/4000) - 2025/08/09 18:44:34 BRT [2025/08/09 17:44:34 ET]
Table '3916201917 24' 7-max Seat #2 is the button
Seat 1: renkee27 (70355 in chips) 
Seat 2: Bronkoletti (37304 in chips) 
Seat 3: Gabrielfs13 (113078 in chips) 
Seat 4: Deltapf (53018 in chips) 
Seat 5: delysid (46778 in chips) 
Seat 6: PulseChain1 (112535 in chips) 
Seat 7: giank99 (81247 in chips) 
renkee27: posts the ante 1000
Bronkoletti: posts the ante 1000
Gabrielfs13: posts the ante 1000
Deltapf: posts the ante 1000
delysid: posts the ante 1000
PulseChain1: posts the ante 1000
giank99: posts the ante 1000
Gabrielfs13: posts small blind 2000
Deltapf: posts big blind 4000
*** HOLE CARDS ***
Dealt to Gabrielfs13 [Qc 8d]
delysid: folds 
PulseChain1: raises 4000 to 8000
giank99: folds 
renkee27: folds 
Bronkoletti: raises 28000 to 36000
Gabrielfs13: folds 
Deltapf: folds 
PulseChain1: raises 75535 to 111535 and is all-in
Bronkoletti: calls 304 and is all-in
Uncalled bet (75231) returned to PulseChain1
*** FLOP *** [Jd Ks 3c]
*** TURN *** [Jd Ks 3c] [Jh]
*** RIVER *** [Jd Ks 3c Jh] [6h]
*** SHOW DOWN ***
PulseChain1: shows [Jc Tc] (three of a kind, Jacks)
Bronkoletti: shows [Qd As] (a pair of Jacks)
PulseChain1 collected 85608 from pot
Bronkoletti finished the tournament in 28th place and received $26.51.
*** SUMMARY ***
Total pot 85608 | Rake 0 
Board [Jd Ks 3c Jh 6h]
Seat 1: renkee27 folded before Flop (didn't bet)
Seat 2: Bronkoletti (button) showed [Qd As] and lost with a pair of Jacks
Seat 3: Gabrielfs13 (small blind) folded before Flop
Seat 4: Deltapf (big blind) folded before Flop
Seat 5: delysid folded before Flop (didn't bet)
Seat 6: PulseChain1 showed [Jc Tc] and won (85608) with three of a kind, Jacks
Seat 7: giank99 folded before Flop (didn't bet)



PokerStars Hand #257280199714: Tournament #3916201917, $10.27+$0.73 USD Hold'em No Limit - Level XXII (2000/4000) - 2025/08/09 18:45:56 BRT [2025/08/09 17:45:56 ET]
Table '3916201917 24' 7-max Seat #3 is the button
Seat 1: renkee27 (69355 in chips) 
Seat 3: Gabrielfs13 (110078 in chips) 
Seat 4: Deltapf (48018 in chips) 
Seat 5: delysid (45778 in chips) 
Seat 6: PulseChain1 (160839 in chips) 
Seat 7: giank99 (80247 in chips) 
renkee27: posts the ante 1000
Gabrielfs13: posts the ante 1000
Deltapf: posts the ante 1000
delysid: posts the ante 1000
PulseChain1: posts the ante 1000
giank99: posts the ante 1000
Deltapf: posts small blind 2000
delysid: posts big blind 4000
*** HOLE CARDS ***
Dealt to Gabrielfs13 [8c 4s]
PulseChain1: folds 
giank99: raises 4000 to 8000
renkee27: folds 
Gabrielfs13: folds 
Deltapf: raises 39018 to 47018 and is all-in
delysid: folds 
giank99: folds 
Uncalled bet (39018) returned to Deltapf
Deltapf collected 26000 from pot
Deltapf: doesn't show hand 
*** SUMMARY ***
Total pot 26000 | Rake 0 
Seat 1: renkee27 folded before Flop (didn't bet)
Seat 3: Gabrielfs13 (button) folded before Flop (didn't bet)
Seat 4: Deltapf (small blind) collected (26000)
Seat 5: delysid (big blind) folded before Flop
Seat 6: PulseChain1 folded before Flop (didn't bet)
Seat 7: giank99 folded before Flop



PokerStars Hand #257280207076: Tournament #3916201917, $10.27+$0.73 USD Hold'em No Limit - Level XXII (2000/4000) - 2025/08/09 18:46:30 BRT [2025/08/09 17:46:30 ET]
Table '3916201917 24' 7-max Seat #4 is the button
Seat 1: renkee27 (68355 in chips) 
Seat 3: Gabrielfs13 (109078 in chips) 
Seat 4: Deltapf (65018 in chips) 
Seat 5: delysid (40778 in chips) 
Seat 6: PulseChain1 (159839 in chips) 
Seat 7: giank99 (71247 in chips) 
renkee27: posts the ante 1000
Gabrielfs13: posts the ante 1000
Deltapf: posts the ante 1000
delysid: posts the ante 1000
PulseChain1: posts the ante 1000
giank99: posts the ante 1000
delysid: posts small blind 2000
PulseChain1: posts big blind 4000
*** HOLE CARDS ***
Dealt to Gabrielfs13 [Jd 7h]
giank99: folds 
renkee27: folds 
Gabrielfs13: folds 
Deltapf: folds 
delysid: folds 
Uncalled bet (2000) returned to PulseChain1
PulseChain1 collected 10000 from pot
PulseChain1: doesn't show hand 
*** SUMMARY ***
Total pot 10000 | Rake 0 
Seat 1: renkee27 folded before Flop (didn't bet)
Seat 3: Gabrielfs13 folded before Flop (didn't bet)
Seat 4: Deltapf (button) folded before Flop (didn't bet)
Seat 5: delysid (small blind) folded before Flop
Seat 6: PulseChain1 (big blind) collected (10000)
Seat 7: giank99 folded before Flop (didn't bet)



PokerStars Hand #257280213022: Tournament #3916201917, $10.27+$0.73 USD Hold'em No Limit - Level XXII (2000/4000) - 2025/08/09 18:46:57 BRT [2025/08/09 17:46:57 ET]
Table '3916201917 24' 7-max Seat #5 is the button
Seat 1: renkee27 (67355 in chips) 
Seat 3: Gabrielfs13 (108078 in chips) 
Seat 4: Deltapf (64018 in chips) 
Seat 5: delysid (37778 in chips) 
Seat 6: PulseChain1 (166839 in chips) 
Seat 7: giank99 (70247 in chips) 
renkee27: posts the ante 1000
Gabrielfs13: posts the ante 1000
Deltapf: posts the ante 1000
delysid: posts the ante 1000
PulseChain1: posts the ante 1000
giank99: posts the ante 1000
PulseChain1: posts small blind 2000
giank99: posts big blind 4000
*** HOLE CARDS ***
Dealt to Gabrielfs13 [Qc Ks]
renkee27: folds 
Gabrielfs13: raises 4000 to 8000
Deltapf: raises 55018 to 63018 and is all-in
delysid: folds 
PulseChain1: folds 
giank99: folds 
Gabrielfs13: calls 55018
*** FLOP *** [8d Ac Jc]
*** TURN *** [8d Ac Jc] [7c]
*** RIVER *** [8d Ac Jc 7c] [9s]
*** SHOW DOWN ***
Gabrielfs13: shows [Qc Ks] (high card Ace)
Deltapf: shows [Tc Ah] (a straight, Seven to Jack)
Deltapf collected 138036 from pot
*** SUMMARY ***
Total pot 138036 | Rake 0 
Board [8d Ac Jc 7c 9s]
Seat 1: renkee27 folded before Flop (didn't bet)
Seat 3: Gabrielfs13 showed [Qc Ks] and lost with high card Ace
Seat 4: Deltapf showed [Tc Ah] and won (138036) with a straight, Seven to Jack
Seat 5: delysid (button) folded before Flop (didn't bet)
Seat 6: PulseChain1 (small blind) folded before Flop
Seat 7: giank99 (big blind) folded before Flop



PokerStars Hand #257280221727: Tournament #3916201917, $10.27+$0.73 USD Hold'em No Limit - Level XXIII (2500/5000) - 2025/08/09 18:47:36 BRT [2025/08/09 17:47:36 ET]
Table '3916201917 24' 7-max Seat #6 is the button
Seat 1: renkee27 (66355 in chips) 
Seat 3: Gabrielfs13 (44060 in chips) 
Seat 4: Deltapf (138036 in chips) 
Seat 5: delysid (36778 in chips) 
Seat 6: PulseChain1 (163839 in chips) 
Seat 7: giank99 (65247 in chips) 
renkee27: posts the ante 1250
Gabrielfs13: posts the ante 1250
Deltapf: posts the ante 1250
delysid: posts the ante 1250
PulseChain1: posts the ante 1250
giank99: posts the ante 1250
giank99: posts small blind 2500
renkee27: posts big blind 5000
*** HOLE CARDS ***
Dealt to Gabrielfs13 [Th 3c]
Gabrielfs13: folds 
Deltapf: raises 5000 to 10000
delysid: folds 
PulseChain1: calls 10000
giank99: raises 50000 to 60000
renkee27: raises 5105 to 65105 and is all-in
Deltapf: folds 
PulseChain1: folds 
giank99: calls 3997 and is all-in
Uncalled bet (1108) returned to renkee27
*** FLOP *** [8d Ad Ac]
*** TURN *** [8d Ad Ac] [Ks]
*** RIVER *** [8d Ad Ac Ks] [7c]
*** SHOW DOWN ***
giank99: shows [6c 6h] (two pair, Aces and Sixes)
renkee27: shows [Kc Ah] (a full house, Aces full of Kings)
renkee27 collected 155494 from pot
giank99 finished the tournament in 24th place and received $32.50.
*** SUMMARY ***
Total pot 155494 | Rake 0 
Board [8d Ad Ac Ks 7c]
Seat 1: renkee27 (big blind) showed [Kc Ah] and won (155494) with a full house, Aces full of Kings
Seat 3: Gabrielfs13 folded before Flop (didn't bet)
Seat 4: Deltapf folded before Flop
Seat 5: delysid folded before Flop (didn't bet)
Seat 6: PulseChain1 (button) folded before Flop
Seat 7: giank99 (small blind) showed [6c 6h] and lost with two pair, Aces and Sixes



PokerStars Hand #257280238749: Tournament #3916201917, $10.27+$0.73 USD Hold'em No Limit - Level XXIII (2500/5000) - 2025/08/09 18:48:54 BRT [2025/08/09 17:48:54 ET]
Table '3916201917 24' 7-max Seat #1 is the button
Seat 1: renkee27 (156602 in chips) 
Seat 3: Gabrielfs13 (42810 in chips) 
Seat 4: Deltapf (126786 in chips) 
Seat 5: delysid (35528 in chips) 
Seat 6: PulseChain1 (152589 in chips) 
renkee27: posts the ante 1250
Gabrielfs13: posts the ante 1250
Deltapf: posts the ante 1250
delysid: posts the ante 1250
PulseChain1: posts the ante 1250
Gabrielfs13: posts small blind 2500
Deltapf: posts big blind 5000
*** HOLE CARDS ***
Dealt to Gabrielfs13 [Ts Td]
delysid: raises 25000 to 30000
PulseChain1: folds 
renkee27: folds 
Gabrielfs13: raises 11560 to 41560 and is all-in
Deltapf: raises 25000 to 66560
delysid: calls 4278 and is all-in
Uncalled bet (25000) returned to Deltapf
*** FLOP *** [8c 9d 2h]
*** TURN *** [8c 9d 2h] [4h]
*** RIVER *** [8c 9d 2h 4h] [Kh]
*** SHOW DOWN ***
Gabrielfs13: shows [Ts Td] (a pair of Tens)
Deltapf: shows [As 7c] (high card Ace)
Gabrielfs13 collected 14564 from side pot
delysid: shows [Ad 3d] (high card Ace)
Gabrielfs13 collected 109084 from main pot
delysid finished the tournament in 23rd place and received $32.50.
*** SUMMARY ***
Total pot 123648 Main pot 109084. Side pot 14564. | Rake 0 
Board [8c 9d 2h 4h Kh]
Seat 1: renkee27 (button) folded before Flop (didn't bet)
Seat 3: Gabrielfs13 (small blind) showed [Ts Td] and won (123648) with a pair of Tens
Seat 4: Deltapf (big blind) showed [As 7c] and lost with high card Ace
Seat 5: delysid showed [Ad 3d] and lost with high card Ace
Seat 6: PulseChain1 folded before Flop (didn't bet)



PokerStars Hand #257280246771: Tournament #3916201917, $10.27+$0.73 USD Hold'em No Limit - Level XXIII (2500/5000) - 2025/08/09 18:49:32 BRT [2025/08/09 17:49:32 ET]
Table '3916201917 24' 7-max Seat #3 is the button
Seat 1: renkee27 (155352 in chips) 
Seat 3: Gabrielfs13 (123648 in chips) 
Seat 4: Deltapf (83976 in chips) 
Seat 6: PulseChain1 (151339 in chips) 
renkee27: posts the ante 1250
Gabrielfs13: posts the ante 1250
Deltapf: posts the ante 1250
PulseChain1: posts the ante 1250
Deltapf: posts small blind 2500
PulseChain1: posts big blind 5000
*** HOLE CARDS ***
Dealt to Gabrielfs13 [Kd 7d]
renkee27: folds 
Gabrielfs13: raises 5000 to 10000
Deltapf: folds 
bengtkassler is disconnected 
Zwarteduif is disconnected 
PulseChain1: folds 
Uncalled bet (5000) returned to Gabrielfs13
R£SILI£NC£ is disconnected 
Gabrielfs13 collected 17500 from pot
Gabrielfs13: doesn't show hand 
*** SUMMARY ***
Total pot 17500 | Rake 0 
Seat 1: renkee27 folded before Flop (didn't bet)
Seat 3: Gabrielfs13 (button) collected (17500)
Seat 4: Deltapf (small blind) folded before Flop
Seat 6: PulseChain1 (big blind) folded before Flop



PokerStars Hand #257280251619: Tournament #3916201917, $10.27+$0.73 USD Hold'em No Limit - Level XXIII (2500/5000) - 2025/08/09 18:49:55 BRT [2025/08/09 17:49:55 ET]
Table '3916201917 24' 7-max Seat #4 is the button
Seat 1: renkee27 (154102 in chips) 
Seat 2: bengtkassler (69666 in chips) 
Seat 3: Gabrielfs13 (134898 in chips) 
Seat 4: Deltapf (80226 in chips) 
Seat 5: Zwarteduif (10968 in chips) out of hand (moved from another table into small blind)
Seat 6: PulseChain1 (145089 in chips) 
Seat 7: R£SILI£NC£ (22066 in chips) 
Zwarteduif will be allowed to play after the button
renkee27: posts the ante 1250
bengtkassler: posts the ante 1250
Gabrielfs13: posts the ante 1250
Deltapf: posts the ante 1250
PulseChain1: posts the ante 1250
R£SILI£NC£: posts the ante 1250
PulseChain1: posts small blind 2500
R£SILI£NC£: posts big blind 5000
*** HOLE CARDS ***
Dealt to Gabrielfs13 [2s 7s]
renkee27: folds 
bengtkassler: folds 
Gabrielfs13: folds 
Deltapf: raises 5000 to 10000
PulseChain1: folds 
R£SILI£NC£: folds 
Uncalled bet (5000) returned to Deltapf
Deltapf collected 20000 from pot
Deltapf: doesn't show hand 
*** SUMMARY ***
Total pot 20000 | Rake 0 
Seat 1: renkee27 folded before Flop (didn't bet)
Seat 2: bengtkassler folded before Flop (didn't bet)
Seat 3: Gabrielfs13 folded before Flop (didn't bet)
Seat 4: Deltapf (button) collected (20000)
Seat 6: PulseChain1 (small blind) folded before Flop
Seat 7: R£SILI£NC£ (big blind) folded before Flop



PokerStars Hand #257280261179: Tournament #3916201917, $10.27+$0.73 USD Hold'em No Limit - Level XXIV (3000/6000) - 2025/08/09 18:50:39 BRT [2025/08/09 17:50:39 ET]
Table '3916201917 24' 7-max Seat #6 is the button
Seat 1: renkee27 (152852 in chips) 
Seat 2: bengtkassler (68416 in chips) 
Seat 3: Gabrielfs13 (133648 in chips) 
Seat 4: Deltapf (93976 in chips) 
Seat 5: Zwarteduif (10968 in chips) 
Seat 6: PulseChain1 (141339 in chips) 
Seat 7: R£SILI£NC£ (15816 in chips) 
renkee27: posts the ante 1500
bengtkassler: posts the ante 1500
Gabrielfs13: posts the ante 1500
Deltapf: posts the ante 1500
Zwarteduif: posts the ante 1500
PulseChain1: posts the ante 1500
R£SILI£NC£: posts the ante 1500
R£SILI£NC£: posts small blind 3000
renkee27: posts big blind 6000
*** HOLE CARDS ***
Dealt to Gabrielfs13 [6c 3d]
bengtkassler: folds 
Gabrielfs13: folds 
Deltapf: raises 6000 to 12000
Zwarteduif: folds 
PulseChain1: folds 
R£SILI£NC£: raises 2316 to 14316 and is all-in
renkee27: calls 8316
Deltapf: calls 2316
*** FLOP *** [5h 4c 6s]
renkee27: checks 
Deltapf: checks 
*** TURN *** [5h 4c 6s] [8d]
renkee27: checks 
Deltapf: checks 
*** RIVER *** [5h 4c 6s 8d] [8s]
renkee27: checks 
Deltapf: checks 
*** SHOW DOWN ***
R£SILI£NC£: shows [8c Tc] (three of a kind, Eights)
renkee27: mucks hand 
Deltapf: mucks hand 
R£SILI£NC£ collected 53448 from pot
*** SUMMARY ***
Total pot 53448 | Rake 0 
Board [5h 4c 6s 8d 8s]
Seat 1: renkee27 (big blind) mucked [9h Qs]
Seat 2: bengtkassler folded before Flop (didn't bet)
Seat 3: Gabrielfs13 folded before Flop (didn't bet)
Seat 4: Deltapf mucked [As Js]
Seat 5: Zwarteduif folded before Flop (didn't bet)
Seat 6: PulseChain1 (button) folded before Flop (didn't bet)
Seat 7: R£SILI£NC£ (small blind) showed [8c Tc] and won (53448) with three of a kind, Eights



PokerStars Hand #257280273357: Tournament #3916201917, $10.27+$0.73 USD Hold'em No Limit - Level XXIV (3000/6000) - 2025/08/09 18:51:35 BRT [2025/08/09 17:51:35 ET]
Table '3916201917 24' 7-max Seat #7 is the button
Seat 1: renkee27 (137036 in chips) 
Seat 2: bengtkassler (66916 in chips) 
Seat 3: Gabrielfs13 (132148 in chips) 
Seat 4: Deltapf (78160 in chips) 
Seat 5: Zwarteduif (9468 in chips) 
Seat 6: PulseChain1 (139839 in chips) 
Seat 7: R£SILI£NC£ (53448 in chips) 
renkee27: posts the ante 1500
bengtkassler: posts the ante 1500
Gabrielfs13: posts the ante 1500
Deltapf: posts the ante 1500
Zwarteduif: posts the ante 1500
PulseChain1: posts the ante 1500
R£SILI£NC£: posts the ante 1500
renkee27: posts small blind 3000
bengtkassler: posts big blind 6000
*** HOLE CARDS ***
Dealt to Gabrielfs13 [Ts Ah]
Gabrielfs13: raises 6000 to 12000
Deltapf: folds 
Zwarteduif: folds 
PulseChain1: folds 
R£SILI£NC£: folds 
renkee27: folds 
bengtkassler: raises 53416 to 65416 and is all-in
Gabrielfs13: calls 53416
*** FLOP *** [9d Kd 6h]
*** TURN *** [9d Kd 6h] [As]
*** RIVER *** [9d Kd 6h As] [6s]
*** SHOW DOWN ***
bengtkassler: shows [Tc Td] (two pair, Tens and Sixes)
Gabrielfs13: shows [Ts Ah] (two pair, Aces and Sixes)
Gabrielfs13 collected 144332 from pot
bengtkassler finished the tournament in 19th place and received $39.85.
*** SUMMARY ***
Total pot 144332 | Rake 0 
Board [9d Kd 6h As 6s]
Seat 1: renkee27 (small blind) folded before Flop
Seat 2: bengtkassler (big blind) showed [Tc Td] and lost with two pair, Tens and Sixes
Seat 3: Gabrielfs13 showed [Ts Ah] and won (144332) with two pair, Aces and Sixes
Seat 4: Deltapf folded before Flop (didn't bet)
Seat 5: Zwarteduif folded before Flop (didn't bet)
Seat 6: PulseChain1 folded before Flop (didn't bet)
Seat 7: R£SILI£NC£ (button) folded before Flop (didn't bet)



PokerStars Hand #257280284054: Tournament #3916201917, $10.27+$0.73 USD Hold'em No Limit - Level XXIV (3000/6000) - 2025/08/09 18:52:25 BRT [2025/08/09 17:52:25 ET]
Table '3916201917 24' 7-max Seat #1 is the button
Seat 1: renkee27 (132536 in chips) 
Seat 3: Gabrielfs13 (209564 in chips) 
Seat 4: Deltapf (76660 in chips) 
Seat 5: Zwarteduif (7968 in chips) 
Seat 6: PulseChain1 (138339 in chips) 
Seat 7: R£SILI£NC£ (51948 in chips) 
renkee27: posts the ante 1500
Gabrielfs13: posts the ante 1500
Deltapf: posts the ante 1500
Zwarteduif: posts the ante 1500
PulseChain1: posts the ante 1500
R£SILI£NC£: posts the ante 1500
Gabrielfs13: posts small blind 3000
Deltapf: posts big blind 6000
*** HOLE CARDS ***
Dealt to Gabrielfs13 [Ts 4d]
Zwarteduif: folds 
PulseChain1: folds 
R£SILI£NC£: folds 
renkee27: folds 
Gabrielfs13: folds 
Uncalled bet (3000) returned to Deltapf
Deltapf collected 15000 from pot
Deltapf: doesn't show hand 
*** SUMMARY ***
Total pot 15000 | Rake 0 
Seat 1: renkee27 (button) folded before Flop (didn't bet)
Seat 3: Gabrielfs13 (small blind) folded before Flop
Seat 4: Deltapf (big blind) collected (15000)
Seat 5: Zwarteduif folded before Flop (didn't bet)
Seat 6: PulseChain1 folded before Flop (didn't bet)
Seat 7: R£SILI£NC£ folded before Flop (didn't bet)



PokerStars Hand #257280289412: Tournament #3916201917, $10.27+$0.73 USD Hold'em No Limit - Level XXIV (3000/6000) - 2025/08/09 18:52:51 BRT [2025/08/09 17:52:51 ET]
Table '3916201917 24' 7-max Seat #3 is the button
Seat 1: renkee27 (131036 in chips) 
Seat 3: Gabrielfs13 (205064 in chips) 
Seat 4: Deltapf (87160 in chips) 
Seat 5: Zwarteduif (6468 in chips) 
Seat 6: PulseChain1 (136839 in chips) 
Seat 7: R£SILI£NC£ (50448 in chips) 
renkee27: posts the ante 1500
Gabrielfs13: posts the ante 1500
Deltapf: posts the ante 1500
Zwarteduif: posts the ante 1500
PulseChain1: posts the ante 1500
R£SILI£NC£: posts the ante 1500
Deltapf: posts small blind 3000
Zwarteduif: posts big blind 4968 and is all-in
*** HOLE CARDS ***
Dealt to Gabrielfs13 [8h Ts]
PulseChain1: folds 
R£SILI£NC£: folds 
renkee27: raises 7032 to 12000
Gabrielfs13: folds 
Deltapf: raises 73660 to 85660 and is all-in
renkee27: folds 
Uncalled bet (73660) returned to Deltapf
*** FLOP *** [5c Jd Qc]
*** TURN *** [5c Jd Qc] [Qs]
*** RIVER *** [5c Jd Qc Qs] [6c]
*** SHOW DOWN ***
Deltapf: shows [Ah 4d] (a pair of Queens)
Deltapf collected 14064 from side pot
Zwarteduif: shows [3c 5d] (two pair, Queens and Fives)
Zwarteduif collected 23904 from main pot
*** SUMMARY ***
Total pot 37968 Main pot 23904. Side pot 14064. | Rake 0 
Board [5c Jd Qc Qs 6c]
Seat 1: renkee27 folded before Flop
Seat 3: Gabrielfs13 (button) folded before Flop (didn't bet)
Seat 4: Deltapf (small blind) showed [Ah 4d] and won (14064) with a pair of Queens
Seat 5: Zwarteduif (big blind) showed [3c 5d] and won (23904) with two pair, Queens and Fives
Seat 6: PulseChain1 folded before Flop (didn't bet)
Seat 7: R£SILI£NC£ folded before Flop (didn't bet)



PokerStars Hand #257280298813: Tournament #3916201917, $10.27+$0.73 USD Hold'em No Limit - Level XXV (3500/7000) - 2025/08/09 18:53:35 BRT [2025/08/09 17:53:35 ET]
Table '3916201917 24' 7-max Seat #4 is the button
Seat 1: renkee27 (117536 in chips) 
Seat 3: Gabrielfs13 (203564 in chips) 
Seat 4: Deltapf (87724 in chips) 
Seat 5: Zwarteduif (23904 in chips) 
Seat 6: PulseChain1 (135339 in chips) 
Seat 7: R£SILI£NC£ (48948 in chips) 
renkee27: posts the ante 1750
Gabrielfs13: posts the ante 1750
Deltapf: posts the ante 1750
Zwarteduif: posts the ante 1750
PulseChain1: posts the ante 1750
R£SILI£NC£: posts the ante 1750
Zwarteduif: posts small blind 3500
PulseChain1: posts big blind 7000
*** HOLE CARDS ***
Dealt to Gabrielfs13 [Jh 2s]
R£SILI£NC£: folds 
renkee27: raises 7000 to 14000
Gabrielfs13: folds 
Deltapf: folds 
Zwarteduif: raises 8154 to 22154 and is all-in
PulseChain1: folds 
renkee27: calls 8154
*** FLOP *** [Kh 9s 8s]
*** TURN *** [Kh 9s 8s] [Qc]
*** RIVER *** [Kh 9s 8s Qc] [Jc]
*** SHOW DOWN ***
Zwarteduif: shows [3h 3s] (a pair of Threes)
renkee27: shows [Th Js] (a straight, Nine to King)
renkee27 collected 61808 from pot
Zwarteduif finished the tournament in 17th place and received $39.85.
*** SUMMARY ***
Total pot 61808 | Rake 0 
Board [Kh 9s 8s Qc Jc]
Seat 1: renkee27 showed [Th Js] and won (61808) with a straight, Nine to King
Seat 3: Gabrielfs13 folded before Flop (didn't bet)
Seat 4: Deltapf (button) folded before Flop (didn't bet)
Seat 5: Zwarteduif (small blind) showed [3h 3s] and lost with a pair of Threes
Seat 6: PulseChain1 (big blind) folded before Flop
Seat 7: R£SILI£NC£ folded before Flop (didn't bet)



PokerStars Hand #257280306465: Tournament #3916201917, $10.27+$0.73 USD Hold'em No Limit - Level XXV (3500/7000) - 2025/08/09 18:54:11 BRT [2025/08/09 17:54:11 ET]
Table '3916201917 24' 7-max Seat #6 is the button
Seat 1: renkee27 (155440 in chips) 
Seat 3: Gabrielfs13 (201814 in chips) 
Seat 4: Deltapf (85974 in chips) 
Seat 6: PulseChain1 (126589 in chips) 
Seat 7: R£SILI£NC£ (47198 in chips) 
renkee27: posts the ante 1750
Gabrielfs13: posts the ante 1750
Deltapf: posts the ante 1750
PulseChain1: posts the ante 1750
R£SILI£NC£: posts the ante 1750
R£SILI£NC£: posts small blind 3500
renkee27: posts big blind 7000
*** HOLE CARDS ***
Dealt to Gabrielfs13 [6s 9s]
Gabrielfs13: folds 
Deltapf: folds 
PulseChain1: folds 
R£SILI£NC£: folds 
Uncalled bet (3500) returned to renkee27
renkee27 collected 15750 from pot
renkee27: doesn't show hand 
*** SUMMARY ***
Total pot 15750 | Rake 0 
Seat 1: renkee27 (big blind) collected (15750)
Seat 3: Gabrielfs13 folded before Flop (didn't bet)
Seat 4: Deltapf folded before Flop (didn't bet)
Seat 6: PulseChain1 (button) folded before Flop (didn't bet)
Seat 7: R£SILI£NC£ (small blind) folded before Flop



PokerStars Hand #257280308958: Tournament #3916201917, $10.27+$0.73 USD Hold'em No Limit - Level XXV (3500/7000) - 2025/08/09 18:54:23 BRT [2025/08/09 17:54:23 ET]
Table '3916201917 24' 7-max Seat #7 is the button
Seat 1: renkee27 (165940 in chips) 
Seat 3: Gabrielfs13 (200064 in chips) 
Seat 4: Deltapf (84224 in chips) 
Seat 6: PulseChain1 (124839 in chips) 
Seat 7: R£SILI£NC£ (41948 in chips) 
renkee27: posts the ante 1750
Gabrielfs13: posts the ante 1750
Deltapf: posts the ante 1750
PulseChain1: posts the ante 1750
R£SILI£NC£: posts the ante 1750
renkee27: posts small blind 3500
Gabrielfs13: posts big blind 7000
*** HOLE CARDS ***
Dealt to Gabrielfs13 [Qh 4h]
Deltapf: folds 
PulseChain1: folds 
R£SILI£NC£: raises 33198 to 40198 and is all-in
renkee27: folds 
Gabrielfs13: calls 33198
*** FLOP *** [8c Qc Qs]
*** TURN *** [8c Qc Qs] [6c]
*** RIVER *** [8c Qc Qs 6c] [2s]
*** SHOW DOWN ***
Gabrielfs13: shows [Qh 4h] (three of a kind, Queens)
R£SILI£NC£: shows [Ts Jc] (a pair of Queens)
Gabrielfs13 collected 92646 from pot
R£SILI£NC£ finished the tournament in 15th place and received $39.85.
*** SUMMARY ***
Total pot 92646 | Rake 0 
Board [8c Qc Qs 6c 2s]
Seat 1: renkee27 (small blind) folded before Flop
Seat 3: Gabrielfs13 (big blind) showed [Qh 4h] and won (92646) with three of a kind, Queens
Seat 4: Deltapf folded before Flop (didn't bet)
Seat 6: PulseChain1 folded before Flop (didn't bet)
Seat 7: R£SILI£NC£ (button) showed [Ts Jc] and lost with a pair of Queens



PokerStars Hand #257280364891: Tournament #3916201917, $10.27+$0.73 USD Hold'em No Limit - Level XXV (3500/7000) - 2025/08/09 19:00:18 BRT [2025/08/09 18:00:18 ET]
Table '3916201917 41' 7-max Seat #6 is the button
Seat 1: Dazzleflare (129538 in chips) 
Seat 3: Deltapf (82474 in chips) 
Seat 4: frizzobruno (81085 in chips) 
Seat 5: Gabrielfs13 (250762 in chips) 
Seat 6: gfp24 (186401 in chips) 
Seat 7: YureRML (279652 in chips) 
Dazzleflare: posts the ante 1750
Deltapf: posts the ante 1750
frizzobruno: posts the ante 1750
Gabrielfs13: posts the ante 1750
gfp24: posts the ante 1750
YureRML: posts the ante 1750
YureRML: posts small blind 3500
Dazzleflare: posts big blind 7000
*** HOLE CARDS ***
Dealt to Gabrielfs13 [Qc Js]
Deltapf: folds 
frizzobruno: folds 
Gabrielfs13: raises 7000 to 14000
gfp24: folds 
YureRML: folds 
Dazzleflare: calls 7000
*** FLOP *** [5c Jc 9s]
Dazzleflare: checks 
Gabrielfs13: bets 10500
Dazzleflare: calls 10500
*** TURN *** [5c Jc 9s] [5d]
Dazzleflare: checks 
Gabrielfs13: bets 31500
Dazzleflare: folds 
Uncalled bet (31500) returned to Gabrielfs13
Gabrielfs13 collected 63000 from pot
Gabrielfs13: doesn't show hand 
*** SUMMARY ***
Total pot 63000 | Rake 0 
Board [5c Jc 9s 5d]
Seat 1: Dazzleflare (big blind) folded on the Turn
Seat 3: Deltapf folded before Flop (didn't bet)
Seat 4: frizzobruno folded before Flop (didn't bet)
Seat 5: Gabrielfs13 collected (63000)
Seat 6: gfp24 (button) folded before Flop (didn't bet)
Seat 7: YureRML (small blind) folded before Flop



PokerStars Hand #257280387329: Tournament #3916201917, $10.27+$0.73 USD Hold'em No Limit - Level XXVI (4000/8000) - 2025/08/09 19:02:14 BRT [2025/08/09 18:02:14 ET]
Table '3916201917 41' 7-max Seat #7 is the button
Seat 1: Dazzleflare (103288 in chips) 
Seat 3: Deltapf (80724 in chips) 
Seat 4: frizzobruno (79335 in chips) 
Seat 5: Gabrielfs13 (287512 in chips) 
Seat 6: gfp24 (184651 in chips) 
Seat 7: YureRML (274402 in chips) 
Dazzleflare: posts the ante 2000
Deltapf: posts the ante 2000
frizzobruno: posts the ante 2000
Gabrielfs13: posts the ante 2000
gfp24: posts the ante 2000
YureRML: posts the ante 2000
Dazzleflare: posts small blind 4000
Deltapf: posts big blind 8000
*** HOLE CARDS ***
Dealt to Gabrielfs13 [9d Jd]
frizzobruno: folds 
Gabrielfs13: raises 8000 to 16000
gfp24: folds 
YureRML: calls 16000
Dazzleflare: folds 
Deltapf: folds 
*** FLOP *** [6s 9s 5c]
Gabrielfs13: checks 
YureRML: checks 
*** TURN *** [6s 9s 5c] [5s]
Gabrielfs13: bets 28000
YureRML: calls 28000
*** RIVER *** [6s 9s 5c 5s] [6h]
Gabrielfs13: bets 56000
YureRML: calls 56000
*** SHOW DOWN ***
Gabrielfs13: shows [9d Jd] (two pair, Nines and Sixes)
YureRML: mucks hand 
Gabrielfs13 collected 224000 from pot
*** SUMMARY ***
Total pot 224000 | Rake 0 
Board [6s 9s 5c 5s 6h]
Seat 1: Dazzleflare (small blind) folded before Flop
Seat 3: Deltapf (big blind) folded before Flop
Seat 4: frizzobruno folded before Flop (didn't bet)
Seat 5: Gabrielfs13 showed [9d Jd] and won (224000) with two pair, Nines and Sixes
Seat 6: gfp24 folded before Flop (didn't bet)
Seat 7: YureRML (button) mucked [8c 8d]



PokerStars Hand #257280408587: Tournament #3916201917, $10.27+$0.73 USD Hold'em No Limit - Level XXVI (4000/8000) - 2025/08/09 19:03:56 BRT [2025/08/09 18:03:56 ET]
Table '3916201917 41' 7-max Seat #1 is the button
Seat 1: Dazzleflare (97288 in chips) 
Seat 3: Deltapf (70724 in chips) 
Seat 4: frizzobruno (77335 in chips) 
Seat 5: Gabrielfs13 (409512 in chips) 
Seat 6: gfp24 (182651 in chips) 
Seat 7: YureRML (172402 in chips) 
Dazzleflare: posts the ante 2000
Deltapf: posts the ante 2000
frizzobruno: posts the ante 2000
Gabrielfs13: posts the ante 2000
gfp24: posts the ante 2000
YureRML: posts the ante 2000
Deltapf: posts small blind 4000
frizzobruno: posts big blind 8000
*** HOLE CARDS ***
Dealt to Gabrielfs13 [7d Qh]
Gabrielfs13: folds 
gfp24: raises 172651 to 180651 and is all-in
YureRML: folds 
Dazzleflare: folds 
Deltapf: folds 
frizzobruno: folds 
Uncalled bet (172651) returned to gfp24
gfp24 collected 32000 from pot
gfp24: doesn't show hand 
*** SUMMARY ***
Total pot 32000 | Rake 0 
Seat 1: Dazzleflare (button) folded before Flop (didn't bet)
Seat 3: Deltapf (small blind) folded before Flop
Seat 4: frizzobruno (big blind) folded before Flop
Seat 5: Gabrielfs13 folded before Flop (didn't bet)
Seat 6: gfp24 collected (32000)
Seat 7: YureRML folded before Flop (didn't bet)



PokerStars Hand #257280422001: Tournament #3916201917, $10.27+$0.73 USD Hold'em No Limit - Level XXVII (4500/9000) - 2025/08/09 19:04:59 BRT [2025/08/09 18:04:59 ET]
Table '3916201917 41' 7-max Seat #3 is the button
Seat 1: Dazzleflare (95288 in chips) 
Seat 3: Deltapf (64724 in chips) 
Seat 4: frizzobruno (67335 in chips) 
Seat 5: Gabrielfs13 (407512 in chips) 
Seat 6: gfp24 (204651 in chips) 
Seat 7: YureRML (170402 in chips) 
Dazzleflare: posts the ante 2250
Deltapf: posts the ante 2250
frizzobruno: posts the ante 2250
Gabrielfs13: posts the ante 2250
gfp24: posts the ante 2250
YureRML: posts the ante 2250
frizzobruno: posts small blind 4500
Gabrielfs13: posts big blind 9000
*** HOLE CARDS ***
Dealt to Gabrielfs13 [8c 2h]
gfp24: folds 
YureRML: folds 
Dazzleflare: raises 84038 to 93038 and is all-in
Deltapf: folds 
frizzobruno: folds 
Gabrielfs13: folds 
Uncalled bet (84038) returned to Dazzleflare
Dazzleflare collected 36000 from pot
Dazzleflare: doesn't show hand 
*** SUMMARY ***
Total pot 36000 | Rake 0 
Seat 1: Dazzleflare collected (36000)
Seat 3: Deltapf (button) folded before Flop (didn't bet)
Seat 4: frizzobruno (small blind) folded before Flop
Seat 5: Gabrielfs13 (big blind) folded before Flop
Seat 6: gfp24 folded before Flop (didn't bet)
Seat 7: YureRML folded before Flop (didn't bet)



PokerStars Hand #257280430474: Tournament #3916201917, $10.27+$0.73 USD Hold'em No Limit - Level XXVII (4500/9000) - 2025/08/09 19:05:39 BRT [2025/08/09 18:05:39 ET]
Table '3916201917 41' 7-max Seat #4 is the button
Seat 1: Dazzleflare (120038 in chips) 
Seat 3: Deltapf (62474 in chips) 
Seat 4: frizzobruno (60585 in chips) 
Seat 5: Gabrielfs13 (396262 in chips) 
Seat 6: gfp24 (202401 in chips) 
Seat 7: YureRML (168152 in chips) 
Dazzleflare: posts the ante 2250
Deltapf: posts the ante 2250
frizzobruno: posts the ante 2250
Gabrielfs13: posts the ante 2250
gfp24: posts the ante 2250
YureRML: posts the ante 2250
Gabrielfs13: posts small blind 4500
gfp24: posts big blind 9000
*** HOLE CARDS ***
Dealt to Gabrielfs13 [7d 4d]
YureRML: folds 
Dazzleflare: folds 
Deltapf: raises 45000 to 54000
frizzobruno: raises 4335 to 58335 and is all-in
Gabrielfs13: folds 
gfp24: folds 
Deltapf: calls 4335
*** FLOP *** [3c 6d 4h]
*** TURN *** [3c 6d 4h] [6h]
*** RIVER *** [3c 6d 4h 6h] [3d]
*** SHOW DOWN ***
Deltapf: shows [Qd 8h] (two pair, Sixes and Threes)
frizzobruno: shows [9h Ac] (two pair, Sixes and Threes - Ace kicker)
frizzobruno collected 143670 from pot
*** SUMMARY ***
Total pot 143670 | Rake 0 
Board [3c 6d 4h 6h 3d]
Seat 1: Dazzleflare folded before Flop (didn't bet)
Seat 3: Deltapf showed [Qd 8h] and lost with two pair, Sixes and Threes
Seat 4: frizzobruno (button) showed [9h Ac] and won (143670) with two pair, Sixes and Threes
Seat 5: Gabrielfs13 (small blind) folded before Flop
Seat 6: gfp24 (big blind) folded before Flop
Seat 7: YureRML folded before Flop (didn't bet)



PokerStars Hand #257280441561: Tournament #3916201917, $10.27+$0.73 USD Hold'em No Limit - Level XXVII (4500/9000) - 2025/08/09 19:06:31 BRT [2025/08/09 18:06:31 ET]
Table '3916201917 41' 7-max Seat #5 is the button
Seat 1: Dazzleflare (117788 in chips) 
Seat 3: Deltapf (1889 in chips) 
Seat 4: frizzobruno (143670 in chips) 
Seat 5: Gabrielfs13 (389512 in chips) 
Seat 6: gfp24 (191151 in chips) 
Seat 7: YureRML (165902 in chips) 
Dazzleflare: posts the ante 2250
Deltapf: posts the ante 1889 and is all-in
frizzobruno: posts the ante 2250
Gabrielfs13: posts the ante 2250
gfp24: posts the ante 2250
YureRML: posts the ante 2250
gfp24: posts small blind 4500
YureRML: posts big blind 9000
*** HOLE CARDS ***
Dealt to Gabrielfs13 [6s 7h]
Dazzleflare: folds 
frizzobruno: folds 
Gabrielfs13: folds 
gfp24: raises 18000 to 27000
YureRML: folds 
Uncalled bet (18000) returned to gfp24
*** FLOP *** [3s 8h Tc]
*** TURN *** [3s 8h Tc] [Qh]
*** RIVER *** [3s 8h Tc Qh] [Ac]
*** SHOW DOWN ***
gfp24: shows [Jc Jh] (a pair of Jacks)
gfp24 collected 19805 from side pot
Deltapf: shows [3c 2c] (a pair of Threes)
gfp24 collected 11334 from main pot
Deltapf finished the tournament in 12th place and received $48.85.
*** SUMMARY ***
Total pot 31139 Main pot 11334. Side pot 19805. | Rake 0 
Board [3s 8h Tc Qh Ac]
Seat 1: Dazzleflare folded before Flop (didn't bet)
Seat 3: Deltapf showed [3c 2c] and lost with a pair of Threes
Seat 4: frizzobruno folded before Flop (didn't bet)
Seat 5: Gabrielfs13 (button) folded before Flop (didn't bet)
Seat 6: gfp24 (small blind) showed [Jc Jh] and won (31139) with a pair of Jacks
Seat 7: YureRML (big blind) folded before Flop



PokerStars Hand #257280451521: Tournament #3916201917, $10.27+$0.73 USD Hold'em No Limit - Level XXVII (4500/9000) - 2025/08/09 19:07:18 BRT [2025/08/09 18:07:18 ET]
Table '3916201917 41' 7-max Seat #6 is the button
Seat 1: Dazzleflare (115538 in chips) 
Seat 4: frizzobruno (141420 in chips) 
Seat 5: Gabrielfs13 (387262 in chips) 
Seat 6: gfp24 (211040 in chips) 
Seat 7: YureRML (154652 in chips) 
Dazzleflare: posts the ante 2250
frizzobruno: posts the ante 2250
Gabrielfs13: posts the ante 2250
gfp24: posts the ante 2250
YureRML: posts the ante 2250
YureRML: posts small blind 4500
Dazzleflare: posts big blind 9000
*** HOLE CARDS ***
Dealt to Gabrielfs13 [4s Ad]
frizzobruno: raises 9000 to 18000
Gabrielfs13: folds 
gfp24: folds 
YureRML: folds 
Dazzleflare: raises 95288 to 113288 and is all-in
frizzobruno: folds 
Uncalled bet (95288) returned to Dazzleflare
Dazzleflare collected 51750 from pot
Dazzleflare: doesn't show hand 
*** SUMMARY ***
Total pot 51750 | Rake 0 
Seat 1: Dazzleflare (big blind) collected (51750)
Seat 4: frizzobruno folded before Flop
Seat 5: Gabrielfs13 folded before Flop (didn't bet)
Seat 6: gfp24 (button) folded before Flop (didn't bet)
Seat 7: YureRML (small blind) folded before Flop



PokerStars Hand #257280460949: Tournament #3916201917, $10.27+$0.73 USD Hold'em No Limit - Level XXVIII (5000/10000) - 2025/08/09 19:08:02 BRT [2025/08/09 18:08:02 ET]
Table '3916201917 41' 7-max Seat #7 is the button
Seat 1: Dazzleflare (147038 in chips) 
Seat 4: frizzobruno (121170 in chips) 
Seat 5: Gabrielfs13 (385012 in chips) 
Seat 6: gfp24 (208790 in chips) 
Seat 7: YureRML (147902 in chips) 
Dazzleflare: posts the ante 2500
frizzobruno: posts the ante 2500
Gabrielfs13: posts the ante 2500
gfp24: posts the ante 2500
YureRML: posts the ante 2500
Dazzleflare: posts small blind 5000
frizzobruno: posts big blind 10000
*** HOLE CARDS ***
Dealt to Gabrielfs13 [4h Js]
Gabrielfs13: folds 
gfp24: raises 10000 to 20000
YureRML: raises 25000 to 45000
Dazzleflare: folds 
frizzobruno: folds 
gfp24: raises 105000 to 150000
YureRML: calls 100402 and is all-in
Uncalled bet (4598) returned to gfp24
*** FLOP *** [Jh 7h 9d]
*** TURN *** [Jh 7h 9d] [5c]
*** RIVER *** [Jh 7h 9d 5c] [3s]
*** SHOW DOWN ***
gfp24: shows [Ts Th] (a pair of Tens)
YureRML: shows [Qh Qc] (a pair of Queens)
YureRML collected 318304 from pot
*** SUMMARY ***
Total pot 318304 | Rake 0 
Board [Jh 7h 9d 5c 3s]
Seat 1: Dazzleflare (small blind) folded before Flop
Seat 4: frizzobruno (big blind) folded before Flop
Seat 5: Gabrielfs13 folded before Flop (didn't bet)
Seat 6: gfp24 showed [Ts Th] and lost with a pair of Tens
Seat 7: YureRML (button) showed [Qh Qc] and won (318304) with a pair of Queens



PokerStars Hand #257280474923: Tournament #3916201917, $10.27+$0.73 USD Hold'em No Limit - Level XXVIII (5000/10000) - 2025/08/09 19:09:09 BRT [2025/08/09 18:09:09 ET]
Table '3916201917 41' 7-max Seat #1 is the button
Seat 1: Dazzleflare (139538 in chips) 
Seat 4: frizzobruno (108670 in chips) 
Seat 5: Gabrielfs13 (382512 in chips) 
Seat 6: gfp24 (60888 in chips) 
Seat 7: YureRML (318304 in chips) 
Dazzleflare: posts the ante 2500
frizzobruno: posts the ante 2500
Gabrielfs13: posts the ante 2500
gfp24: posts the ante 2500
YureRML: posts the ante 2500
frizzobruno: posts small blind 5000
Gabrielfs13: posts big blind 10000
*** HOLE CARDS ***
Dealt to Gabrielfs13 [3d 9d]
gfp24: raises 40000 to 50000
YureRML: folds 
Dazzleflare: folds 
frizzobruno: folds 
Gabrielfs13: folds 
Uncalled bet (40000) returned to gfp24
gfp24 collected 37500 from pot
gfp24: doesn't show hand 
*** SUMMARY ***
Total pot 37500 | Rake 0 
Seat 1: Dazzleflare (button) folded before Flop (didn't bet)
Seat 4: frizzobruno (small blind) folded before Flop
Seat 5: Gabrielfs13 (big blind) folded before Flop
Seat 6: gfp24 collected (37500)
Seat 7: YureRML folded before Flop (didn't bet)



PokerStars Hand #257280482354: Tournament #3916201917, $10.27+$0.73 USD Hold'em No Limit - Level XXVIII (5000/10000) - 2025/08/09 19:09:44 BRT [2025/08/09 18:09:44 ET]
Table '3916201917 41' 7-max Seat #4 is the button
Seat 1: Dazzleflare (137038 in chips) 
Seat 4: frizzobruno (101170 in chips) 
Seat 5: Gabrielfs13 (370012 in chips) 
Seat 6: gfp24 (85888 in chips) 
Seat 7: YureRML (315804 in chips) 
Dazzleflare: posts the ante 2500
frizzobruno: posts the ante 2500
Gabrielfs13: posts the ante 2500
gfp24: posts the ante 2500
YureRML: posts the ante 2500
Gabrielfs13: posts small blind 5000
gfp24: posts big blind 10000
*** HOLE CARDS ***
Dealt to Gabrielfs13 [Jc Qc]
YureRML: folds 
Dazzleflare: raises 124538 to 134538 and is all-in
frizzobruno: folds 
Gabrielfs13: folds 
gfp24: folds 
Uncalled bet (124538) returned to Dazzleflare
Dazzleflare collected 37500 from pot
Dazzleflare: doesn't show hand 
*** SUMMARY ***
Total pot 37500 | Rake 0 
Seat 1: Dazzleflare collected (37500)
Seat 4: frizzobruno (button) folded before Flop (didn't bet)
Seat 5: Gabrielfs13 (small blind) folded before Flop
Seat 6: gfp24 (big blind) folded before Flop
Seat 7: YureRML folded before Flop (didn't bet)



PokerStars Hand #257280491901: Tournament #3916201917, $10.27+$0.73 USD Hold'em No Limit - Level XXIX (6000/12000) - 2025/08/09 19:10:28 BRT [2025/08/09 18:10:28 ET]
Table '3916201917 41' 7-max Seat #5 is the button
Seat 1: Dazzleflare (162038 in chips) 
Seat 4: frizzobruno (98670 in chips) 
Seat 5: Gabrielfs13 (362512 in chips) 
Seat 6: gfp24 (73388 in chips) 
Seat 7: YureRML (313304 in chips) 
Dazzleflare: posts the ante 3000
frizzobruno: posts the ante 3000
Gabrielfs13: posts the ante 3000
gfp24: posts the ante 3000
YureRML: posts the ante 3000
gfp24: posts small blind 6000
YureRML: posts big blind 12000
*** HOLE CARDS ***
Dealt to Gabrielfs13 [7c 2h]
Dazzleflare: folds 
frizzobruno: folds 
Gabrielfs13: folds 
gfp24: raises 58388 to 70388 and is all-in
YureRML: calls 58388
*** FLOP *** [6d Kd 9d]
*** TURN *** [6d Kd 9d] [Ac]
*** RIVER *** [6d Kd 9d Ac] [Kc]
*** SHOW DOWN ***
gfp24: shows [Qs 4c] (a pair of Kings)
YureRML: shows [Jd Jh] (two pair, Kings and Jacks)
YureRML collected 155776 from pot
gfp24 finished the tournament in 10th place and received $59.90.
*** SUMMARY ***
Total pot 155776 | Rake 0 
Board [6d Kd 9d Ac Kc]
Seat 1: Dazzleflare folded before Flop (didn't bet)
Seat 4: frizzobruno folded before Flop (didn't bet)
Seat 5: Gabrielfs13 (button) folded before Flop (didn't bet)
Seat 6: gfp24 (small blind) showed [Qs 4c] and lost with a pair of Kings
Seat 7: YureRML (big blind) showed [Jd Jh] and won (155776) with two pair, Kings and Jacks



PokerStars Hand #257280498861: Tournament #3916201917, $10.27+$0.73 USD Hold'em No Limit - Level XXIX (6000/12000) - 2025/08/09 19:11:01 BRT [2025/08/09 18:11:01 ET]
Table '3916201917 41' 7-max Seat #7 is the button
Seat 1: Dazzleflare (159038 in chips) 
Seat 4: frizzobruno (95670 in chips) 
Seat 5: Gabrielfs13 (359512 in chips) 
Seat 7: YureRML (395692 in chips) 
Dazzleflare: posts the ante 3000
frizzobruno: posts the ante 3000
Gabrielfs13: posts the ante 3000
YureRML: posts the ante 3000
Dazzleflare: posts small blind 6000
frizzobruno: posts big blind 12000
*** HOLE CARDS ***
Dealt to Gabrielfs13 [7h 3c]
Gabrielfs13: folds 
YureRML: raises 12000 to 24000
Dazzleflare: raises 132038 to 156038 and is all-in
frizzobruno: folds 
YureRML: calls 132038
*** FLOP *** [6d 8s 5s]
*** TURN *** [6d 8s 5s] [2c]
*** RIVER *** [6d 8s 5s 2c] [As]
*** SHOW DOWN ***
Dazzleflare: shows [Ts Kc] (high card Ace)
YureRML: shows [Ac Ks] (a pair of Aces)
YureRML collected 336076 from pot
Dazzleflare finished the tournament in 9th place and received $73.43.
*** SUMMARY ***
Total pot 336076 | Rake 0 
Board [6d 8s 5s 2c As]
Seat 1: Dazzleflare (small blind) showed [Ts Kc] and lost with high card Ace
Seat 4: frizzobruno (big blind) folded before Flop
Seat 5: Gabrielfs13 folded before Flop (didn't bet)
Seat 7: YureRML (button) showed [Ac Ks] and won (336076) with a pair of Aces



PokerStars Hand #257280504031: Tournament #3916201917, $10.27+$0.73 USD Hold'em No Limit - Level XXIX (6000/12000) - 2025/08/09 19:11:26 BRT [2025/08/09 18:11:26 ET]
Table '3916201917 41' 7-max Seat #4 is the button
Seat 4: frizzobruno (80670 in chips) 
Seat 5: Gabrielfs13 (356512 in chips) 
Seat 7: YureRML (572730 in chips) 
frizzobruno: posts the ante 3000
Gabrielfs13: posts the ante 3000
YureRML: posts the ante 3000
Gabrielfs13: posts small blind 6000
YureRML: posts big blind 12000
*** HOLE CARDS ***
Dealt to Gabrielfs13 [Ah As]
frizzobruno: raises 65670 to 77670 and is all-in
Gabrielfs13: calls 71670
YureRML: folds 
*** FLOP *** [9s Td Ks]
*** TURN *** [9s Td Ks] [4h]
*** RIVER *** [9s Td Ks 4h] [7h]
*** SHOW DOWN ***
Gabrielfs13: shows [Ah As] (a pair of Aces)
frizzobruno: shows [Th Jh] (a pair of Tens)
Gabrielfs13 collected 176340 from pot
frizzobruno finished the tournament in 8th place and received $73.43.
*** SUMMARY ***
Total pot 176340 | Rake 0 
Board [9s Td Ks 4h 7h]
Seat 4: frizzobruno (button) showed [Th Jh] and lost with a pair of Tens
Seat 5: Gabrielfs13 (small blind) showed [Ah As] and won (176340) with a pair of Aces
Seat 7: YureRML (big blind) folded before Flop



PokerStars Hand #257280507971: Tournament #3916201917, $10.27+$0.73 USD Hold'em No Limit - Level XXIX (6000/12000) - 2025/08/09 19:11:44 BRT [2025/08/09 18:11:44 ET]
Table '3916201917 15' 7-max Seat #1 is the button
Seat 1: novagoh (87822 in chips) 
Seat 2: Ghosst-11 (153433 in chips) 
Seat 3: arhs1994 (337596 in chips) 
Seat 4: PulseChain1 (97339 in chips) 
Seat 5: eskobar30 (233898 in chips) 
Seat 6: YureRML (557730 in chips) 
Seat 7: Gabrielfs13 (452182 in chips) 
novagoh: posts the ante 3000
Ghosst-11: posts the ante 3000
arhs1994: posts the ante 3000
PulseChain1: posts the ante 3000
eskobar30: posts the ante 3000
YureRML: posts the ante 3000
Gabrielfs13: posts the ante 3000
Ghosst-11: posts small blind 6000
arhs1994: posts big blind 12000
*** HOLE CARDS ***
Dealt to Gabrielfs13 [Ac 6d]
PulseChain1 is connected 
PulseChain1 is disconnected 
PulseChain1 is connected 
eskobar30 is disconnected 
novagoh is disconnected 
Ghosst-11 is disconnected 
Gabrielfs13 is disconnected 
YureRML is disconnected 
PulseChain1: folds 
eskobar30: folds 
YureRML: raises 12000 to 24000
Gabrielfs13: folds 
novagoh: folds 
Ghosst-11: folds 
arhs1994: calls 12000
*** FLOP *** [6s 7s 3s]
arhs1994: checks 
YureRML: bets 18750
arhs1994: raises 25125 to 43875
YureRML: calls 25125
*** TURN *** [6s 7s 3s] [5d]
arhs1994: bets 77513
YureRML: calls 77513
*** RIVER *** [6s 7s 3s 5d] [Td]
arhs1994: checks 
YureRML: bets 409342 and is all-in
arhs1994: folds 
Uncalled bet (409342) returned to YureRML
YureRML collected 317776 from pot
YureRML: doesn't show hand 
*** SUMMARY ***
Total pot 317776 | Rake 0 
Board [6s 7s 3s 5d Td]
Seat 1: novagoh (button) folded before Flop (didn't bet)
Seat 2: Ghosst-11 (small blind) folded before Flop
Seat 3: arhs1994 (big blind) folded on the River
Seat 4: PulseChain1 folded before Flop (didn't bet)
Seat 5: eskobar30 folded before Flop (didn't bet)
Seat 6: YureRML collected (317776)
Seat 7: Gabrielfs13 folded before Flop (didn't bet)



PokerStars Hand #257280531484: Tournament #3916201917, $10.27+$0.73 USD Hold'em No Limit - Level XXX (8000/16000) - 2025/08/09 19:13:37 BRT [2025/08/09 18:13:37 ET]
Table '3916201917 15' 7-max Seat #2 is the button
Seat 1: novagoh (84822 in chips) 
Seat 2: Ghosst-11 (144433 in chips) 
Seat 3: arhs1994 (189208 in chips) 
Seat 4: PulseChain1 (94339 in chips) 
Seat 5: eskobar30 (230898 in chips) 
Seat 6: YureRML (727118 in chips) 
Seat 7: Gabrielfs13 (449182 in chips) 
novagoh: posts the ante 4000
Ghosst-11: posts the ante 4000
arhs1994: posts the ante 4000
PulseChain1: posts the ante 4000
eskobar30: posts the ante 4000
YureRML: posts the ante 4000
Gabrielfs13: posts the ante 4000
arhs1994: posts small blind 8000
PulseChain1: posts big blind 16000
*** HOLE CARDS ***
Dealt to Gabrielfs13 [4c 7h]
eskobar30: raises 16000 to 32000
YureRML: folds 
Gabrielfs13: folds 
novagoh: folds 
Ghosst-11: folds 
arhs1994: folds 
PulseChain1: folds 
Uncalled bet (16000) returned to eskobar30
eskobar30 collected 68000 from pot
eskobar30: doesn't show hand 
*** SUMMARY ***
Total pot 68000 | Rake 0 
Seat 1: novagoh folded before Flop (didn't bet)
Seat 2: Ghosst-11 (button) folded before Flop (didn't bet)
Seat 3: arhs1994 (small blind) folded before Flop
Seat 4: PulseChain1 (big blind) folded before Flop
Seat 5: eskobar30 collected (68000)
Seat 6: YureRML folded before Flop (didn't bet)
Seat 7: Gabrielfs13 folded before Flop (didn't bet)



PokerStars Hand #257280536639: Tournament #3916201917, $10.27+$0.73 USD Hold'em No Limit - Level XXX (8000/16000) - 2025/08/09 19:14:02 BRT [2025/08/09 18:14:02 ET]
Table '3916201917 15' 7-max Seat #3 is the button
Seat 1: novagoh (80822 in chips) 
Seat 2: Ghosst-11 (140433 in chips) 
Seat 3: arhs1994 (177208 in chips) 
Seat 4: PulseChain1 (74339 in chips) 
Seat 5: eskobar30 (278898 in chips) 
Seat 6: YureRML (723118 in chips) 
Seat 7: Gabrielfs13 (445182 in chips) 
novagoh: posts the ante 4000
Ghosst-11: posts the ante 4000
arhs1994: posts the ante 4000
PulseChain1: posts the ante 4000
eskobar30: posts the ante 4000
YureRML: posts the ante 4000
Gabrielfs13: posts the ante 4000
PulseChain1: posts small blind 8000
eskobar30: posts big blind 16000
*** HOLE CARDS ***
Dealt to Gabrielfs13 [4s 5h]
YureRML: folds 
Gabrielfs13: folds 
novagoh: folds 
Ghosst-11: raises 16000 to 32000
arhs1994: folds 
PulseChain1: raises 38339 to 70339 and is all-in
eskobar30: calls 54339
Ghosst-11: raises 66094 to 136433 and is all-in
eskobar30: calls 66094
*** FLOP *** [3d 9d Th]
*** TURN *** [3d 9d Th] [8d]
*** RIVER *** [3d 9d Th 8d] [8h]
*** SHOW DOWN ***
eskobar30: shows [Tc Ts] (a full house, Tens full of Eights)
Ghosst-11: shows [Kc Ks] (two pair, Kings and Eights)
eskobar30 collected 132188 from side pot
PulseChain1: shows [Qc As] (a pair of Eights)
eskobar30 collected 239017 from main pot
Ghosst-11 finished the tournament in 6th place and received $127.39.
PulseChain1 finished the tournament in 7th place and received $90.03.
*** SUMMARY ***
Total pot 371205 Main pot 239017. Side pot 132188. | Rake 0 
Board [3d 9d Th 8d 8h]
Seat 1: novagoh folded before Flop (didn't bet)
Seat 2: Ghosst-11 showed [Kc Ks] and lost with two pair, Kings and Eights
Seat 3: arhs1994 (button) folded before Flop (didn't bet)
Seat 4: PulseChain1 (small blind) showed [Qc As] and lost with a pair of Eights
Seat 5: eskobar30 (big blind) showed [Tc Ts] and won (371205) with a full house, Tens full of Eights
Seat 6: YureRML folded before Flop (didn't bet)
Seat 7: Gabrielfs13 folded before Flop (didn't bet)



PokerStars Hand #257280545567: Tournament #3916201917, $10.27+$0.73 USD Hold'em No Limit - Level XXX (8000/16000) - 2025/08/09 19:14:44 BRT [2025/08/09 18:14:44 ET]
Table '3916201917 15' 7-max Seat #5 is the button
Seat 1: novagoh (76822 in chips) 
Seat 3: arhs1994 (173208 in chips) 
Seat 5: eskobar30 (509670 in chips) 
Seat 6: YureRML (719118 in chips) 
Seat 7: Gabrielfs13 (441182 in chips) 
novagoh: posts the ante 4000
arhs1994: posts the ante 4000
eskobar30: posts the ante 4000
YureRML: posts the ante 4000
Gabrielfs13: posts the ante 4000
YureRML: posts small blind 8000
Gabrielfs13: posts big blind 16000
*** HOLE CARDS ***
Dealt to Gabrielfs13 [8h Td]
novagoh: folds 
arhs1994: raises 153208 to 169208 and is all-in
eskobar30: folds 
YureRML: folds 
Gabrielfs13: folds 
Uncalled bet (153208) returned to arhs1994
arhs1994 collected 60000 from pot
arhs1994: doesn't show hand 
*** SUMMARY ***
Total pot 60000 | Rake 0 
Seat 1: novagoh folded before Flop (didn't bet)
Seat 3: arhs1994 collected (60000)
Seat 5: eskobar30 (button) folded before Flop (didn't bet)
Seat 6: YureRML (small blind) folded before Flop
Seat 7: Gabrielfs13 (big blind) folded before Flop



PokerStars Hand #257280550001: Tournament #3916201917, $10.27+$0.73 USD Hold'em No Limit - Level XXX (8000/16000) - 2025/08/09 19:15:05 BRT [2025/08/09 18:15:05 ET]
Table '3916201917 15' 7-max Seat #6 is the button
Seat 1: novagoh (72822 in chips) 
Seat 3: arhs1994 (213208 in chips) 
Seat 5: eskobar30 (505670 in chips) 
Seat 6: YureRML (707118 in chips) 
Seat 7: Gabrielfs13 (421182 in chips) 
novagoh: posts the ante 4000
arhs1994: posts the ante 4000
eskobar30: posts the ante 4000
YureRML: posts the ante 4000
Gabrielfs13: posts the ante 4000
Gabrielfs13: posts small blind 8000
novagoh: posts big blind 16000
*** HOLE CARDS ***
Dealt to Gabrielfs13 [8c Qc]
arhs1994: raises 16000 to 32000
eskobar30: folds 
YureRML: folds 
Gabrielfs13: calls 24000
novagoh: calls 16000
*** FLOP *** [3c Qh 7d]
Gabrielfs13: checks 
novagoh: checks 
arhs1994: bets 32000
Gabrielfs13: calls 32000
novagoh: raises 4822 to 36822 and is all-in
arhs1994: calls 4822
Gabrielfs13: calls 4822
*** TURN *** [3c Qh 7d] [9c]
Gabrielfs13: checks 
arhs1994: checks 
*** RIVER *** [3c Qh 7d 9c] [2h]
Gabrielfs13: checks 
arhs1994: bets 58734
Gabrielfs13: calls 58734
*** SHOW DOWN ***
arhs1994: shows [Kd Qs] (a pair of Queens)
Gabrielfs13: mucks hand 
arhs1994 collected 117468 from side pot
novagoh: mucks hand 
arhs1994 collected 226466 from main pot
novagoh finished the tournament in 5th place and received $180.27.
*** SUMMARY ***
Total pot 343934 Main pot 226466. Side pot 117468. | Rake 0 
Board [3c Qh 7d 9c 2h]
Seat 1: novagoh (big blind) mucked [8h 7h]
Seat 3: arhs1994 showed [Kd Qs] and won (343934) with a pair of Queens
Seat 5: eskobar30 folded before Flop (didn't bet)
Seat 6: YureRML (button) folded before Flop (didn't bet)
Seat 7: Gabrielfs13 (small blind) mucked [8c Qc]



PokerStars Hand #257280560314: Tournament #3916201917, $10.27+$0.73 USD Hold'em No Limit - Level XXX (8000/16000) - 2025/08/09 19:15:54 BRT [2025/08/09 18:15:54 ET]
Table '3916201917 15' 7-max Seat #7 is the button
Seat 3: arhs1994 (425586 in chips) 
Seat 5: eskobar30 (501670 in chips) 
Seat 6: YureRML (703118 in chips) 
Seat 7: Gabrielfs13 (289626 in chips) 
arhs1994: posts the ante 4000
eskobar30: posts the ante 4000
YureRML: posts the ante 4000
Gabrielfs13: posts the ante 4000
arhs1994: posts small blind 8000
eskobar30: posts big blind 16000
*** HOLE CARDS ***
Dealt to Gabrielfs13 [6s 2c]
YureRML: folds 
Gabrielfs13: folds 
arhs1994: calls 8000
eskobar30: checks 
*** FLOP *** [8s Qc 3s]
arhs1994: bets 26400
eskobar30: folds 
Uncalled bet (26400) returned to arhs1994
arhs1994 collected 48000 from pot
arhs1994: doesn't show hand 
*** SUMMARY ***
Total pot 48000 | Rake 0 
Board [8s Qc 3s]
Seat 3: arhs1994 (small blind) collected (48000)
Seat 5: eskobar30 (big blind) folded on the Flop
Seat 6: YureRML folded before Flop (didn't bet)
Seat 7: Gabrielfs13 (button) folded before Flop (didn't bet)



PokerStars Hand #257280566431: Tournament #3916201917, $10.27+$0.73 USD Hold'em No Limit - Level XXX (8000/16000) - 2025/08/09 19:16:24 BRT [2025/08/09 18:16:24 ET]
Table '3916201917 15' 7-max Seat #3 is the button
Seat 3: arhs1994 (453586 in chips) 
Seat 5: eskobar30 (481670 in chips) 
Seat 6: YureRML (699118 in chips) 
Seat 7: Gabrielfs13 (285626 in chips) 
arhs1994: posts the ante 4000
eskobar30: posts the ante 4000
YureRML: posts the ante 4000
Gabrielfs13: posts the ante 4000
eskobar30: posts small blind 8000
YureRML: posts big blind 16000
*** HOLE CARDS ***
Dealt to Gabrielfs13 [Ah Jd]
Gabrielfs13: raises 16000 to 32000
arhs1994: folds 
eskobar30: folds 
YureRML: calls 16000
*** FLOP *** [7c 4s 2c]
YureRML: checks 
Gabrielfs13: checks 
*** TURN *** [7c 4s 2c] [3s]
YureRML: bets 61600
Gabrielfs13: folds 
Uncalled bet (61600) returned to YureRML
YureRML collected 88000 from pot
YureRML: doesn't show hand 
*** SUMMARY ***
Total pot 88000 | Rake 0 
Board [7c 4s 2c 3s]
Seat 3: arhs1994 (button) folded before Flop (didn't bet)
Seat 5: eskobar30 (small blind) folded before Flop
Seat 6: YureRML (big blind) collected (88000)
Seat 7: Gabrielfs13 folded on the Turn



PokerStars Hand #257280573970: Tournament #3916201917, $10.27+$0.73 USD Hold'em No Limit - Level XXXI (10000/20000) - 2025/08/09 19:17:00 BRT [2025/08/09 18:17:00 ET]
Table '3916201917 15' 7-max Seat #5 is the button
Seat 3: arhs1994 (449586 in chips) 
Seat 5: eskobar30 (469670 in chips) 
Seat 6: YureRML (751118 in chips) 
Seat 7: Gabrielfs13 (249626 in chips) 
arhs1994: posts the ante 5000
eskobar30: posts the ante 5000
YureRML: posts the ante 5000
Gabrielfs13: posts the ante 5000
YureRML: posts small blind 10000
Gabrielfs13: posts big blind 20000
*** HOLE CARDS ***
Dealt to Gabrielfs13 [Ac 3c]
arhs1994: folds 
eskobar30: folds 
YureRML: raises 726118 to 746118 and is all-in
Gabrielfs13: calls 224626 and is all-in
Uncalled bet (501492) returned to YureRML
*** FLOP *** [6s Qd 2d]
*** TURN *** [6s Qd 2d] [Qc]
*** RIVER *** [6s Qd 2d Qc] [2h]
*** SHOW DOWN ***
YureRML: shows [Qs Js] (a full house, Queens full of Deuces)
Gabrielfs13: shows [Ac 3c] (two pair, Queens and Deuces)
YureRML collected 509252 from pot
Gabrielfs13 finished the tournament in 4th place and received $255.09.
*** SUMMARY ***
Total pot 509252 | Rake 0 
Board [6s Qd 2d Qc 2h]
Seat 3: arhs1994 folded before Flop (didn't bet)
Seat 5: eskobar30 (button) folded before Flop (didn't bet)
Seat 6: YureRML (small blind) showed [Qs Js] and won (509252) with a full house, Queens full of Deuces
Seat 7: Gabrielfs13 (big blind) showed [Ac 3c] and lost with two pair, Queens and Deuces



