PokerStars Hand #257174742513: Tournament #3914011342, $10.27+$0.73 USD Hold'em No Limit - Level I (25/50) - 2025/08/01 17:34:59 BRT [2025/08/01 16:34:59 ET]
Table '3914011342 13' 7-max Seat #1 is the button
Seat 1: cho-pinn86 (5000 in chips) 
Seat 2: imthewinnerr (5000 in chips) 
Seat 3: viisacuno (5000 in chips) 
Seat 4: fabinkas (5000 in chips) 
Seat 5: Gabrielfs13 (5000 in chips) 
Seat 6: Dan_Sev87 (5000 in chips) 
Seat 7: X!DoMyBestX (5000 in chips) 
cho-pinn86: posts the ante 12
imthewinnerr: posts the ante 12
viisacuno: posts the ante 12
fabinkas: posts the ante 12
Gabrielfs13: posts the ante 12
Dan_Sev87: posts the ante 12
X!DoMyBestX: posts the ante 12
imthewinnerr: posts small blind 25
viisacuno: posts big blind 50
*** HOLE CARDS ***
Dealt to Gabrielfs13 [Ac Jh]
imthewinnerr is disconnected 
fabinkas: calls 50
Gabrielfs13: raises 200 to 250
Dan_Sev87: folds 
X!DoMyBestX: folds 
cho-pinn86: folds 
imthewinnerr is connected 
imthewinnerr is disconnected 
imthewinnerr is connected 
imthewinnerr: folds 
viisacuno: folds 
fabinkas: calls 200
*** FLOP *** [6d Ah Kc]
fabinkas: checks 
Gabrielfs13: bets 330
fabinkas: calls 330
*** TURN *** [6d Ah Kc] [9d]
fabinkas: checks 
Gabrielfs13: bets 660
fabinkas: calls 660
*** RIVER *** [6d Ah Kc 9d] [As]
fabinkas: checks 
Gabrielfs13: bets 3748 and is all-in
fabinkas: calls 3748 and is all-in
*** SHOW DOWN ***
Gabrielfs13: shows [Ac Jh] (three of a kind, Aces)
fabinkas: shows [3c Ad] (three of a kind, Aces - lower kicker)
Gabrielfs13 collected 10135 from pot
fabinkas finished the tournament
*** SUMMARY ***
Total pot 10135 | Rake 0 
Board [6d Ah Kc 9d As]
Seat 1: cho-pinn86 (button) folded before Flop (didn't bet)
Seat 2: imthewinnerr (small blind) folded before Flop
Seat 3: viisacuno (big blind) folded before Flop
Seat 4: fabinkas showed [3c Ad] and lost with three of a kind, Aces
Seat 5: Gabrielfs13 showed [Ac Jh] and won (10135) with three of a kind, Aces
Seat 6: Dan_Sev87 folded before Flop (didn't bet)
Seat 7: X!DoMyBestX folded before Flop (didn't bet)



PokerStars Hand #257174760455: Tournament #3914011342, $10.27+$0.73 USD Hold'em No Limit - Level I (25/50) - 2025/08/01 17:36:13 BRT [2025/08/01 16:36:13 ET]
Table '3914011342 18' 7-max Seat #2 is the button
Seat 1: Lennart42 (6008 in chips) 
Seat 2: bigS01 (5233 in chips) 
Seat 3: KageyInv (5135 in chips) 
Seat 4: Vladisss333 (4976 in chips) 
Seat 5: Gabrielfs13 (10135 in chips) 
Seat 6: leblin42 (5135 in chips) 
Lennart42: posts the ante 12
bigS01: posts the ante 12
KageyInv: posts the ante 12
Vladisss333: posts the ante 12
Gabrielfs13: posts the ante 12
leblin42: posts the ante 12
KageyInv: posts small blind 25
Vladisss333: posts big blind 50
*** HOLE CARDS ***
Dealt to Gabrielfs13 [Kd Qc]
Gabrielfs13: raises 50 to 100
blhp is disconnected 
leblin42: folds 
Lennart42: folds 
bigS01: folds 
KageyInv: calls 75
Vladisss333: calls 50
*** FLOP *** [6s 3c Kc]
KageyInv: checks 
Vladisss333: checks 
Gabrielfs13: bets 186
KageyInv: calls 186
Vladisss333: calls 186
*** TURN *** [6s 3c Kc] [7c]
KageyInv: checks 
Vladisss333: bets 700
Gabrielfs13: calls 700
KageyInv: raises 750 to 1450
Vladisss333: raises 3228 to 4678 and is all-in
Gabrielfs13: folds 
KageyInv: calls 3228
*** RIVER *** [6s 3c Kc 7c] [7s]
*** SHOW DOWN ***
KageyInv: shows [2c Ac] (a flush, Ace high)
Vladisss333: shows [8c 5c] (a flush, King high)
KageyInv collected 10986 from pot
Vladisss333 finished the tournament
*** SUMMARY ***
Total pot 10986 | Rake 0 
Board [6s 3c Kc 7c 7s]
Seat 1: Lennart42 folded before Flop (didn't bet)
Seat 2: bigS01 (button) folded before Flop (didn't bet)
Seat 3: KageyInv (small blind) showed [2c Ac] and won (10986) with a flush, Ace high
Seat 4: Vladisss333 (big blind) showed [8c 5c] and lost with a flush, King high
Seat 5: Gabrielfs13 folded on the Turn
Seat 6: leblin42 folded before Flop (didn't bet)



PokerStars Hand #257174786449: Tournament #3914011342, $10.27+$0.73 USD Hold'em No Limit - Level II (30/60) - 2025/08/01 17:38:01 BRT [2025/08/01 16:38:01 ET]
Table '3914011342 21' 7-max Seat #1 is the button
Seat 1: Gabrielfs13 (9137 in chips) 
Seat 2: Saygon434 (6587 in chips) 
Seat 3: Ede198727 (4964 in chips) 
Seat 5: tenrafaelpai (5000 in chips) 
Gabrielfs13: posts the ante 15
Saygon434: posts the ante 15
Ede198727: posts the ante 15
tenrafaelpai: posts the ante 15
Saygon434: posts small blind 30
Ede198727: posts big blind 60
*** HOLE CARDS ***
Dealt to Gabrielfs13 [Js 7s]
tenrafaelpai is disconnected 
tenrafaelpai is connected 
mace1337 is disconnected 
Vladisss333 is disconnected 
tenrafaelpai: folds 
Gabrielfs13: raises 60 to 120
Saygon434: raises 480 to 600
gr-andi-oso3 is disconnected 
Ede198727: folds 
Gabrielfs13: calls 480
*** FLOP *** [Qs Jc Qc]
Saygon434: bets 1320
Gabrielfs13: calls 1320
*** TURN *** [Qs Jc Qc] [7c]
Saygon434: bets 4652 and is all-in
Gabrielfs13: calls 4652
*** RIVER *** [Qs Jc Qc 7c] [6s]
*** SHOW DOWN ***
Saygon434: shows [Ad Ac] (two pair, Aces and Queens)
Gabrielfs13: shows [Js 7s] (two pair, Queens and Jacks)
Saygon434 collected 13264 from pot
*** SUMMARY ***
Total pot 13264 | Rake 0 
Board [Qs Jc Qc 7c 6s]
Seat 1: Gabrielfs13 (button) showed [Js 7s] and lost with two pair, Queens and Jacks
Seat 2: Saygon434 (small blind) showed [Ad Ac] and won (13264) with two pair, Aces and Queens
Seat 3: Ede198727 (big blind) folded before Flop
Seat 5: tenrafaelpai folded before Flop (didn't bet)



PokerStars Hand #257174796397: Tournament #3914011342, $10.27+$0.73 USD Hold'em No Limit - Level II (30/60) - 2025/08/01 17:38:42 BRT [2025/08/01 16:38:42 ET]
Table '3914011342 21' 7-max Seat #2 is the button
Seat 1: Gabrielfs13 (2550 in chips) 
Seat 2: Saygon434 (13264 in chips) 
Seat 3: Ede198727 (4889 in chips) 
Seat 4: mace1337 (5000 in chips) 
Seat 5: tenrafaelpai (4985 in chips) 
Seat 6: gr-andi-oso3 (5000 in chips) 
Seat 7: Vladisss333 (5000 in chips) 
Gabrielfs13: posts the ante 15
Saygon434: posts the ante 15
Ede198727: posts the ante 15
mace1337: posts the ante 15
tenrafaelpai: posts the ante 15
gr-andi-oso3: posts the ante 15
Vladisss333: posts the ante 15
Ede198727: posts small blind 30
mace1337: posts big blind 60
*** HOLE CARDS ***
Dealt to Gabrielfs13 [Js 3c]
tenrafaelpai: folds 
gr-andi-oso3: folds 
Vladisss333: folds 
Gabrielfs13: folds 
Saygon434: raises 120 to 180
Ede198727: folds 
mace1337: folds 
Uncalled bet (120) returned to Saygon434
Saygon434 collected 255 from pot
Saygon434: doesn't show hand 
*** SUMMARY ***
Total pot 255 | Rake 0 
Seat 1: Gabrielfs13 folded before Flop (didn't bet)
Seat 2: Saygon434 (button) collected (255)
Seat 3: Ede198727 (small blind) folded before Flop
Seat 4: mace1337 (big blind) folded before Flop
Seat 5: tenrafaelpai folded before Flop (didn't bet)
Seat 6: gr-andi-oso3 folded before Flop (didn't bet)
Seat 7: Vladisss333 folded before Flop (didn't bet)



PokerStars Hand #257174802349: Tournament #3914011342, $10.27+$0.73 USD Hold'em No Limit - Level II (30/60) - 2025/08/01 17:39:06 BRT [2025/08/01 16:39:06 ET]
Table '3914011342 21' 7-max Seat #3 is the button
Seat 1: Gabrielfs13 (2535 in chips) 
Seat 2: Saygon434 (13444 in chips) 
Seat 3: Ede198727 (4844 in chips) 
Seat 4: mace1337 (4925 in chips) 
Seat 5: tenrafaelpai (4970 in chips) 
Seat 6: gr-andi-oso3 (4985 in chips) 
Seat 7: Vladisss333 (4985 in chips) 
Gabrielfs13: posts the ante 15
Saygon434: posts the ante 15
Ede198727: posts the ante 15
mace1337: posts the ante 15
tenrafaelpai: posts the ante 15
gr-andi-oso3: posts the ante 15
Vladisss333: posts the ante 15
mace1337: posts small blind 30
tenrafaelpai: posts big blind 60
*** HOLE CARDS ***
Dealt to Gabrielfs13 [7c 2h]
gr-andi-oso3: folds 
Vladisss333: folds 
Gabrielfs13: folds 
Saygon434: folds 
Ede198727: calls 60
mace1337: calls 30
tenrafaelpai: checks 
*** FLOP *** [Ts 5s 5c]
mace1337: checks 
tenrafaelpai: checks 
Ede198727: checks 
*** TURN *** [Ts 5s 5c] [9s]
mace1337: checks 
tenrafaelpai: bets 237
Ede198727: calls 237
mace1337: folds 
*** RIVER *** [Ts 5s 5c 9s] [Jd]
tenrafaelpai: checks 
Ede198727: bets 759
tenrafaelpai: folds 
Uncalled bet (759) returned to Ede198727
Ede198727 collected 759 from pot
*** SUMMARY ***
Total pot 759 | Rake 0 
Board [Ts 5s 5c 9s Jd]
Seat 1: Gabrielfs13 folded before Flop (didn't bet)
Seat 2: Saygon434 folded before Flop (didn't bet)
Seat 3: Ede198727 (button) collected (759)
Seat 4: mace1337 (small blind) folded on the Turn
Seat 5: tenrafaelpai (big blind) folded on the River
Seat 6: gr-andi-oso3 folded before Flop (didn't bet)
Seat 7: Vladisss333 folded before Flop (didn't bet)



PokerStars Hand #257174817356: Tournament #3914011342, $10.27+$0.73 USD Hold'em No Limit - Level II (30/60) - 2025/08/01 17:40:08 BRT [2025/08/01 16:40:08 ET]
Table '3914011342 21' 7-max Seat #4 is the button
Seat 1: Gabrielfs13 (2520 in chips) 
Seat 2: Saygon434 (13429 in chips) 
Seat 3: Ede198727 (5291 in chips) 
Seat 4: mace1337 (4850 in chips) 
Seat 5: tenrafaelpai (4658 in chips) 
Seat 6: gr-andi-oso3 (4970 in chips) 
Seat 7: Vladisss333 (4970 in chips) 
Gabrielfs13: posts the ante 15
Saygon434: posts the ante 15
Ede198727: posts the ante 15
mace1337: posts the ante 15
tenrafaelpai: posts the ante 15
gr-andi-oso3: posts the ante 15
Vladisss333: posts the ante 15
tenrafaelpai: posts small blind 30
gr-andi-oso3: posts big blind 60
*** HOLE CARDS ***
Dealt to Gabrielfs13 [3h 3c]
Vladisss333: folds 
Gabrielfs13: raises 60 to 120
Saygon434: folds 
Ede198727: folds 
mace1337: folds 
tenrafaelpai: folds 
gr-andi-oso3: raises 240 to 360
Gabrielfs13: calls 240
*** FLOP *** [4s Jh Qh]
gr-andi-oso3: bets 282
Gabrielfs13: folds 
Uncalled bet (282) returned to gr-andi-oso3
gr-andi-oso3 collected 855 from pot
gr-andi-oso3: doesn't show hand 
*** SUMMARY ***
Total pot 855 | Rake 0 
Board [4s Jh Qh]
Seat 1: Gabrielfs13 folded on the Flop
Seat 2: Saygon434 folded before Flop (didn't bet)
Seat 3: Ede198727 folded before Flop (didn't bet)
Seat 4: mace1337 (button) folded before Flop (didn't bet)
Seat 5: tenrafaelpai (small blind) folded before Flop
Seat 6: gr-andi-oso3 (big blind) collected (855)
Seat 7: Vladisss333 folded before Flop (didn't bet)



PokerStars Hand #257174826308: Tournament #3914011342, $10.27+$0.73 USD Hold'em No Limit - Level II (30/60) - 2025/08/01 17:40:45 BRT [2025/08/01 16:40:45 ET]
Table '3914011342 21' 7-max Seat #5 is the button
Seat 1: Gabrielfs13 (2145 in chips) 
Seat 2: Saygon434 (13414 in chips) 
Seat 3: Ede198727 (5276 in chips) 
Seat 4: mace1337 (4835 in chips) 
Seat 5: tenrafaelpai (4613 in chips) 
Seat 6: gr-andi-oso3 (5450 in chips) 
Seat 7: Vladisss333 (4955 in chips) 
Gabrielfs13: posts the ante 15
Saygon434: posts the ante 15
Ede198727: posts the ante 15
mace1337: posts the ante 15
tenrafaelpai: posts the ante 15
gr-andi-oso3: posts the ante 15
Vladisss333: posts the ante 15
gr-andi-oso3: posts small blind 30
Vladisss333: posts big blind 60
*** HOLE CARDS ***
Dealt to Gabrielfs13 [6h 6s]
Gabrielfs13: raises 60 to 120
Saygon434: folds 
Ede198727: folds 
mace1337: folds 
tenrafaelpai: folds 
gr-andi-oso3: folds 
Vladisss333: calls 60
*** FLOP *** [Qd Ah 9h]
Vladisss333: checks 
Gabrielfs13: checks 
*** TURN *** [Qd Ah 9h] [Th]
Vladisss333: bets 244
Gabrielfs13: folds 
Uncalled bet (244) returned to Vladisss333
Vladisss333 collected 375 from pot
Vladisss333: doesn't show hand 
*** SUMMARY ***
Total pot 375 | Rake 0 
Board [Qd Ah 9h Th]
Seat 1: Gabrielfs13 folded on the Turn
Seat 2: Saygon434 folded before Flop (didn't bet)
Seat 3: Ede198727 folded before Flop (didn't bet)
Seat 4: mace1337 folded before Flop (didn't bet)
Seat 5: tenrafaelpai (button) folded before Flop (didn't bet)
Seat 6: gr-andi-oso3 (small blind) folded before Flop
Seat 7: Vladisss333 (big blind) collected (375)



PokerStars Hand #257174836499: Tournament #3914011342, $10.27+$0.73 USD Hold'em No Limit - Level III (40/80) - 2025/08/01 17:41:27 BRT [2025/08/01 16:41:27 ET]
Table '3914011342 21' 7-max Seat #6 is the button
Seat 1: Gabrielfs13 (2010 in chips) 
Seat 2: Saygon434 (13399 in chips) 
Seat 3: Ede198727 (5261 in chips) 
Seat 4: mace1337 (4820 in chips) 
Seat 5: tenrafaelpai (4598 in chips) 
Seat 6: gr-andi-oso3 (5405 in chips) 
Seat 7: Vladisss333 (5195 in chips) 
Gabrielfs13: posts the ante 20
Saygon434: posts the ante 20
Ede198727: posts the ante 20
mace1337: posts the ante 20
tenrafaelpai: posts the ante 20
gr-andi-oso3: posts the ante 20
Vladisss333: posts the ante 20
Vladisss333: posts small blind 40
Gabrielfs13: posts big blind 80
*** HOLE CARDS ***
Dealt to Gabrielfs13 [3c 8s]
Saygon434: folds 
Ede198727: folds 
mace1337: raises 160 to 240
tenrafaelpai: folds 
gr-andi-oso3: calls 240
Vladisss333: folds 
Gabrielfs13: folds 
*** FLOP *** [2d 7d Qs]
mace1337: bets 370
gr-andi-oso3: folds 
Uncalled bet (370) returned to mace1337
mace1337 collected 740 from pot
mace1337: doesn't show hand 
*** SUMMARY ***
Total pot 740 | Rake 0 
Board [2d 7d Qs]
Seat 1: Gabrielfs13 (big blind) folded before Flop
Seat 2: Saygon434 folded before Flop (didn't bet)
Seat 3: Ede198727 folded before Flop (didn't bet)
Seat 4: mace1337 collected (740)
Seat 5: tenrafaelpai folded before Flop (didn't bet)
Seat 6: gr-andi-oso3 (button) folded on the Flop
Seat 7: Vladisss333 (small blind) folded before Flop



PokerStars Hand #257174842584: Tournament #3914011342, $10.27+$0.73 USD Hold'em No Limit - Level III (40/80) - 2025/08/01 17:41:52 BRT [2025/08/01 16:41:52 ET]
Table '3914011342 21' 7-max Seat #7 is the button
Seat 1: Gabrielfs13 (1910 in chips) 
Seat 2: Saygon434 (13379 in chips) 
Seat 3: Ede198727 (5241 in chips) 
Seat 4: mace1337 (5300 in chips) 
Seat 5: tenrafaelpai (4578 in chips) 
Seat 6: gr-andi-oso3 (5145 in chips) 
Seat 7: Vladisss333 (5135 in chips) 
Gabrielfs13: posts the ante 20
Saygon434: posts the ante 20
Ede198727: posts the ante 20
mace1337: posts the ante 20
tenrafaelpai: posts the ante 20
gr-andi-oso3: posts the ante 20
Vladisss333: posts the ante 20
Gabrielfs13: posts small blind 40
Saygon434: posts big blind 80
*** HOLE CARDS ***
Dealt to Gabrielfs13 [Ac 4d]
Ede198727: folds 
mace1337: folds 
tenrafaelpai: folds 
gr-andi-oso3: raises 104 to 184
Vladisss333: folds 
Gabrielfs13: raises 1706 to 1890 and is all-in
Saygon434: folds 
gr-andi-oso3: calls 1706
*** FLOP *** [Jh Td Ks]
*** TURN *** [Jh Td Ks] [Qc]
*** RIVER *** [Jh Td Ks Qc] [Kh]
*** SHOW DOWN ***
Gabrielfs13: shows [Ac 4d] (a straight, Ten to Ace)
gr-andi-oso3: shows [5d 5h] (two pair, Kings and Fives)
Gabrielfs13 collected 4000 from pot
*** SUMMARY ***
Total pot 4000 | Rake 0 
Board [Jh Td Ks Qc Kh]
Seat 1: Gabrielfs13 (small blind) showed [Ac 4d] and won (4000) with a straight, Ten to Ace
Seat 2: Saygon434 (big blind) folded before Flop
Seat 3: Ede198727 folded before Flop (didn't bet)
Seat 4: mace1337 folded before Flop (didn't bet)
Seat 5: tenrafaelpai folded before Flop (didn't bet)
Seat 6: gr-andi-oso3 showed [5d 5h] and lost with two pair, Kings and Fives
Seat 7: Vladisss333 (button) folded before Flop (didn't bet)



PokerStars Hand #257174849105: Tournament #3914011342, $10.27+$0.73 USD Hold'em No Limit - Level III (40/80) - 2025/08/01 17:42:19 BRT [2025/08/01 16:42:19 ET]
Table '3914011342 21' 7-max Seat #1 is the button
Seat 1: Gabrielfs13 (4000 in chips) 
Seat 2: Saygon434 (13279 in chips) 
Seat 3: Ede198727 (5221 in chips) 
Seat 4: mace1337 (5280 in chips) 
Seat 5: tenrafaelpai (4558 in chips) 
Seat 6: gr-andi-oso3 (3235 in chips) 
Seat 7: Vladisss333 (5115 in chips) 
Gabrielfs13: posts the ante 20
Saygon434: posts the ante 20
Ede198727: posts the ante 20
mace1337: posts the ante 20
tenrafaelpai: posts the ante 20
gr-andi-oso3: posts the ante 20
Vladisss333: posts the ante 20
Saygon434: posts small blind 40
Ede198727: posts big blind 80
*** HOLE CARDS ***
Dealt to Gabrielfs13 [6c 2c]
mace1337: folds 
tenrafaelpai: folds 
gr-andi-oso3: folds 
Vladisss333: raises 92 to 172
Gabrielfs13: folds 
Saygon434: folds 
Ede198727: folds 
Uncalled bet (92) returned to Vladisss333
Vladisss333 collected 340 from pot
Vladisss333: doesn't show hand 
*** SUMMARY ***
Total pot 340 | Rake 0 
Seat 1: Gabrielfs13 (button) folded before Flop (didn't bet)
Seat 2: Saygon434 (small blind) folded before Flop
Seat 3: Ede198727 (big blind) folded before Flop
Seat 4: mace1337 folded before Flop (didn't bet)
Seat 5: tenrafaelpai folded before Flop (didn't bet)
Seat 6: gr-andi-oso3 folded before Flop (didn't bet)
Seat 7: Vladisss333 collected (340)



PokerStars Hand #257174854595: Tournament #3914011342, $10.27+$0.73 USD Hold'em No Limit - Level III (40/80) - 2025/08/01 17:42:41 BRT [2025/08/01 16:42:41 ET]
Table '3914011342 21' 7-max Seat #2 is the button
Seat 1: Gabrielfs13 (3980 in chips) 
Seat 2: Saygon434 (13219 in chips) 
Seat 3: Ede198727 (5121 in chips) 
Seat 4: mace1337 (5260 in chips) 
Seat 5: tenrafaelpai (4538 in chips) 
Seat 6: gr-andi-oso3 (3215 in chips) 
Seat 7: Vladisss333 (5355 in chips) 
Gabrielfs13: posts the ante 20
Saygon434: posts the ante 20
Ede198727: posts the ante 20
mace1337: posts the ante 20
tenrafaelpai: posts the ante 20
gr-andi-oso3: posts the ante 20
Vladisss333: posts the ante 20
Ede198727: posts small blind 40
mace1337: posts big blind 80
*** HOLE CARDS ***
Dealt to Gabrielfs13 [Tc Ac]
tenrafaelpai: folds 
gr-andi-oso3: folds 
Vladisss333: folds 
Gabrielfs13: raises 80 to 160
Saygon434: calls 160
Ede198727: calls 120
mace1337: calls 80
*** FLOP *** [3d 9s 5h]
Ede198727: checks 
mace1337: checks 
Gabrielfs13: checks 
Saygon434: checks 
*** TURN *** [3d 9s 5h] [5d]
Ede198727: checks 
mace1337: checks 
Gabrielfs13: checks 
Saygon434: bets 390
Ede198727: folds 
mace1337: folds 
Gabrielfs13: folds 
Uncalled bet (390) returned to Saygon434
Saygon434 collected 780 from pot
Saygon434: doesn't show hand 
*** SUMMARY ***
Total pot 780 | Rake 0 
Board [3d 9s 5h 5d]
Seat 1: Gabrielfs13 folded on the Turn
Seat 2: Saygon434 (button) collected (780)
Seat 3: Ede198727 (small blind) folded on the Turn
Seat 4: mace1337 (big blind) folded on the Turn
Seat 5: tenrafaelpai folded before Flop (didn't bet)
Seat 6: gr-andi-oso3 folded before Flop (didn't bet)
Seat 7: Vladisss333 folded before Flop (didn't bet)



PokerStars Hand #257174876410: Tournament #3914011342, $10.27+$0.73 USD Hold'em No Limit - Level IV (50/100) - 2025/08/01 17:44:12 BRT [2025/08/01 16:44:12 ET]
Table '3914011342 21' 7-max Seat #3 is the button
Seat 1: Gabrielfs13 (3800 in chips) 
Seat 2: Saygon434 (13819 in chips) 
Seat 3: Ede198727 (4941 in chips) 
Seat 4: mace1337 (5080 in chips) 
Seat 5: tenrafaelpai (4518 in chips) 
Seat 6: gr-andi-oso3 (3195 in chips) 
Seat 7: Vladisss333 (5335 in chips) 
Gabrielfs13: posts the ante 25
Saygon434: posts the ante 25
Ede198727: posts the ante 25
mace1337: posts the ante 25
tenrafaelpai: posts the ante 25
gr-andi-oso3: posts the ante 25
Vladisss333: posts the ante 25
mace1337: posts small blind 50
tenrafaelpai: posts big blind 100
*** HOLE CARDS ***
Dealt to Gabrielfs13 [Qh 4d]
gr-andi-oso3: folds 
Vladisss333: raises 115 to 215
Gabrielfs13: folds 
Saygon434: folds 
Ede198727: folds 
mace1337: folds 
tenrafaelpai: folds 
Uncalled bet (115) returned to Vladisss333
Vladisss333 collected 425 from pot
Vladisss333: doesn't show hand 
*** SUMMARY ***
Total pot 425 | Rake 0 
Seat 1: Gabrielfs13 folded before Flop (didn't bet)
Seat 2: Saygon434 folded before Flop (didn't bet)
Seat 3: Ede198727 (button) folded before Flop (didn't bet)
Seat 4: mace1337 (small blind) folded before Flop
Seat 5: tenrafaelpai (big blind) folded before Flop
Seat 6: gr-andi-oso3 folded before Flop (didn't bet)
Seat 7: Vladisss333 collected (425)



PokerStars Hand #257174883131: Tournament #3914011342, $10.27+$0.73 USD Hold'em No Limit - Level IV (50/100) - 2025/08/01 17:44:40 BRT [2025/08/01 16:44:40 ET]
Table '3914011342 21' 7-max Seat #4 is the button
Seat 1: Gabrielfs13 (3775 in chips) 
Seat 2: Saygon434 (13794 in chips) 
Seat 3: Ede198727 (4916 in chips) 
Seat 4: mace1337 (5005 in chips) 
Seat 5: tenrafaelpai (4393 in chips) 
Seat 7: Vladisss333 (5635 in chips) 
Gabrielfs13: posts the ante 25
Saygon434: posts the ante 25
Ede198727: posts the ante 25
mace1337: posts the ante 25
tenrafaelpai: posts the ante 25
Vladisss333: posts the ante 25
tenrafaelpai: posts small blind 50
Vladisss333: posts big blind 100
*** HOLE CARDS ***
Dealt to Gabrielfs13 [Ah Jh]
Gabrielfs13: raises 100 to 200
Saygon434: calls 200
Ede198727: calls 200
mace1337: calls 200
tenrafaelpai: folds 
Vladisss333: folds 
*** FLOP *** [8d 6h 5c]
Gabrielfs13: checks 
Saygon434: checks 
Ede198727: checks 
RTP_Neto is disconnected 
mace1337: bets 650
Gabrielfs13: folds 
Saygon434: folds 
Ede198727: folds 
Uncalled bet (650) returned to mace1337
mace1337 collected 1100 from pot
mace1337: doesn't show hand 
*** SUMMARY ***
Total pot 1100 | Rake 0 
Board [8d 6h 5c]
Seat 1: Gabrielfs13 folded on the Flop
Seat 2: Saygon434 folded on the Flop
Seat 3: Ede198727 folded on the Flop
Seat 4: mace1337 (button) collected (1100)
Seat 5: tenrafaelpai (small blind) folded before Flop
Seat 7: Vladisss333 (big blind) folded before Flop



PokerStars Hand #257174898215: Tournament #3914011342, $10.27+$0.73 USD Hold'em No Limit - Level IV (50/100) - 2025/08/01 17:45:41 BRT [2025/08/01 16:45:41 ET]
Table '3914011342 21' 7-max Seat #5 is the button
Seat 1: Gabrielfs13 (3550 in chips) 
Seat 2: Saygon434 (13569 in chips) 
Seat 3: Ede198727 (4691 in chips) 
Seat 4: mace1337 (5880 in chips) 
Seat 5: tenrafaelpai (4318 in chips) 
Seat 6: RTP_Neto (5000 in chips) out of hand (moved from another table into small blind)
Seat 7: Vladisss333 (5510 in chips) 
RTP_Neto will be allowed to play after the button
Gabrielfs13: posts the ante 25
Saygon434: posts the ante 25
Ede198727: posts the ante 25
mace1337: posts the ante 25
tenrafaelpai: posts the ante 25
Vladisss333: posts the ante 25
Vladisss333: posts small blind 50
Gabrielfs13: posts big blind 100
*** HOLE CARDS ***
Dealt to Gabrielfs13 [Js 8h]
Saygon434: folds 
Ede198727: calls 100
mace1337: folds 
tenrafaelpai: folds 
Vladisss333: folds 
Gabrielfs13: checks 
*** FLOP *** [9c 7s 5s]
Gabrielfs13: checks 
Ede198727: checks 
*** TURN *** [9c 7s 5s] [5d]
Gabrielfs13: checks 
Ede198727: bets 200
Gabrielfs13: folds 
Uncalled bet (200) returned to Ede198727
Ede198727 collected 400 from pot
*** SUMMARY ***
Total pot 400 | Rake 0 
Board [9c 7s 5s 5d]
Seat 1: Gabrielfs13 (big blind) folded on the Turn
Seat 2: Saygon434 folded before Flop (didn't bet)
Seat 3: Ede198727 collected (400)
Seat 4: mace1337 folded before Flop (didn't bet)
Seat 5: tenrafaelpai (button) folded before Flop (didn't bet)
Seat 7: Vladisss333 (small blind) folded before Flop



PokerStars Hand #257174910417: Tournament #3914011342, $10.27+$0.73 USD Hold'em No Limit - Level IV (50/100) - 2025/08/01 17:46:31 BRT [2025/08/01 16:46:31 ET]
Table '3914011342 21' 7-max Seat #7 is the button
Seat 1: Gabrielfs13 (3425 in chips) 
Seat 2: Saygon434 (13544 in chips) 
Seat 3: Ede198727 (4966 in chips) 
Seat 4: mace1337 (5855 in chips) 
Seat 5: tenrafaelpai (4293 in chips) 
Seat 6: RTP_Neto (5000 in chips) 
Seat 7: Vladisss333 (5435 in chips) 
Gabrielfs13: posts the ante 25
Saygon434: posts the ante 25
Ede198727: posts the ante 25
mace1337: posts the ante 25
tenrafaelpai: posts the ante 25
RTP_Neto: posts the ante 25
Vladisss333: posts the ante 25
Gabrielfs13: posts small blind 50
Saygon434: posts big blind 100
*** HOLE CARDS ***
Dealt to Gabrielfs13 [5s 8c]
Ede198727: folds 
mace1337 is connected 
mace1337 is connected 
mace1337: folds 
tenrafaelpai: folds 
RTP_Neto: folds 
Vladisss333: folds 
Gabrielfs13: raises 200 to 300
Saygon434: calls 200
*** FLOP *** [5d 7d Ah]
Gabrielfs13: checks 
Saygon434: checks 
*** TURN *** [5d 7d Ah] [6d]
Gabrielfs13: checks 
Saygon434: bets 775
Gabrielfs13: calls 775
*** RIVER *** [5d 7d Ah 6d] [2c]
Gabrielfs13: checks 
Saygon434: bets 2325
Gabrielfs13: folds 
Uncalled bet (2325) returned to Saygon434
Saygon434 collected 2325 from pot
Saygon434: doesn't show hand 
*** SUMMARY ***
Total pot 2325 | Rake 0 
Board [5d 7d Ah 6d 2c]
Seat 1: Gabrielfs13 (small blind) folded on the River
Seat 2: Saygon434 (big blind) collected (2325)
Seat 3: Ede198727 folded before Flop (didn't bet)
Seat 4: mace1337 folded before Flop (didn't bet)
Seat 5: tenrafaelpai folded before Flop (didn't bet)
Seat 6: RTP_Neto folded before Flop (didn't bet)
Seat 7: Vladisss333 (button) folded before Flop (didn't bet)



PokerStars Hand #257174929476: Tournament #3914011342, $10.27+$0.73 USD Hold'em No Limit - Level V (60/120) - 2025/08/01 17:47:48 BRT [2025/08/01 16:47:48 ET]
Table '3914011342 21' 7-max Seat #1 is the button
Seat 1: Gabrielfs13 (2325 in chips) 
Seat 2: Saygon434 (14769 in chips) 
Seat 3: Ede198727 (4941 in chips) 
Seat 4: mace1337 (5830 in chips) 
Seat 5: tenrafaelpai (4268 in chips) 
Seat 6: RTP_Neto (4975 in chips) 
Seat 7: Vladisss333 (5410 in chips) 
Gabrielfs13: posts the ante 30
Saygon434: posts the ante 30
Ede198727: posts the ante 30
mace1337: posts the ante 30
tenrafaelpai: posts the ante 30
RTP_Neto: posts the ante 30
Vladisss333: posts the ante 30
Saygon434: posts small blind 60
Ede198727: posts big blind 120
*** HOLE CARDS ***
Dealt to Gabrielfs13 [6c Ac]
mace1337: folds 
tenrafaelpai: raises 120 to 240
RTP_Neto: folds 
Vladisss333: folds 
Gabrielfs13: raises 2055 to 2295 and is all-in
Saygon434: folds 
Ede198727: calls 2175
tenrafaelpai: folds 
*** FLOP *** [3h 3d 9h]
*** TURN *** [3h 3d 9h] [5d]
*** RIVER *** [3h 3d 9h 5d] [Th]
*** SHOW DOWN ***
Ede198727: shows [Qd As] (a pair of Threes)
Gabrielfs13: shows [6c Ac] (a pair of Threes - lower kicker)
Ede198727 collected 5100 from pot
Gabrielfs13 finished the tournament
*** SUMMARY ***
Total pot 5100 | Rake 0 
Board [3h 3d 9h 5d Th]
Seat 1: Gabrielfs13 (button) showed [6c Ac] and lost with a pair of Threes
Seat 2: Saygon434 (small blind) folded before Flop
Seat 3: Ede198727 (big blind) showed [Qd As] and won (5100) with a pair of Threes
Seat 4: mace1337 folded before Flop (didn't bet)
Seat 5: tenrafaelpai folded before Flop
Seat 6: RTP_Neto folded before Flop (didn't bet)
Seat 7: Vladisss333 folded before Flop (didn't bet)



PokerStars Hand #257175126646: Tournament #3914011342, $10.27+$0.73 USD Hold'em No Limit - Level VIII (125/250) - 2025/08/01 18:03:00 BRT [2025/08/01 17:03:00 ET]
Table '3914011342 32' 7-max Seat #7 is the button
Seat 1: JustPro10 (7072 in chips) 
Seat 2: Rebitado (12265 in chips) 
Seat 3: Fighta02 (8096 in chips) 
Seat 4: AKEVA85 (5000 in chips) 
Seat 5: beastyboy1094 (5000 in chips) 
Seat 6: Gabrielfs13 (5000 in chips) 
Seat 7: DELC4 (15441 in chips) 
JustPro10: posts the ante 60
Rebitado: posts the ante 60
Fighta02: posts the ante 60
AKEVA85: posts the ante 60
beastyboy1094: posts the ante 60
Gabrielfs13: posts the ante 60
DELC4: posts the ante 60
JustPro10: posts small blind 125
Rebitado: posts big blind 250
*** HOLE CARDS ***
Dealt to Gabrielfs13 [As 6h]
Fighta02: folds 
AKEVA85: folds 
beastyboy1094: folds 
Gabrielfs13: folds 
DELC4: raises 250 to 500
JustPro10: folds 
Rebitado: folds 
Uncalled bet (250) returned to DELC4
DELC4 collected 1045 from pot
DELC4: doesn't show hand 
*** SUMMARY ***
Total pot 1045 | Rake 0 
Seat 1: JustPro10 (small blind) folded before Flop
Seat 2: Rebitado (big blind) folded before Flop
Seat 3: Fighta02 folded before Flop (didn't bet)
Seat 4: AKEVA85 folded before Flop (didn't bet)
Seat 5: beastyboy1094 folded before Flop (didn't bet)
Seat 6: Gabrielfs13 folded before Flop (didn't bet)
Seat 7: DELC4 (button) collected (1045)



PokerStars Hand #257175134512: Tournament #3914011342, $10.27+$0.73 USD Hold'em No Limit - Level VIII (125/250) - 2025/08/01 18:03:32 BRT [2025/08/01 17:03:32 ET]
Table '3914011342 32' 7-max Seat #1 is the button
Seat 1: JustPro10 (6887 in chips) 
Seat 2: Rebitado (11955 in chips) 
Seat 3: Fighta02 (8036 in chips) 
Seat 5: beastyboy1094 (4940 in chips) 
Seat 6: Gabrielfs13 (4940 in chips) 
Seat 7: DELC4 (16176 in chips) 
JustPro10: posts the ante 60
Rebitado: posts the ante 60
Fighta02: posts the ante 60
beastyboy1094: posts the ante 60
Gabrielfs13: posts the ante 60
DELC4: posts the ante 60
Rebitado: posts small blind 125
Fighta02: posts big blind 250
*** HOLE CARDS ***
Dealt to Gabrielfs13 [Jc Ac]
beastyboy1094: folds 
Gabrielfs13: raises 250 to 500
DELC4: folds 
JustPro10: folds 
Rebitado: folds 
Fighta02: calls 250
*** FLOP *** [Td 2h 4d]
Fighta02: checks 
Gabrielfs13: bets 375
Fighta02: raises 454 to 829
Gabrielfs13: calls 454
*** TURN *** [Td 2h 4d] [Kh]
Fighta02: bets 3929
Gabrielfs13: folds 
Uncalled bet (3929) returned to Fighta02
Fighta02 collected 3143 from pot
Fighta02: doesn't show hand 
leostars2002 is disconnected 
*** SUMMARY ***
Total pot 3143 | Rake 0 
Board [Td 2h 4d Kh]
Seat 1: JustPro10 (button) folded before Flop (didn't bet)
Seat 2: Rebitado (small blind) folded before Flop
Seat 3: Fighta02 (big blind) collected (3143)
Seat 5: beastyboy1094 folded before Flop (didn't bet)
Seat 6: Gabrielfs13 folded on the Turn
Seat 7: DELC4 folded before Flop (didn't bet)



PokerStars Hand #257175147252: Tournament #3914011342, $10.27+$0.73 USD Hold'em No Limit - Level VIII (125/250) - 2025/08/01 18:04:23 BRT [2025/08/01 17:04:23 ET]
Table '3914011342 32' 7-max Seat #2 is the button
Seat 1: JustPro10 (6827 in chips) 
Seat 2: Rebitado (11770 in chips) 
Seat 3: Fighta02 (9790 in chips) 
Seat 4: leostars2002 (5000 in chips) 
Seat 5: beastyboy1094 (4880 in chips) 
Seat 6: Gabrielfs13 (3551 in chips) 
Seat 7: DELC4 (16116 in chips) 
JustPro10: posts the ante 60
Rebitado: posts the ante 60
Fighta02: posts the ante 60
leostars2002: posts the ante 60
beastyboy1094: posts the ante 60
Gabrielfs13: posts the ante 60
DELC4: posts the ante 60
Fighta02: posts small blind 125
leostars2002: posts big blind 250
*** HOLE CARDS ***
Dealt to Gabrielfs13 [8s 7h]
beastyboy1094: raises 250 to 500
Gabrielfs13: folds 
DELC4: folds 
JustPro10: folds 
Rebitado: folds 
Fighta02: folds 
leostars2002: calls 250
*** FLOP *** [9c 4c 7d]
leostars2002: checks 
beastyboy1094: bets 773
leostars2002: folds 
Uncalled bet (773) returned to beastyboy1094
beastyboy1094 collected 1545 from pot
*** SUMMARY ***
Total pot 1545 | Rake 0 
Board [9c 4c 7d]
Seat 1: JustPro10 folded before Flop (didn't bet)
Seat 2: Rebitado (button) folded before Flop (didn't bet)
Seat 3: Fighta02 (small blind) folded before Flop
Seat 4: leostars2002 (big blind) folded on the Flop
Seat 5: beastyboy1094 collected (1545)
Seat 6: Gabrielfs13 folded before Flop (didn't bet)
Seat 7: DELC4 folded before Flop (didn't bet)



PokerStars Hand #257175155670: Tournament #3914011342, $10.27+$0.73 USD Hold'em No Limit - Level VIII (125/250) - 2025/08/01 18:04:57 BRT [2025/08/01 17:04:57 ET]
Table '3914011342 32' 7-max Seat #3 is the button
Seat 1: JustPro10 (6767 in chips) 
Seat 2: Rebitado (11710 in chips) 
Seat 3: Fighta02 (9605 in chips) 
Seat 4: leostars2002 (4440 in chips) 
Seat 5: beastyboy1094 (5865 in chips) 
Seat 6: Gabrielfs13 (3491 in chips) 
Seat 7: DELC4 (16056 in chips) 
JustPro10: posts the ante 60
Rebitado: posts the ante 60
Fighta02: posts the ante 60
leostars2002: posts the ante 60
beastyboy1094: posts the ante 60
Gabrielfs13: posts the ante 60
DELC4: posts the ante 60
leostars2002: posts small blind 125
beastyboy1094: posts big blind 250
*** HOLE CARDS ***
Dealt to Gabrielfs13 [5h Ks]
Gabrielfs13: folds 
DELC4: folds 
JustPro10: folds 
Rebitado: folds 
Fighta02: raises 250 to 500
leostars2002: folds 
beastyboy1094: calls 250
*** FLOP *** [5c 8h Qh]
beastyboy1094: checks 
Fighta02: bets 650
beastyboy1094: calls 650
*** TURN *** [5c 8h Qh] [As]
beastyboy1094: checks 
Fighta02: bets 1166
beastyboy1094: folds 
Uncalled bet (1166) returned to Fighta02
Fighta02 collected 2845 from pot
Fighta02: doesn't show hand 
*** SUMMARY ***
Total pot 2845 | Rake 0 
Board [5c 8h Qh As]
Seat 1: JustPro10 folded before Flop (didn't bet)
Seat 2: Rebitado folded before Flop (didn't bet)
Seat 3: Fighta02 (button) collected (2845)
Seat 4: leostars2002 (small blind) folded before Flop
Seat 5: beastyboy1094 (big blind) folded on the Turn
Seat 6: Gabrielfs13 folded before Flop (didn't bet)
Seat 7: DELC4 folded before Flop (didn't bet)



PokerStars Hand #257175168702: Tournament #3914011342, $10.27+$0.73 USD Hold'em No Limit - Level IX (150/300) - 2025/08/01 18:05:50 BRT [2025/08/01 17:05:50 ET]
Table '3914011342 32' 7-max Seat #4 is the button
Seat 1: JustPro10 (6707 in chips) 
Seat 2: Rebitado (11650 in chips) 
Seat 3: Fighta02 (11240 in chips) 
Seat 4: leostars2002 (4255 in chips) 
Seat 5: beastyboy1094 (4655 in chips) 
Seat 6: Gabrielfs13 (3431 in chips) 
Seat 7: DELC4 (15996 in chips) 
JustPro10: posts the ante 75
Rebitado: posts the ante 75
Fighta02: posts the ante 75
leostars2002: posts the ante 75
beastyboy1094: posts the ante 75
Gabrielfs13: posts the ante 75
DELC4: posts the ante 75
beastyboy1094: posts small blind 150
Gabrielfs13: posts big blind 300
*** HOLE CARDS ***
Dealt to Gabrielfs13 [Ks Qs]
DELC4: raises 300 to 600
JustPro10: folds 
Rebitado: calls 600
Fighta02: folds 
leostars2002: folds 
beastyboy1094: folds 
Gabrielfs13: raises 2756 to 3356 and is all-in
DELC4: raises 12565 to 15921 and is all-in
Rebitado: folds 
Uncalled bet (12565) returned to DELC4
*** FLOP *** [Qc Kd 4s]
*** TURN *** [Qc Kd 4s] [4c]
*** RIVER *** [Qc Kd 4s 4c] [8s]
*** SHOW DOWN ***
Gabrielfs13: shows [Ks Qs] (two pair, Kings and Queens)
DELC4: shows [Jh As] (a pair of Fours)
Gabrielfs13 collected 7987 from pot
*** SUMMARY ***
Total pot 7987 | Rake 0 
Board [Qc Kd 4s 4c 8s]
Seat 1: JustPro10 folded before Flop (didn't bet)
Seat 2: Rebitado folded before Flop
Seat 3: Fighta02 folded before Flop (didn't bet)
Seat 4: leostars2002 (button) folded before Flop (didn't bet)
Seat 5: beastyboy1094 (small blind) folded before Flop
Seat 6: Gabrielfs13 (big blind) showed [Ks Qs] and won (7987) with two pair, Kings and Queens
Seat 7: DELC4 showed [Jh As] and lost with a pair of Fours



PokerStars Hand #257175181165: Tournament #3914011342, $10.27+$0.73 USD Hold'em No Limit - Level IX (150/300) - 2025/08/01 18:06:40 BRT [2025/08/01 17:06:40 ET]
Table '3914011342 32' 7-max Seat #5 is the button
Seat 1: JustPro10 (6632 in chips) 
Seat 2: Rebitado (10975 in chips) 
Seat 3: Fighta02 (11165 in chips) 
Seat 4: leostars2002 (4180 in chips) 
Seat 5: beastyboy1094 (4430 in chips) 
Seat 6: Gabrielfs13 (7987 in chips) 
Seat 7: DELC4 (12565 in chips) 
JustPro10: posts the ante 75
Rebitado: posts the ante 75
Fighta02: posts the ante 75
leostars2002: posts the ante 75
beastyboy1094: posts the ante 75
Gabrielfs13: posts the ante 75
DELC4: posts the ante 75
Gabrielfs13: posts small blind 150
DELC4: posts big blind 300
*** HOLE CARDS ***
Dealt to Gabrielfs13 [5s 8c]
JustPro10: folds 
Rebitado: raises 300 to 600
Fighta02: folds 
leostars2002: folds 
beastyboy1094: raises 600 to 1200
Gabrielfs13: folds 
DELC4: folds 
Rebitado: folds 
Uncalled bet (600) returned to beastyboy1094
beastyboy1094 collected 2175 from pot
*** SUMMARY ***
Total pot 2175 | Rake 0 
Seat 1: JustPro10 folded before Flop (didn't bet)
Seat 2: Rebitado folded before Flop
Seat 3: Fighta02 folded before Flop (didn't bet)
Seat 4: leostars2002 folded before Flop (didn't bet)
Seat 5: beastyboy1094 (button) collected (2175)
Seat 6: Gabrielfs13 (small blind) folded before Flop
Seat 7: DELC4 (big blind) folded before Flop



PokerStars Hand #257175189853: Tournament #3914011342, $10.27+$0.73 USD Hold'em No Limit - Level IX (150/300) - 2025/08/01 18:07:15 BRT [2025/08/01 17:07:15 ET]
Table '3914011342 32' 7-max Seat #6 is the button
Seat 1: JustPro10 (6557 in chips) 
Seat 2: Rebitado (10300 in chips) 
Seat 3: Fighta02 (11090 in chips) 
Seat 4: leostars2002 (4105 in chips) 
Seat 5: beastyboy1094 (5930 in chips) 
Seat 6: Gabrielfs13 (7762 in chips) 
Seat 7: DELC4 (12190 in chips) 
JustPro10: posts the ante 75
Rebitado: posts the ante 75
Fighta02: posts the ante 75
leostars2002: posts the ante 75
beastyboy1094: posts the ante 75
Gabrielfs13: posts the ante 75
DELC4: posts the ante 75
DELC4: posts small blind 150
JustPro10: posts big blind 300
*** HOLE CARDS ***
Dealt to Gabrielfs13 [Ah 3s]
Rebitado: folds 
Fighta02: folds 
leostars2002: folds 
beastyboy1094: raises 300 to 600
Gabrielfs13: folds 
DELC4: folds 
JustPro10: calls 300
*** FLOP *** [4h 8c 2h]
JustPro10: checks 
beastyboy1094: checks 
*** TURN *** [4h 8c 2h] [Tc]
JustPro10: bets 844
beastyboy1094: raises 4411 to 5255 and is all-in
JustPro10: folds 
Uncalled bet (4411) returned to beastyboy1094
beastyboy1094 collected 3563 from pot
*** SUMMARY ***
Total pot 3563 | Rake 0 
Board [4h 8c 2h Tc]
Seat 1: JustPro10 (big blind) folded on the Turn
Seat 2: Rebitado folded before Flop (didn't bet)
Seat 3: Fighta02 folded before Flop (didn't bet)
Seat 4: leostars2002 folded before Flop (didn't bet)
Seat 5: beastyboy1094 collected (3563)
Seat 6: Gabrielfs13 (button) folded before Flop (didn't bet)
Seat 7: DELC4 (small blind) folded before Flop



PokerStars Hand #257175200250: Tournament #3914011342, $10.27+$0.73 USD Hold'em No Limit - Level IX (150/300) - 2025/08/01 18:07:57 BRT [2025/08/01 17:07:57 ET]
Table '3914011342 32' 7-max Seat #7 is the button
Seat 1: JustPro10 (5038 in chips) 
Seat 2: Rebitado (10225 in chips) 
Seat 3: Fighta02 (11015 in chips) 
Seat 4: leostars2002 (4030 in chips) 
Seat 5: beastyboy1094 (7974 in chips) 
Seat 6: Gabrielfs13 (7687 in chips) 
Seat 7: DELC4 (11965 in chips) 
JustPro10: posts the ante 75
Rebitado: posts the ante 75
Fighta02: posts the ante 75
leostars2002: posts the ante 75
beastyboy1094: posts the ante 75
Gabrielfs13: posts the ante 75
DELC4: posts the ante 75
JustPro10: posts small blind 150
Rebitado: posts big blind 300
*** HOLE CARDS ***
Dealt to Gabrielfs13 [Ks 5c]
Fighta02: folds 
leostars2002: folds 
beastyboy1094: folds 
Gabrielfs13: folds 
DELC4: folds 
JustPro10: folds 
Uncalled bet (150) returned to Rebitado
Rebitado collected 825 from pot
Rebitado: doesn't show hand 
*** SUMMARY ***
Total pot 825 | Rake 0 
Seat 1: JustPro10 (small blind) folded before Flop
Seat 2: Rebitado (big blind) collected (825)
Seat 3: Fighta02 folded before Flop (didn't bet)
Seat 4: leostars2002 folded before Flop (didn't bet)
Seat 5: beastyboy1094 folded before Flop (didn't bet)
Seat 6: Gabrielfs13 folded before Flop (didn't bet)
Seat 7: DELC4 (button) folded before Flop (didn't bet)



PokerStars Hand #257175203976: Tournament #3914011342, $10.27+$0.73 USD Hold'em No Limit - Level IX (150/300) - 2025/08/01 18:08:13 BRT [2025/08/01 17:08:13 ET]
Table '3914011342 32' 7-max Seat #1 is the button
Seat 1: JustPro10 (4813 in chips) 
Seat 2: Rebitado (10825 in chips) 
Seat 3: Fighta02 (10940 in chips) 
Seat 4: leostars2002 (3955 in chips) 
Seat 5: beastyboy1094 (7899 in chips) 
Seat 6: Gabrielfs13 (7612 in chips) 
Seat 7: DELC4 (11890 in chips) 
JustPro10: posts the ante 75
Rebitado: posts the ante 75
Fighta02: posts the ante 75
leostars2002: posts the ante 75
beastyboy1094: posts the ante 75
Gabrielfs13: posts the ante 75
DELC4: posts the ante 75
Rebitado: posts small blind 150
Fighta02: posts big blind 300
*** HOLE CARDS ***
Dealt to Gabrielfs13 [Tc Qd]
leostars2002: folds 
beastyboy1094: raises 300 to 600
Gabrielfs13: folds 
DELC4: folds 
JustPro10: folds 
Rebitado: folds 
Fighta02: calls 300
*** FLOP *** [7s Qs As]
Fighta02: checks 
beastyboy1094: checks 
*** TURN *** [7s Qs As] [Ts]
Fighta02: checks 
beastyboy1094: bets 300
Fighta02: folds 
Uncalled bet (300) returned to beastyboy1094
beastyboy1094 collected 1875 from pot
*** SUMMARY ***
Total pot 1875 | Rake 0 
Board [7s Qs As Ts]
Seat 1: JustPro10 (button) folded before Flop (didn't bet)
Seat 2: Rebitado (small blind) folded before Flop
Seat 3: Fighta02 (big blind) folded on the Turn
Seat 4: leostars2002 folded before Flop (didn't bet)
Seat 5: beastyboy1094 collected (1875)
Seat 6: Gabrielfs13 folded before Flop (didn't bet)
Seat 7: DELC4 folded before Flop (didn't bet)



PokerStars Hand #257175213729: Tournament #3914011342, $10.27+$0.73 USD Hold'em No Limit - Level X (200/400) - 2025/08/01 18:08:52 BRT [2025/08/01 17:08:52 ET]
Table '3914011342 32' 7-max Seat #2 is the button
Seat 1: JustPro10 (4738 in chips) 
Seat 2: Rebitado (10600 in chips) 
Seat 3: Fighta02 (10265 in chips) 
Seat 4: leostars2002 (3880 in chips) 
Seat 5: beastyboy1094 (9099 in chips) 
Seat 6: Gabrielfs13 (7537 in chips) 
Seat 7: DELC4 (11815 in chips) 
JustPro10: posts the ante 100
Rebitado: posts the ante 100
Fighta02: posts the ante 100
leostars2002: posts the ante 100
beastyboy1094: posts the ante 100
Gabrielfs13: posts the ante 100
DELC4: posts the ante 100
Fighta02: posts small blind 200
leostars2002: posts big blind 400
*** HOLE CARDS ***
Dealt to Gabrielfs13 [5s Qh]
beastyboy1094: folds 
Gabrielfs13: folds 
DELC4: folds 
JustPro10: raises 4238 to 4638 and is all-in
Rebitado: folds 
Fighta02: folds 
leostars2002: folds 
Uncalled bet (4238) returned to JustPro10
JustPro10 collected 1700 from pot
JustPro10: doesn't show hand 
*** SUMMARY ***
Total pot 1700 | Rake 0 
Seat 1: JustPro10 collected (1700)
Seat 2: Rebitado (button) folded before Flop (didn't bet)
Seat 3: Fighta02 (small blind) folded before Flop
Seat 4: leostars2002 (big blind) folded before Flop
Seat 5: beastyboy1094 folded before Flop (didn't bet)
Seat 6: Gabrielfs13 folded before Flop (didn't bet)
Seat 7: DELC4 folded before Flop (didn't bet)



PokerStars Hand #257175224513: Tournament #3914011342, $10.27+$0.73 USD Hold'em No Limit - Level X (200/400) - 2025/08/01 18:09:36 BRT [2025/08/01 17:09:36 ET]
Table '3914011342 32' 7-max Seat #3 is the button
Seat 1: JustPro10 (5938 in chips) 
Seat 2: Rebitado (10500 in chips) 
Seat 3: Fighta02 (9965 in chips) 
Seat 4: leostars2002 (3380 in chips) 
Seat 5: beastyboy1094 (8999 in chips) 
Seat 6: Gabrielfs13 (7437 in chips) 
Seat 7: DELC4 (11715 in chips) 
JustPro10: posts the ante 100
Rebitado: posts the ante 100
Fighta02: posts the ante 100
leostars2002: posts the ante 100
beastyboy1094: posts the ante 100
Gabrielfs13: posts the ante 100
DELC4: posts the ante 100
leostars2002: posts small blind 200
beastyboy1094: posts big blind 400
*** HOLE CARDS ***
Dealt to Gabrielfs13 [7h 6d]
Gabrielfs13: folds 
DELC4: raises 400 to 800
JustPro10: folds 
Rebitado: folds 
Fighta02: folds 
leostars2002: folds 
beastyboy1094: folds 
Uncalled bet (400) returned to DELC4
DELC4 collected 1700 from pot
DELC4: doesn't show hand 
*** SUMMARY ***
Total pot 1700 | Rake 0 
Seat 1: JustPro10 folded before Flop (didn't bet)
Seat 2: Rebitado folded before Flop (didn't bet)
Seat 3: Fighta02 (button) folded before Flop (didn't bet)
Seat 4: leostars2002 (small blind) folded before Flop
Seat 5: beastyboy1094 (big blind) folded before Flop
Seat 6: Gabrielfs13 folded before Flop (didn't bet)
Seat 7: DELC4 collected (1700)



PokerStars Hand #257175231705: Tournament #3914011342, $10.27+$0.73 USD Hold'em No Limit - Level X (200/400) - 2025/08/01 18:10:05 BRT [2025/08/01 17:10:05 ET]
Table '3914011342 32' 7-max Seat #4 is the button
Seat 1: JustPro10 (5838 in chips) 
Seat 2: Rebitado (10400 in chips) 
Seat 3: Fighta02 (9865 in chips) 
Seat 4: leostars2002 (3080 in chips) 
Seat 5: beastyboy1094 (8499 in chips) 
Seat 6: Gabrielfs13 (7337 in chips) 
Seat 7: DELC4 (12915 in chips) 
JustPro10: posts the ante 100
Rebitado: posts the ante 100
Fighta02: posts the ante 100
leostars2002: posts the ante 100
beastyboy1094: posts the ante 100
Gabrielfs13: posts the ante 100
DELC4: posts the ante 100
beastyboy1094: posts small blind 200
Gabrielfs13: posts big blind 400
*** HOLE CARDS ***
Dealt to Gabrielfs13 [6d 5c]
DELC4: folds 
JustPro10: folds 
Rebitado: folds 
Fighta02: folds 
leostars2002: folds 
beastyboy1094: raises 400 to 800
Gabrielfs13: calls 400
*** FLOP *** [9h Jc 6c]
beastyboy1094: bets 800
Gabrielfs13: calls 800
*** TURN *** [9h Jc 6c] [As]
beastyboy1094: bets 1950
Gabrielfs13: folds 
Uncalled bet (1950) returned to beastyboy1094
beastyboy1094 collected 3900 from pot
*** SUMMARY ***
Total pot 3900 | Rake 0 
Board [9h Jc 6c As]
Seat 1: JustPro10 folded before Flop (didn't bet)
Seat 2: Rebitado folded before Flop (didn't bet)
Seat 3: Fighta02 folded before Flop (didn't bet)
Seat 4: leostars2002 (button) folded before Flop (didn't bet)
Seat 5: beastyboy1094 (small blind) collected (3900)
Seat 6: Gabrielfs13 (big blind) folded on the Turn
Seat 7: DELC4 folded before Flop (didn't bet)



PokerStars Hand #257175241426: Tournament #3914011342, $10.27+$0.73 USD Hold'em No Limit - Level X (200/400) - 2025/08/01 18:10:45 BRT [2025/08/01 17:10:45 ET]
Table '3914011342 32' 7-max Seat #5 is the button
Seat 1: JustPro10 (5738 in chips) 
Seat 2: Rebitado (10300 in chips) 
Seat 3: Fighta02 (9765 in chips) 
Seat 4: leostars2002 (2980 in chips) 
Seat 5: beastyboy1094 (10699 in chips) 
Seat 6: Gabrielfs13 (5637 in chips) 
Seat 7: DELC4 (12815 in chips) 
JustPro10: posts the ante 100
Rebitado: posts the ante 100
Fighta02: posts the ante 100
leostars2002: posts the ante 100
beastyboy1094: posts the ante 100
Gabrielfs13: posts the ante 100
DELC4: posts the ante 100
Gabrielfs13: posts small blind 200
DELC4: posts big blind 400
*** HOLE CARDS ***
Dealt to Gabrielfs13 [4c Tc]
JustPro10: folds 
Rebitado: folds 
Fighta02: folds 
leostars2002: raises 2480 to 2880 and is all-in
beastyboy1094: folds 
Gabrielfs13: folds 
DELC4: folds 
Uncalled bet (2480) returned to leostars2002
leostars2002 collected 1700 from pot
leostars2002: doesn't show hand 
*** SUMMARY ***
Total pot 1700 | Rake 0 
Seat 1: JustPro10 folded before Flop (didn't bet)
Seat 2: Rebitado folded before Flop (didn't bet)
Seat 3: Fighta02 folded before Flop (didn't bet)
Seat 4: leostars2002 collected (1700)
Seat 5: beastyboy1094 (button) folded before Flop (didn't bet)
Seat 6: Gabrielfs13 (small blind) folded before Flop
Seat 7: DELC4 (big blind) folded before Flop



PokerStars Hand #257175249171: Tournament #3914011342, $10.27+$0.73 USD Hold'em No Limit - Level X (200/400) - 2025/08/01 18:11:16 BRT [2025/08/01 17:11:16 ET]
Table '3914011342 32' 7-max Seat #6 is the button
Seat 1: JustPro10 (5638 in chips) 
Seat 2: Rebitado (10200 in chips) 
Seat 3: Fighta02 (9665 in chips) 
Seat 4: leostars2002 (4180 in chips) 
Seat 5: beastyboy1094 (10599 in chips) 
Seat 6: Gabrielfs13 (5337 in chips) 
Seat 7: DELC4 (12315 in chips) 
JustPro10: posts the ante 100
Rebitado: posts the ante 100
Fighta02: posts the ante 100
leostars2002: posts the ante 100
beastyboy1094: posts the ante 100
Gabrielfs13: posts the ante 100
DELC4: posts the ante 100
DELC4: posts small blind 200
JustPro10: posts big blind 400
*** HOLE CARDS ***
Dealt to Gabrielfs13 [Ts 5s]
Rebitado: folds 
Fighta02: raises 440 to 840
leostars2002: folds 
beastyboy1094: folds 
Gabrielfs13: folds 
DELC4: folds 
JustPro10: calls 440
*** FLOP *** [Qh 6c Qs]
JustPro10: checks 
Fighta02: bets 568
JustPro10: calls 568
*** TURN *** [Qh 6c Qs] [Tc]
JustPro10: checks 
Fighta02: bets 818
JustPro10: folds 
Uncalled bet (818) returned to Fighta02
Fighta02 collected 3716 from pot
Fighta02: doesn't show hand 
*** SUMMARY ***
Total pot 3716 | Rake 0 
Board [Qh 6c Qs Tc]
Seat 1: JustPro10 (big blind) folded on the Turn
Seat 2: Rebitado folded before Flop (didn't bet)
Seat 3: Fighta02 collected (3716)
Seat 4: leostars2002 folded before Flop (didn't bet)
Seat 5: beastyboy1094 folded before Flop (didn't bet)
Seat 6: Gabrielfs13 (button) folded before Flop (didn't bet)
Seat 7: DELC4 (small blind) folded before Flop



PokerStars Hand #257175261841: Tournament #3914011342, $10.27+$0.73 USD Hold'em No Limit - Level XI (250/500) - 2025/08/01 18:12:08 BRT [2025/08/01 17:12:08 ET]
Table '3914011342 32' 7-max Seat #7 is the button
Seat 1: JustPro10 (4130 in chips) 
Seat 2: Rebitado (10100 in chips) 
Seat 3: Fighta02 (11873 in chips) 
Seat 4: leostars2002 (4080 in chips) 
Seat 5: beastyboy1094 (10499 in chips) 
Seat 6: Gabrielfs13 (5237 in chips) 
Seat 7: DELC4 (12015 in chips) 
JustPro10: posts the ante 125
Rebitado: posts the ante 125
Fighta02: posts the ante 125
leostars2002: posts the ante 125
beastyboy1094: posts the ante 125
Gabrielfs13: posts the ante 125
DELC4: posts the ante 125
JustPro10: posts small blind 250
Rebitado: posts big blind 500
*** HOLE CARDS ***
Dealt to Gabrielfs13 [8c 8s]
Fighta02: folds 
leostars2002: folds 
beastyboy1094 is disconnected 
beastyboy1094 has timed out while disconnected
beastyboy1094: folds 
beastyboy1094 is sitting out
Gabrielfs13: raises 500 to 1000
DELC4: folds 
JustPro10: folds 
beastyboy1094 is disconnected 
beastyboy1094 has returned
Rebitado: folds 
Uncalled bet (500) returned to Gabrielfs13
Gabrielfs13 collected 2125 from pot
Gabrielfs13: doesn't show hand 
*** SUMMARY ***
Total pot 2125 | Rake 0 
Seat 1: JustPro10 (small blind) folded before Flop
Seat 2: Rebitado (big blind) folded before Flop
Seat 3: Fighta02 folded before Flop (didn't bet)
Seat 4: leostars2002 folded before Flop (didn't bet)
Seat 5: beastyboy1094 folded before Flop (didn't bet)
Seat 6: Gabrielfs13 collected (2125)
Seat 7: DELC4 (button) folded before Flop (didn't bet)



PokerStars Hand #257175274545: Tournament #3914011342, $10.27+$0.73 USD Hold'em No Limit - Level XI (250/500) - 2025/08/01 18:13:00 BRT [2025/08/01 17:13:00 ET]
Table '3914011342 32' 7-max Seat #1 is the button
Seat 1: JustPro10 (3755 in chips) 
Seat 2: Rebitado (9475 in chips) 
Seat 3: Fighta02 (11748 in chips) 
Seat 4: leostars2002 (3955 in chips) 
Seat 5: beastyboy1094 (10374 in chips) 
Seat 6: Gabrielfs13 (6737 in chips) 
Seat 7: DELC4 (11890 in chips) 
JustPro10: posts the ante 125
Rebitado: posts the ante 125
Fighta02: posts the ante 125
leostars2002: posts the ante 125
beastyboy1094: posts the ante 125
Gabrielfs13: posts the ante 125
DELC4: posts the ante 125
Rebitado: posts small blind 250
Fighta02: posts big blind 500
*** HOLE CARDS ***
Dealt to Gabrielfs13 [As Kd]
leostars2002: folds 
beastyboy1094: folds 
Gabrielfs13: raises 6112 to 6612 and is all-in
DELC4: folds 
JustPro10: folds 
Rebitado: folds 
Fighta02: folds 
Uncalled bet (6112) returned to Gabrielfs13
Gabrielfs13 collected 2125 from pot
Gabrielfs13: doesn't show hand 
*** SUMMARY ***
Total pot 2125 | Rake 0 
Seat 1: JustPro10 (button) folded before Flop (didn't bet)
Seat 2: Rebitado (small blind) folded before Flop
Seat 3: Fighta02 (big blind) folded before Flop
Seat 4: leostars2002 folded before Flop (didn't bet)
Seat 5: beastyboy1094 folded before Flop (didn't bet)
Seat 6: Gabrielfs13 collected (2125)
Seat 7: DELC4 folded before Flop (didn't bet)



PokerStars Hand #257175281180: Tournament #3914011342, $10.27+$0.73 USD Hold'em No Limit - Level XI (250/500) - 2025/08/01 18:13:26 BRT [2025/08/01 17:13:26 ET]
Table '3914011342 32' 7-max Seat #2 is the button
Seat 1: JustPro10 (3630 in chips) 
Seat 2: Rebitado (9100 in chips) 
Seat 3: Fighta02 (11123 in chips) 
Seat 4: leostars2002 (3830 in chips) 
Seat 5: beastyboy1094 (10249 in chips) 
Seat 6: Gabrielfs13 (8237 in chips) 
Seat 7: DELC4 (11765 in chips) 
JustPro10: posts the ante 125
Rebitado: posts the ante 125
Fighta02: posts the ante 125
leostars2002: posts the ante 125
beastyboy1094: posts the ante 125
Gabrielfs13: posts the ante 125
DELC4: posts the ante 125
Fighta02: posts small blind 250
leostars2002: posts big blind 500
*** HOLE CARDS ***
Dealt to Gabrielfs13 [Ks 5h]
beastyboy1094: folds 
Gabrielfs13: folds 
DELC4: folds 
JustPro10: folds 
Rebitado: folds 
Fighta02: folds 
Uncalled bet (250) returned to leostars2002
leostars2002 collected 1375 from pot
leostars2002: doesn't show hand 
*** SUMMARY ***
Total pot 1375 | Rake 0 
Seat 1: JustPro10 folded before Flop (didn't bet)
Seat 2: Rebitado (button) folded before Flop (didn't bet)
Seat 3: Fighta02 (small blind) folded before Flop
Seat 4: leostars2002 (big blind) collected (1375)
Seat 5: beastyboy1094 folded before Flop (didn't bet)
Seat 6: Gabrielfs13 folded before Flop (didn't bet)
Seat 7: DELC4 folded before Flop (didn't bet)



PokerStars Hand #257175283845: Tournament #3914011342, $10.27+$0.73 USD Hold'em No Limit - Level XI (250/500) - 2025/08/01 18:13:37 BRT [2025/08/01 17:13:37 ET]
Table '3914011342 32' 7-max Seat #3 is the button
Seat 1: JustPro10 (3505 in chips) 
Seat 2: Rebitado (8975 in chips) 
Seat 3: Fighta02 (10748 in chips) 
Seat 4: leostars2002 (4830 in chips) 
Seat 5: beastyboy1094 (10124 in chips) 
Seat 6: Gabrielfs13 (8112 in chips) 
Seat 7: DELC4 (11640 in chips) 
JustPro10: posts the ante 125
Rebitado: posts the ante 125
Fighta02: posts the ante 125
leostars2002: posts the ante 125
beastyboy1094: posts the ante 125
Gabrielfs13: posts the ante 125
DELC4: posts the ante 125
leostars2002: posts small blind 250
beastyboy1094: posts big blind 500
*** HOLE CARDS ***
Dealt to Gabrielfs13 [7s 3h]
Gabrielfs13: folds 
DELC4: folds 
JustPro10: folds 
Rebitado: folds 
Fighta02: raises 550 to 1050
leostars2002: folds 
beastyboy1094: calls 550
*** FLOP *** [Jc 8d 2h]
beastyboy1094: checks 
Fighta02: bets 710
beastyboy1094: raises 1210 to 1920
Fighta02: calls 1210
*** TURN *** [Jc 8d 2h] [4c]
beastyboy1094: bets 3533
Fighta02: folds 
Uncalled bet (3533) returned to beastyboy1094
beastyboy1094 collected 7065 from pot
*** SUMMARY ***
Total pot 7065 | Rake 0 
Board [Jc 8d 2h 4c]
Seat 1: JustPro10 folded before Flop (didn't bet)
Seat 2: Rebitado folded before Flop (didn't bet)
Seat 3: Fighta02 (button) folded on the Turn
Seat 4: leostars2002 (small blind) folded before Flop
Seat 5: beastyboy1094 (big blind) collected (7065)
Seat 6: Gabrielfs13 folded before Flop (didn't bet)
Seat 7: DELC4 folded before Flop (didn't bet)



PokerStars Hand #257175296416: Tournament #3914011342, $10.27+$0.73 USD Hold'em No Limit - Level XI (250/500) - 2025/08/01 18:14:28 BRT [2025/08/01 17:14:28 ET]
Table '3914011342 32' 7-max Seat #4 is the button
Seat 1: JustPro10 (3380 in chips) 
Seat 2: Rebitado (8850 in chips) 
Seat 3: Fighta02 (7653 in chips) 
Seat 4: leostars2002 (4455 in chips) 
Seat 5: beastyboy1094 (14094 in chips) 
Seat 6: Gabrielfs13 (7987 in chips) 
Seat 7: DELC4 (11515 in chips) 
JustPro10: posts the ante 125
Rebitado: posts the ante 125
Fighta02: posts the ante 125
leostars2002: posts the ante 125
beastyboy1094: posts the ante 125
Gabrielfs13: posts the ante 125
DELC4: posts the ante 125
beastyboy1094: posts small blind 250
Gabrielfs13: posts big blind 500
*** HOLE CARDS ***
Dealt to Gabrielfs13 [6c Jc]
DELC4: folds 
JustPro10: raises 2755 to 3255 and is all-in
Rebitado: raises 5470 to 8725 and is all-in
Fighta02: folds 
leostars2002: folds 
beastyboy1094: folds 
Gabrielfs13: folds 
Uncalled bet (5470) returned to Rebitado
*** FLOP *** [9s Tc Qh]
*** TURN *** [9s Tc Qh] [Qs]
*** RIVER *** [9s Tc Qh Qs] [8c]
*** SHOW DOWN ***
JustPro10: shows [6h 6s] (two pair, Queens and Sixes)
Rebitado: shows [Ad Kc] (a pair of Queens)
JustPro10 collected 8135 from pot
*** SUMMARY ***
Total pot 8135 | Rake 0 
Board [9s Tc Qh Qs 8c]
Seat 1: JustPro10 showed [6h 6s] and won (8135) with two pair, Queens and Sixes
Seat 2: Rebitado showed [Ad Kc] and lost with a pair of Queens
Seat 3: Fighta02 folded before Flop (didn't bet)
Seat 4: leostars2002 (button) folded before Flop (didn't bet)
Seat 5: beastyboy1094 (small blind) folded before Flop
Seat 6: Gabrielfs13 (big blind) folded before Flop
Seat 7: DELC4 folded before Flop (didn't bet)



PokerStars Hand #257175306188: Tournament #3914011342, $10.27+$0.73 USD Hold'em No Limit - Level XII (300/600) - 2025/08/01 18:15:08 BRT [2025/08/01 17:15:08 ET]
Table '3914011342 32' 7-max Seat #5 is the button
Seat 1: JustPro10 (8135 in chips) 
Seat 2: Rebitado (5470 in chips) 
Seat 3: Fighta02 (7528 in chips) 
Seat 4: leostars2002 (4330 in chips) 
Seat 5: beastyboy1094 (13719 in chips) 
Seat 6: Gabrielfs13 (7362 in chips) 
Seat 7: DELC4 (11390 in chips) 
JustPro10: posts the ante 150
Rebitado: posts the ante 150
Fighta02: posts the ante 150
leostars2002: posts the ante 150
beastyboy1094: posts the ante 150
Gabrielfs13: posts the ante 150
DELC4: posts the ante 150
Gabrielfs13: posts small blind 300
DELC4: posts big blind 600
*** HOLE CARDS ***
Dealt to Gabrielfs13 [8c 6d]
JustPro10: folds 
Rebitado: folds 
Fighta02: folds 
leostars2002: folds 
beastyboy1094: folds 
Gabrielfs13: folds 
Uncalled bet (300) returned to DELC4
DELC4 collected 1650 from pot
DELC4: doesn't show hand 
*** SUMMARY ***
Total pot 1650 | Rake 0 
Seat 1: JustPro10 folded before Flop (didn't bet)
Seat 2: Rebitado folded before Flop (didn't bet)
Seat 3: Fighta02 folded before Flop (didn't bet)
Seat 4: leostars2002 folded before Flop (didn't bet)
Seat 5: beastyboy1094 (button) folded before Flop (didn't bet)
Seat 6: Gabrielfs13 (small blind) folded before Flop
Seat 7: DELC4 (big blind) collected (1650)



PokerStars Hand #257175312268: Tournament #3914011342, $10.27+$0.73 USD Hold'em No Limit - Level XII (300/600) - 2025/08/01 18:15:32 BRT [2025/08/01 17:15:32 ET]
Table '3914011342 32' 7-max Seat #6 is the button
Seat 1: JustPro10 (7985 in chips) 
Seat 2: Rebitado (5320 in chips) 
Seat 3: Fighta02 (7378 in chips) 
Seat 4: leostars2002 (4180 in chips) 
Seat 5: beastyboy1094 (13569 in chips) 
Seat 6: Gabrielfs13 (6912 in chips) 
Seat 7: DELC4 (12590 in chips) 
JustPro10: posts the ante 150
Rebitado: posts the ante 150
Fighta02: posts the ante 150
leostars2002: posts the ante 150
beastyboy1094: posts the ante 150
Gabrielfs13: posts the ante 150
DELC4: posts the ante 150
DELC4: posts small blind 300
JustPro10: posts big blind 600
*** HOLE CARDS ***
Dealt to Gabrielfs13 [4s 6d]
Rebitado: raises 4570 to 5170 and is all-in
Fighta02: folds 
leostars2002: folds 
beastyboy1094: folds 
Gabrielfs13: folds 
DELC4: folds 
JustPro10: calls 4570
*** FLOP *** [8c Td Ks]
*** TURN *** [8c Td Ks] [Jd]
*** RIVER *** [8c Td Ks Jd] [3h]
*** SHOW DOWN ***
JustPro10: shows [Kh Js] (two pair, Kings and Jacks)
Rebitado: shows [As 4d] (high card Ace)
JustPro10 collected 11690 from pot
Rebitado finished the tournament in 185th place
*** SUMMARY ***
Total pot 11690 | Rake 0 
Board [8c Td Ks Jd 3h]
Seat 1: JustPro10 (big blind) showed [Kh Js] and won (11690) with two pair, Kings and Jacks
Seat 2: Rebitado showed [As 4d] and lost with high card Ace
Seat 3: Fighta02 folded before Flop (didn't bet)
Seat 4: leostars2002 folded before Flop (didn't bet)
Seat 5: beastyboy1094 folded before Flop (didn't bet)
Seat 6: Gabrielfs13 (button) folded before Flop (didn't bet)
Seat 7: DELC4 (small blind) folded before Flop



PokerStars Hand #257175319979: Tournament #3914011342, $10.27+$0.73 USD Hold'em No Limit - Level XII (300/600) - 2025/08/01 18:16:03 BRT [2025/08/01 17:16:03 ET]
Table '3914011342 32' 7-max Seat #7 is the button
Seat 1: JustPro10 (14355 in chips) 
Seat 3: Fighta02 (7228 in chips) 
Seat 4: leostars2002 (4030 in chips) 
Seat 5: beastyboy1094 (13419 in chips) 
Seat 6: Gabrielfs13 (6762 in chips) 
Seat 7: DELC4 (12140 in chips) 
JustPro10: posts the ante 150
Fighta02: posts the ante 150
leostars2002: posts the ante 150
beastyboy1094: posts the ante 150
Gabrielfs13: posts the ante 150
DELC4: posts the ante 150
JustPro10: posts small blind 300
Fighta02: posts big blind 600
*** HOLE CARDS ***
Dealt to Gabrielfs13 [2h 6h]
leostars2002: raises 3280 to 3880 and is all-in
pkrLAD89 is disconnected 
beastyboy1094: folds 
Gabrielfs13: folds 
DELC4: folds 
JustPro10: folds 
Fighta02: folds 
Uncalled bet (3280) returned to leostars2002
leostars2002 collected 2400 from pot
leostars2002: doesn't show hand 
*** SUMMARY ***
Total pot 2400 | Rake 0 
Seat 1: JustPro10 (small blind) folded before Flop
Seat 3: Fighta02 (big blind) folded before Flop
Seat 4: leostars2002 collected (2400)
Seat 5: beastyboy1094 folded before Flop (didn't bet)
Seat 6: Gabrielfs13 folded before Flop (didn't bet)
Seat 7: DELC4 (button) folded before Flop (didn't bet)



PokerStars Hand #257175324335: Tournament #3914011342, $10.27+$0.73 USD Hold'em No Limit - Level XII (300/600) - 2025/08/01 18:16:21 BRT [2025/08/01 17:16:21 ET]
Table '3914011342 32' 7-max Seat #1 is the button
Seat 1: JustPro10 (13905 in chips) 
Seat 2: pkrLAD89 (10444 in chips) out of hand (moved from another table into small blind)
Seat 3: Fighta02 (6478 in chips) 
Seat 4: leostars2002 (5680 in chips) 
Seat 5: beastyboy1094 (13269 in chips) 
Seat 6: Gabrielfs13 (6612 in chips) 
Seat 7: DELC4 (11990 in chips) 
pkrLAD89 will be allowed to play after the button
JustPro10: posts the ante 150
Fighta02: posts the ante 150
leostars2002: posts the ante 150
beastyboy1094: posts the ante 150
Gabrielfs13: posts the ante 150
DELC4: posts the ante 150
Fighta02: posts small blind 300
leostars2002: posts big blind 600
*** HOLE CARDS ***
Dealt to Gabrielfs13 [Td 6d]
beastyboy1094: folds 
Gabrielfs13: folds 
DELC4: folds 
JustPro10: folds 
Fighta02: folds 
Uncalled bet (300) returned to leostars2002
leostars2002 collected 1500 from pot
leostars2002: doesn't show hand 
*** SUMMARY ***
Total pot 1500 | Rake 0 
Seat 1: JustPro10 (button) folded before Flop (didn't bet)
Seat 3: Fighta02 (small blind) folded before Flop
Seat 4: leostars2002 (big blind) collected (1500)
Seat 5: beastyboy1094 folded before Flop (didn't bet)
Seat 6: Gabrielfs13 folded before Flop (didn't bet)
Seat 7: DELC4 folded before Flop (didn't bet)



PokerStars Hand #257175328719: Tournament #3914011342, $10.27+$0.73 USD Hold'em No Limit - Level XII (300/600) - 2025/08/01 18:16:39 BRT [2025/08/01 17:16:39 ET]
Table '3914011342 32' 7-max Seat #3 is the button
Seat 1: JustPro10 (13755 in chips) 
Seat 2: pkrLAD89 (10444 in chips) 
Seat 3: Fighta02 (6028 in chips) 
Seat 4: leostars2002 (6730 in chips) 
Seat 5: beastyboy1094 (13119 in chips) 
Seat 6: Gabrielfs13 (6462 in chips) 
Seat 7: DELC4 (11840 in chips) 
JustPro10: posts the ante 150
pkrLAD89: posts the ante 150
Fighta02: posts the ante 150
leostars2002: posts the ante 150
beastyboy1094: posts the ante 150
Gabrielfs13: posts the ante 150
DELC4: posts the ante 150
leostars2002: posts small blind 300
beastyboy1094: posts big blind 600
*** HOLE CARDS ***
Dealt to Gabrielfs13 [Ah Jh]
Gabrielfs13: raises 5712 to 6312 and is all-in
DELC4: folds 
JustPro10: folds 
pkrLAD89: folds 
Fighta02: calls 5878 and is all-in
leostars2002: folds 
beastyboy1094: calls 5712
*** FLOP *** [4c Qh 8d]
*** TURN *** [4c Qh 8d] [Tc]
*** RIVER *** [4c Qh 8d Tc] [Jd]
*** SHOW DOWN ***
beastyboy1094: shows [Ad Js] (a pair of Jacks)
Gabrielfs13: shows [Ah Jh] (a pair of Jacks)
beastyboy1094 collected 434 from side pot
Gabrielfs13 collected 434 from side pot
Fighta02: shows [Kh Ks] (a pair of Kings)
Fighta02 collected 18984 from main pot
*** SUMMARY ***
Total pot 19852 Main pot 18984. Side pot 868. | Rake 0 
Board [4c Qh 8d Tc Jd]
Seat 1: JustPro10 folded before Flop (didn't bet)
Seat 2: pkrLAD89 folded before Flop (didn't bet)
Seat 3: Fighta02 (button) showed [Kh Ks] and won (18984) with a pair of Kings
Seat 4: leostars2002 (small blind) folded before Flop
Seat 5: beastyboy1094 (big blind) showed [Ad Js] and won (434) with a pair of Jacks
Seat 6: Gabrielfs13 showed [Ah Jh] and won (434) with a pair of Jacks
Seat 7: DELC4 folded before Flop (didn't bet)



PokerStars Hand #257175336531: Tournament #3914011342, $10.27+$0.73 USD Hold'em No Limit - Level XII (300/600) - 2025/08/01 18:17:10 BRT [2025/08/01 17:17:10 ET]
Table '3914011342 32' 7-max Seat #4 is the button
Seat 1: JustPro10 (13605 in chips) 
Seat 2: pkrLAD89 (10294 in chips) 
Seat 3: Fighta02 (18984 in chips) 
Seat 4: leostars2002 (6280 in chips) 
Seat 5: beastyboy1094 (7091 in chips) 
Seat 6: Gabrielfs13 (434 in chips) 
Seat 7: DELC4 (11690 in chips) 
JustPro10: posts the ante 150
pkrLAD89: posts the ante 150
Fighta02: posts the ante 150
leostars2002: posts the ante 150
beastyboy1094: posts the ante 150
Gabrielfs13: posts the ante 150
DELC4: posts the ante 150
beastyboy1094: posts small blind 300
Gabrielfs13: posts big blind 284 and is all-in
*** HOLE CARDS ***
Dealt to Gabrielfs13 [Jc 3s]
DELC4: folds 
JustPro10: folds 
pkrLAD89: folds 
Fighta02: raises 18534 to 18834 and is all-in
leostars2002: folds 
beastyboy1094: folds 
Uncalled bet (18534) returned to Fighta02
*** FLOP *** [As 9d 5h]
*** TURN *** [As 9d 5h] [Ah]
*** RIVER *** [As 9d 5h Ah] [Kc]
*** SHOW DOWN ***
Fighta02: shows [2c 2s] (two pair, Aces and Deuces)
Fighta02 collected 32 from side pot
Gabrielfs13: shows [Jc 3s] (a pair of Aces)
Fighta02 collected 1902 from main pot
Gabrielfs13 finished the tournament in 167th place
*** SUMMARY ***
Total pot 1934 Main pot 1902. Side pot 32. | Rake 0 
Board [As 9d 5h Ah Kc]
Seat 1: JustPro10 folded before Flop (didn't bet)
Seat 2: pkrLAD89 folded before Flop (didn't bet)
Seat 3: Fighta02 showed [2c 2s] and won (1934) with two pair, Aces and Deuces
Seat 4: leostars2002 (button) folded before Flop (didn't bet)
Seat 5: beastyboy1094 (small blind) folded before Flop
Seat 6: Gabrielfs13 (big blind) showed [Jc 3s] and lost with a pair of Aces
Seat 7: DELC4 folded before Flop (didn't bet)



