PokerStars Hand #257291681671: Tournament #3914634515, $4.90+$4.90+$1.20 USD Hold'em No Limit - Level VIII (100/200) - 2025/08/10 16:22:07 BRT [2025/08/10 15:22:07 ET]
Table '3914634515 268' 8-max Seat #6 is the button
Seat 1: Fife19 (22525 in chips, $4.90 bounty) 
Seat 2: Bianco13Verde (9412 in chips, $4.90 bounty) 
Seat 3: Fedeleiva10 (7268 in chips, $4.90 bounty) 
Seat 4: Gabrielfs13 (10000 in chips, $4.90 bounty) 
Seat 5: Vezku91 (9008 in chips, $7.35 bounty) 
Seat 6: kalamitsis (12956 in chips, $4.90 bounty) 
Seat 7: COB_NTGUILTY (7275 in chips, $4.90 bounty) 
Seat 8: ÍDDÍÁDÓY (10206 in chips, $4.90 bounty) is sitting out
Fife19: posts the ante 25
Bianco13Verde: posts the ante 25
Fedeleiva10: posts the ante 25
Gabrielfs13: posts the ante 25
Vezku91: posts the ante 25
kalamitsis: posts the ante 25
COB_NTGUILTY: posts the ante 25
ÍDDÍÁDÓY: posts the ante 25
COB_NTGUILTY: posts small blind 100
ÍDDÍÁDÓY: posts big blind 200
*** HOLE CARDS ***
Dealt to Gabrielfs13 [4c 2d]
Fife19: folds 
Bianco13Verde: raises 200 to 400
Fedeleiva10: folds 
Gabrielfs13: folds 
Vezku91: folds 
kalamitsis: folds 
COB_NTGUILTY: folds 
ÍDDÍÁDÓY: folds 
Uncalled bet (200) returned to Bianco13Verde
Bianco13Verde collected 700 from pot
*** SUMMARY ***
Total pot 700 | Rake 0 
Seat 1: Fife19 folded before Flop (didn't bet)
Seat 2: Bianco13Verde collected (700)
Seat 3: Fedeleiva10 folded before Flop (didn't bet)
Seat 4: Gabrielfs13 folded before Flop (didn't bet)
Seat 5: Vezku91 folded before Flop (didn't bet)
Seat 6: kalamitsis (button) folded before Flop (didn't bet)
Seat 7: COB_NTGUILTY (small blind) folded before Flop
Seat 8: ÍDDÍÁDÓY (big blind) folded before Flop



PokerStars Hand #257291686857: Tournament #3914634515, $4.90+$4.90+$1.20 USD Hold'em No Limit - Level VIII (100/200) - 2025/08/10 16:22:27 BRT [2025/08/10 15:22:27 ET]
Table '3914634515 268' 8-max Seat #7 is the button
Seat 1: Fife19 (22500 in chips, $4.90 bounty) 
Seat 2: Bianco13Verde (9887 in chips, $4.90 bounty) 
Seat 3: Fedeleiva10 (7243 in chips, $4.90 bounty) 
Seat 4: Gabrielfs13 (9975 in chips, $4.90 bounty) 
Seat 5: Vezku91 (8983 in chips, $7.35 bounty) 
Seat 6: kalamitsis (12931 in chips, $4.90 bounty) 
Seat 7: COB_NTGUILTY (7150 in chips, $4.90 bounty) 
Seat 8: ÍDDÍÁDÓY (9981 in chips, $4.90 bounty) is sitting out
Fife19: posts the ante 25
Bianco13Verde: posts the ante 25
Fedeleiva10: posts the ante 25
Gabrielfs13: posts the ante 25
Vezku91: posts the ante 25
kalamitsis: posts the ante 25
COB_NTGUILTY: posts the ante 25
ÍDDÍÁDÓY: posts the ante 25
ÍDDÍÁDÓY: posts small blind 100
Fife19: posts big blind 200
*** HOLE CARDS ***
Dealt to Gabrielfs13 [Ts 2s]
ÍDDÍÁDÓY has returned
Bianco13Verde: folds 
Fedeleiva10: folds 
Gabrielfs13: folds 
Vezku91: folds 
kalamitsis: raises 200 to 400
COB_NTGUILTY: folds 
ÍDDÍÁDÓY: folds 
Fife19: calls 200
*** FLOP *** [2h Ah 3c]
Fife19: checks 
kalamitsis: bets 506
Fife19: folds 
Uncalled bet (506) returned to kalamitsis
kalamitsis collected 1100 from pot
kalamitsis: doesn't show hand 
*** SUMMARY ***
Total pot 1100 | Rake 0 
Board [2h Ah 3c]
Seat 1: Fife19 (big blind) folded on the Flop
Seat 2: Bianco13Verde folded before Flop (didn't bet)
Seat 3: Fedeleiva10 folded before Flop (didn't bet)
Seat 4: Gabrielfs13 folded before Flop (didn't bet)
Seat 5: Vezku91 folded before Flop (didn't bet)
Seat 6: kalamitsis collected (1100)
Seat 7: COB_NTGUILTY (button) folded before Flop (didn't bet)
Seat 8: ÍDDÍÁDÓY (small blind) folded before Flop



PokerStars Hand #257291698919: Tournament #3914634515, $4.90+$4.90+$1.20 USD Hold'em No Limit - Level VIII (100/200) - 2025/08/10 16:23:12 BRT [2025/08/10 15:23:12 ET]
Table '3914634515 268' 8-max Seat #8 is the button
Seat 1: Fife19 (22075 in chips, $4.90 bounty) 
Seat 2: Bianco13Verde (9862 in chips, $4.90 bounty) 
Seat 3: Fedeleiva10 (7218 in chips, $4.90 bounty) 
Seat 4: Gabrielfs13 (9950 in chips, $4.90 bounty) 
Seat 5: Vezku91 (8958 in chips, $7.35 bounty) 
Seat 6: kalamitsis (13606 in chips, $4.90 bounty) 
Seat 7: COB_NTGUILTY (7125 in chips, $4.90 bounty) 
Seat 8: ÍDDÍÁDÓY (9856 in chips, $4.90 bounty) 
Fife19: posts the ante 25
Bianco13Verde: posts the ante 25
Fedeleiva10: posts the ante 25
Gabrielfs13: posts the ante 25
Vezku91: posts the ante 25
kalamitsis: posts the ante 25
COB_NTGUILTY: posts the ante 25
ÍDDÍÁDÓY: posts the ante 25
Fife19: posts small blind 100
Bianco13Verde: posts big blind 200
*** HOLE CARDS ***
Dealt to Gabrielfs13 [Ac Jc]
Fedeleiva10: folds 
Gabrielfs13: raises 200 to 400
Vezku91: folds 
kalamitsis: raises 800 to 1200
COB_NTGUILTY: folds 
ÍDDÍÁDÓY: folds 
Fife19: folds 
Bianco13Verde: raises 2000 to 3200
Gabrielfs13: folds 
kalamitsis: calls 2000
*** FLOP *** [Ks Qc 3d]
Bianco13Verde: bets 2600
kalamitsis: calls 2600
*** TURN *** [Ks Qc 3d] [9h]
Bianco13Verde: bets 4037 and is all-in
kalamitsis: calls 4037
*** RIVER *** [Ks Qc 3d 9h] [4h]
*** SHOW DOWN ***
Bianco13Verde: shows [Kd Kh] (three of a kind, Kings)
kalamitsis: shows [As Qd] (a pair of Queens)
Bianco13Verde collected 20374 from pot
*** SUMMARY ***
Total pot 20374 | Rake 0 
Board [Ks Qc 3d 9h 4h]
Seat 1: Fife19 (small blind) folded before Flop
Seat 2: Bianco13Verde (big blind) showed [Kd Kh] and won (20374) with three of a kind, Kings
Seat 3: Fedeleiva10 folded before Flop (didn't bet)
Seat 4: Gabrielfs13 folded before Flop
Seat 5: Vezku91 folded before Flop (didn't bet)
Seat 6: kalamitsis showed [As Qd] and lost with a pair of Queens
Seat 7: COB_NTGUILTY folded before Flop (didn't bet)
Seat 8: ÍDDÍÁDÓY (button) folded before Flop (didn't bet)



PokerStars Hand #257291719982: Tournament #3914634515, $4.90+$4.90+$1.20 USD Hold'em No Limit - Level VIII (100/200) - 2025/08/10 16:24:32 BRT [2025/08/10 15:24:32 ET]
Table '3914634515 268' 8-max Seat #1 is the button
Seat 1: Fife19 (21950 in chips, $4.90 bounty) 
Seat 2: Bianco13Verde (20374 in chips, $4.90 bounty) 
Seat 3: Fedeleiva10 (7193 in chips, $4.90 bounty) 
Seat 4: Gabrielfs13 (9525 in chips, $4.90 bounty) 
Seat 5: Vezku91 (8933 in chips, $7.35 bounty) 
Seat 6: kalamitsis (3744 in chips, $4.90 bounty) 
Seat 7: COB_NTGUILTY (7100 in chips, $4.90 bounty) 
Seat 8: ÍDDÍÁDÓY (9831 in chips, $4.90 bounty) 
Fife19: posts the ante 25
Bianco13Verde: posts the ante 25
Fedeleiva10: posts the ante 25
Gabrielfs13: posts the ante 25
Vezku91: posts the ante 25
kalamitsis: posts the ante 25
COB_NTGUILTY: posts the ante 25
ÍDDÍÁDÓY: posts the ante 25
Bianco13Verde: posts small blind 100
Fedeleiva10: posts big blind 200
*** HOLE CARDS ***
Dealt to Gabrielfs13 [Jc 8h]
Gabrielfs13: folds 
Vezku91: folds 
kalamitsis: raises 3519 to 3719 and is all-in
COB_NTGUILTY: folds 
ÍDDÍÁDÓY has timed out
ÍDDÍÁDÓY: folds 
ÍDDÍÁDÓY is sitting out
Fife19: folds 
Bianco13Verde: folds 
Fedeleiva10: folds 
Uncalled bet (3519) returned to kalamitsis
kalamitsis collected 700 from pot
kalamitsis: doesn't show hand 
*** SUMMARY ***
Total pot 700 | Rake 0 
Seat 1: Fife19 (button) folded before Flop (didn't bet)
Seat 2: Bianco13Verde (small blind) folded before Flop
Seat 3: Fedeleiva10 (big blind) folded before Flop
Seat 4: Gabrielfs13 folded before Flop (didn't bet)
Seat 5: Vezku91 folded before Flop (didn't bet)
Seat 6: kalamitsis collected (700)
Seat 7: COB_NTGUILTY folded before Flop (didn't bet)
Seat 8: ÍDDÍÁDÓY folded before Flop (didn't bet)



PokerStars Hand #257291734835: Tournament #3914634515, $4.90+$4.90+$1.20 USD Hold'em No Limit - Level VIII (100/200) - 2025/08/10 16:25:28 BRT [2025/08/10 15:25:28 ET]
Table '3914634515 268' 8-max Seat #2 is the button
Seat 1: Fife19 (21925 in chips, $4.90 bounty) 
Seat 2: Bianco13Verde (20249 in chips, $4.90 bounty) 
Seat 3: Fedeleiva10 (6968 in chips, $4.90 bounty) 
Seat 4: Gabrielfs13 (9500 in chips, $4.90 bounty) 
Seat 5: Vezku91 (8908 in chips, $7.35 bounty) 
Seat 6: kalamitsis (4219 in chips, $4.90 bounty) 
Seat 7: COB_NTGUILTY (7075 in chips, $4.90 bounty) 
Seat 8: ÍDDÍÁDÓY (9806 in chips, $4.90 bounty) is sitting out
Fife19: posts the ante 25
Bianco13Verde: posts the ante 25
Fedeleiva10: posts the ante 25
Gabrielfs13: posts the ante 25
Vezku91: posts the ante 25
kalamitsis: posts the ante 25
COB_NTGUILTY: posts the ante 25
ÍDDÍÁDÓY: posts the ante 25
Fedeleiva10: posts small blind 100
Gabrielfs13: posts big blind 200
*** HOLE CARDS ***
Dealt to Gabrielfs13 [3c 7s]
Vezku91: folds 
kalamitsis: raises 3994 to 4194 and is all-in
COB_NTGUILTY: folds 
ÍDDÍÁDÓY: folds 
Fife19: folds 
ÍDDÍÁDÓY has returned
Bianco13Verde: folds 
Fedeleiva10: folds 
Gabrielfs13: folds 
Uncalled bet (3994) returned to kalamitsis
kalamitsis collected 700 from pot
kalamitsis: doesn't show hand 
*** SUMMARY ***
Total pot 700 | Rake 0 
Seat 1: Fife19 folded before Flop (didn't bet)
Seat 2: Bianco13Verde (button) folded before Flop (didn't bet)
Seat 3: Fedeleiva10 (small blind) folded before Flop
Seat 4: Gabrielfs13 (big blind) folded before Flop
Seat 5: Vezku91 folded before Flop (didn't bet)
Seat 6: kalamitsis collected (700)
Seat 7: COB_NTGUILTY folded before Flop (didn't bet)
Seat 8: ÍDDÍÁDÓY folded before Flop (didn't bet)



PokerStars Hand #257291747008: Tournament #3914634515, $4.90+$4.90+$1.20 USD Hold'em No Limit - Level VIII (100/200) - 2025/08/10 16:26:14 BRT [2025/08/10 15:26:14 ET]
Table '3914634515 268' 8-max Seat #3 is the button
Seat 1: Fife19 (21900 in chips, $4.90 bounty) 
Seat 2: Bianco13Verde (20224 in chips, $4.90 bounty) 
Seat 3: Fedeleiva10 (6843 in chips, $4.90 bounty) 
Seat 4: Gabrielfs13 (9275 in chips, $4.90 bounty) 
Seat 5: Vezku91 (8883 in chips, $7.35 bounty) 
Seat 6: kalamitsis (4694 in chips, $4.90 bounty) 
Seat 7: COB_NTGUILTY (7050 in chips, $4.90 bounty) 
Seat 8: ÍDDÍÁDÓY (9781 in chips, $4.90 bounty) 
Fife19: posts the ante 25
Bianco13Verde: posts the ante 25
Fedeleiva10: posts the ante 25
Gabrielfs13: posts the ante 25
Vezku91: posts the ante 25
kalamitsis: posts the ante 25
COB_NTGUILTY: posts the ante 25
ÍDDÍÁDÓY: posts the ante 25
Gabrielfs13: posts small blind 100
Vezku91: posts big blind 200
*** HOLE CARDS ***
Dealt to Gabrielfs13 [9s 6s]
kalamitsis: folds 
COB_NTGUILTY: folds 
ÍDDÍÁDÓY: folds 
Fife19: folds 
Bianco13Verde: folds 
Fedeleiva10: raises 200 to 400
Gabrielfs13: folds 
Vezku91: calls 200
*** FLOP *** [7d 9c 6d]
Vezku91: checks 
Fedeleiva10: checks 
*** TURN *** [7d 9c 6d] [As]
Vezku91: checks 
Fedeleiva10: bets 1100
Vezku91: calls 1100
*** RIVER *** [7d 9c 6d As] [8s]
Vezku91: checks 
Fedeleiva10: checks 
*** SHOW DOWN ***
Vezku91: shows [9h Qh] (a pair of Nines)
Fedeleiva10: shows [Ah Jh] (a pair of Aces)
Fedeleiva10 collected 3300 from pot
*** SUMMARY ***
Total pot 3300 | Rake 0 
Board [7d 9c 6d As 8s]
Seat 1: Fife19 folded before Flop (didn't bet)
Seat 2: Bianco13Verde folded before Flop (didn't bet)
Seat 3: Fedeleiva10 (button) showed [Ah Jh] and won (3300) with a pair of Aces
Seat 4: Gabrielfs13 (small blind) folded before Flop
Seat 5: Vezku91 (big blind) showed [9h Qh] and lost with a pair of Nines
Seat 6: kalamitsis folded before Flop (didn't bet)
Seat 7: COB_NTGUILTY folded before Flop (didn't bet)
Seat 8: ÍDDÍÁDÓY folded before Flop (didn't bet)



PokerStars Hand #257291768321: Tournament #3914634515, $4.90+$4.90+$1.20 USD Hold'em No Limit - Level IX (125/250) - 2025/08/10 16:27:35 BRT [2025/08/10 15:27:35 ET]
Table '3914634515 268' 8-max Seat #4 is the button
Seat 1: Fife19 (21875 in chips, $4.90 bounty) 
Seat 2: Bianco13Verde (20199 in chips, $4.90 bounty) 
Seat 3: Fedeleiva10 (8618 in chips, $4.90 bounty) 
Seat 4: Gabrielfs13 (9150 in chips, $4.90 bounty) 
Seat 5: Vezku91 (7358 in chips, $7.35 bounty) 
Seat 6: kalamitsis (4669 in chips, $4.90 bounty) 
Seat 7: COB_NTGUILTY (7025 in chips, $4.90 bounty) 
Seat 8: ÍDDÍÁDÓY (9756 in chips, $4.90 bounty) 
Fife19: posts the ante 30
Bianco13Verde: posts the ante 30
Fedeleiva10: posts the ante 30
Gabrielfs13: posts the ante 30
Vezku91: posts the ante 30
kalamitsis: posts the ante 30
COB_NTGUILTY: posts the ante 30
ÍDDÍÁDÓY: posts the ante 30
Vezku91: posts small blind 125
kalamitsis: posts big blind 250
*** HOLE CARDS ***
Dealt to Gabrielfs13 [As 6c]
COB_NTGUILTY: folds 
ÍDDÍÁDÓY: raises 280 to 530
Fife19: folds 
Bianco13Verde: folds 
Fedeleiva10: folds 
Gabrielfs13: folds 
Vezku91: folds 
kalamitsis: folds 
Uncalled bet (280) returned to ÍDDÍÁDÓY
ÍDDÍÁDÓY collected 865 from pot
ÍDDÍÁDÓY: doesn't show hand 
*** SUMMARY ***
Total pot 865 | Rake 0 
Seat 1: Fife19 folded before Flop (didn't bet)
Seat 2: Bianco13Verde folded before Flop (didn't bet)
Seat 3: Fedeleiva10 folded before Flop (didn't bet)
Seat 4: Gabrielfs13 (button) folded before Flop (didn't bet)
Seat 5: Vezku91 (small blind) folded before Flop
Seat 6: kalamitsis (big blind) folded before Flop
Seat 7: COB_NTGUILTY folded before Flop (didn't bet)
Seat 8: ÍDDÍÁDÓY collected (865)



PokerStars Hand #257291786181: Tournament #3914634515, $4.90+$4.90+$1.20 USD Hold'em No Limit - Level IX (125/250) - 2025/08/10 16:28:43 BRT [2025/08/10 15:28:43 ET]
Table '3914634515 268' 8-max Seat #5 is the button
Seat 1: Fife19 (21845 in chips, $4.90 bounty) 
Seat 2: Bianco13Verde (20169 in chips, $4.90 bounty) 
Seat 3: Fedeleiva10 (8588 in chips, $4.90 bounty) 
Seat 4: Gabrielfs13 (9120 in chips, $4.90 bounty) 
Seat 5: Vezku91 (7203 in chips, $7.35 bounty) 
Seat 6: kalamitsis (4389 in chips, $4.90 bounty) 
Seat 7: COB_NTGUILTY (6995 in chips, $4.90 bounty) 
Seat 8: ÍDDÍÁDÓY (10341 in chips, $4.90 bounty) 
Fife19: posts the ante 30
Bianco13Verde: posts the ante 30
Fedeleiva10: posts the ante 30
Gabrielfs13: posts the ante 30
Vezku91: posts the ante 30
kalamitsis: posts the ante 30
COB_NTGUILTY: posts the ante 30
ÍDDÍÁDÓY: posts the ante 30
kalamitsis: posts small blind 125
COB_NTGUILTY: posts big blind 250
*** HOLE CARDS ***
Dealt to Gabrielfs13 [3h 3c]
ÍDDÍÁDÓY: folds 
Fife19: raises 342 to 592
Bianco13Verde: folds 
Fedeleiva10: folds 
Gabrielfs13: calls 592
Vezku91: folds 
kalamitsis: folds 
COB_NTGUILTY: folds 
*** FLOP *** [Td 7d 9s]
Fife19: bets 500
Gabrielfs13: folds 
Uncalled bet (500) returned to Fife19
Fife19 collected 1799 from pot
*** SUMMARY ***
Total pot 1799 | Rake 0 
Board [Td 7d 9s]
Seat 1: Fife19 collected (1799)
Seat 2: Bianco13Verde folded before Flop (didn't bet)
Seat 3: Fedeleiva10 folded before Flop (didn't bet)
Seat 4: Gabrielfs13 folded on the Flop
Seat 5: Vezku91 (button) folded before Flop (didn't bet)
Seat 6: kalamitsis (small blind) folded before Flop
Seat 7: COB_NTGUILTY (big blind) folded before Flop
Seat 8: ÍDDÍÁDÓY folded before Flop (didn't bet)



PokerStars Hand #257291795928: Tournament #3914634515, $4.90+$4.90+$1.20 USD Hold'em No Limit - Level IX (125/250) - 2025/08/10 16:29:20 BRT [2025/08/10 15:29:20 ET]
Table '3914634515 268' 8-max Seat #6 is the button
Seat 1: Fife19 (23022 in chips, $4.90 bounty) 
Seat 2: Bianco13Verde (20139 in chips, $4.90 bounty) 
Seat 3: Fedeleiva10 (8558 in chips, $4.90 bounty) 
Seat 4: Gabrielfs13 (8498 in chips, $4.90 bounty) 
Seat 5: Vezku91 (7173 in chips, $7.35 bounty) 
Seat 6: kalamitsis (4234 in chips, $4.90 bounty) 
Seat 7: COB_NTGUILTY (6715 in chips, $4.90 bounty) 
Seat 8: ÍDDÍÁDÓY (10311 in chips, $4.90 bounty) 
Fife19: posts the ante 30
Bianco13Verde: posts the ante 30
Fedeleiva10: posts the ante 30
Gabrielfs13: posts the ante 30
Vezku91: posts the ante 30
kalamitsis: posts the ante 30
COB_NTGUILTY: posts the ante 30
ÍDDÍÁDÓY: posts the ante 30
COB_NTGUILTY: posts small blind 125
ÍDDÍÁDÓY: posts big blind 250
*** HOLE CARDS ***
Dealt to Gabrielfs13 [7h Ac]
Fife19: folds 
Bianco13Verde: folds 
Fedeleiva10: folds 
Gabrielfs13: folds 
Vezku91: folds 
kalamitsis: folds 
COB_NTGUILTY: folds 
Uncalled bet (125) returned to ÍDDÍÁDÓY
ÍDDÍÁDÓY collected 490 from pot
ÍDDÍÁDÓY: doesn't show hand 
*** SUMMARY ***
Total pot 490 | Rake 0 
Seat 1: Fife19 folded before Flop (didn't bet)
Seat 2: Bianco13Verde folded before Flop (didn't bet)
Seat 3: Fedeleiva10 folded before Flop (didn't bet)
Seat 4: Gabrielfs13 folded before Flop (didn't bet)
Seat 5: Vezku91 folded before Flop (didn't bet)
Seat 6: kalamitsis (button) folded before Flop (didn't bet)
Seat 7: COB_NTGUILTY (small blind) folded before Flop
Seat 8: ÍDDÍÁDÓY (big blind) collected (490)



PokerStars Hand #257291807475: Tournament #3914634515, $4.90+$4.90+$1.20 USD Hold'em No Limit - Level IX (125/250) - 2025/08/10 16:30:04 BRT [2025/08/10 15:30:04 ET]
Table '3914634515 268' 8-max Seat #7 is the button
Seat 1: Fife19 (22992 in chips, $4.90 bounty) 
Seat 2: Bianco13Verde (20109 in chips, $4.90 bounty) 
Seat 3: Fedeleiva10 (8528 in chips, $4.90 bounty) 
Seat 4: Gabrielfs13 (8468 in chips, $4.90 bounty) 
Seat 5: Vezku91 (7143 in chips, $7.35 bounty) 
Seat 6: kalamitsis (4204 in chips, $4.90 bounty) 
Seat 7: COB_NTGUILTY (6560 in chips, $4.90 bounty) 
Seat 8: ÍDDÍÁDÓY (10646 in chips, $4.90 bounty) 
Fife19: posts the ante 30
Bianco13Verde: posts the ante 30
Fedeleiva10: posts the ante 30
Gabrielfs13: posts the ante 30
Vezku91: posts the ante 30
kalamitsis: posts the ante 30
COB_NTGUILTY: posts the ante 30
ÍDDÍÁDÓY: posts the ante 30
ÍDDÍÁDÓY: posts small blind 125
Fife19: posts big blind 250
*** HOLE CARDS ***
Dealt to Gabrielfs13 [Jh 4d]
Bianco13Verde: folds 
Fedeleiva10: raises 275 to 525
Gabrielfs13: folds 
Vezku91: folds 
kalamitsis: calls 525
COB_NTGUILTY: folds 
ÍDDÍÁDÓY: folds 
Fife19: calls 275
*** FLOP *** [5s 3h 3d]
Fife19: checks 
Fedeleiva10: checks 
kalamitsis: checks 
*** TURN *** [5s 3h 3d] [Td]
Fife19: checks 
Fedeleiva10: checks 
kalamitsis: checks 
*** RIVER *** [5s 3h 3d Td] [Ts]
Fife19: checks 
Fedeleiva10: checks 
kalamitsis: checks 
*** SHOW DOWN ***
Fife19: shows [6c Kh] (two pair, Tens and Threes)
Fedeleiva10: mucks hand 
kalamitsis: mucks hand 
Fife19 collected 1940 from pot
*** SUMMARY ***
Total pot 1940 | Rake 0 
Board [5s 3h 3d Td Ts]
Seat 1: Fife19 (big blind) showed [6c Kh] and won (1940) with two pair, Tens and Threes
Seat 2: Bianco13Verde folded before Flop (didn't bet)
Seat 3: Fedeleiva10 mucked [Jd Qc]
Seat 4: Gabrielfs13 folded before Flop (didn't bet)
Seat 5: Vezku91 folded before Flop (didn't bet)
Seat 6: kalamitsis mucked [6h 7h]
Seat 7: COB_NTGUILTY (button) folded before Flop (didn't bet)
Seat 8: ÍDDÍÁDÓY (small blind) folded before Flop



PokerStars Hand #257291822851: Tournament #3914634515, $4.90+$4.90+$1.20 USD Hold'em No Limit - Level IX (125/250) - 2025/08/10 16:31:02 BRT [2025/08/10 15:31:02 ET]
Table '3914634515 268' 8-max Seat #8 is the button
Seat 1: Fife19 (24377 in chips, $4.90 bounty) 
Seat 2: Bianco13Verde (20079 in chips, $4.90 bounty) 
Seat 3: Fedeleiva10 (7973 in chips, $4.90 bounty) 
Seat 4: Gabrielfs13 (8438 in chips, $4.90 bounty) 
Seat 5: Vezku91 (7113 in chips, $7.35 bounty) 
Seat 6: kalamitsis (3649 in chips, $4.90 bounty) 
Seat 7: COB_NTGUILTY (6530 in chips, $4.90 bounty) 
Seat 8: ÍDDÍÁDÓY (10491 in chips, $4.90 bounty) 
Fife19: posts the ante 30
Bianco13Verde: posts the ante 30
Fedeleiva10: posts the ante 30
Gabrielfs13: posts the ante 30
Vezku91: posts the ante 30
kalamitsis: posts the ante 30
COB_NTGUILTY: posts the ante 30
ÍDDÍÁDÓY: posts the ante 30
Fife19: posts small blind 125
Bianco13Verde: posts big blind 250
*** HOLE CARDS ***
Dealt to Gabrielfs13 [7s 8s]
Fedeleiva10: folds 
Gabrielfs13: raises 250 to 500
Vezku91: folds 
kalamitsis: raises 3119 to 3619 and is all-in
COB_NTGUILTY: folds 
ÍDDÍÁDÓY has timed out
ÍDDÍÁDÓY: folds 
ÍDDÍÁDÓY is sitting out
Fife19: folds 
ÍDDÍÁDÓY has returned
Bianco13Verde: folds 
Gabrielfs13: calls 3119
*** FLOP *** [3h 4d 8c]
*** TURN *** [3h 4d 8c] [Tc]
*** RIVER *** [3h 4d 8c Tc] [9s]
*** SHOW DOWN ***
Gabrielfs13: shows [7s 8s] (a pair of Eights)
kalamitsis: shows [Ac Ks] (high card Ace)
Gabrielfs13 collected 7853 from pot
Gabrielfs13 wins $2.45 for eliminating kalamitsis and their own bounty increases by $2.45 to $7.35
kalamitsis finished the tournament
*** SUMMARY ***
Total pot 7853 | Rake 0 
Board [3h 4d 8c Tc 9s]
Seat 1: Fife19 (small blind) folded before Flop
Seat 2: Bianco13Verde (big blind) folded before Flop
Seat 3: Fedeleiva10 folded before Flop (didn't bet)
Seat 4: Gabrielfs13 showed [7s 8s] and won (7853) with a pair of Eights
Seat 5: Vezku91 folded before Flop (didn't bet)
Seat 6: kalamitsis showed [Ac Ks] and lost with high card Ace
Seat 7: COB_NTGUILTY folded before Flop (didn't bet)
Seat 8: ÍDDÍÁDÓY (button) folded before Flop (didn't bet)



PokerStars Hand #257291838849: Tournament #3914634515, $4.90+$4.90+$1.20 USD Hold'em No Limit - Level IX (125/250) - 2025/08/10 16:32:01 BRT [2025/08/10 15:32:01 ET]
Table '3914634515 268' 8-max Seat #1 is the button
Seat 1: Fife19 (24222 in chips, $4.90 bounty) 
Seat 2: Bianco13Verde (19799 in chips, $4.90 bounty) 
Seat 3: Fedeleiva10 (7943 in chips, $4.90 bounty) 
Seat 4: Gabrielfs13 (12642 in chips, $7.35 bounty) 
Seat 5: Vezku91 (7083 in chips, $7.35 bounty) 
Seat 7: COB_NTGUILTY (6500 in chips, $4.90 bounty) 
Seat 8: ÍDDÍÁDÓY (10461 in chips, $4.90 bounty) 
Fife19: posts the ante 30
Bianco13Verde: posts the ante 30
Fedeleiva10: posts the ante 30
Gabrielfs13: posts the ante 30
Vezku91: posts the ante 30
COB_NTGUILTY: posts the ante 30
ÍDDÍÁDÓY: posts the ante 30
Bianco13Verde: posts small blind 125
Fedeleiva10: posts big blind 250
*** HOLE CARDS ***
Dealt to Gabrielfs13 [Ah 7s]
Gabrielfs13: folds 
Vezku91: folds 
COB_NTGUILTY: folds 
ÍDDÍÁDÓY: raises 280 to 530
Fife19: folds 
Bianco13Verde: folds 
Fedeleiva10: folds 
Uncalled bet (280) returned to ÍDDÍÁDÓY
ÍDDÍÁDÓY collected 835 from pot
ÍDDÍÁDÓY: doesn't show hand 
*** SUMMARY ***
Total pot 835 | Rake 0 
Seat 1: Fife19 (button) folded before Flop (didn't bet)
Seat 2: Bianco13Verde (small blind) folded before Flop
Seat 3: Fedeleiva10 (big blind) folded before Flop
Seat 4: Gabrielfs13 folded before Flop (didn't bet)
Seat 5: Vezku91 folded before Flop (didn't bet)
Seat 7: COB_NTGUILTY folded before Flop (didn't bet)
Seat 8: ÍDDÍÁDÓY collected (835)



PokerStars Hand #257291845366: Tournament #3914634515, $4.90+$4.90+$1.20 USD Hold'em No Limit - Level IX (125/250) - 2025/08/10 16:32:26 BRT [2025/08/10 15:32:26 ET]
Table '3914634515 268' 8-max Seat #2 is the button
Seat 1: Fife19 (24192 in chips, $4.90 bounty) 
Seat 2: Bianco13Verde (19644 in chips, $4.90 bounty) 
Seat 3: Fedeleiva10 (7663 in chips, $4.90 bounty) 
Seat 4: Gabrielfs13 (12612 in chips, $7.35 bounty) 
Seat 5: Vezku91 (7053 in chips, $7.35 bounty) 
Seat 7: COB_NTGUILTY (6470 in chips, $4.90 bounty) 
Seat 8: ÍDDÍÁDÓY (11016 in chips, $4.90 bounty) 
Fife19: posts the ante 30
Bianco13Verde: posts the ante 30
Fedeleiva10: posts the ante 30
Gabrielfs13: posts the ante 30
Vezku91: posts the ante 30
COB_NTGUILTY: posts the ante 30
ÍDDÍÁDÓY: posts the ante 30
Fedeleiva10: posts small blind 125
Gabrielfs13: posts big blind 250
*** HOLE CARDS ***
Dealt to Gabrielfs13 [Kh 4c]
Vezku91: folds 
COB_NTGUILTY: folds 
ÍDDÍÁDÓY: folds 
Fife19: folds 
Bianco13Verde: raises 250 to 500
Fedeleiva10: folds 
Gabrielfs13: folds 
Uncalled bet (250) returned to Bianco13Verde
Bianco13Verde collected 835 from pot
*** SUMMARY ***
Total pot 835 | Rake 0 
Seat 1: Fife19 folded before Flop (didn't bet)
Seat 2: Bianco13Verde (button) collected (835)
Seat 3: Fedeleiva10 (small blind) folded before Flop
Seat 4: Gabrielfs13 (big blind) folded before Flop
Seat 5: Vezku91 folded before Flop (didn't bet)
Seat 7: COB_NTGUILTY folded before Flop (didn't bet)
Seat 8: ÍDDÍÁDÓY folded before Flop (didn't bet)



PokerStars Hand #257291857480: Tournament #3914634515, $4.90+$4.90+$1.20 USD Hold'em No Limit - Level IX (125/250) - 2025/08/10 16:33:11 BRT [2025/08/10 15:33:11 ET]
Table '3914634515 268' 8-max Seat #3 is the button
Seat 1: Fife19 (24162 in chips, $4.90 bounty) 
Seat 2: Bianco13Verde (20199 in chips, $4.90 bounty) 
Seat 3: Fedeleiva10 (7508 in chips, $4.90 bounty) 
Seat 4: Gabrielfs13 (12332 in chips, $7.35 bounty) 
Seat 5: Vezku91 (7023 in chips, $7.35 bounty) 
Seat 6: tommycairns1010 (24026 in chips, $12.25 bounty) 
Seat 7: COB_NTGUILTY (6440 in chips, $4.90 bounty) 
Seat 8: ÍDDÍÁDÓY (10986 in chips, $4.90 bounty) 
Fife19: posts the ante 30
Bianco13Verde: posts the ante 30
Fedeleiva10: posts the ante 30
Gabrielfs13: posts the ante 30
Vezku91: posts the ante 30
tommycairns1010: posts the ante 30
COB_NTGUILTY: posts the ante 30
ÍDDÍÁDÓY: posts the ante 30
Gabrielfs13: posts small blind 125
Vezku91: posts big blind 250
*** HOLE CARDS ***
Dealt to Gabrielfs13 [Qh 3h]
tommycairns1010: folds 
COB_NTGUILTY: folds 
ÍDDÍÁDÓY: folds 
Fife19: folds 
Bianco13Verde: folds 
Fedeleiva10: raises 250 to 500
Gabrielfs13: folds 
Vezku91: raises 6493 to 6993 and is all-in
Fedeleiva10: calls 6493
*** FLOP *** [6h 5s 5d]
*** TURN *** [6h 5s 5d] [8h]
*** RIVER *** [6h 5s 5d 8h] [6s]
*** SHOW DOWN ***
Vezku91: shows [Qs Ad] (two pair, Sixes and Fives)
Fedeleiva10: shows [As Tc] (two pair, Sixes and Fives)
Vezku91 collected 7176 from pot
Fedeleiva10 collected 7175 from pot
*** SUMMARY ***
Total pot 14351 | Rake 0 
Board [6h 5s 5d 8h 6s]
Seat 1: Fife19 folded before Flop (didn't bet)
Seat 2: Bianco13Verde folded before Flop (didn't bet)
Seat 3: Fedeleiva10 (button) showed [As Tc] and won (7175) with two pair, Sixes and Fives
Seat 4: Gabrielfs13 (small blind) folded before Flop
Seat 5: Vezku91 (big blind) showed [Qs Ad] and won (7176) with two pair, Sixes and Fives
Seat 6: tommycairns1010 folded before Flop (didn't bet)
Seat 7: COB_NTGUILTY folded before Flop (didn't bet)
Seat 8: ÍDDÍÁDÓY folded before Flop (didn't bet)



PokerStars Hand #257291875688: Tournament #3914634515, $4.90+$4.90+$1.20 USD Hold'em No Limit - Level IX (125/250) - 2025/08/10 16:34:19 BRT [2025/08/10 15:34:19 ET]
Table '3914634515 268' 8-max Seat #4 is the button
Seat 1: Fife19 (24132 in chips, $4.90 bounty) 
Seat 2: Bianco13Verde (20169 in chips, $4.90 bounty) 
Seat 3: Fedeleiva10 (7660 in chips, $4.90 bounty) 
Seat 4: Gabrielfs13 (12177 in chips, $7.35 bounty) 
Seat 5: Vezku91 (7176 in chips, $7.35 bounty) 
Seat 6: tommycairns1010 (23996 in chips, $12.25 bounty) 
Seat 7: COB_NTGUILTY (6410 in chips, $4.90 bounty) 
Seat 8: ÍDDÍÁDÓY (10956 in chips, $4.90 bounty) 
Fife19: posts the ante 30
Bianco13Verde: posts the ante 30
Fedeleiva10: posts the ante 30
Gabrielfs13: posts the ante 30
Vezku91: posts the ante 30
tommycairns1010: posts the ante 30
COB_NTGUILTY: posts the ante 30
ÍDDÍÁDÓY: posts the ante 30
Vezku91: posts small blind 125
tommycairns1010: posts big blind 250
*** HOLE CARDS ***
Dealt to Gabrielfs13 [Ad Ks]
COB_NTGUILTY: folds 
ÍDDÍÁDÓY: folds 
Fife19: folds 
Bianco13Verde: raises 250 to 500
Fedeleiva10: folds 
Gabrielfs13: raises 1000 to 1500
Vezku91: folds 
tommycairns1010: folds 
Bianco13Verde: calls 1000
*** FLOP *** [5c 6s Kd]
Bianco13Verde: checks 
Gabrielfs13: bets 1808
Bianco13Verde: folds 
Uncalled bet (1808) returned to Gabrielfs13
Gabrielfs13 collected 3615 from pot
Gabrielfs13: doesn't show hand 
*** SUMMARY ***
Total pot 3615 | Rake 0 
Board [5c 6s Kd]
Seat 1: Fife19 folded before Flop (didn't bet)
Seat 2: Bianco13Verde folded on the Flop
Seat 3: Fedeleiva10 folded before Flop (didn't bet)
Seat 4: Gabrielfs13 (button) collected (3615)
Seat 5: Vezku91 (small blind) folded before Flop
Seat 6: tommycairns1010 (big blind) folded before Flop
Seat 7: COB_NTGUILTY folded before Flop (didn't bet)
Seat 8: ÍDDÍÁDÓY folded before Flop (didn't bet)



PokerStars Hand #257291893020: Tournament #3914634515, $4.90+$4.90+$1.20 USD Hold'em No Limit - Level IX (125/250) - 2025/08/10 16:35:24 BRT [2025/08/10 15:35:24 ET]
Table '3914634515 268' 8-max Seat #5 is the button
Seat 1: Fife19 (24102 in chips, $4.90 bounty) 
Seat 2: Bianco13Verde (18639 in chips, $4.90 bounty) 
Seat 3: Fedeleiva10 (7630 in chips, $4.90 bounty) 
Seat 4: Gabrielfs13 (14262 in chips, $7.35 bounty) 
Seat 5: Vezku91 (7021 in chips, $7.35 bounty) 
Seat 6: tommycairns1010 (23716 in chips, $12.25 bounty) 
Seat 7: COB_NTGUILTY (6380 in chips, $4.90 bounty) 
Seat 8: ÍDDÍÁDÓY (10926 in chips, $4.90 bounty) 
Fife19: posts the ante 30
Bianco13Verde: posts the ante 30
Fedeleiva10: posts the ante 30
Gabrielfs13: posts the ante 30
Vezku91: posts the ante 30
tommycairns1010: posts the ante 30
COB_NTGUILTY: posts the ante 30
ÍDDÍÁDÓY: posts the ante 30
tommycairns1010: posts small blind 125
COB_NTGUILTY: posts big blind 250
*** HOLE CARDS ***
Dealt to Gabrielfs13 [Qs 4d]
ÍDDÍÁDÓY: folds 
Fife19: folds 
Bianco13Verde: folds 
Fedeleiva10: folds 
Gabrielfs13: folds 
Vezku91: folds 
tommycairns1010: folds 
Uncalled bet (125) returned to COB_NTGUILTY
COB_NTGUILTY collected 490 from pot
COB_NTGUILTY: doesn't show hand 
*** SUMMARY ***
Total pot 490 | Rake 0 
Seat 1: Fife19 folded before Flop (didn't bet)
Seat 2: Bianco13Verde folded before Flop (didn't bet)
Seat 3: Fedeleiva10 folded before Flop (didn't bet)
Seat 4: Gabrielfs13 folded before Flop (didn't bet)
Seat 5: Vezku91 (button) folded before Flop (didn't bet)
Seat 6: tommycairns1010 (small blind) folded before Flop
Seat 7: COB_NTGUILTY (big blind) collected (490)
Seat 8: ÍDDÍÁDÓY folded before Flop (didn't bet)



PokerStars Hand #257291899100: Tournament #3914634515, $4.90+$4.90+$1.20 USD Hold'em No Limit - Level IX (125/250) - 2025/08/10 16:35:47 BRT [2025/08/10 15:35:47 ET]
Table '3914634515 268' 8-max Seat #6 is the button
Seat 1: Fife19 (24072 in chips, $4.90 bounty) 
Seat 2: Bianco13Verde (18609 in chips, $4.90 bounty) 
Seat 3: Fedeleiva10 (7600 in chips, $4.90 bounty) 
Seat 4: Gabrielfs13 (14232 in chips, $7.35 bounty) 
Seat 5: Vezku91 (6991 in chips, $7.35 bounty) 
Seat 6: tommycairns1010 (23561 in chips, $12.25 bounty) 
Seat 7: COB_NTGUILTY (6715 in chips, $4.90 bounty) 
Seat 8: ÍDDÍÁDÓY (10896 in chips, $4.90 bounty) 
Fife19: posts the ante 30
Bianco13Verde: posts the ante 30
Fedeleiva10: posts the ante 30
Gabrielfs13: posts the ante 30
Vezku91: posts the ante 30
tommycairns1010: posts the ante 30
COB_NTGUILTY: posts the ante 30
ÍDDÍÁDÓY: posts the ante 30
COB_NTGUILTY: posts small blind 125
ÍDDÍÁDÓY: posts big blind 250
*** HOLE CARDS ***
Dealt to Gabrielfs13 [7s 3c]
Fife19: raises 342 to 592
Bianco13Verde: folds 
Fedeleiva10: folds 
Gabrielfs13: folds 
Vezku91: folds 
tommycairns1010: calls 592
COB_NTGUILTY: folds 
ÍDDÍÁDÓY: folds 
*** FLOP *** [Js Qc Ac]
Fife19: bets 597
tommycairns1010: calls 597
*** TURN *** [Js Qc Ac] [Qd]
Fife19: checks 
tommycairns1010: checks 
*** RIVER *** [Js Qc Ac Qd] [4c]
Fife19: checks 
tommycairns1010: checks 
*** SHOW DOWN ***
Fife19: shows [6d 6s] (two pair, Queens and Sixes)
tommycairns1010: shows [Ah 9h] (two pair, Aces and Queens)
tommycairns1010 collected 2993 from pot
*** SUMMARY ***
Total pot 2993 | Rake 0 
Board [Js Qc Ac Qd 4c]
Seat 1: Fife19 showed [6d 6s] and lost with two pair, Queens and Sixes
Seat 2: Bianco13Verde folded before Flop (didn't bet)
Seat 3: Fedeleiva10 folded before Flop (didn't bet)
Seat 4: Gabrielfs13 folded before Flop (didn't bet)
Seat 5: Vezku91 folded before Flop (didn't bet)
Seat 6: tommycairns1010 (button) showed [Ah 9h] and won (2993) with two pair, Aces and Queens
Seat 7: COB_NTGUILTY (small blind) folded before Flop
Seat 8: ÍDDÍÁDÓY (big blind) folded before Flop



PokerStars Hand #257291913838: Tournament #3914634515, $4.90+$4.90+$1.20 USD Hold'em No Limit - Level IX (125/250) - 2025/08/10 16:36:43 BRT [2025/08/10 15:36:43 ET]
Table '3914634515 268' 8-max Seat #7 is the button
Seat 1: Fife19 (22853 in chips, $4.90 bounty) 
Seat 2: Bianco13Verde (18579 in chips, $4.90 bounty) 
Seat 3: Fedeleiva10 (7570 in chips, $4.90 bounty) 
Seat 4: Gabrielfs13 (14202 in chips, $7.35 bounty) 
Seat 5: Vezku91 (6961 in chips, $7.35 bounty) 
Seat 6: tommycairns1010 (25335 in chips, $12.25 bounty) 
Seat 7: COB_NTGUILTY (6560 in chips, $4.90 bounty) 
Seat 8: ÍDDÍÁDÓY (10616 in chips, $4.90 bounty) 
Fife19: posts the ante 30
Bianco13Verde: posts the ante 30
Fedeleiva10: posts the ante 30
Gabrielfs13: posts the ante 30
Vezku91: posts the ante 30
tommycairns1010: posts the ante 30
COB_NTGUILTY: posts the ante 30
ÍDDÍÁDÓY: posts the ante 30
ÍDDÍÁDÓY: posts small blind 125
Fife19: posts big blind 250
*** HOLE CARDS ***
Dealt to Gabrielfs13 [5c 4d]
Bianco13Verde: folds 
Fedeleiva10: folds 
Gabrielfs13: folds 
Vezku91: folds 
tommycairns1010: folds 
COB_NTGUILTY: folds 
ÍDDÍÁDÓY: raises 327 to 577
Fife19: calls 327
*** FLOP *** [7c Tc 6s]
ÍDDÍÁDÓY: checks 
Fife19: bets 500
ÍDDÍÁDÓY: folds 
Uncalled bet (500) returned to Fife19
Fife19 collected 1394 from pot
*** SUMMARY ***
Total pot 1394 | Rake 0 
Board [7c Tc 6s]
Seat 1: Fife19 (big blind) collected (1394)
Seat 2: Bianco13Verde folded before Flop (didn't bet)
Seat 3: Fedeleiva10 folded before Flop (didn't bet)
Seat 4: Gabrielfs13 folded before Flop (didn't bet)
Seat 5: Vezku91 folded before Flop (didn't bet)
Seat 6: tommycairns1010 folded before Flop (didn't bet)
Seat 7: COB_NTGUILTY (button) folded before Flop (didn't bet)
Seat 8: ÍDDÍÁDÓY (small blind) folded on the Flop



PokerStars Hand #257291928116: Tournament #3914634515, $4.90+$4.90+$1.20 USD Hold'em No Limit - Level X (150/300) - 2025/08/10 16:37:36 BRT [2025/08/10 15:37:36 ET]
Table '3914634515 268' 8-max Seat #8 is the button
Seat 1: Fife19 (23640 in chips, $4.90 bounty) 
Seat 2: Bianco13Verde (18549 in chips, $4.90 bounty) 
Seat 3: Fedeleiva10 (7540 in chips, $4.90 bounty) 
Seat 4: Gabrielfs13 (14172 in chips, $7.35 bounty) 
Seat 5: Vezku91 (6931 in chips, $7.35 bounty) 
Seat 6: tommycairns1010 (25305 in chips, $12.25 bounty) 
Seat 7: COB_NTGUILTY (6530 in chips, $4.90 bounty) 
Seat 8: ÍDDÍÁDÓY (10009 in chips, $4.90 bounty) 
Fife19: posts the ante 40
Bianco13Verde: posts the ante 40
Fedeleiva10: posts the ante 40
Gabrielfs13: posts the ante 40
Vezku91: posts the ante 40
tommycairns1010: posts the ante 40
COB_NTGUILTY: posts the ante 40
ÍDDÍÁDÓY: posts the ante 40
Fife19: posts small blind 150
Bianco13Verde: posts big blind 300
*** HOLE CARDS ***
Dealt to Gabrielfs13 [Qc Th]
Fedeleiva10: folds 
Gabrielfs13: folds 
Vezku91: folds 
tommycairns1010: folds 
COB_NTGUILTY: folds 
ÍDDÍÁDÓY: raises 300 to 600
Fife19: calls 450
Bianco13Verde: calls 300
*** FLOP *** [4d 3h Tc]
Fife19: checks 
Bianco13Verde: checks 
ÍDDÍÁDÓY: bets 424
Fife19: folds 
Bianco13Verde: folds 
Uncalled bet (424) returned to ÍDDÍÁDÓY
ÍDDÍÁDÓY collected 2120 from pot
ÍDDÍÁDÓY: doesn't show hand 
*** SUMMARY ***
Total pot 2120 | Rake 0 
Board [4d 3h Tc]
Seat 1: Fife19 (small blind) folded on the Flop
Seat 2: Bianco13Verde (big blind) folded on the Flop
Seat 3: Fedeleiva10 folded before Flop (didn't bet)
Seat 4: Gabrielfs13 folded before Flop (didn't bet)
Seat 5: Vezku91 folded before Flop (didn't bet)
Seat 6: tommycairns1010 folded before Flop (didn't bet)
Seat 7: COB_NTGUILTY folded before Flop (didn't bet)
Seat 8: ÍDDÍÁDÓY (button) collected (2120)



PokerStars Hand #257291950728: Tournament #3914634515, $4.90+$4.90+$1.20 USD Hold'em No Limit - Level X (150/300) - 2025/08/10 16:39:00 BRT [2025/08/10 15:39:00 ET]
Table '3914634515 268' 8-max Seat #1 is the button
Seat 1: Fife19 (23000 in chips, $4.90 bounty) 
Seat 2: Bianco13Verde (17909 in chips, $4.90 bounty) 
Seat 3: Fedeleiva10 (7500 in chips, $4.90 bounty) 
Seat 4: Gabrielfs13 (14132 in chips, $7.35 bounty) 
Seat 5: Vezku91 (6891 in chips, $7.35 bounty) 
Seat 6: tommycairns1010 (25265 in chips, $12.25 bounty) 
Seat 7: COB_NTGUILTY (6490 in chips, $4.90 bounty) 
Seat 8: ÍDDÍÁDÓY (11489 in chips, $4.90 bounty) 
Fife19: posts the ante 40
Bianco13Verde: posts the ante 40
Fedeleiva10: posts the ante 40
Gabrielfs13: posts the ante 40
Vezku91: posts the ante 40
tommycairns1010: posts the ante 40
COB_NTGUILTY: posts the ante 40
ÍDDÍÁDÓY: posts the ante 40
Bianco13Verde: posts small blind 150
Fedeleiva10: posts big blind 300
*** HOLE CARDS ***
Dealt to Gabrielfs13 [Qd Qh]
Gabrielfs13: raises 300 to 600
Vezku91: folds 
tommycairns1010: folds 
COB_NTGUILTY: folds 
ÍDDÍÁDÓY: folds 
Fife19: folds 
Bianco13Verde: folds 
Fedeleiva10: calls 300
*** FLOP *** [Tc Ac 8d]
Fedeleiva10: bets 300
Gabrielfs13: calls 300
*** TURN *** [Tc Ac 8d] [2c]
Fedeleiva10: checks 
Gabrielfs13: checks 
*** RIVER *** [Tc Ac 8d 2c] [As]
Fedeleiva10: bets 300
Gabrielfs13: raises 750 to 1050
Fedeleiva10: calls 750
*** SHOW DOWN ***
Gabrielfs13: shows [Qd Qh] (two pair, Aces and Queens)
Fedeleiva10: mucks hand 
Gabrielfs13 collected 4370 from pot
*** SUMMARY ***
Total pot 4370 | Rake 0 
Board [Tc Ac 8d 2c As]
Seat 1: Fife19 (button) folded before Flop (didn't bet)
Seat 2: Bianco13Verde (small blind) folded before Flop
Seat 3: Fedeleiva10 (big blind) mucked [8h Td]
Seat 4: Gabrielfs13 showed [Qd Qh] and won (4370) with two pair, Aces and Queens
Seat 5: Vezku91 folded before Flop (didn't bet)
Seat 6: tommycairns1010 folded before Flop (didn't bet)
Seat 7: COB_NTGUILTY folded before Flop (didn't bet)
Seat 8: ÍDDÍÁDÓY folded before Flop (didn't bet)



PokerStars Hand #257291964111: Tournament #3914634515, $4.90+$4.90+$1.20 USD Hold'em No Limit - Level X (150/300) - 2025/08/10 16:39:51 BRT [2025/08/10 15:39:51 ET]
Table '3914634515 268' 8-max Seat #2 is the button
Seat 1: Fife19 (22960 in chips, $4.90 bounty) 
Seat 2: Bianco13Verde (17719 in chips, $4.90 bounty) 
Seat 3: Fedeleiva10 (5510 in chips, $4.90 bounty) 
Seat 4: Gabrielfs13 (16512 in chips, $7.35 bounty) 
Seat 5: Vezku91 (6851 in chips, $7.35 bounty) 
Seat 6: tommycairns1010 (25225 in chips, $12.25 bounty) 
Seat 7: COB_NTGUILTY (6450 in chips, $4.90 bounty) 
Seat 8: ÍDDÍÁDÓY (11449 in chips, $4.90 bounty) 
Fife19: posts the ante 40
Bianco13Verde: posts the ante 40
Fedeleiva10: posts the ante 40
Gabrielfs13: posts the ante 40
Vezku91: posts the ante 40
tommycairns1010: posts the ante 40
COB_NTGUILTY: posts the ante 40
ÍDDÍÁDÓY: posts the ante 40
Fedeleiva10: posts small blind 150
Gabrielfs13: posts big blind 300
*** HOLE CARDS ***
Dealt to Gabrielfs13 [3c 7c]
Vezku91: folds 
tommycairns1010: folds 
COB_NTGUILTY: folds 
ÍDDÍÁDÓY: folds 
Fife19: folds 
Bianco13Verde: folds 
Fedeleiva10: calls 150
Gabrielfs13: checks 
*** FLOP *** [9s 6d Kd]
Fedeleiva10: checks 
Gabrielfs13: bets 300
Fedeleiva10: raises 750 to 1050
Gabrielfs13: folds 
Uncalled bet (750) returned to Fedeleiva10
Fedeleiva10 collected 1520 from pot
Fedeleiva10: doesn't show hand 
*** SUMMARY ***
Total pot 1520 | Rake 0 
Board [9s 6d Kd]
Seat 1: Fife19 folded before Flop (didn't bet)
Seat 2: Bianco13Verde (button) folded before Flop (didn't bet)
Seat 3: Fedeleiva10 (small blind) collected (1520)
Seat 4: Gabrielfs13 (big blind) folded on the Flop
Seat 5: Vezku91 folded before Flop (didn't bet)
Seat 6: tommycairns1010 folded before Flop (didn't bet)
Seat 7: COB_NTGUILTY folded before Flop (didn't bet)
Seat 8: ÍDDÍÁDÓY folded before Flop (didn't bet)



PokerStars Hand #257291978507: Tournament #3914634515, $4.90+$4.90+$1.20 USD Hold'em No Limit - Level X (150/300) - 2025/08/10 16:40:44 BRT [2025/08/10 15:40:44 ET]
Table '3914634515 268' 8-max Seat #3 is the button
Seat 1: Fife19 (22920 in chips, $4.90 bounty) 
Seat 2: Bianco13Verde (17679 in chips, $4.90 bounty) 
Seat 3: Fedeleiva10 (6390 in chips, $4.90 bounty) 
Seat 4: Gabrielfs13 (15872 in chips, $7.35 bounty) 
Seat 5: Vezku91 (6811 in chips, $7.35 bounty) 
Seat 6: tommycairns1010 (25185 in chips, $12.25 bounty) 
Seat 7: COB_NTGUILTY (6410 in chips, $4.90 bounty) 
Seat 8: ÍDDÍÁDÓY (11409 in chips, $4.90 bounty) 
Fife19: posts the ante 40
Bianco13Verde: posts the ante 40
Fedeleiva10: posts the ante 40
Gabrielfs13: posts the ante 40
Vezku91: posts the ante 40
tommycairns1010: posts the ante 40
COB_NTGUILTY: posts the ante 40
ÍDDÍÁDÓY: posts the ante 40
Gabrielfs13: posts small blind 150
Vezku91: posts big blind 300
*** HOLE CARDS ***
Dealt to Gabrielfs13 [Tc 7s]
tommycairns1010: calls 300
COB_NTGUILTY: folds 
ÍDDÍÁDÓY: raises 300 to 600
Fife19: folds 
Bianco13Verde: folds 
Fedeleiva10: folds 
Gabrielfs13: folds 
Vezku91: folds 
tommycairns1010: calls 300
*** FLOP *** [7h 3d 9h]
tommycairns1010: checks 
ÍDDÍÁDÓY: bets 493
tommycairns1010: calls 493
*** TURN *** [7h 3d 9h] [2h]
tommycairns1010: checks 
ÍDDÍÁDÓY: bets 1478
tommycairns1010: calls 1478
*** RIVER *** [7h 3d 9h 2h] [Jd]
tommycairns1010: checks 
ÍDDÍÁDÓY: bets 4434
tommycairns1010: calls 4434
*** SHOW DOWN ***
ÍDDÍÁDÓY: shows [Ah 5h] (a flush, Ace high)
tommycairns1010: mucks hand 
ÍDDÍÁDÓY collected 14780 from pot
*** SUMMARY ***
Total pot 14780 | Rake 0 
Board [7h 3d 9h 2h Jd]
Seat 1: Fife19 folded before Flop (didn't bet)
Seat 2: Bianco13Verde folded before Flop (didn't bet)
Seat 3: Fedeleiva10 (button) folded before Flop (didn't bet)
Seat 4: Gabrielfs13 (small blind) folded before Flop
Seat 5: Vezku91 (big blind) folded before Flop
Seat 6: tommycairns1010 mucked [4d 4c]
Seat 7: COB_NTGUILTY folded before Flop (didn't bet)
Seat 8: ÍDDÍÁDÓY showed [Ah 5h] and won (14780) with a flush, Ace high



PokerStars Hand #257291994751: Tournament #3914634515, $4.90+$4.90+$1.20 USD Hold'em No Limit - Level X (150/300) - 2025/08/10 16:41:45 BRT [2025/08/10 15:41:45 ET]
Table '3914634515 268' 8-max Seat #4 is the button
Seat 1: Fife19 (22880 in chips, $4.90 bounty) 
Seat 2: Bianco13Verde (17639 in chips, $4.90 bounty) 
Seat 3: Fedeleiva10 (6350 in chips, $4.90 bounty) 
Seat 4: Gabrielfs13 (15682 in chips, $7.35 bounty) 
Seat 5: Vezku91 (6471 in chips, $7.35 bounty) 
Seat 6: tommycairns1010 (18140 in chips, $12.25 bounty) 
Seat 7: COB_NTGUILTY (6370 in chips, $4.90 bounty) 
Seat 8: ÍDDÍÁDÓY (19144 in chips, $4.90 bounty) 
Fife19: posts the ante 40
Bianco13Verde: posts the ante 40
Fedeleiva10: posts the ante 40
Gabrielfs13: posts the ante 40
Vezku91: posts the ante 40
tommycairns1010: posts the ante 40
COB_NTGUILTY: posts the ante 40
ÍDDÍÁDÓY: posts the ante 40
Vezku91: posts small blind 150
tommycairns1010: posts big blind 300
*** HOLE CARDS ***
Dealt to Gabrielfs13 [Ts 3c]
COB_NTGUILTY: raises 300 to 600
ÍDDÍÁDÓY: folds 
Fife19: folds 
Bianco13Verde: calls 600
Fedeleiva10: folds 
Gabrielfs13: folds 
Vezku91: folds 
tommycairns1010: calls 300
*** FLOP *** [8h 6h Ah]
tommycairns1010: checks 
COB_NTGUILTY: bets 613
Bianco13Verde: calls 613
tommycairns1010: folds 
*** TURN *** [8h 6h Ah] [5h]
COB_NTGUILTY: bets 944
Bianco13Verde: calls 944
*** RIVER *** [8h 6h Ah 5h] [Qd]
COB_NTGUILTY: checks 
Bianco13Verde: checks 
*** SHOW DOWN ***
COB_NTGUILTY: shows [Ks Js] (high card Ace)
Bianco13Verde: shows [7h 7s] (a flush, Ace high)
Bianco13Verde collected 5384 from pot
*** SUMMARY ***
Total pot 5384 | Rake 0 
Board [8h 6h Ah 5h Qd]
Seat 1: Fife19 folded before Flop (didn't bet)
Seat 2: Bianco13Verde showed [7h 7s] and won (5384) with a flush, Ace high
Seat 3: Fedeleiva10 folded before Flop (didn't bet)
Seat 4: Gabrielfs13 (button) folded before Flop (didn't bet)
Seat 5: Vezku91 (small blind) folded before Flop
Seat 6: tommycairns1010 (big blind) folded on the Flop
Seat 7: COB_NTGUILTY showed [Ks Js] and lost with high card Ace
Seat 8: ÍDDÍÁDÓY folded before Flop (didn't bet)



PokerStars Hand #257292007650: Tournament #3914634515, $4.90+$4.90+$1.20 USD Hold'em No Limit - Level X (150/300) - 2025/08/10 16:42:33 BRT [2025/08/10 15:42:33 ET]
Table '3914634515 268' 8-max Seat #5 is the button
Seat 1: Fife19 (22840 in chips, $4.90 bounty) 
Seat 2: Bianco13Verde (20826 in chips, $4.90 bounty) 
Seat 3: Fedeleiva10 (6310 in chips, $4.90 bounty) 
Seat 4: Gabrielfs13 (15642 in chips, $7.35 bounty) 
Seat 5: Vezku91 (6281 in chips, $7.35 bounty) 
Seat 6: tommycairns1010 (17500 in chips, $12.25 bounty) 
Seat 7: COB_NTGUILTY (4173 in chips, $4.90 bounty) 
Seat 8: ÍDDÍÁDÓY (19104 in chips, $4.90 bounty) 
Fife19: posts the ante 40
Bianco13Verde: posts the ante 40
Fedeleiva10: posts the ante 40
Gabrielfs13: posts the ante 40
Vezku91: posts the ante 40
tommycairns1010: posts the ante 40
COB_NTGUILTY: posts the ante 40
ÍDDÍÁDÓY: posts the ante 40
tommycairns1010: posts small blind 150
COB_NTGUILTY: posts big blind 300
*** HOLE CARDS ***
Dealt to Gabrielfs13 [8s 8d]
ÍDDÍÁDÓY: folds 
Fife19: folds 
Bianco13Verde: folds 
Fedeleiva10: folds 
Gabrielfs13: raises 300 to 600
Vezku91: folds 
tommycairns1010: calls 450
COB_NTGUILTY: calls 300
*** FLOP *** [5d Tc 4s]
tommycairns1010: checks 
COB_NTGUILTY: checks 
Gabrielfs13: bets 1060
tommycairns1010: folds 
COB_NTGUILTY: raises 2473 to 3533 and is all-in
Gabrielfs13: calls 2473
*** TURN *** [5d Tc 4s] [Jd]
*** RIVER *** [5d Tc 4s Jd] [Qh]
*** SHOW DOWN ***
COB_NTGUILTY: shows [2c 4c] (a pair of Fours)
Gabrielfs13: shows [8s 8d] (a pair of Eights)
Gabrielfs13 collected 9186 from pot
Gabrielfs13 wins $2.45 for eliminating COB_NTGUILTY and their own bounty increases by $2.45 to $9.80
COB_NTGUILTY finished the tournament
*** SUMMARY ***
Total pot 9186 | Rake 0 
Board [5d Tc 4s Jd Qh]
Seat 1: Fife19 folded before Flop (didn't bet)
Seat 2: Bianco13Verde folded before Flop (didn't bet)
Seat 3: Fedeleiva10 folded before Flop (didn't bet)
Seat 4: Gabrielfs13 showed [8s 8d] and won (9186) with a pair of Eights
Seat 5: Vezku91 (button) folded before Flop (didn't bet)
Seat 6: tommycairns1010 (small blind) folded on the Flop
Seat 7: COB_NTGUILTY (big blind) showed [2c 4c] and lost with a pair of Fours
Seat 8: ÍDDÍÁDÓY folded before Flop (didn't bet)



PokerStars Hand #257292029575: Tournament #3914634515, $4.90+$4.90+$1.20 USD Hold'em No Limit - Level X (150/300) - 2025/08/10 16:43:56 BRT [2025/08/10 15:43:56 ET]
Table '3914634515 268' 8-max Seat #6 is the button
Seat 1: Fife19 (22800 in chips, $4.90 bounty) 
Seat 2: Bianco13Verde (20786 in chips, $4.90 bounty) 
Seat 3: Fedeleiva10 (6270 in chips, $4.90 bounty) 
Seat 4: Gabrielfs13 (20655 in chips, $9.80 bounty) 
Seat 5: Vezku91 (6241 in chips, $7.35 bounty) 
Seat 6: tommycairns1010 (16860 in chips, $12.25 bounty) 
Seat 8: ÍDDÍÁDÓY (19064 in chips, $4.90 bounty) 
Fife19: posts the ante 40
Bianco13Verde: posts the ante 40
Fedeleiva10: posts the ante 40
Gabrielfs13: posts the ante 40
Vezku91: posts the ante 40
tommycairns1010: posts the ante 40
ÍDDÍÁDÓY: posts the ante 40
ÍDDÍÁDÓY: posts small blind 150
Fife19: posts big blind 300
*** HOLE CARDS ***
Dealt to Gabrielfs13 [2h Th]
Lucas1803155 is disconnected 
Bianco13Verde: folds 
Fedeleiva10: folds 
Gabrielfs13: folds 
Vezku91: raises 360 to 660
tommycairns1010: folds 
ÍDDÍÁDÓY: folds 
Fife19: calls 360
*** FLOP *** [5h Js 6s]
Fife19: checks 
Vezku91: bets 600
Fife19: folds 
Uncalled bet (600) returned to Vezku91
Vezku91 collected 1750 from pot
Vezku91: doesn't show hand 
*** SUMMARY ***
Total pot 1750 | Rake 0 
Board [5h Js 6s]
Seat 1: Fife19 (big blind) folded on the Flop
Seat 2: Bianco13Verde folded before Flop (didn't bet)
Seat 3: Fedeleiva10 folded before Flop (didn't bet)
Seat 4: Gabrielfs13 folded before Flop (didn't bet)
Seat 5: Vezku91 collected (1750)
Seat 6: tommycairns1010 (button) folded before Flop (didn't bet)
Seat 8: ÍDDÍÁDÓY (small blind) folded before Flop



PokerStars Hand #257292042930: Tournament #3914634515, $4.90+$4.90+$1.20 USD Hold'em No Limit - Level X (150/300) - 2025/08/10 16:44:47 BRT [2025/08/10 15:44:47 ET]
Table '3914634515 268' 8-max Seat #8 is the button
Seat 1: Fife19 (22100 in chips, $4.90 bounty) 
Seat 2: Bianco13Verde (20746 in chips, $4.90 bounty) 
Seat 3: Fedeleiva10 (6230 in chips, $4.90 bounty) 
Seat 4: Gabrielfs13 (20615 in chips, $9.80 bounty) 
Seat 5: Vezku91 (7291 in chips, $7.35 bounty) 
Seat 6: tommycairns1010 (16820 in chips, $12.25 bounty) 
Seat 7: Lucas1803155 (10000 in chips, $4.90 bounty) 
Seat 8: ÍDDÍÁDÓY (18874 in chips, $4.90 bounty) 
Fife19: posts the ante 40
Bianco13Verde: posts the ante 40
Fedeleiva10: posts the ante 40
Gabrielfs13: posts the ante 40
Vezku91: posts the ante 40
tommycairns1010: posts the ante 40
Lucas1803155: posts the ante 40
ÍDDÍÁDÓY: posts the ante 40
Fife19: posts small blind 150
Bianco13Verde: posts big blind 300
*** HOLE CARDS ***
Dealt to Gabrielfs13 [As 4d]
Fedeleiva10: folds 
Gabrielfs13: folds 
Vezku91: raises 360 to 660
tommycairns1010: calls 660
Lucas1803155: folds 
ÍDDÍÁDÓY: calls 660
Fife19: calls 510
Bianco13Verde: calls 360
*** FLOP *** [Ts 5c 9h]
Fife19: checks 
Bianco13Verde: checks 
Vezku91: checks 
tommycairns1010: checks 
ÍDDÍÁDÓY: checks 
*** TURN *** [Ts 5c 9h] [4c]
Fife19: checks 
Bianco13Verde: bets 1567
Vezku91: folds 
tommycairns1010: folds 
ÍDDÍÁDÓY: folds 
Fife19: folds 
Uncalled bet (1567) returned to Bianco13Verde
Bianco13Verde collected 3620 from pot
Bianco13Verde: doesn't show hand 
*** SUMMARY ***
Total pot 3620 | Rake 0 
Board [Ts 5c 9h 4c]
Seat 1: Fife19 (small blind) folded on the Turn
Seat 2: Bianco13Verde (big blind) collected (3620)
Seat 3: Fedeleiva10 folded before Flop (didn't bet)
Seat 4: Gabrielfs13 folded before Flop (didn't bet)
Seat 5: Vezku91 folded on the Turn
Seat 6: tommycairns1010 folded on the Turn
Seat 7: Lucas1803155 folded before Flop (didn't bet)
Seat 8: ÍDDÍÁDÓY (button) folded on the Turn



PokerStars Hand #257292072925: Tournament #3914634515, $4.90+$4.90+$1.20 USD Hold'em No Limit - Level X (150/300) - 2025/08/10 16:46:40 BRT [2025/08/10 15:46:40 ET]
Table '3914634515 268' 8-max Seat #1 is the button
Seat 1: Fife19 (21400 in chips, $4.90 bounty) 
Seat 2: Bianco13Verde (23666 in chips, $4.90 bounty) 
Seat 3: Fedeleiva10 (6190 in chips, $4.90 bounty) 
Seat 4: Gabrielfs13 (20575 in chips, $9.80 bounty) 
Seat 5: Vezku91 (6591 in chips, $7.35 bounty) 
Seat 6: tommycairns1010 (16120 in chips, $12.25 bounty) 
Seat 7: Lucas1803155 (9960 in chips, $4.90 bounty) 
Seat 8: ÍDDÍÁDÓY (18174 in chips, $4.90 bounty) 
Fife19: posts the ante 40
Bianco13Verde: posts the ante 40
Fedeleiva10: posts the ante 40
Gabrielfs13: posts the ante 40
Vezku91: posts the ante 40
tommycairns1010: posts the ante 40
Lucas1803155: posts the ante 40
ÍDDÍÁDÓY: posts the ante 40
Bianco13Verde: posts small blind 150
Fedeleiva10: posts big blind 300
*** HOLE CARDS ***
Dealt to Gabrielfs13 [9d 3c]
Gabrielfs13: folds 
Vezku91: folds 
tommycairns1010: folds 
Lucas1803155: folds 
ÍDDÍÁDÓY has timed out
ÍDDÍÁDÓY: folds 
ÍDDÍÁDÓY is sitting out
Fife19: raises 411 to 711
Bianco13Verde: folds 
Fedeleiva10: folds 
Uncalled bet (411) returned to Fife19
Fife19 collected 1070 from pot
*** SUMMARY ***
Total pot 1070 | Rake 0 
Seat 1: Fife19 (button) collected (1070)
Seat 2: Bianco13Verde (small blind) folded before Flop
Seat 3: Fedeleiva10 (big blind) folded before Flop
Seat 4: Gabrielfs13 folded before Flop (didn't bet)
Seat 5: Vezku91 folded before Flop (didn't bet)
Seat 6: tommycairns1010 folded before Flop (didn't bet)
Seat 7: Lucas1803155 folded before Flop (didn't bet)
Seat 8: ÍDDÍÁDÓY folded before Flop (didn't bet)



PokerStars Hand #257292082565: Tournament #3914634515, $4.90+$4.90+$1.20 USD Hold'em No Limit - Level XI (175/350) - 2025/08/10 16:47:16 BRT [2025/08/10 15:47:16 ET]
Table '3914634515 268' 8-max Seat #2 is the button
Seat 1: Fife19 (22130 in chips, $4.90 bounty) 
Seat 2: Bianco13Verde (23476 in chips, $4.90 bounty) 
Seat 3: Fedeleiva10 (5850 in chips, $4.90 bounty) 
Seat 4: Gabrielfs13 (20535 in chips, $9.80 bounty) 
Seat 5: Vezku91 (6551 in chips, $7.35 bounty) 
Seat 6: tommycairns1010 (16080 in chips, $12.25 bounty) 
Seat 7: Lucas1803155 (9920 in chips, $4.90 bounty) 
Seat 8: ÍDDÍÁDÓY (18134 in chips, $4.90 bounty) is sitting out
Fife19: posts the ante 45
Bianco13Verde: posts the ante 45
Fedeleiva10: posts the ante 45
Gabrielfs13: posts the ante 45
Vezku91: posts the ante 45
tommycairns1010: posts the ante 45
Lucas1803155: posts the ante 45
ÍDDÍÁDÓY: posts the ante 45
Fedeleiva10: posts small blind 175
Gabrielfs13: posts big blind 350
*** HOLE CARDS ***
Dealt to Gabrielfs13 [Jh Th]
Vezku91: folds 
tommycairns1010: calls 350
Lucas1803155: folds 
ÍDDÍÁDÓY: folds 
ÍDDÍÁDÓY has returned
Fife19: folds 
Bianco13Verde: folds 
Fedeleiva10: folds 
Gabrielfs13: raises 1050 to 1400
tommycairns1010: calls 1050
*** FLOP *** [6s Jd 6c]
Gabrielfs13: bets 1101
tommycairns1010: calls 1101
*** TURN *** [6s Jd 6c] [8s]
Gabrielfs13: checks 
tommycairns1010: bets 3119
Gabrielfs13: calls 3119
*** RIVER *** [6s Jd 6c 8s] [4c]
Gabrielfs13: checks 
tommycairns1010: checks 
*** SHOW DOWN ***
Gabrielfs13: shows [Jh Th] (two pair, Jacks and Sixes)
tommycairns1010: shows [Js Td] (two pair, Jacks and Sixes)
Gabrielfs13 collected 5888 from pot
tommycairns1010 collected 5887 from pot
*** SUMMARY ***
Total pot 11775 | Rake 0 
Board [6s Jd 6c 8s 4c]
Seat 1: Fife19 folded before Flop (didn't bet)
Seat 2: Bianco13Verde (button) folded before Flop (didn't bet)
Seat 3: Fedeleiva10 (small blind) folded before Flop
Seat 4: Gabrielfs13 (big blind) showed [Jh Th] and won (5888) with two pair, Jacks and Sixes
Seat 5: Vezku91 folded before Flop (didn't bet)
Seat 6: tommycairns1010 showed [Js Td] and won (5887) with two pair, Jacks and Sixes
Seat 7: Lucas1803155 folded before Flop (didn't bet)
Seat 8: ÍDDÍÁDÓY folded before Flop (didn't bet)



PokerStars Hand #257292103962: Tournament #3914634515, $4.90+$4.90+$1.20 USD Hold'em No Limit - Level XI (175/350) - 2025/08/10 16:48:37 BRT [2025/08/10 15:48:37 ET]
Table '3914634515 268' 8-max Seat #3 is the button
Seat 1: Fife19 (22085 in chips, $4.90 bounty) 
Seat 2: Bianco13Verde (23431 in chips, $4.90 bounty) 
Seat 3: Fedeleiva10 (5630 in chips, $4.90 bounty) 
Seat 4: Gabrielfs13 (20758 in chips, $9.80 bounty) 
Seat 5: Vezku91 (6506 in chips, $7.35 bounty) 
Seat 6: tommycairns1010 (16302 in chips, $12.25 bounty) 
Seat 7: Lucas1803155 (9875 in chips, $4.90 bounty) 
Seat 8: ÍDDÍÁDÓY (18089 in chips, $4.90 bounty) 
Fife19: posts the ante 45
Bianco13Verde: posts the ante 45
Fedeleiva10: posts the ante 45
Gabrielfs13: posts the ante 45
Vezku91: posts the ante 45
tommycairns1010: posts the ante 45
Lucas1803155: posts the ante 45
ÍDDÍÁDÓY: posts the ante 45
Gabrielfs13: posts small blind 175
Vezku91: posts big blind 350
*** HOLE CARDS ***
Dealt to Gabrielfs13 [Js Jh]
tommycairns1010: folds 
Lucas1803155: folds 
ÍDDÍÁDÓY: raises 458 to 808
Fife19: folds 
Bianco13Verde: folds 
Fedeleiva10: folds 
Gabrielfs13: raises 2342 to 3150
Vezku91: folds 
ÍDDÍÁDÓY: raises 14894 to 18044 and is all-in
Gabrielfs13: calls 14894
*** FLOP *** [5h 2h 4h]
*** TURN *** [5h 2h 4h] [Ad]
*** RIVER *** [5h 2h 4h Ad] [9c]
*** SHOW DOWN ***
Gabrielfs13: shows [Js Jh] (a pair of Jacks)
ÍDDÍÁDÓY: shows [Qd Qc] (a pair of Queens)
ÍDDÍÁDÓY collected 36798 from pot
*** SUMMARY ***
Total pot 36798 | Rake 0 
Board [5h 2h 4h Ad 9c]
Seat 1: Fife19 folded before Flop (didn't bet)
Seat 2: Bianco13Verde folded before Flop (didn't bet)
Seat 3: Fedeleiva10 (button) folded before Flop (didn't bet)
Seat 4: Gabrielfs13 (small blind) showed [Js Jh] and lost with a pair of Jacks
Seat 5: Vezku91 (big blind) folded before Flop
Seat 6: tommycairns1010 folded before Flop (didn't bet)
Seat 7: Lucas1803155 folded before Flop (didn't bet)
Seat 8: ÍDDÍÁDÓY showed [Qd Qc] and won (36798) with a pair of Queens



PokerStars Hand #257292118434: Tournament #3914634515, $4.90+$4.90+$1.20 USD Hold'em No Limit - Level XI (175/350) - 2025/08/10 16:49:31 BRT [2025/08/10 15:49:31 ET]
Table '3914634515 268' 8-max Seat #4 is the button
Seat 1: Fife19 (22040 in chips, $4.90 bounty) 
Seat 2: Bianco13Verde (23386 in chips, $4.90 bounty) 
Seat 3: Fedeleiva10 (5585 in chips, $4.90 bounty) 
Seat 4: Gabrielfs13 (2669 in chips, $9.80 bounty) 
Seat 5: Vezku91 (6111 in chips, $7.35 bounty) 
Seat 6: tommycairns1010 (16257 in chips, $12.25 bounty) 
Seat 7: Lucas1803155 (9830 in chips, $4.90 bounty) 
Seat 8: ÍDDÍÁDÓY (36798 in chips, $4.90 bounty) 
Fife19: posts the ante 45
Bianco13Verde: posts the ante 45
Fedeleiva10: posts the ante 45
Gabrielfs13: posts the ante 45
Vezku91: posts the ante 45
tommycairns1010: posts the ante 45
Lucas1803155: posts the ante 45
ÍDDÍÁDÓY: posts the ante 45
Vezku91: posts small blind 175
tommycairns1010: posts big blind 350
*** HOLE CARDS ***
Dealt to Gabrielfs13 [6c Ah]
Lucas1803155: folds 
ÍDDÍÁDÓY: raises 350 to 700
Fife19: folds 
Bianco13Verde: folds 
Fedeleiva10: folds 
Gabrielfs13: folds 
Vezku91: folds 
tommycairns1010: calls 350
*** FLOP *** [Kd 4s 6s]
tommycairns1010: bets 700
ÍDDÍÁDÓY: folds 
Uncalled bet (700) returned to tommycairns1010
tommycairns1010 collected 1935 from pot
*** SUMMARY ***
Total pot 1935 | Rake 0 
Board [Kd 4s 6s]
Seat 1: Fife19 folded before Flop (didn't bet)
Seat 2: Bianco13Verde folded before Flop (didn't bet)
Seat 3: Fedeleiva10 folded before Flop (didn't bet)
Seat 4: Gabrielfs13 (button) folded before Flop (didn't bet)
Seat 5: Vezku91 (small blind) folded before Flop
Seat 6: tommycairns1010 (big blind) collected (1935)
Seat 7: Lucas1803155 folded before Flop (didn't bet)
Seat 8: ÍDDÍÁDÓY folded on the Flop



PokerStars Hand #257292129249: Tournament #3914634515, $4.90+$4.90+$1.20 USD Hold'em No Limit - Level XI (175/350) - 2025/08/10 16:50:12 BRT [2025/08/10 15:50:12 ET]
Table '3914634515 268' 8-max Seat #5 is the button
Seat 1: Fife19 (21995 in chips, $4.90 bounty) 
Seat 2: Bianco13Verde (23341 in chips, $4.90 bounty) 
Seat 3: Fedeleiva10 (5540 in chips, $4.90 bounty) 
Seat 4: Gabrielfs13 (2624 in chips, $9.80 bounty) 
Seat 5: Vezku91 (5891 in chips, $7.35 bounty) 
Seat 6: tommycairns1010 (17447 in chips, $12.25 bounty) 
Seat 7: Lucas1803155 (9785 in chips, $4.90 bounty) 
Seat 8: ÍDDÍÁDÓY (36053 in chips, $4.90 bounty) 
Fife19: posts the ante 45
Bianco13Verde: posts the ante 45
Fedeleiva10: posts the ante 45
Gabrielfs13: posts the ante 45
Vezku91: posts the ante 45
tommycairns1010: posts the ante 45
Lucas1803155: posts the ante 45
ÍDDÍÁDÓY: posts the ante 45
tommycairns1010: posts small blind 175
Lucas1803155: posts big blind 350
*** HOLE CARDS ***
Dealt to Gabrielfs13 [Kd Js]
ÍDDÍÁDÓY: folds 
Fife19: folds 
Lucas1803155 is disconnected 
Bianco13Verde: folds 
Fedeleiva10: folds 
Gabrielfs13: raises 2229 to 2579 and is all-in
Vezku91: raises 3267 to 5846 and is all-in
tommycairns1010: calls 5671
Lucas1803155 is connected 
Lucas1803155 is connected 
Lucas1803155: folds 
*** FLOP *** [5h 9d 4c]
*** TURN *** [5h 9d 4c] [As]
*** RIVER *** [5h 9d 4c As] [Td]
*** SHOW DOWN ***
tommycairns1010: shows [4d 4h] (three of a kind, Fours)
Vezku91: shows [Ac 6d] (a pair of Aces)
tommycairns1010 collected 6534 from side pot
Gabrielfs13: shows [Kd Js] (high card Ace)
tommycairns1010 collected 8447 from main pot
tommycairns1010 wins $4.90 for eliminating Gabrielfs13 and their own bounty increases by $4.90 to $17.15
tommycairns1010 wins $3.68 for eliminating Vezku91 and their own bounty increases by $3.67 to $20.82
Vezku91 finished the tournament
Gabrielfs13 finished the tournament
rennergb is disconnected 
*** SUMMARY ***
Total pot 14981 Main pot 8447. Side pot 6534. | Rake 0 
Board [5h 9d 4c As Td]
Seat 1: Fife19 folded before Flop (didn't bet)
Seat 2: Bianco13Verde folded before Flop (didn't bet)
Seat 3: Fedeleiva10 folded before Flop (didn't bet)
Seat 4: Gabrielfs13 showed [Kd Js] and lost with high card Ace
Seat 5: Vezku91 (button) showed [Ac 6d] and lost with a pair of Aces
Seat 6: tommycairns1010 (small blind) showed [4d 4h] and won (14981) with three of a kind, Fours
Seat 7: Lucas1803155 (big blind) folded before Flop
Seat 8: ÍDDÍÁDÓY folded before Flop (didn't bet)



