PokerStars Hand #257175104783: Tournament #3912518866, $9.80+$1.20 USD Hold'em No Limit - Level XIV (1500/3000) - 2025/08/01 18:01:30 BRT [2025/08/01 17:01:30 ET]
Table '3912518866 101' 8-max Seat #3 is the button
Seat 1: yadboy1980 (95651 in chips) 
Seat 2: Gabrielfs13 (30000 in chips) 
Seat 3: dav1das (107852 in chips) 
Seat 4: kongking_kk (26706 in chips) 
Seat 5: Moritz957 (23175 in chips) 
Seat 6: tyson10210 (53396 in chips) 
Seat 7: vspan1981 (248388 in chips) 
Seat 8: piqueflow (47198 in chips) 
yadboy1980: posts the ante 400
Gabrielfs13: posts the ante 400
dav1das: posts the ante 400
kongking_kk: posts the ante 400
Moritz957: posts the ante 400
tyson10210: posts the ante 400
vspan1981: posts the ante 400
piqueflow: posts the ante 400
kongking_kk: posts small blind 1500
Moritz957: posts big blind 3000
*** HOLE CARDS ***
Dealt to Gabrielfs13 [Kh Th]
tyson10210: folds 
vspan1981: folds 
piqueflow: raises 3000 to 6000
yadboy1980: folds 
Gabrielfs13: raises 23600 to 29600 and is all-in
dav1das: folds 
kongking_kk: folds 
Moritz957: folds 
piqueflow: calls 23600
*** FLOP *** [Qh 9h 6d]
*** TURN *** [Qh 9h 6d] [2s]
*** RIVER *** [Qh 9h 6d 2s] [4s]
*** SHOW DOWN ***
piqueflow: shows [Qd Td] (a pair of Queens)
Gabrielfs13: shows [Kh Th] (high card King)
piqueflow collected 66900 from pot
Gabrielfs13 finished the tournament
*** SUMMARY ***
Total pot 66900 | Rake 0 
Board [Qh 9h 6d 2s 4s]
Seat 1: yadboy1980 folded before Flop (didn't bet)
Seat 2: Gabrielfs13 showed [Kh Th] and lost with high card King
Seat 3: dav1das (button) folded before Flop (didn't bet)
Seat 4: kongking_kk (small blind) folded before Flop
Seat 5: Moritz957 (big blind) folded before Flop
Seat 6: tyson10210 folded before Flop (didn't bet)
Seat 7: vspan1981 folded before Flop (didn't bet)
Seat 8: piqueflow showed [Qd Td] and won (66900) with a pair of Queens



