PokerStars Hand #257306549847: Tournament #3913501859, $2.45+$2.45+$0.60 USD Hold'em No Limit - Level XXII (3500/7000) - 2025/08/11 18:50:41 BRT [2025/08/11 17:50:41 ET]
Table '3913501859 188' 8-max Seat #7 is the button
Seat 1: am3ise (84523 in chips) 
Seat 2: All_In_Payne (99228 in chips) 
Seat 3: Gabrielfs13 (347186 in chips) 
Seat 4: Prestoniuss (130934 in chips) 
Seat 5: Head-Load (166968 in chips) 
Seat 6: b00552805 (49466 in chips) 
Seat 7: sportsfish (71506 in chips) 
Seat 8: SenorValmano (199839 in chips) 
am3ise: posts the ante 875
All_In_Payne: posts the ante 875
Gabrielfs13: posts the ante 875
Prestoniuss: posts the ante 875
Head-Load: posts the ante 875
b00552805: posts the ante 875
sportsfish: posts the ante 875
SenorValmano: posts the ante 875
SenorValmano: posts small blind 3500
am3ise: posts big blind 7000
*** HOLE CARDS ***
Dealt to Gabrielfs13 [Kh 3c]
All_In_Payne: folds 
Gabrielfs13: folds 
Prestoniuss: folds 
Head-Load: raises 7000 to 14000
b00552805: folds 
sportsfish: folds 
SenorValmano: calls 10500
am3ise: folds 
*** FLOP *** [Ts Jh Tc]
SenorValmano: checks 
Head-Load: bets 15400
SenorValmano: folds 
Uncalled bet (15400) returned to Head-Load
Head-Load collected 42000 from pot
Head-Load: doesn't show hand 
*** SUMMARY ***
Total pot 42000 | Rake 0 
Board [Ts Jh Tc]
Seat 1: am3ise (big blind) folded before Flop
Seat 2: All_In_Payne folded before Flop (didn't bet)
Seat 3: Gabrielfs13 folded before Flop (didn't bet)
Seat 4: Prestoniuss folded before Flop (didn't bet)
Seat 5: Head-Load collected (42000)
Seat 6: b00552805 folded before Flop (didn't bet)
Seat 7: sportsfish (button) folded before Flop (didn't bet)
Seat 8: SenorValmano (small blind) folded on the Flop



PokerStars Hand #257306563611: Tournament #3913501859, $2.45+$2.45+$0.60 USD Hold'em No Limit - Level XXII (3500/7000) - 2025/08/11 18:51:41 BRT [2025/08/11 17:51:41 ET]
Table '3913501859 188' 8-max Seat #8 is the button
Seat 1: am3ise (76648 in chips) 
Seat 2: All_In_Payne (98353 in chips) 
Seat 3: Gabrielfs13 (346311 in chips) 
Seat 4: Prestoniuss (130059 in chips) 
Seat 5: Head-Load (194093 in chips) 
Seat 6: b00552805 (48591 in chips) 
Seat 7: sportsfish (70631 in chips) 
Seat 8: SenorValmano (184964 in chips) 
am3ise: posts the ante 875
All_In_Payne: posts the ante 875
Gabrielfs13: posts the ante 875
Prestoniuss: posts the ante 875
Head-Load: posts the ante 875
b00552805: posts the ante 875
sportsfish: posts the ante 875
SenorValmano: posts the ante 875
am3ise: posts small blind 3500
All_In_Payne: posts big blind 7000
*** HOLE CARDS ***
Dealt to Gabrielfs13 [8c Js]
Gabrielfs13: raises 7000 to 14000
Prestoniuss: folds 
Head-Load: folds 
b00552805: raises 33716 to 47716 and is all-in
sportsfish: folds 
SenorValmano: folds 
am3ise: raises 28057 to 75773 and is all-in
All_In_Payne: folds 
Gabrielfs13: calls 61773
*** FLOP *** [Jc Ts Ac]
*** TURN *** [Jc Ts Ac] [Tc]
*** RIVER *** [Jc Ts Ac Tc] [5d]
*** SHOW DOWN ***
am3ise: shows [Ks Qs] (a straight, Ten to Ace)
Gabrielfs13: shows [8c Js] (two pair, Jacks and Tens)
am3ise collected 56114 from side pot
b00552805: shows [Ad Kc] (two pair, Aces and Tens)
am3ise collected 157148 from main pot
am3ise wins the $19.48 bounty for eliminating b00552805
b00552805 finished the tournament in 864th place and received $6.58.
*** SUMMARY ***
Total pot 213262 Main pot 157148. Side pot 56114. | Rake 0 
Board [Jc Ts Ac Tc 5d]
Seat 1: am3ise (small blind) showed [Ks Qs] and won (213262) with a straight, Ten to Ace
Seat 2: All_In_Payne (big blind) folded before Flop
Seat 3: Gabrielfs13 showed [8c Js] and lost with two pair, Jacks and Tens
Seat 4: Prestoniuss folded before Flop (didn't bet)
Seat 5: Head-Load folded before Flop (didn't bet)
Seat 6: b00552805 showed [Ad Kc] and lost with two pair, Aces and Tens
Seat 7: sportsfish folded before Flop (didn't bet)
Seat 8: SenorValmano (button) folded before Flop (didn't bet)



PokerStars Hand #257306573611: Tournament #3913501859, $2.45+$2.45+$0.60 USD Hold'em No Limit - Level XXII (3500/7000) - 2025/08/11 18:52:25 BRT [2025/08/11 17:52:25 ET]
Table '3913501859 188' 8-max Seat #1 is the button
Seat 1: am3ise (213262 in chips) 
Seat 2: All_In_Payne (90478 in chips) 
Seat 3: Gabrielfs13 (269663 in chips) 
Seat 4: Prestoniuss (129184 in chips) 
Seat 5: Head-Load (193218 in chips) 
Seat 7: sportsfish (69756 in chips) 
Seat 8: SenorValmano (184089 in chips) 
am3ise: posts the ante 875
All_In_Payne: posts the ante 875
Gabrielfs13: posts the ante 875
Prestoniuss: posts the ante 875
Head-Load: posts the ante 875
sportsfish: posts the ante 875
SenorValmano: posts the ante 875
All_In_Payne: posts small blind 3500
Gabrielfs13: posts big blind 7000
*** HOLE CARDS ***
Dealt to Gabrielfs13 [4s 8c]
Prestoniuss: raises 7000 to 14000
milfhunter1995 is disconnected 
Head-Load: folds 
sportsfish: folds 
SenorValmano: folds 
am3ise: folds 
All_In_Payne: folds 
Gabrielfs13: calls 7000
*** FLOP *** [8s Kh 4d]
Gabrielfs13: checks 
Prestoniuss: bets 23704
Gabrielfs13: raises 119796 to 143500
Prestoniuss: folds 
Uncalled bet (119796) returned to Gabrielfs13
Gabrielfs13 collected 85033 from pot
Gabrielfs13: doesn't show hand 
*** SUMMARY ***
Total pot 85033 | Rake 0 
Board [8s Kh 4d]
Seat 1: am3ise (button) folded before Flop (didn't bet)
Seat 2: All_In_Payne (small blind) folded before Flop
Seat 3: Gabrielfs13 (big blind) collected (85033)
Seat 4: Prestoniuss folded on the Flop
Seat 5: Head-Load folded before Flop (didn't bet)
Seat 7: sportsfish folded before Flop (didn't bet)
Seat 8: SenorValmano folded before Flop (didn't bet)



PokerStars Hand #257306586285: Tournament #3913501859, $2.45+$2.45+$0.60 USD Hold'em No Limit - Level XXII (3500/7000) - 2025/08/11 18:53:21 BRT [2025/08/11 17:53:21 ET]
Table '3913501859 188' 8-max Seat #2 is the button
Seat 1: am3ise (212387 in chips) 
Seat 2: All_In_Payne (86103 in chips) 
Seat 3: Gabrielfs13 (316117 in chips) 
Seat 4: Prestoniuss (90605 in chips) 
Seat 5: Head-Load (192343 in chips) 
Seat 6: milfhunter1995 (350340 in chips) 
Seat 7: sportsfish (68881 in chips) 
Seat 8: SenorValmano (183214 in chips) 
am3ise: posts the ante 875
All_In_Payne: posts the ante 875
Gabrielfs13: posts the ante 875
Prestoniuss: posts the ante 875
Head-Load: posts the ante 875
milfhunter1995: posts the ante 875
sportsfish: posts the ante 875
SenorValmano: posts the ante 875
Gabrielfs13: posts small blind 3500
Prestoniuss: posts big blind 7000
*** HOLE CARDS ***
Dealt to Gabrielfs13 [2d 7d]
Head-Load: folds 
milfhunter1995: folds 
sportsfish: folds 
SenorValmano: folds 
am3ise: folds 
All_In_Payne: folds 
Gabrielfs13: raises 308242 to 315242 and is all-in
Prestoniuss: folds 
Uncalled bet (308242) returned to Gabrielfs13
Gabrielfs13 collected 21000 from pot
Gabrielfs13: doesn't show hand 
*** SUMMARY ***
Total pot 21000 | Rake 0 
Seat 1: am3ise folded before Flop (didn't bet)
Seat 2: All_In_Payne (button) folded before Flop (didn't bet)
Seat 3: Gabrielfs13 (small blind) collected (21000)
Seat 4: Prestoniuss (big blind) folded before Flop
Seat 5: Head-Load folded before Flop (didn't bet)
Seat 6: milfhunter1995 folded before Flop (didn't bet)
Seat 7: sportsfish folded before Flop (didn't bet)
Seat 8: SenorValmano folded before Flop (didn't bet)



PokerStars Hand #257306591658: Tournament #3913501859, $2.45+$2.45+$0.60 USD Hold'em No Limit - Level XXII (3500/7000) - 2025/08/11 18:53:45 BRT [2025/08/11 17:53:45 ET]
Table '3913501859 188' 8-max Seat #3 is the button
Seat 1: am3ise (211512 in chips) 
Seat 2: All_In_Payne (85228 in chips) 
Seat 3: Gabrielfs13 (329242 in chips) 
Seat 4: Prestoniuss (82730 in chips) 
Seat 5: Head-Load (191468 in chips) 
Seat 6: milfhunter1995 (349465 in chips) 
Seat 7: sportsfish (68006 in chips) 
Seat 8: SenorValmano (182339 in chips) 
am3ise: posts the ante 875
All_In_Payne: posts the ante 875
Gabrielfs13: posts the ante 875
Prestoniuss: posts the ante 875
Head-Load: posts the ante 875
milfhunter1995: posts the ante 875
sportsfish: posts the ante 875
SenorValmano: posts the ante 875
Prestoniuss: posts small blind 3500
Head-Load: posts big blind 7000
*** HOLE CARDS ***
Dealt to Gabrielfs13 [2s 3c]
milfhunter1995: folds 
sportsfish: raises 60131 to 67131 and is all-in
SenorValmano: folds 
am3ise: folds 
All_In_Payne: folds 
Gabrielfs13: folds 
Prestoniuss: folds 
Head-Load: folds 
Uncalled bet (60131) returned to sportsfish
sportsfish collected 24500 from pot
sportsfish: doesn't show hand 
*** SUMMARY ***
Total pot 24500 | Rake 0 
Seat 1: am3ise folded before Flop (didn't bet)
Seat 2: All_In_Payne folded before Flop (didn't bet)
Seat 3: Gabrielfs13 (button) folded before Flop (didn't bet)
Seat 4: Prestoniuss (small blind) folded before Flop
Seat 5: Head-Load (big blind) folded before Flop
Seat 6: milfhunter1995 folded before Flop (didn't bet)
Seat 7: sportsfish collected (24500)
Seat 8: SenorValmano folded before Flop (didn't bet)



PokerStars Hand #257306599972: Tournament #3913501859, $2.45+$2.45+$0.60 USD Hold'em No Limit - Level XXII (3500/7000) - 2025/08/11 18:54:22 BRT [2025/08/11 17:54:22 ET]
Table '3913501859 188' 8-max Seat #4 is the button
Seat 1: am3ise (210637 in chips) 
Seat 2: All_In_Payne (84353 in chips) 
Seat 3: Gabrielfs13 (328367 in chips) 
Seat 4: Prestoniuss (78355 in chips) 
Seat 5: Head-Load (183593 in chips) 
Seat 6: milfhunter1995 (348590 in chips) 
Seat 7: sportsfish (84631 in chips) 
Seat 8: SenorValmano (181464 in chips) 
am3ise: posts the ante 875
All_In_Payne: posts the ante 875
Gabrielfs13: posts the ante 875
Prestoniuss: posts the ante 875
Head-Load: posts the ante 875
milfhunter1995: posts the ante 875
sportsfish: posts the ante 875
SenorValmano: posts the ante 875
Head-Load: posts small blind 3500
milfhunter1995: posts big blind 7000
*** HOLE CARDS ***
Dealt to Gabrielfs13 [9h Ts]
sportsfish: folds 
SenorValmano: calls 7000
am3ise: folds 
All_In_Payne: folds 
Gabrielfs13: folds 
Prestoniuss: folds 
Head-Load: calls 3500
milfhunter1995: checks 
*** FLOP *** [6s Ah 4d]
Head-Load: checks 
milfhunter1995: bets 14000
SenorValmano: raises 28000 to 42000
Head-Load: folds 
milfhunter1995: folds 
Uncalled bet (28000) returned to SenorValmano
SenorValmano collected 56000 from pot
*** SUMMARY ***
Total pot 56000 | Rake 0 
Board [6s Ah 4d]
Seat 1: am3ise folded before Flop (didn't bet)
Seat 2: All_In_Payne folded before Flop (didn't bet)
Seat 3: Gabrielfs13 folded before Flop (didn't bet)
Seat 4: Prestoniuss (button) folded before Flop (didn't bet)
Seat 5: Head-Load (small blind) folded on the Flop
Seat 6: milfhunter1995 (big blind) folded on the Flop
Seat 7: sportsfish folded before Flop (didn't bet)
Seat 8: SenorValmano collected (56000)



PokerStars Hand #257306682627: Tournament #3913501859, $2.45+$2.45+$0.60 USD Hold'em No Limit - Level XXII (3500/7000) - 2025/08/11 19:02:09 BRT [2025/08/11 18:02:09 ET]
Table '3913501859 188' 8-max Seat #5 is the button
Seat 1: am3ise (209762 in chips) 
Seat 2: All_In_Payne (83478 in chips) 
Seat 3: Gabrielfs13 (327492 in chips) 
Seat 4: Prestoniuss (77480 in chips) 
Seat 5: Head-Load (175718 in chips) 
Seat 6: milfhunter1995 (326715 in chips) 
Seat 7: sportsfish (83756 in chips) 
Seat 8: SenorValmano (215589 in chips) 
am3ise: posts the ante 875
All_In_Payne: posts the ante 875
Gabrielfs13: posts the ante 875
Prestoniuss: posts the ante 875
Head-Load: posts the ante 875
milfhunter1995: posts the ante 875
sportsfish: posts the ante 875
SenorValmano: posts the ante 875
milfhunter1995: posts small blind 3500
sportsfish: posts big blind 7000
*** HOLE CARDS ***
Dealt to Gabrielfs13 [6s Qs]
SenorValmano: calls 7000
am3ise: calls 7000
All_In_Payne: folds 
Gabrielfs13: folds 
Prestoniuss: folds 
Head-Load: folds 
milfhunter1995: calls 3500
sportsfish: checks 
*** FLOP *** [8c 2d 7d]
milfhunter1995: checks 
sportsfish: checks 
SenorValmano: bets 11550
am3ise: folds 
milfhunter1995: folds 
sportsfish: calls 11550
*** TURN *** [8c 2d 7d] [Ac]
sportsfish: checks 
SenorValmano: bets 66500
sportsfish: folds 
Uncalled bet (66500) returned to SenorValmano
SenorValmano collected 58100 from pot
*** SUMMARY ***
Total pot 58100 | Rake 0 
Board [8c 2d 7d Ac]
Seat 1: am3ise folded on the Flop
Seat 2: All_In_Payne folded before Flop (didn't bet)
Seat 3: Gabrielfs13 folded before Flop (didn't bet)
Seat 4: Prestoniuss folded before Flop (didn't bet)
Seat 5: Head-Load (button) folded before Flop (didn't bet)
Seat 6: milfhunter1995 (small blind) folded on the Flop
Seat 7: sportsfish (big blind) folded on the Turn
Seat 8: SenorValmano collected (58100)



PokerStars Hand #257306699777: Tournament #3913501859, $2.45+$2.45+$0.60 USD Hold'em No Limit - Level XXIII (4000/8000) - 2025/08/11 19:03:27 BRT [2025/08/11 18:03:27 ET]
Table '3913501859 188' 8-max Seat #6 is the button
Seat 1: am3ise (201887 in chips) 
Seat 2: All_In_Payne (82603 in chips) 
Seat 3: Gabrielfs13 (326617 in chips) 
Seat 4: Prestoniuss (76605 in chips) 
Seat 5: Head-Load (174843 in chips) 
Seat 6: milfhunter1995 (318840 in chips) 
Seat 7: sportsfish (64331 in chips) 
Seat 8: SenorValmano (254264 in chips) 
am3ise: posts the ante 1000
All_In_Payne: posts the ante 1000
Gabrielfs13: posts the ante 1000
Prestoniuss: posts the ante 1000
Head-Load: posts the ante 1000
milfhunter1995: posts the ante 1000
sportsfish: posts the ante 1000
SenorValmano: posts the ante 1000
sportsfish: posts small blind 4000
SenorValmano: posts big blind 8000
*** HOLE CARDS ***
Dealt to Gabrielfs13 [5h Th]
am3ise: folds 
All_In_Payne: folds 
Gabrielfs13: folds 
Prestoniuss: folds 
Head-Load: raises 20000 to 28000
milfhunter1995: folds 
sportsfish: folds 
SenorValmano: folds 
Uncalled bet (20000) returned to Head-Load
Head-Load collected 28000 from pot
Head-Load: doesn't show hand 
*** SUMMARY ***
Total pot 28000 | Rake 0 
Seat 1: am3ise folded before Flop (didn't bet)
Seat 2: All_In_Payne folded before Flop (didn't bet)
Seat 3: Gabrielfs13 folded before Flop (didn't bet)
Seat 4: Prestoniuss folded before Flop (didn't bet)
Seat 5: Head-Load collected (28000)
Seat 6: milfhunter1995 (button) folded before Flop (didn't bet)
Seat 7: sportsfish (small blind) folded before Flop
Seat 8: SenorValmano (big blind) folded before Flop



PokerStars Hand #257306704244: Tournament #3913501859, $2.45+$2.45+$0.60 USD Hold'em No Limit - Level XXIII (4000/8000) - 2025/08/11 19:03:47 BRT [2025/08/11 18:03:47 ET]
Table '3913501859 188' 8-max Seat #7 is the button
Seat 1: am3ise (200887 in chips) 
Seat 2: All_In_Payne (81603 in chips) 
Seat 3: Gabrielfs13 (325617 in chips) 
Seat 4: Prestoniuss (75605 in chips) 
Seat 5: Head-Load (193843 in chips) 
Seat 6: milfhunter1995 (317840 in chips) 
Seat 7: sportsfish (59331 in chips) 
Seat 8: SenorValmano (245264 in chips) 
am3ise: posts the ante 1000
All_In_Payne: posts the ante 1000
Gabrielfs13: posts the ante 1000
Prestoniuss: posts the ante 1000
Head-Load: posts the ante 1000
milfhunter1995: posts the ante 1000
sportsfish: posts the ante 1000
SenorValmano: posts the ante 1000
SenorValmano: posts small blind 4000
am3ise: posts big blind 8000
*** HOLE CARDS ***
Dealt to Gabrielfs13 [As Kh]
All_In_Payne: folds 
Gabrielfs13: raises 8000 to 16000
Prestoniuss: folds 
Head-Load: calls 16000
milfhunter1995: folds 
sportsfish: folds 
SenorValmano: folds 
am3ise: calls 8000
*** FLOP *** [Tc 7d 9h]
am3ise: checks 
Gabrielfs13: checks 
Head-Load: checks 
*** TURN *** [Tc 7d 9h] [Kd]
am3ise: checks 
Gabrielfs13: bets 30000
Head-Load: folds 
am3ise: calls 30000
*** RIVER *** [Tc 7d 9h Kd] [9d]
am3ise: checks 
Gabrielfs13: bets 156000
am3ise: folds 
Uncalled bet (156000) returned to Gabrielfs13
Gabrielfs13 collected 120000 from pot
Gabrielfs13: doesn't show hand 
*** SUMMARY ***
Total pot 120000 | Rake 0 
Board [Tc 7d 9h Kd 9d]
Seat 1: am3ise (big blind) folded on the River
Seat 2: All_In_Payne folded before Flop (didn't bet)
Seat 3: Gabrielfs13 collected (120000)
Seat 4: Prestoniuss folded before Flop (didn't bet)
Seat 5: Head-Load folded on the Turn
Seat 6: milfhunter1995 folded before Flop (didn't bet)
Seat 7: sportsfish (button) folded before Flop (didn't bet)
Seat 8: SenorValmano (small blind) folded before Flop



PokerStars Hand #257306733403: Tournament #3913501859, $2.45+$2.45+$0.60 USD Hold'em No Limit - Level XXIII (4000/8000) - 2025/08/11 19:05:59 BRT [2025/08/11 18:05:59 ET]
Table '3913501859 188' 8-max Seat #8 is the button
Seat 1: am3ise (153887 in chips) 
Seat 2: All_In_Payne (80603 in chips) 
Seat 3: Gabrielfs13 (398617 in chips) 
Seat 4: Prestoniuss (74605 in chips) 
Seat 5: Head-Load (176843 in chips) 
Seat 6: milfhunter1995 (316840 in chips) 
Seat 7: sportsfish (58331 in chips) 
Seat 8: SenorValmano (240264 in chips) 
am3ise: posts the ante 1000
All_In_Payne: posts the ante 1000
Gabrielfs13: posts the ante 1000
Prestoniuss: posts the ante 1000
Head-Load: posts the ante 1000
milfhunter1995: posts the ante 1000
sportsfish: posts the ante 1000
SenorValmano: posts the ante 1000
am3ise: posts small blind 4000
All_In_Payne: posts big blind 8000
*** HOLE CARDS ***
Dealt to Gabrielfs13 [Jd 2s]
Gabrielfs13: folds 
Prestoniuss: folds 
Head-Load: folds 
milfhunter1995: folds 
sportsfish: folds 
SenorValmano: folds 
am3ise: raises 144887 to 152887 and is all-in
All_In_Payne: folds 
Uncalled bet (144887) returned to am3ise
am3ise collected 24000 from pot
am3ise: doesn't show hand 
*** SUMMARY ***
Total pot 24000 | Rake 0 
Seat 1: am3ise (small blind) collected (24000)
Seat 2: All_In_Payne (big blind) folded before Flop
Seat 3: Gabrielfs13 folded before Flop (didn't bet)
Seat 4: Prestoniuss folded before Flop (didn't bet)
Seat 5: Head-Load folded before Flop (didn't bet)
Seat 6: milfhunter1995 folded before Flop (didn't bet)
Seat 7: sportsfish folded before Flop (didn't bet)
Seat 8: SenorValmano (button) folded before Flop (didn't bet)



PokerStars Hand #257306741482: Tournament #3913501859, $2.45+$2.45+$0.60 USD Hold'em No Limit - Level XXIII (4000/8000) - 2025/08/11 19:06:36 BRT [2025/08/11 18:06:36 ET]
Table '3913501859 188' 8-max Seat #1 is the button
Seat 1: am3ise (168887 in chips) 
Seat 2: All_In_Payne (71603 in chips) 
Seat 3: Gabrielfs13 (397617 in chips) 
Seat 4: Prestoniuss (73605 in chips) 
Seat 5: Head-Load (175843 in chips) 
Seat 6: milfhunter1995 (315840 in chips) 
Seat 7: sportsfish (57331 in chips) 
Seat 8: SenorValmano (239264 in chips) 
am3ise: posts the ante 1000
All_In_Payne: posts the ante 1000
Gabrielfs13: posts the ante 1000
Prestoniuss: posts the ante 1000
Head-Load: posts the ante 1000
milfhunter1995: posts the ante 1000
sportsfish: posts the ante 1000
SenorValmano: posts the ante 1000
All_In_Payne: posts small blind 4000
Gabrielfs13: posts big blind 8000
*** HOLE CARDS ***
Dealt to Gabrielfs13 [Qh 7c]
Prestoniuss: folds 
Head-Load: folds 
milfhunter1995: raises 8000 to 16000
sportsfish: folds 
SenorValmano: calls 16000
am3ise: folds 
All_In_Payne: folds 
Gabrielfs13: calls 8000
*** FLOP *** [7d Qc Ts]
Gabrielfs13: checks 
milfhunter1995: bets 30000
SenorValmano: folds 
Gabrielfs13: raises 50000 to 80000
milfhunter1995: folds 
Uncalled bet (50000) returned to Gabrielfs13
Gabrielfs13 collected 120000 from pot
Gabrielfs13: doesn't show hand 
*** SUMMARY ***
Total pot 120000 | Rake 0 
Board [7d Qc Ts]
Seat 1: am3ise (button) folded before Flop (didn't bet)
Seat 2: All_In_Payne (small blind) folded before Flop
Seat 3: Gabrielfs13 (big blind) collected (120000)
Seat 4: Prestoniuss folded before Flop (didn't bet)
Seat 5: Head-Load folded before Flop (didn't bet)
Seat 6: milfhunter1995 folded on the Flop
Seat 7: sportsfish folded before Flop (didn't bet)
Seat 8: SenorValmano folded on the Flop



PokerStars Hand #257306761971: Tournament #3913501859, $2.45+$2.45+$0.60 USD Hold'em No Limit - Level XXIII (4000/8000) - 2025/08/11 19:08:09 BRT [2025/08/11 18:08:09 ET]
Table '3913501859 188' 8-max Seat #2 is the button
Seat 1: am3ise (167887 in chips) 
Seat 2: All_In_Payne (66603 in chips) 
Seat 3: Gabrielfs13 (470617 in chips) 
Seat 4: Prestoniuss (72605 in chips) 
Seat 5: Head-Load (174843 in chips) 
Seat 6: milfhunter1995 (268840 in chips) 
Seat 7: sportsfish (56331 in chips) 
Seat 8: SenorValmano (222264 in chips) 
am3ise: posts the ante 1000
All_In_Payne: posts the ante 1000
Gabrielfs13: posts the ante 1000
Prestoniuss: posts the ante 1000
Head-Load: posts the ante 1000
milfhunter1995: posts the ante 1000
sportsfish: posts the ante 1000
SenorValmano: posts the ante 1000
Gabrielfs13: posts small blind 4000
Prestoniuss: posts big blind 8000
*** HOLE CARDS ***
Dealt to Gabrielfs13 [Qs 3c]
Head-Load: folds 
milfhunter1995: folds 
sportsfish: folds 
SenorValmano: folds 
am3ise: raises 8000 to 16000
All_In_Payne: raises 49603 to 65603 and is all-in
Gabrielfs13: folds 
Prestoniuss: folds 
am3ise: calls 49603
*** FLOP *** [Tc 2c 6s]
*** TURN *** [Tc 2c 6s] [2d]
*** RIVER *** [Tc 2c 6s 2d] [Kh]
*** SHOW DOWN ***
am3ise: shows [9c As] (a pair of Deuces)
All_In_Payne: shows [9h Th] (two pair, Tens and Deuces)
All_In_Payne collected 151206 from pot
*** SUMMARY ***
Total pot 151206 | Rake 0 
Board [Tc 2c 6s 2d Kh]
Seat 1: am3ise showed [9c As] and lost with a pair of Deuces
Seat 2: All_In_Payne (button) showed [9h Th] and won (151206) with two pair, Tens and Deuces
Seat 3: Gabrielfs13 (small blind) folded before Flop
Seat 4: Prestoniuss (big blind) folded before Flop
Seat 5: Head-Load folded before Flop (didn't bet)
Seat 6: milfhunter1995 folded before Flop (didn't bet)
Seat 7: sportsfish folded before Flop (didn't bet)
Seat 8: SenorValmano folded before Flop (didn't bet)



PokerStars Hand #257306773479: Tournament #3913501859, $2.45+$2.45+$0.60 USD Hold'em No Limit - Level XXIII (4000/8000) - 2025/08/11 19:09:00 BRT [2025/08/11 18:09:00 ET]
Table '3913501859 188' 8-max Seat #3 is the button
Seat 1: am3ise (101284 in chips) 
Seat 2: All_In_Payne (151206 in chips) 
Seat 3: Gabrielfs13 (465617 in chips) 
Seat 4: Prestoniuss (63605 in chips) 
Seat 5: Head-Load (173843 in chips) 
Seat 6: milfhunter1995 (267840 in chips) 
Seat 7: sportsfish (55331 in chips) 
Seat 8: SenorValmano (221264 in chips) 
am3ise: posts the ante 1000
All_In_Payne: posts the ante 1000
Gabrielfs13: posts the ante 1000
Prestoniuss: posts the ante 1000
Head-Load: posts the ante 1000
milfhunter1995: posts the ante 1000
sportsfish: posts the ante 1000
SenorValmano: posts the ante 1000
Prestoniuss: posts small blind 4000
Head-Load: posts big blind 8000
*** HOLE CARDS ***
Dealt to Gabrielfs13 [2h 6c]
milfhunter1995: folds 
sportsfish: folds 
SenorValmano: calls 8000
am3ise: folds 
All_In_Payne: folds 
Gabrielfs13: folds 
Prestoniuss: folds 
Head-Load: checks 
*** FLOP *** [Ks 7c 5h]
Head-Load: checks 
SenorValmano: bets 10400
Head-Load: calls 10400
*** TURN *** [Ks 7c 5h] [Qc]
Head-Load: checks 
SenorValmano: checks 
*** RIVER *** [Ks 7c 5h Qc] [Ah]
Head-Load: bets 10640
SenorValmano: folds 
Uncalled bet (10640) returned to Head-Load
Head-Load collected 48800 from pot
Head-Load: doesn't show hand 
*** SUMMARY ***
Total pot 48800 | Rake 0 
Board [Ks 7c 5h Qc Ah]
Seat 1: am3ise folded before Flop (didn't bet)
Seat 2: All_In_Payne folded before Flop (didn't bet)
Seat 3: Gabrielfs13 (button) folded before Flop (didn't bet)
Seat 4: Prestoniuss (small blind) folded before Flop
Seat 5: Head-Load (big blind) collected (48800)
Seat 6: milfhunter1995 folded before Flop (didn't bet)
Seat 7: sportsfish folded before Flop (didn't bet)
Seat 8: SenorValmano folded on the River



PokerStars Hand #257306797432: Tournament #3913501859, $2.45+$2.45+$0.60 USD Hold'em No Limit - Level XXIV (5000/10000) - 2025/08/11 19:10:49 BRT [2025/08/11 18:10:49 ET]
Table '3913501859 188' 8-max Seat #4 is the button
Seat 1: am3ise (100284 in chips) 
Seat 2: All_In_Payne (150206 in chips) 
Seat 3: Gabrielfs13 (464617 in chips) 
Seat 4: Prestoniuss (58605 in chips) 
Seat 5: Head-Load (203243 in chips) 
Seat 6: milfhunter1995 (266840 in chips) 
Seat 7: sportsfish (54331 in chips) 
Seat 8: SenorValmano (201864 in chips) 
am3ise: posts the ante 1250
All_In_Payne: posts the ante 1250
Gabrielfs13: posts the ante 1250
Prestoniuss: posts the ante 1250
Head-Load: posts the ante 1250
milfhunter1995: posts the ante 1250
sportsfish: posts the ante 1250
SenorValmano: posts the ante 1250
Head-Load: posts small blind 5000
milfhunter1995: posts big blind 10000
*** HOLE CARDS ***
Dealt to Gabrielfs13 [4s Qc]
sportsfish: folds 
SenorValmano: folds 
am3ise: folds 
All_In_Payne: folds 
Gabrielfs13: folds 
Prestoniuss: folds 
Head-Load: calls 5000
milfhunter1995: raises 20000 to 30000
Head-Load: folds 
Uncalled bet (20000) returned to milfhunter1995
milfhunter1995 collected 30000 from pot
milfhunter1995: doesn't show hand 
*** SUMMARY ***
Total pot 30000 | Rake 0 
Seat 1: am3ise folded before Flop (didn't bet)
Seat 2: All_In_Payne folded before Flop (didn't bet)
Seat 3: Gabrielfs13 folded before Flop (didn't bet)
Seat 4: Prestoniuss (button) folded before Flop (didn't bet)
Seat 5: Head-Load (small blind) folded before Flop
Seat 6: milfhunter1995 (big blind) collected (30000)
Seat 7: sportsfish folded before Flop (didn't bet)
Seat 8: SenorValmano folded before Flop (didn't bet)



PokerStars Hand #257306805772: Tournament #3913501859, $2.45+$2.45+$0.60 USD Hold'em No Limit - Level XXIV (5000/10000) - 2025/08/11 19:11:27 BRT [2025/08/11 18:11:27 ET]
Table '3913501859 188' 8-max Seat #5 is the button
Seat 1: am3ise (99034 in chips) 
Seat 2: All_In_Payne (148956 in chips) 
Seat 3: Gabrielfs13 (463367 in chips) 
Seat 4: Prestoniuss (57355 in chips) 
Seat 5: Head-Load (191993 in chips) 
Seat 6: milfhunter1995 (285590 in chips) 
Seat 7: sportsfish (53081 in chips) 
Seat 8: SenorValmano (200614 in chips) 
am3ise: posts the ante 1250
All_In_Payne: posts the ante 1250
Gabrielfs13: posts the ante 1250
Prestoniuss: posts the ante 1250
Head-Load: posts the ante 1250
milfhunter1995: posts the ante 1250
sportsfish: posts the ante 1250
SenorValmano: posts the ante 1250
milfhunter1995: posts small blind 5000
sportsfish: posts big blind 10000
*** HOLE CARDS ***
Dealt to Gabrielfs13 [Jd Jh]
SenorValmano: folds 
am3ise: folds 
All_In_Payne: folds 
Gabrielfs13: raises 10000 to 20000
Prestoniuss: folds 
Head-Load: folds 
milfhunter1995: raises 264340 to 284340 and is all-in
sportsfish: calls 41831 and is all-in
Gabrielfs13: calls 264340
*** FLOP *** [8d Th 4h]
*** TURN *** [8d Th 4h] [Kh]
*** RIVER *** [8d Th 4h Kh] [3s]
*** SHOW DOWN ***
milfhunter1995: shows [Td As] (a pair of Tens)
Gabrielfs13: shows [Jd Jh] (a pair of Jacks)
Gabrielfs13 collected 465018 from side pot
sportsfish: shows [Qc 8s] (a pair of Eights)
Gabrielfs13 collected 165493 from main pot
Gabrielfs13 wins the $19.47 bounty for eliminating milfhunter1995
Gabrielfs13 wins the $3.09 bounty for eliminating sportsfish
milfhunter1995 finished the tournament in 483rd place and received $7.97.
sportsfish finished the tournament in 484th place and received $7.97.
*** SUMMARY ***
Total pot 630511 Main pot 165493. Side pot 465018. | Rake 0 
Board [8d Th 4h Kh 3s]
Seat 1: am3ise folded before Flop (didn't bet)
Seat 2: All_In_Payne folded before Flop (didn't bet)
Seat 3: Gabrielfs13 showed [Jd Jh] and won (630511) with a pair of Jacks
Seat 4: Prestoniuss folded before Flop (didn't bet)
Seat 5: Head-Load (button) folded before Flop (didn't bet)
Seat 6: milfhunter1995 (small blind) showed [Td As] and lost with a pair of Tens
Seat 7: sportsfish (big blind) showed [Qc 8s] and lost with a pair of Eights
Seat 8: SenorValmano folded before Flop (didn't bet)



PokerStars Hand #257306815192: Tournament #3913501859, $2.45+$2.45+$0.60 USD Hold'em No Limit - Level XXIV (5000/10000) - 2025/08/11 19:12:09 BRT [2025/08/11 18:12:09 ET]
Table '3913501859 188' 8-max Seat #8 is the button
Seat 1: am3ise (97784 in chips) 
Seat 2: All_In_Payne (147706 in chips) 
Seat 3: Gabrielfs13 (808288 in chips) 
Seat 4: Prestoniuss (56105 in chips) 
Seat 5: Head-Load (190743 in chips) 
Seat 7: NestofSpiders (716048 in chips) 
Seat 8: SenorValmano (199364 in chips) 
am3ise: posts the ante 1250
All_In_Payne: posts the ante 1250
Gabrielfs13: posts the ante 1250
Prestoniuss: posts the ante 1250
Head-Load: posts the ante 1250
NestofSpiders: posts the ante 1250
SenorValmano: posts the ante 1250
am3ise: posts small blind 5000
All_In_Payne: posts big blind 10000
*** HOLE CARDS ***
Dealt to Gabrielfs13 [3c 8d]
Raller260105 is disconnected 
Gabrielfs13: folds 
Prestoniuss: calls 10000
Head-Load: folds 
NestofSpiders: folds 
SenorValmano: raises 188114 to 198114 and is all-in
am3ise: folds 
All_In_Payne: folds 
Prestoniuss: folds 
Uncalled bet (188114) returned to SenorValmano
SenorValmano collected 43750 from pot
*** SUMMARY ***
Total pot 43750 | Rake 0 
Seat 1: am3ise (small blind) folded before Flop
Seat 2: All_In_Payne (big blind) folded before Flop
Seat 3: Gabrielfs13 folded before Flop (didn't bet)
Seat 4: Prestoniuss folded before Flop
Seat 5: Head-Load folded before Flop (didn't bet)
Seat 7: NestofSpiders folded before Flop (didn't bet)
Seat 8: SenorValmano (button) collected (43750)



PokerStars Hand #257306828004: Tournament #3913501859, $2.45+$2.45+$0.60 USD Hold'em No Limit - Level XXIV (5000/10000) - 2025/08/11 19:13:07 BRT [2025/08/11 18:13:07 ET]
Table '3913501859 188' 8-max Seat #1 is the button
Seat 1: am3ise (91534 in chips) 
Seat 2: All_In_Payne (136456 in chips) 
Seat 3: Gabrielfs13 (807038 in chips) 
Seat 4: Prestoniuss (44855 in chips) 
Seat 5: Head-Load (189493 in chips) 
Seat 6: Raller260105 (123865 in chips) 
Seat 7: NestofSpiders (714798 in chips) 
Seat 8: SenorValmano (231864 in chips) 
am3ise: posts the ante 1250
All_In_Payne: posts the ante 1250
Gabrielfs13: posts the ante 1250
Prestoniuss: posts the ante 1250
Head-Load: posts the ante 1250
Raller260105: posts the ante 1250
NestofSpiders: posts the ante 1250
SenorValmano: posts the ante 1250
All_In_Payne: posts small blind 5000
Gabrielfs13: posts big blind 10000
*** HOLE CARDS ***
Dealt to Gabrielfs13 [7c Qs]
Prestoniuss: raises 33605 to 43605 and is all-in
Head-Load: folds 
Raller260105: folds 
NestofSpiders: folds 
SenorValmano: raises 187009 to 230614 and is all-in
am3ise: folds 
All_In_Payne: calls 130206 and is all-in
Gabrielfs13: calls 220614
*** FLOP *** [6h Th 2d]
*** TURN *** [6h Th 2d] [6s]
*** RIVER *** [6h Th 2d 6s] [Kh]
*** SHOW DOWN ***
Gabrielfs13: shows [7c Qs] (a pair of Sixes)
SenorValmano: shows [Qd Jc] (a pair of Sixes - King+Queen+Jack kicker)
SenorValmano collected 190816 from side pot-2 
All_In_Payne: shows [Ac Ks] (two pair, Kings and Sixes)
All_In_Payne collected 274803 from side pot-1 
Prestoniuss: shows [Qh Qc] (two pair, Queens and Sixes)
All_In_Payne collected 184420 from main pot
All_In_Payne wins the $3.09 bounty for eliminating Prestoniuss
Prestoniuss finished the tournament in 465th place and received $7.97.
*** SUMMARY ***
Total pot 650039 Main pot 184420. Side pot-1 274803. Side pot-2 190816. | Rake 0 
Board [6h Th 2d 6s Kh]
Seat 1: am3ise (button) folded before Flop (didn't bet)
Seat 2: All_In_Payne (small blind) showed [Ac Ks] and won (459223) with two pair, Kings and Sixes
Seat 3: Gabrielfs13 (big blind) showed [7c Qs] and lost with a pair of Sixes
Seat 4: Prestoniuss showed [Qh Qc] and lost with two pair, Queens and Sixes
Seat 5: Head-Load folded before Flop (didn't bet)
Seat 6: Raller260105 folded before Flop (didn't bet)
Seat 7: NestofSpiders folded before Flop (didn't bet)
Seat 8: SenorValmano showed [Qd Jc] and won (190816) with a pair of Sixes



PokerStars Hand #257306854726: Tournament #3913501859, $2.45+$2.45+$0.60 USD Hold'em No Limit - Level XXIV (5000/10000) - 2025/08/11 19:15:08 BRT [2025/08/11 18:15:08 ET]
Table '3913501859 156' 8-max Seat #1 is the button
Seat 1: bintman23 (97709 in chips) 
Seat 2: aguzo90 (392283 in chips) 
Seat 3: ferscu (305952 in chips) 
Seat 4: Hiago Henker (683689 in chips) 
Seat 5: Operwin (99094 in chips) 
Seat 6: JardelCabral (334371 in chips) 
Seat 7: elerson10 (770988 in chips) 
Seat 8: Gabrielfs13 (575174 in chips) 
bintman23: posts the ante 1250
aguzo90: posts the ante 1250
ferscu: posts the ante 1250
Hiago Henker: posts the ante 1250
Operwin: posts the ante 1250
JardelCabral: posts the ante 1250
elerson10: posts the ante 1250
Gabrielfs13: posts the ante 1250
aguzo90: posts small blind 5000
ferscu: posts big blind 10000
*** HOLE CARDS ***
Dealt to Gabrielfs13 [7s Kh]
Hiago Henker: raises 20000 to 30000
Operwin: folds 
JardelCabral: folds 
elerson10: folds 
Gabrielfs13: folds 
bintman23: folds 
aguzo90: folds 
ferscu: folds 
Uncalled bet (20000) returned to Hiago Henker
Hiago Henker collected 35000 from pot
*** SUMMARY ***
Total pot 35000 | Rake 0 
Seat 1: bintman23 (button) folded before Flop (didn't bet)
Seat 2: aguzo90 (small blind) folded before Flop
Seat 3: ferscu (big blind) folded before Flop
Seat 4: Hiago Henker collected (35000)
Seat 5: Operwin folded before Flop (didn't bet)
Seat 6: JardelCabral folded before Flop (didn't bet)
Seat 7: elerson10 folded before Flop (didn't bet)
Seat 8: Gabrielfs13 folded before Flop (didn't bet)



PokerStars Hand #257306859048: Tournament #3913501859, $2.45+$2.45+$0.60 USD Hold'em No Limit - Level XXV (6000/12000) - 2025/08/11 19:15:28 BRT [2025/08/11 18:15:28 ET]
Table '3913501859 156' 8-max Seat #2 is the button
Seat 1: bintman23 (96459 in chips) 
Seat 2: aguzo90 (386033 in chips) 
Seat 3: ferscu (294702 in chips) 
Seat 4: Hiago Henker (707439 in chips) 
Seat 5: Operwin (97844 in chips) 
Seat 6: JardelCabral (333121 in chips) 
Seat 7: elerson10 (769738 in chips) 
Seat 8: Gabrielfs13 (573924 in chips) 
bintman23: posts the ante 1500
aguzo90: posts the ante 1500
ferscu: posts the ante 1500
Hiago Henker: posts the ante 1500
Operwin: posts the ante 1500
JardelCabral: posts the ante 1500
elerson10: posts the ante 1500
Gabrielfs13: posts the ante 1500
ferscu: posts small blind 6000
Hiago Henker: posts big blind 12000
*** HOLE CARDS ***
Dealt to Gabrielfs13 [7c Ts]
Operwin: folds 
JardelCabral: raises 12000 to 24000
elerson10: calls 24000
Gabrielfs13: folds 
bintman23: folds 
aguzo90: calls 24000
ferscu: folds 
Hiago Henker: raises 48000 to 72000
JardelCabral: folds 
elerson10: folds 
aguzo90: folds 
Uncalled bet (48000) returned to Hiago Henker
Hiago Henker collected 114000 from pot
*** SUMMARY ***
Total pot 114000 | Rake 0 
Seat 1: bintman23 folded before Flop (didn't bet)
Seat 2: aguzo90 (button) folded before Flop
Seat 3: ferscu (small blind) folded before Flop
Seat 4: Hiago Henker (big blind) collected (114000)
Seat 5: Operwin folded before Flop (didn't bet)
Seat 6: JardelCabral folded before Flop
Seat 7: elerson10 folded before Flop
Seat 8: Gabrielfs13 folded before Flop (didn't bet)



PokerStars Hand #257306870879: Tournament #3913501859, $2.45+$2.45+$0.60 USD Hold'em No Limit - Level XXV (6000/12000) - 2025/08/11 19:16:23 BRT [2025/08/11 18:16:23 ET]
Table '3913501859 156' 8-max Seat #3 is the button
Seat 1: bintman23 (94959 in chips) 
Seat 2: aguzo90 (360533 in chips) 
Seat 3: ferscu (287202 in chips) 
Seat 4: Hiago Henker (795939 in chips) 
Seat 5: Operwin (96344 in chips) 
Seat 6: JardelCabral (307621 in chips) 
Seat 7: elerson10 (744238 in chips) 
Seat 8: Gabrielfs13 (572424 in chips) 
bintman23: posts the ante 1500
aguzo90: posts the ante 1500
ferscu: posts the ante 1500
Hiago Henker: posts the ante 1500
Operwin: posts the ante 1500
JardelCabral: posts the ante 1500
elerson10: posts the ante 1500
Gabrielfs13: posts the ante 1500
Hiago Henker: posts small blind 6000
Operwin: posts big blind 12000
*** HOLE CARDS ***
Dealt to Gabrielfs13 [5s Ad]
JardelCabral: folds 
elerson10: folds 
Gabrielfs13: raises 12000 to 24000
bintman23: folds 
aguzo90: folds 
ferscu: calls 24000
Hiago Henker: folds 
Operwin: raises 12000 to 36000
Gabrielfs13: raises 534924 to 570924 and is all-in
ferscu: calls 261702 and is all-in
Operwin: calls 58844 and is all-in
Uncalled bet (285222) returned to Gabrielfs13
*** FLOP *** [5h Ks 4d]
*** TURN *** [5h Ks 4d] [9h]
*** RIVER *** [5h Ks 4d 9h] [2h]
*** SHOW DOWN ***
Gabrielfs13: shows [5s Ad] (a pair of Fives)
ferscu: shows [Ac Tc] (high card Ace)
Gabrielfs13 collected 381716 from side pot
Operwin: shows [3h 3d] (a pair of Threes)
Gabrielfs13 collected 302532 from main pot
Gabrielfs13 wins the $3.09 bounty for eliminating ferscu
Gabrielfs13 wins the $3.09 bounty for eliminating Operwin
ferscu finished the tournament in 414th place and received $7.97.
Operwin finished the tournament in 415th place and received $7.97.
mpampisspeed is disconnected 
*** SUMMARY ***
Total pot 684248 Main pot 302532. Side pot 381716. | Rake 0 
Board [5h Ks 4d 9h 2h]
Seat 1: bintman23 folded before Flop (didn't bet)
Seat 2: aguzo90 folded before Flop (didn't bet)
Seat 3: ferscu (button) showed [Ac Tc] and lost with high card Ace
Seat 4: Hiago Henker (small blind) folded before Flop
Seat 5: Operwin (big blind) showed [3h 3d] and lost with a pair of Threes
Seat 6: JardelCabral folded before Flop (didn't bet)
Seat 7: elerson10 folded before Flop (didn't bet)
Seat 8: Gabrielfs13 showed [5s Ad] and won (684248) with a pair of Fives



PokerStars Hand #257306878861: Tournament #3913501859, $2.45+$2.45+$0.60 USD Hold'em No Limit - Level XXV (6000/12000) - 2025/08/11 19:16:59 BRT [2025/08/11 18:16:59 ET]
Table '3913501859 156' 8-max Seat #4 is the button
Seat 1: bintman23 (93459 in chips) 
Seat 2: aguzo90 (359033 in chips) 
Seat 4: Hiago Henker (788439 in chips) 
Seat 5: mpampisspeed (185500 in chips) out of hand (moved from another table into small blind)
Seat 6: JardelCabral (306121 in chips) 
Seat 7: elerson10 (742738 in chips) 
Seat 8: Gabrielfs13 (969470 in chips) 
mpampisspeed will be allowed to play after the button
bintman23: posts the ante 1500
aguzo90: posts the ante 1500
Hiago Henker: posts the ante 1500
JardelCabral: posts the ante 1500
elerson10: posts the ante 1500
Gabrielfs13: posts the ante 1500
JardelCabral: posts small blind 6000
elerson10: posts big blind 12000
*** HOLE CARDS ***
Dealt to Gabrielfs13 [8d Jd]
Gabrielfs13: raises 12000 to 24000
bintman23: folds 
aguzo90: folds 
Hiago Henker: calls 24000
JardelCabral: folds 
Benitoj19 is disconnected 
elerson10: calls 12000
*** FLOP *** [5c 2h 4d]
elerson10: checks 
aguzo90 is disconnected 
Gabrielfs13: checks 
Hiago Henker: bets 48000
elerson10: calls 48000
Gabrielfs13: folds 
*** TURN *** [5c 2h 4d] [Qd]
elerson10: checks 
aguzo90 is disconnected 
Hiago Henker: bets 36000
elerson10: raises 75600 to 111600
Hiago Henker: folds 
Uncalled bet (75600) returned to elerson10
elerson10 collected 255000 from pot
elerson10: doesn't show hand 
*** SUMMARY ***
Total pot 255000 | Rake 0 
Board [5c 2h 4d Qd]
Seat 1: bintman23 folded before Flop (didn't bet)
Seat 2: aguzo90 folded before Flop (didn't bet)
Seat 4: Hiago Henker (button) folded on the Turn
Seat 6: JardelCabral (small blind) folded before Flop
Seat 7: elerson10 (big blind) collected (255000)
Seat 8: Gabrielfs13 folded on the Flop



PokerStars Hand #257306892511: Tournament #3913501859, $2.45+$2.45+$0.60 USD Hold'em No Limit - Level XXV (6000/12000) - 2025/08/11 19:18:02 BRT [2025/08/11 18:18:02 ET]
Table '3913501859 156' 8-max Seat #6 is the button
Seat 1: bintman23 (91959 in chips) 
Seat 2: aguzo90 (357533 in chips) 
Seat 3: Benitoj19 (279931 in chips) 
Seat 4: Hiago Henker (678939 in chips) 
Seat 5: mpampisspeed (185500 in chips) 
Seat 6: JardelCabral (298621 in chips) 
Seat 7: elerson10 (888238 in chips) 
Seat 8: Gabrielfs13 (943970 in chips) 
bintman23: posts the ante 1500
aguzo90: posts the ante 1500
Benitoj19: posts the ante 1500
Hiago Henker: posts the ante 1500
mpampisspeed: posts the ante 1500
JardelCabral: posts the ante 1500
elerson10: posts the ante 1500
Gabrielfs13: posts the ante 1500
elerson10: posts small blind 6000
Gabrielfs13: posts big blind 12000
*** HOLE CARDS ***
Dealt to Gabrielfs13 [3s As]
bintman23: folds 
aguzo90: folds 
aguzo90 is disconnected 
Benitoj19: folds 
Hiago Henker: raises 36000 to 48000
mpampisspeed: folds 
aguzo90 is disconnected 
JardelCabral: folds 
elerson10: calls 42000
Gabrielfs13: calls 36000
*** FLOP *** [8h 9c Ac]
elerson10: checks 
Gabrielfs13: checks 
Hiago Henker: bets 12000
elerson10: raises 114000 to 126000
Gabrielfs13: folds 
Hiago Henker: raises 503439 to 629439 and is all-in
elerson10: calls 503439
*** TURN *** [8h 9c Ac] [2s]
*** RIVER *** [8h 9c Ac 2s] [Js]
*** SHOW DOWN ***
elerson10: shows [8d 8s] (three of a kind, Eights)
Hiago Henker: shows [Jh Ts] (a pair of Jacks)
elerson10 collected 1414878 from pot
elerson10 wins the $19.47 bounty for eliminating Hiago Henker
Hiago Henker finished the tournament in 372nd place and received $7.97.
*** SUMMARY ***
Total pot 1414878 | Rake 0 
Board [8h 9c Ac 2s Js]
Seat 1: bintman23 folded before Flop (didn't bet)
Seat 2: aguzo90 folded before Flop (didn't bet)
Seat 3: Benitoj19 folded before Flop (didn't bet)
Seat 4: Hiago Henker showed [Jh Ts] and lost with a pair of Jacks
Seat 5: mpampisspeed folded before Flop (didn't bet)
Seat 6: JardelCabral (button) folded before Flop (didn't bet)
Seat 7: elerson10 (small blind) showed [8d 8s] and won (1414878) with three of a kind, Eights
Seat 8: Gabrielfs13 (big blind) folded on the Flop



PokerStars Hand #257306914675: Tournament #3913501859, $2.45+$2.45+$0.60 USD Hold'em No Limit - Level XXV (6000/12000) - 2025/08/11 19:19:44 BRT [2025/08/11 18:19:44 ET]
Table '3913501859 156' 8-max Seat #7 is the button
Seat 1: bintman23 (90459 in chips) 
Seat 2: aguzo90 (356033 in chips) 
Seat 3: Benitoj19 (278431 in chips) 
Seat 5: mpampisspeed (184000 in chips) 
Seat 6: JardelCabral (297121 in chips) 
Seat 7: elerson10 (1624177 in chips) 
Seat 8: Gabrielfs13 (894470 in chips) 
bintman23: posts the ante 1500
aguzo90: posts the ante 1500
Benitoj19: posts the ante 1500
mpampisspeed: posts the ante 1500
JardelCabral: posts the ante 1500
elerson10: posts the ante 1500
Gabrielfs13: posts the ante 1500
Gabrielfs13: posts small blind 6000
bintman23: posts big blind 12000
*** HOLE CARDS ***
Dealt to Gabrielfs13 [Kd Qc]
aguzo90: folds 
Benitoj19: folds 
mpampisspeed: raises 40500 to 52500
JardelCabral: folds 
elerson10: folds 
Gabrielfs13: raises 840470 to 892970 and is all-in
bintman23: folds 
mpampisspeed: calls 130000 and is all-in
Uncalled bet (710470) returned to Gabrielfs13
*** FLOP *** [2h Ad 6h]
*** TURN *** [2h Ad 6h] [4c]
*** RIVER *** [2h Ad 6h 4c] [Td]
*** SHOW DOWN ***
Gabrielfs13: shows [Kd Qc] (high card Ace)
mpampisspeed: shows [5h Ah] (a pair of Aces)
mpampisspeed collected 387500 from pot
*** SUMMARY ***
Total pot 387500 | Rake 0 
Board [2h Ad 6h 4c Td]
Seat 1: bintman23 (big blind) folded before Flop
Seat 2: aguzo90 folded before Flop (didn't bet)
Seat 3: Benitoj19 folded before Flop (didn't bet)
Seat 5: mpampisspeed showed [5h Ah] and won (387500) with a pair of Aces
Seat 6: JardelCabral folded before Flop (didn't bet)
Seat 7: elerson10 (button) folded before Flop (didn't bet)
Seat 8: Gabrielfs13 (small blind) showed [Kd Qc] and lost with high card Ace



PokerStars Hand #257306924565: Tournament #3913501859, $2.45+$2.45+$0.60 USD Hold'em No Limit - Level XXV (6000/12000) - 2025/08/11 19:20:29 BRT [2025/08/11 18:20:29 ET]
Table '3913501859 156' 8-max Seat #8 is the button
Seat 1: bintman23 (76959 in chips) 
Seat 2: aguzo90 (354533 in chips) 
Seat 3: Benitoj19 (276931 in chips) 
Seat 4: mikip32 (412635 in chips) 
Seat 5: mpampisspeed (387500 in chips) 
Seat 6: JardelCabral (295621 in chips) 
Seat 7: elerson10 (1622677 in chips) 
Seat 8: Gabrielfs13 (710470 in chips) 
bintman23: posts the ante 1500
aguzo90: posts the ante 1500
Benitoj19: posts the ante 1500
mikip32: posts the ante 1500
mpampisspeed: posts the ante 1500
JardelCabral: posts the ante 1500
elerson10: posts the ante 1500
Gabrielfs13: posts the ante 1500
bintman23: posts small blind 6000
aguzo90: posts big blind 12000
*** HOLE CARDS ***
Dealt to Gabrielfs13 [6h 2c]
Benitoj19: raises 263431 to 275431 and is all-in
mikip32: folds 
mpampisspeed: folds 
JardelCabral: folds 
elerson10: folds 
Gabrielfs13: folds 
bintman23: calls 69459 and is all-in
aguzo90: calls 263431
*** FLOP *** [Jd Kc 7h]
*** TURN *** [Jd Kc 7h] [Th]
*** RIVER *** [Jd Kc 7h Th] [Kd]
*** SHOW DOWN ***
aguzo90: shows [Ks As] (three of a kind, Kings)
Benitoj19: shows [Jc Ad] (two pair, Kings and Jacks)
aguzo90 collected 399944 from side pot
bintman23: shows [4h 4c] (two pair, Kings and Fours)
aguzo90 collected 238377 from main pot
aguzo90 wins the $3.09 bounty for eliminating bintman23
aguzo90 wins the $3.09 bounty for eliminating Benitoj19
Benitoj19 finished the tournament in 357th place and received $8.76.
bintman23 finished the tournament in 358th place and received $8.76.
*** SUMMARY ***
Total pot 638321 Main pot 238377. Side pot 399944. | Rake 0 
Board [Jd Kc 7h Th Kd]
Seat 1: bintman23 (small blind) showed [4h 4c] and lost with two pair, Kings and Fours
Seat 2: aguzo90 (big blind) showed [Ks As] and won (638321) with three of a kind, Kings
Seat 3: Benitoj19 showed [Jc Ad] and lost with two pair, Kings and Jacks
Seat 4: mikip32 folded before Flop (didn't bet)
Seat 5: mpampisspeed folded before Flop (didn't bet)
Seat 6: JardelCabral folded before Flop (didn't bet)
Seat 7: elerson10 folded before Flop (didn't bet)
Seat 8: Gabrielfs13 (button) folded before Flop (didn't bet)



PokerStars Hand #257306932538: Tournament #3913501859, $2.45+$2.45+$0.60 USD Hold'em No Limit - Level XXV (6000/12000) - 2025/08/11 19:21:06 BRT [2025/08/11 18:21:06 ET]
Table '3913501859 156' 8-max Seat #2 is the button
Seat 2: aguzo90 (715923 in chips) 
Seat 4: mikip32 (411135 in chips) 
Seat 5: mpampisspeed (386000 in chips) 
Seat 6: JardelCabral (294121 in chips) 
Seat 7: elerson10 (1621177 in chips) 
Seat 8: Gabrielfs13 (708970 in chips) 
aguzo90: posts the ante 1500
mikip32: posts the ante 1500
mpampisspeed: posts the ante 1500
JardelCabral: posts the ante 1500
elerson10: posts the ante 1500
Gabrielfs13: posts the ante 1500
mikip32: posts small blind 6000
mpampisspeed: posts big blind 12000
*** HOLE CARDS ***
Dealt to Gabrielfs13 [4d Jc]
decarone is disconnected 
rynacher2 is disconnected 
JardelCabral: raises 12000 to 24000
elerson10: folds 
Gabrielfs13: folds 
aguzo90: folds 
mikip32: folds 
mpampisspeed: folds 
Uncalled bet (12000) returned to JardelCabral
JardelCabral collected 39000 from pot
*** SUMMARY ***
Total pot 39000 | Rake 0 
Seat 2: aguzo90 (button) folded before Flop (didn't bet)
Seat 4: mikip32 (small blind) folded before Flop
Seat 5: mpampisspeed (big blind) folded before Flop
Seat 6: JardelCabral collected (39000)
Seat 7: elerson10 folded before Flop (didn't bet)
Seat 8: Gabrielfs13 folded before Flop (didn't bet)



PokerStars Hand #257306940283: Tournament #3913501859, $2.45+$2.45+$0.60 USD Hold'em No Limit - Level XXVI (7000/14000) - 2025/08/11 19:21:42 BRT [2025/08/11 18:21:42 ET]
Table '3913501859 156' 8-max Seat #4 is the button
Seat 1: rynacher2 (541738 in chips) 
Seat 2: aguzo90 (714423 in chips) 
Seat 3: decarone (694528 in chips) 
Seat 4: mikip32 (403635 in chips) 
Seat 5: mpampisspeed (372500 in chips) 
Seat 6: JardelCabral (319621 in chips) 
Seat 7: elerson10 (1619677 in chips) 
Seat 8: Gabrielfs13 (707470 in chips) 
rynacher2: posts the ante 1750
aguzo90: posts the ante 1750
decarone: posts the ante 1750
mikip32: posts the ante 1750
mpampisspeed: posts the ante 1750
JardelCabral: posts the ante 1750
elerson10: posts the ante 1750
Gabrielfs13: posts the ante 1750
mpampisspeed: posts small blind 7000
JardelCabral: posts big blind 14000
*** HOLE CARDS ***
Dealt to Gabrielfs13 [Td 4c]
elerson10: folds 
Gabrielfs13: folds 
rynacher2: folds 
aguzo90: folds 
decarone: folds 
mikip32: folds 
mpampisspeed: raises 14000 to 28000
JardelCabral: calls 14000
*** FLOP *** [Ac 8h 7d]
mpampisspeed: bets 42000
JardelCabral: folds 
Uncalled bet (42000) returned to mpampisspeed
mpampisspeed collected 70000 from pot
mpampisspeed: doesn't show hand 
*** SUMMARY ***
Total pot 70000 | Rake 0 
Board [Ac 8h 7d]
Seat 1: rynacher2 folded before Flop (didn't bet)
Seat 2: aguzo90 folded before Flop (didn't bet)
Seat 3: decarone folded before Flop (didn't bet)
Seat 4: mikip32 (button) folded before Flop (didn't bet)
Seat 5: mpampisspeed (small blind) collected (70000)
Seat 6: JardelCabral (big blind) folded on the Flop
Seat 7: elerson10 folded before Flop (didn't bet)
Seat 8: Gabrielfs13 folded before Flop (didn't bet)



PokerStars Hand #257306948764: Tournament #3913501859, $2.45+$2.45+$0.60 USD Hold'em No Limit - Level XXVI (7000/14000) - 2025/08/11 19:22:21 BRT [2025/08/11 18:22:21 ET]
Table '3913501859 156' 8-max Seat #5 is the button
Seat 1: rynacher2 (539988 in chips) 
Seat 2: aguzo90 (712673 in chips) 
Seat 3: decarone (692778 in chips) 
Seat 4: mikip32 (401885 in chips) 
Seat 5: mpampisspeed (412750 in chips) 
Seat 6: JardelCabral (289871 in chips) 
Seat 7: elerson10 (1617927 in chips) 
Seat 8: Gabrielfs13 (705720 in chips) 
rynacher2: posts the ante 1750
aguzo90: posts the ante 1750
decarone: posts the ante 1750
mikip32: posts the ante 1750
mpampisspeed: posts the ante 1750
JardelCabral: posts the ante 1750
elerson10: posts the ante 1750
Gabrielfs13: posts the ante 1750
JardelCabral: posts small blind 7000
elerson10: posts big blind 14000
*** HOLE CARDS ***
Dealt to Gabrielfs13 [Qs 3h]
Gabrielfs13: folds 
rynacher2: folds 
aguzo90: folds 
decarone: folds 
mikip32: raises 14000 to 28000
mpampisspeed: folds 
aguzo90 is disconnected 
JardelCabral: folds 
elerson10: folds 
Uncalled bet (14000) returned to mikip32
mikip32 collected 49000 from pot
*** SUMMARY ***
Total pot 49000 | Rake 0 
Seat 1: rynacher2 folded before Flop (didn't bet)
Seat 2: aguzo90 folded before Flop (didn't bet)
Seat 3: decarone folded before Flop (didn't bet)
Seat 4: mikip32 collected (49000)
Seat 5: mpampisspeed (button) folded before Flop (didn't bet)
Seat 6: JardelCabral (small blind) folded before Flop
Seat 7: elerson10 (big blind) folded before Flop
Seat 8: Gabrielfs13 folded before Flop (didn't bet)



PokerStars Hand #257306954051: Tournament #3913501859, $2.45+$2.45+$0.60 USD Hold'em No Limit - Level XXVI (7000/14000) - 2025/08/11 19:22:45 BRT [2025/08/11 18:22:45 ET]
Table '3913501859 156' 8-max Seat #6 is the button
Seat 1: rynacher2 (538238 in chips) 
Seat 2: aguzo90 (710923 in chips) 
Seat 3: decarone (691028 in chips) 
Seat 4: mikip32 (435135 in chips) 
Seat 5: mpampisspeed (411000 in chips) 
Seat 6: JardelCabral (281121 in chips) 
Seat 7: elerson10 (1602177 in chips) 
Seat 8: Gabrielfs13 (703970 in chips) 
rynacher2: posts the ante 1750
aguzo90: posts the ante 1750
decarone: posts the ante 1750
mikip32: posts the ante 1750
mpampisspeed: posts the ante 1750
JardelCabral: posts the ante 1750
elerson10: posts the ante 1750
Gabrielfs13: posts the ante 1750
elerson10: posts small blind 7000
Gabrielfs13: posts big blind 14000
*** HOLE CARDS ***
Dealt to Gabrielfs13 [3h 6c]
aguzo90 is disconnected 
rynacher2: folds 
aguzo90: folds 
decarone: folds 
mikip32: folds 
mpampisspeed: folds 
aguzo90 is disconnected 
JardelCabral: raises 14000 to 28000
elerson10: calls 21000
Gabrielfs13: calls 14000
*** FLOP *** [Ah 7c 9h]
aguzo90 is disconnected 
elerson10: checks 
Gabrielfs13: checks 
JardelCabral: checks 
*** TURN *** [Ah 7c 9h] [Jc]
elerson10: checks 
Gabrielfs13: checks 
JardelCabral: checks 
*** RIVER *** [Ah 7c 9h Jc] [2h]
elerson10: bets 64680
Gabrielfs13: folds 
JardelCabral: folds 
Uncalled bet (64680) returned to elerson10
elerson10 collected 98000 from pot
elerson10: doesn't show hand 
*** SUMMARY ***
Total pot 98000 | Rake 0 
Board [Ah 7c 9h Jc 2h]
Seat 1: rynacher2 folded before Flop (didn't bet)
Seat 2: aguzo90 folded before Flop (didn't bet)
Seat 3: decarone folded before Flop (didn't bet)
Seat 4: mikip32 folded before Flop (didn't bet)
Seat 5: mpampisspeed folded before Flop (didn't bet)
Seat 6: JardelCabral (button) folded on the River
Seat 7: elerson10 (small blind) collected (98000)
Seat 8: Gabrielfs13 (big blind) folded on the River



PokerStars Hand #257306971927: Tournament #3913501859, $2.45+$2.45+$0.60 USD Hold'em No Limit - Level XXVI (7000/14000) - 2025/08/11 19:24:07 BRT [2025/08/11 18:24:07 ET]
Table '3913501859 156' 8-max Seat #7 is the button
Seat 1: rynacher2 (536488 in chips) 
Seat 2: aguzo90 (709173 in chips) 
Seat 3: decarone (689278 in chips) 
Seat 4: mikip32 (433385 in chips) 
Seat 5: mpampisspeed (409250 in chips) 
Seat 6: JardelCabral (251371 in chips) 
Seat 7: elerson10 (1670427 in chips) 
Seat 8: Gabrielfs13 (674220 in chips) 
rynacher2: posts the ante 1750
aguzo90: posts the ante 1750
decarone: posts the ante 1750
mikip32: posts the ante 1750
mpampisspeed: posts the ante 1750
JardelCabral: posts the ante 1750
elerson10: posts the ante 1750
Gabrielfs13: posts the ante 1750
Gabrielfs13: posts small blind 7000
rynacher2: posts big blind 14000
*** HOLE CARDS ***
Dealt to Gabrielfs13 [Kh 5s]
aguzo90: folds 
decarone: folds 
aguzo90 is disconnected 
mikip32: folds 
mpampisspeed: folds 
JardelCabral: folds 
elerson10: raises 14000 to 28000
Gabrielfs13: folds 
rynacher2: folds 
Uncalled bet (14000) returned to elerson10
elerson10 collected 49000 from pot
elerson10: doesn't show hand 
aguzo90 is disconnected 
*** SUMMARY ***
Total pot 49000 | Rake 0 
Seat 1: rynacher2 (big blind) folded before Flop
Seat 2: aguzo90 folded before Flop (didn't bet)
Seat 3: decarone folded before Flop (didn't bet)
Seat 4: mikip32 folded before Flop (didn't bet)
Seat 5: mpampisspeed folded before Flop (didn't bet)
Seat 6: JardelCabral folded before Flop (didn't bet)
Seat 7: elerson10 (button) collected (49000)
Seat 8: Gabrielfs13 (small blind) folded before Flop



PokerStars Hand #257306980233: Tournament #3913501859, $2.45+$2.45+$0.60 USD Hold'em No Limit - Level XXVI (7000/14000) - 2025/08/11 19:24:45 BRT [2025/08/11 18:24:45 ET]
Table '3913501859 156' 8-max Seat #8 is the button
Seat 1: rynacher2 (520738 in chips) 
Seat 2: aguzo90 (707423 in chips) 
Seat 3: decarone (687528 in chips) 
Seat 4: mikip32 (431635 in chips) 
Seat 5: mpampisspeed (407500 in chips) 
Seat 6: JardelCabral (249621 in chips) 
Seat 7: elerson10 (1703677 in chips) 
Seat 8: Gabrielfs13 (665470 in chips) 
rynacher2: posts the ante 1750
aguzo90: posts the ante 1750
decarone: posts the ante 1750
mikip32: posts the ante 1750
mpampisspeed: posts the ante 1750
JardelCabral: posts the ante 1750
elerson10: posts the ante 1750
Gabrielfs13: posts the ante 1750
rynacher2: posts small blind 7000
aguzo90: posts big blind 14000
*** HOLE CARDS ***
Dealt to Gabrielfs13 [9h 4c]
decarone: folds 
mikip32: folds 
mpampisspeed: folds 
JardelCabral: raises 14000 to 28000
elerson10: folds 
Gabrielfs13: folds 
rynacher2: folds 
aguzo90: calls 14000
*** FLOP *** [5h Ts 5d]
aguzo90: checks 
JardelCabral: bets 24500
aguzo90: calls 24500
*** TURN *** [5h Ts 5d] [6c]
aguzo90: checks 
JardelCabral: checks 
*** RIVER *** [5h Ts 5d 6c] [Js]
aguzo90: bets 63000
JardelCabral: calls 63000
*** SHOW DOWN ***
aguzo90: shows [7c Td] (two pair, Tens and Fives)
JardelCabral: shows [Ac Ad] (two pair, Aces and Fives)
JardelCabral collected 252000 from pot
*** SUMMARY ***
Total pot 252000 | Rake 0 
Board [5h Ts 5d 6c Js]
Seat 1: rynacher2 (small blind) folded before Flop
Seat 2: aguzo90 (big blind) showed [7c Td] and lost with two pair, Tens and Fives
Seat 3: decarone folded before Flop (didn't bet)
Seat 4: mikip32 folded before Flop (didn't bet)
Seat 5: mpampisspeed folded before Flop (didn't bet)
Seat 6: JardelCabral showed [Ac Ad] and won (252000) with two pair, Aces and Fives
Seat 7: elerson10 folded before Flop (didn't bet)
Seat 8: Gabrielfs13 (button) folded before Flop (didn't bet)



PokerStars Hand #257306996760: Tournament #3913501859, $2.45+$2.45+$0.60 USD Hold'em No Limit - Level XXVI (7000/14000) - 2025/08/11 19:26:01 BRT [2025/08/11 18:26:01 ET]
Table '3913501859 156' 8-max Seat #1 is the button
Seat 1: rynacher2 (511988 in chips) 
Seat 2: aguzo90 (590173 in chips) 
Seat 3: decarone (685778 in chips) 
Seat 4: mikip32 (429885 in chips) 
Seat 5: mpampisspeed (405750 in chips) 
Seat 6: JardelCabral (384371 in chips) 
Seat 7: elerson10 (1701927 in chips) 
Seat 8: Gabrielfs13 (663720 in chips) 
rynacher2: posts the ante 1750
aguzo90: posts the ante 1750
decarone: posts the ante 1750
mikip32: posts the ante 1750
mpampisspeed: posts the ante 1750
JardelCabral: posts the ante 1750
elerson10: posts the ante 1750
Gabrielfs13: posts the ante 1750
aguzo90: posts small blind 7000
decarone: posts big blind 14000
*** HOLE CARDS ***
Dealt to Gabrielfs13 [6c 2s]
mikip32: folds 
mpampisspeed: folds 
JardelCabral: raises 14000 to 28000
elerson10: folds 
Gabrielfs13: folds 
rynacher2: folds 
aguzo90: folds 
decarone: folds 
Uncalled bet (14000) returned to JardelCabral
JardelCabral collected 49000 from pot
*** SUMMARY ***
Total pot 49000 | Rake 0 
Seat 1: rynacher2 (button) folded before Flop (didn't bet)
Seat 2: aguzo90 (small blind) folded before Flop
Seat 3: decarone (big blind) folded before Flop
Seat 4: mikip32 folded before Flop (didn't bet)
Seat 5: mpampisspeed folded before Flop (didn't bet)
Seat 6: JardelCabral collected (49000)
Seat 7: elerson10 folded before Flop (didn't bet)
Seat 8: Gabrielfs13 folded before Flop (didn't bet)



PokerStars Hand #257307000813: Tournament #3913501859, $2.45+$2.45+$0.60 USD Hold'em No Limit - Level XXVI (7000/14000) - 2025/08/11 19:26:20 BRT [2025/08/11 18:26:20 ET]
Table '3913501859 156' 8-max Seat #2 is the button
Seat 1: rynacher2 (510238 in chips) 
Seat 2: aguzo90 (581423 in chips) 
Seat 3: decarone (670028 in chips) 
Seat 4: mikip32 (428135 in chips) 
Seat 5: mpampisspeed (404000 in chips) 
Seat 6: JardelCabral (417621 in chips) 
Seat 7: elerson10 (1700177 in chips) 
Seat 8: Gabrielfs13 (661970 in chips) 
rynacher2: posts the ante 1750
aguzo90: posts the ante 1750
decarone: posts the ante 1750
mikip32: posts the ante 1750
mpampisspeed: posts the ante 1750
JardelCabral: posts the ante 1750
elerson10: posts the ante 1750
Gabrielfs13: posts the ante 1750
decarone: posts small blind 7000
mikip32: posts big blind 14000
*** HOLE CARDS ***
Dealt to Gabrielfs13 [5c 8c]
mpampisspeed: folds 
JardelCabral: folds 
elerson10: folds 
Gabrielfs13: folds 
rynacher2: folds 
aguzo90: raises 14000 to 28000
decarone: calls 21000
mikip32: raises 98000 to 126000
aguzo90: raises 453673 to 579673 and is all-in
decarone: folds 
mikip32: calls 300385 and is all-in
Uncalled bet (153288) returned to aguzo90
*** FLOP *** [8s 5h Ah]
*** TURN *** [8s 5h Ah] [3c]
*** RIVER *** [8s 5h Ah 3c] [Ts]
*** SHOW DOWN ***
mikip32: shows [Kh Kc] (a pair of Kings)
aguzo90: shows [6c 6h] (a pair of Sixes)
mikip32 collected 894770 from pot
*** SUMMARY ***
Total pot 894770 | Rake 0 
Board [8s 5h Ah 3c Ts]
Seat 1: rynacher2 folded before Flop (didn't bet)
Seat 2: aguzo90 (button) showed [6c 6h] and lost with a pair of Sixes
Seat 3: decarone (small blind) folded before Flop
Seat 4: mikip32 (big blind) showed [Kh Kc] and won (894770) with a pair of Kings
Seat 5: mpampisspeed folded before Flop (didn't bet)
Seat 6: JardelCabral folded before Flop (didn't bet)
Seat 7: elerson10 folded before Flop (didn't bet)
Seat 8: Gabrielfs13 folded before Flop (didn't bet)



PokerStars Hand #257307012402: Tournament #3913501859, $2.45+$2.45+$0.60 USD Hold'em No Limit - Level XXVI (7000/14000) - 2025/08/11 19:27:14 BRT [2025/08/11 18:27:14 ET]
Table '3913501859 156' 8-max Seat #3 is the button
Seat 1: rynacher2 (508488 in chips) 
Seat 2: aguzo90 (153288 in chips) 
Seat 3: decarone (640278 in chips) 
Seat 4: mikip32 (894770 in chips) 
Seat 5: mpampisspeed (402250 in chips) 
Seat 6: JardelCabral (415871 in chips) 
Seat 7: elerson10 (1698427 in chips) 
Seat 8: Gabrielfs13 (660220 in chips) 
rynacher2: posts the ante 1750
aguzo90: posts the ante 1750
decarone: posts the ante 1750
mikip32: posts the ante 1750
mpampisspeed: posts the ante 1750
JardelCabral: posts the ante 1750
elerson10: posts the ante 1750
Gabrielfs13: posts the ante 1750
mikip32: posts small blind 7000
mpampisspeed: posts big blind 14000
*** HOLE CARDS ***
Dealt to Gabrielfs13 [Qd Ah]
JardelCabral: folds 
elerson10: folds 
aguzo90 is disconnected 
Gabrielfs13: raises 14000 to 28000
rynacher2: folds 
aguzo90 has timed out while disconnected
aguzo90: folds 
aguzo90 is sitting out
decarone: folds 
mikip32: folds 
aguzo90 is disconnected 
mpampisspeed: folds 
Uncalled bet (14000) returned to Gabrielfs13
aguzo90 has returned
Gabrielfs13 collected 49000 from pot
Gabrielfs13: doesn't show hand 
*** SUMMARY ***
Total pot 49000 | Rake 0 
Seat 1: rynacher2 folded before Flop (didn't bet)
Seat 2: aguzo90 folded before Flop (didn't bet)
Seat 3: decarone (button) folded before Flop (didn't bet)
Seat 4: mikip32 (small blind) folded before Flop
Seat 5: mpampisspeed (big blind) folded before Flop
Seat 6: JardelCabral folded before Flop (didn't bet)
Seat 7: elerson10 folded before Flop (didn't bet)
Seat 8: Gabrielfs13 collected (49000)



PokerStars Hand #257307021486: Tournament #3913501859, $2.45+$2.45+$0.60 USD Hold'em No Limit - Level XXVII (8000/16000) - 2025/08/11 19:27:56 BRT [2025/08/11 18:27:56 ET]
Table '3913501859 156' 8-max Seat #4 is the button
Seat 1: rynacher2 (506738 in chips) 
Seat 2: aguzo90 (151538 in chips) 
Seat 3: decarone (638528 in chips) 
Seat 4: mikip32 (886020 in chips) 
Seat 5: mpampisspeed (386500 in chips) 
Seat 6: JardelCabral (414121 in chips) 
Seat 7: elerson10 (1696677 in chips) 
Seat 8: Gabrielfs13 (693470 in chips) 
rynacher2: posts the ante 2000
aguzo90: posts the ante 2000
decarone: posts the ante 2000
mikip32: posts the ante 2000
mpampisspeed: posts the ante 2000
JardelCabral: posts the ante 2000
elerson10: posts the ante 2000
Gabrielfs13: posts the ante 2000
mpampisspeed: posts small blind 8000
JardelCabral: posts big blind 16000
*** HOLE CARDS ***
Dealt to Gabrielfs13 [5d 2d]
elerson10: raises 19200 to 35200
Gabrielfs13: folds 
rynacher2: folds 
aguzo90: folds 
decarone: calls 35200
mikip32: folds 
mpampisspeed: folds 
JardelCabral: folds 
*** FLOP *** [Ad 9c 7s]
aguzo90 is disconnected 
elerson10: checks 
decarone: checks 
*** TURN *** [Ad 9c 7s] [Kd]
elerson10: bets 37440
decarone: raises 92640 to 130080
aguzo90 is disconnected 
elerson10: calls 92640
*** RIVER *** [Ad 9c 7s Kd] [7d]
elerson10: checks 
decarone: checks 
*** SHOW DOWN ***
elerson10: shows [Qh Kh] (two pair, Kings and Sevens)
decarone: shows [4h Ah] (two pair, Aces and Sevens)
decarone collected 370560 from pot
*** SUMMARY ***
Total pot 370560 | Rake 0 
Board [Ad 9c 7s Kd 7d]
Seat 1: rynacher2 folded before Flop (didn't bet)
Seat 2: aguzo90 folded before Flop (didn't bet)
Seat 3: decarone showed [4h Ah] and won (370560) with two pair, Aces and Sevens
Seat 4: mikip32 (button) folded before Flop (didn't bet)
Seat 5: mpampisspeed (small blind) folded before Flop
Seat 6: JardelCabral (big blind) folded before Flop
Seat 7: elerson10 showed [Qh Kh] and lost with two pair, Kings and Sevens
Seat 8: Gabrielfs13 folded before Flop (didn't bet)



PokerStars Hand #257307032295: Tournament #3913501859, $2.45+$2.45+$0.60 USD Hold'em No Limit - Level XXVII (8000/16000) - 2025/08/11 19:28:46 BRT [2025/08/11 18:28:46 ET]
Table '3913501859 156' 8-max Seat #5 is the button
Seat 1: rynacher2 (504738 in chips) 
Seat 2: aguzo90 (149538 in chips) 
Seat 3: decarone (841808 in chips) 
Seat 4: mikip32 (884020 in chips) 
Seat 5: mpampisspeed (376500 in chips) 
Seat 6: JardelCabral (396121 in chips) 
Seat 7: elerson10 (1529397 in chips) 
Seat 8: Gabrielfs13 (691470 in chips) 
rynacher2: posts the ante 2000
aguzo90: posts the ante 2000
decarone: posts the ante 2000
mikip32: posts the ante 2000
mpampisspeed: posts the ante 2000
JardelCabral: posts the ante 2000
elerson10: posts the ante 2000
Gabrielfs13: posts the ante 2000
JardelCabral: posts small blind 8000
elerson10: posts big blind 16000
*** HOLE CARDS ***
Dealt to Gabrielfs13 [8h 6h]
Gabrielfs13: raises 16000 to 32000
rynacher2: folds 
aguzo90: raises 115538 to 147538 and is all-in
decarone: folds 
mikip32: folds 
mpampisspeed: folds 
JardelCabral: folds 
elerson10: folds 
Gabrielfs13: calls 115538
*** FLOP *** [7s 4h 9s]
*** TURN *** [7s 4h 9s] [2c]
*** RIVER *** [7s 4h 9s 2c] [3h]
*** SHOW DOWN ***
Gabrielfs13: shows [8h 6h] (high card Nine)
aguzo90: shows [As 5s] (a straight, Ace to Five)
aguzo90 collected 335076 from pot
*** SUMMARY ***
Total pot 335076 | Rake 0 
Board [7s 4h 9s 2c 3h]
Seat 1: rynacher2 folded before Flop (didn't bet)
Seat 2: aguzo90 showed [As 5s] and won (335076) with a straight, Ace to Five
Seat 3: decarone folded before Flop (didn't bet)
Seat 4: mikip32 folded before Flop (didn't bet)
Seat 5: mpampisspeed (button) folded before Flop (didn't bet)
Seat 6: JardelCabral (small blind) folded before Flop
Seat 7: elerson10 (big blind) folded before Flop
Seat 8: Gabrielfs13 showed [8h 6h] and lost with high card Nine



PokerStars Hand #257307042675: Tournament #3913501859, $2.45+$2.45+$0.60 USD Hold'em No Limit - Level XXVII (8000/16000) - 2025/08/11 19:29:34 BRT [2025/08/11 18:29:34 ET]
Table '3913501859 156' 8-max Seat #6 is the button
Seat 1: rynacher2 (502738 in chips) 
Seat 2: aguzo90 (335076 in chips) 
Seat 3: decarone (839808 in chips) 
Seat 4: mikip32 (882020 in chips) 
Seat 5: mpampisspeed (374500 in chips) 
Seat 6: JardelCabral (386121 in chips) 
Seat 7: elerson10 (1511397 in chips) 
Seat 8: Gabrielfs13 (541932 in chips) 
rynacher2: posts the ante 2000
aguzo90: posts the ante 2000
decarone: posts the ante 2000
mikip32: posts the ante 2000
mpampisspeed: posts the ante 2000
JardelCabral: posts the ante 2000
elerson10: posts the ante 2000
Gabrielfs13: posts the ante 2000
elerson10: posts small blind 8000
Gabrielfs13: posts big blind 16000
*** HOLE CARDS ***
Dealt to Gabrielfs13 [9h Kh]
rynacher2: raises 16000 to 32000
aguzo90: folds 
decarone: folds 
mikip32: folds 
mpampisspeed: folds 
JardelCabral: folds 
elerson10: raises 88000 to 120000
aguzo90 is disconnected 
Gabrielfs13: folds 
rynacher2: raises 380738 to 500738 and is all-in
elerson10: calls 380738
*** FLOP *** [Jc As 4s]
*** TURN *** [Jc As 4s] [6c]
*** RIVER *** [Jc As 4s 6c] [Ah]
*** SHOW DOWN ***
elerson10: shows [Qs Qd] (two pair, Aces and Queens)
rynacher2: shows [Ks Ad] (three of a kind, Aces)
rynacher2 collected 1033476 from pot
*** SUMMARY ***
Total pot 1033476 | Rake 0 
Board [Jc As 4s 6c Ah]
Seat 1: rynacher2 showed [Ks Ad] and won (1033476) with three of a kind, Aces
Seat 2: aguzo90 folded before Flop (didn't bet)
Seat 3: decarone folded before Flop (didn't bet)
Seat 4: mikip32 folded before Flop (didn't bet)
Seat 5: mpampisspeed folded before Flop (didn't bet)
Seat 6: JardelCabral (button) folded before Flop (didn't bet)
Seat 7: elerson10 (small blind) showed [Qs Qd] and lost with two pair, Aces and Queens
Seat 8: Gabrielfs13 (big blind) folded before Flop



PokerStars Hand #257307052309: Tournament #3913501859, $2.45+$2.45+$0.60 USD Hold'em No Limit - Level XXVII (8000/16000) - 2025/08/11 19:30:19 BRT [2025/08/11 18:30:19 ET]
Table '3913501859 156' 8-max Seat #7 is the button
Seat 1: rynacher2 (1033476 in chips) 
Seat 2: aguzo90 (333076 in chips) 
Seat 3: decarone (837808 in chips) 
Seat 4: mikip32 (880020 in chips) 
Seat 5: mpampisspeed (372500 in chips) 
Seat 6: JardelCabral (384121 in chips) 
Seat 7: elerson10 (1008659 in chips) 
Seat 8: Gabrielfs13 (523932 in chips) 
rynacher2: posts the ante 2000
aguzo90: posts the ante 2000
decarone: posts the ante 2000
mikip32: posts the ante 2000
mpampisspeed: posts the ante 2000
JardelCabral: posts the ante 2000
elerson10: posts the ante 2000
Gabrielfs13: posts the ante 2000
Gabrielfs13: posts small blind 8000
rynacher2: posts big blind 16000
*** HOLE CARDS ***
Dealt to Gabrielfs13 [Js 6c]
aguzo90 is disconnected 
aguzo90 is connected 
aguzo90: folds 
decarone: folds 
aguzo90 is disconnected 
mikip32: raises 32000 to 48000
mpampisspeed: folds 
JardelCabral: folds 
elerson10: folds 
Gabrielfs13: folds 
rynacher2: folds 
Uncalled bet (32000) returned to mikip32
mikip32 collected 56000 from pot
*** SUMMARY ***
Total pot 56000 | Rake 0 
Seat 1: rynacher2 (big blind) folded before Flop
Seat 2: aguzo90 folded before Flop (didn't bet)
Seat 3: decarone folded before Flop (didn't bet)
Seat 4: mikip32 collected (56000)
Seat 5: mpampisspeed folded before Flop (didn't bet)
Seat 6: JardelCabral folded before Flop (didn't bet)
Seat 7: elerson10 (button) folded before Flop (didn't bet)
Seat 8: Gabrielfs13 (small blind) folded before Flop



PokerStars Hand #257307058188: Tournament #3913501859, $2.45+$2.45+$0.60 USD Hold'em No Limit - Level XXVII (8000/16000) - 2025/08/11 19:30:46 BRT [2025/08/11 18:30:46 ET]
Table '3913501859 156' 8-max Seat #8 is the button
Seat 1: rynacher2 (1015476 in chips) 
Seat 2: aguzo90 (331076 in chips) 
Seat 3: decarone (835808 in chips) 
Seat 4: mikip32 (918020 in chips) 
Seat 5: mpampisspeed (370500 in chips) 
Seat 6: JardelCabral (382121 in chips) 
Seat 7: elerson10 (1006659 in chips) 
Seat 8: Gabrielfs13 (513932 in chips) 
rynacher2: posts the ante 2000
aguzo90: posts the ante 2000
decarone: posts the ante 2000
mikip32: posts the ante 2000
mpampisspeed: posts the ante 2000
JardelCabral: posts the ante 2000
elerson10: posts the ante 2000
Gabrielfs13: posts the ante 2000
rynacher2: posts small blind 8000
aguzo90: posts big blind 16000
*** HOLE CARDS ***
Dealt to Gabrielfs13 [Qd 4s]
decarone: folds 
mikip32: folds 
mpampisspeed: folds 
JardelCabral: folds 
aguzo90 is disconnected 
elerson10: raises 16000 to 32000
Gabrielfs13: folds 
rynacher2: folds 
aguzo90: raises 297076 to 329076 and is all-in
elerson10: calls 297076
*** FLOP *** [Kh 6h 4h]
*** TURN *** [Kh 6h 4h] [Ks]
*** RIVER *** [Kh 6h 4h Ks] [3h]
*** SHOW DOWN ***
aguzo90: shows [Qs Jh] (a flush, King high)
elerson10: shows [Ac Ad] (two pair, Aces and Kings)
aguzo90 collected 682152 from pot
*** SUMMARY ***
Total pot 682152 | Rake 0 
Board [Kh 6h 4h Ks 3h]
Seat 1: rynacher2 (small blind) folded before Flop
Seat 2: aguzo90 (big blind) showed [Qs Jh] and won (682152) with a flush, King high
Seat 3: decarone folded before Flop (didn't bet)
Seat 4: mikip32 folded before Flop (didn't bet)
Seat 5: mpampisspeed folded before Flop (didn't bet)
Seat 6: JardelCabral folded before Flop (didn't bet)
Seat 7: elerson10 showed [Ac Ad] and lost with two pair, Aces and Kings
Seat 8: Gabrielfs13 (button) folded before Flop (didn't bet)



PokerStars Hand #257307068578: Tournament #3913501859, $2.45+$2.45+$0.60 USD Hold'em No Limit - Level XXVII (8000/16000) - 2025/08/11 19:31:34 BRT [2025/08/11 18:31:34 ET]
Table '3913501859 156' 8-max Seat #1 is the button
Seat 1: rynacher2 (1005476 in chips) 
Seat 2: aguzo90 (682152 in chips) 
Seat 3: decarone (833808 in chips) 
Seat 4: mikip32 (916020 in chips) 
Seat 5: mpampisspeed (368500 in chips) 
Seat 6: JardelCabral (380121 in chips) 
Seat 7: elerson10 (675583 in chips) 
Seat 8: Gabrielfs13 (511932 in chips) 
rynacher2: posts the ante 2000
aguzo90: posts the ante 2000
decarone: posts the ante 2000
mikip32: posts the ante 2000
mpampisspeed: posts the ante 2000
JardelCabral: posts the ante 2000
elerson10: posts the ante 2000
Gabrielfs13: posts the ante 2000
aguzo90: posts small blind 8000
decarone: posts big blind 16000
*** HOLE CARDS ***
Dealt to Gabrielfs13 [9s 2s]
mikip32: folds 
mpampisspeed: folds 
JardelCabral: folds 
elerson10: folds 
Gabrielfs13: folds 
rynacher2: folds 
aguzo90: raises 40000 to 56000
decarone: calls 40000
*** FLOP *** [3d Jd Jh]
aguzo90: bets 42240
decarone: folds 
Uncalled bet (42240) returned to aguzo90
aguzo90 collected 128000 from pot
*** SUMMARY ***
Total pot 128000 | Rake 0 
Board [3d Jd Jh]
Seat 1: rynacher2 (button) folded before Flop (didn't bet)
Seat 2: aguzo90 (small blind) collected (128000)
Seat 3: decarone (big blind) folded on the Flop
Seat 4: mikip32 folded before Flop (didn't bet)
Seat 5: mpampisspeed folded before Flop (didn't bet)
Seat 6: JardelCabral folded before Flop (didn't bet)
Seat 7: elerson10 folded before Flop (didn't bet)
Seat 8: Gabrielfs13 folded before Flop (didn't bet)



PokerStars Hand #257307076667: Tournament #3913501859, $2.45+$2.45+$0.60 USD Hold'em No Limit - Level XXVII (8000/16000) - 2025/08/11 19:32:12 BRT [2025/08/11 18:32:12 ET]
Table '3913501859 156' 8-max Seat #2 is the button
Seat 1: rynacher2 (1003476 in chips) 
Seat 2: aguzo90 (752152 in chips) 
Seat 3: decarone (775808 in chips) 
Seat 4: mikip32 (914020 in chips) 
Seat 5: mpampisspeed (366500 in chips) 
Seat 6: JardelCabral (378121 in chips) 
Seat 7: elerson10 (673583 in chips) 
Seat 8: Gabrielfs13 (509932 in chips) 
rynacher2: posts the ante 2000
aguzo90: posts the ante 2000
decarone: posts the ante 2000
mikip32: posts the ante 2000
mpampisspeed: posts the ante 2000
JardelCabral: posts the ante 2000
elerson10: posts the ante 2000
Gabrielfs13: posts the ante 2000
decarone: posts small blind 8000
mikip32: posts big blind 16000
*** HOLE CARDS ***
Dealt to Gabrielfs13 [Js 7d]
mpampisspeed: folds 
JardelCabral: folds 
elerson10: folds 
Gabrielfs13: folds 
rynacher2: folds 
aguzo90: folds 
aguzo90 is disconnected 
decarone: calls 8000
mikip32: checks 
*** FLOP *** [Qd 6d 8d]
decarone: bets 24000
mikip32: folds 
Uncalled bet (24000) returned to decarone
decarone collected 48000 from pot
decarone: doesn't show hand 
*** SUMMARY ***
Total pot 48000 | Rake 0 
Board [Qd 6d 8d]
Seat 1: rynacher2 folded before Flop (didn't bet)
Seat 2: aguzo90 (button) folded before Flop (didn't bet)
Seat 3: decarone (small blind) collected (48000)
Seat 4: mikip32 (big blind) folded on the Flop
Seat 5: mpampisspeed folded before Flop (didn't bet)
Seat 6: JardelCabral folded before Flop (didn't bet)
Seat 7: elerson10 folded before Flop (didn't bet)
Seat 8: Gabrielfs13 folded before Flop (didn't bet)



PokerStars Hand #257307083111: Tournament #3913501859, $2.45+$2.45+$0.60 USD Hold'em No Limit - Level XXVII (8000/16000) - 2025/08/11 19:32:42 BRT [2025/08/11 18:32:42 ET]
Table '3913501859 156' 8-max Seat #3 is the button
Seat 1: rynacher2 (1001476 in chips) 
Seat 2: aguzo90 (750152 in chips) 
Seat 3: decarone (805808 in chips) 
Seat 4: mikip32 (896020 in chips) 
Seat 5: mpampisspeed (364500 in chips) 
Seat 6: JardelCabral (376121 in chips) 
Seat 7: elerson10 (671583 in chips) 
Seat 8: Gabrielfs13 (507932 in chips) 
rynacher2: posts the ante 2000
aguzo90: posts the ante 2000
decarone: posts the ante 2000
mikip32: posts the ante 2000
mpampisspeed: posts the ante 2000
JardelCabral: posts the ante 2000
elerson10: posts the ante 2000
Gabrielfs13: posts the ante 2000
mikip32: posts small blind 8000
mpampisspeed: posts big blind 16000
*** HOLE CARDS ***
Dealt to Gabrielfs13 [7d 6h]
JardelCabral: folds 
elerson10: folds 
Gabrielfs13: folds 
rynacher2: raises 16000 to 32000
aguzo90 is connected 
aguzo90 is disconnected 
aguzo90 is disconnected 
aguzo90 has timed out while disconnected
aguzo90: folds 
aguzo90 is sitting out
decarone: folds 
mikip32: folds 
mpampisspeed: folds 
Uncalled bet (16000) returned to rynacher2
rynacher2 collected 56000 from pot
rynacher2: doesn't show hand 
*** SUMMARY ***
Total pot 56000 | Rake 0 
Seat 1: rynacher2 collected (56000)
Seat 2: aguzo90 folded before Flop (didn't bet)
Seat 3: decarone (button) folded before Flop (didn't bet)
Seat 4: mikip32 (small blind) folded before Flop
Seat 5: mpampisspeed (big blind) folded before Flop
Seat 6: JardelCabral folded before Flop (didn't bet)
Seat 7: elerson10 folded before Flop (didn't bet)
Seat 8: Gabrielfs13 folded before Flop (didn't bet)



PokerStars Hand #257307089413: Tournament #3913501859, $2.45+$2.45+$0.60 USD Hold'em No Limit - Level XXVII (8000/16000) - 2025/08/11 19:33:11 BRT [2025/08/11 18:33:11 ET]
Table '3913501859 156' 8-max Seat #4 is the button
Seat 1: rynacher2 (1039476 in chips) 
Seat 2: aguzo90 (748152 in chips) is sitting out
Seat 3: decarone (803808 in chips) 
Seat 4: mikip32 (886020 in chips) 
Seat 5: mpampisspeed (346500 in chips) 
Seat 6: JardelCabral (374121 in chips) 
Seat 7: elerson10 (669583 in chips) 
Seat 8: Gabrielfs13 (505932 in chips) 
rynacher2: posts the ante 2000
aguzo90: posts the ante 2000
decarone: posts the ante 2000
mikip32: posts the ante 2000
mpampisspeed: posts the ante 2000
JardelCabral: posts the ante 2000
elerson10: posts the ante 2000
Gabrielfs13: posts the ante 2000
mpampisspeed: posts small blind 8000
JardelCabral: posts big blind 16000
*** HOLE CARDS ***
Dealt to Gabrielfs13 [Ah 6c]
elerson10: folds 
Gabrielfs13: folds 
rynacher2: folds 
aguzo90: folds 
aguzo90 is disconnected 
decarone: calls 16000
aguzo90 has returned
aguzo90 is disconnected 
mikip32: folds 
mpampisspeed: folds 
JardelCabral: checks 
*** FLOP *** [5d 9h 5h]
JardelCabral: checks 
decarone: bets 56000
JardelCabral: folds 
Uncalled bet (56000) returned to decarone
decarone collected 56000 from pot
decarone: doesn't show hand 
*** SUMMARY ***
Total pot 56000 | Rake 0 
Board [5d 9h 5h]
Seat 1: rynacher2 folded before Flop (didn't bet)
Seat 2: aguzo90 folded before Flop (didn't bet)
Seat 3: decarone collected (56000)
Seat 4: mikip32 (button) folded before Flop (didn't bet)
Seat 5: mpampisspeed (small blind) folded before Flop
Seat 6: JardelCabral (big blind) folded on the Flop
Seat 7: elerson10 folded before Flop (didn't bet)
Seat 8: Gabrielfs13 folded before Flop (didn't bet)



PokerStars Hand #257307104346: Tournament #3913501859, $2.45+$2.45+$0.60 USD Hold'em No Limit - Level XXVIII (10000/20000) - 2025/08/11 19:34:21 BRT [2025/08/11 18:34:21 ET]
Table '3913501859 156' 8-max Seat #5 is the button
Seat 1: rynacher2 (1037476 in chips) 
Seat 2: aguzo90 (746152 in chips) 
Seat 3: decarone (841808 in chips) 
Seat 4: mikip32 (884020 in chips) 
Seat 5: mpampisspeed (336500 in chips) 
Seat 6: JardelCabral (356121 in chips) 
Seat 7: elerson10 (667583 in chips) 
Seat 8: Gabrielfs13 (503932 in chips) 
rynacher2: posts the ante 2500
aguzo90: posts the ante 2500
decarone: posts the ante 2500
mikip32: posts the ante 2500
mpampisspeed: posts the ante 2500
JardelCabral: posts the ante 2500
elerson10: posts the ante 2500
Gabrielfs13: posts the ante 2500
JardelCabral: posts small blind 10000
elerson10: posts big blind 20000
*** HOLE CARDS ***
Dealt to Gabrielfs13 [9d Qh]
Gabrielfs13: folds 
rynacher2: folds 
aguzo90 is disconnected 
aguzo90 is connected 
aguzo90: raises 20000 to 40000
decarone: raises 799308 to 839308 and is all-in
mikip32: folds 
mpampisspeed: folds 
JardelCabral is connected 
JardelCabral is disconnected 
JardelCabral is connected 
JardelCabral: folds 
elerson10: folds 
aguzo90: folds 
Uncalled bet (799308) returned to decarone
decarone collected 130000 from pot
decarone: doesn't show hand 
*** SUMMARY ***
Total pot 130000 | Rake 0 
Seat 1: rynacher2 folded before Flop (didn't bet)
Seat 2: aguzo90 folded before Flop
Seat 3: decarone collected (130000)
Seat 4: mikip32 folded before Flop (didn't bet)
Seat 5: mpampisspeed (button) folded before Flop (didn't bet)
Seat 6: JardelCabral (small blind) folded before Flop
Seat 7: elerson10 (big blind) folded before Flop
Seat 8: Gabrielfs13 folded before Flop (didn't bet)



PokerStars Hand #257307115339: Tournament #3913501859, $2.45+$2.45+$0.60 USD Hold'em No Limit - Level XXVIII (10000/20000) - 2025/08/11 19:35:12 BRT [2025/08/11 18:35:12 ET]
Table '3913501859 156' 8-max Seat #6 is the button
Seat 1: rynacher2 (1034976 in chips) 
Seat 2: aguzo90 (703652 in chips) 
Seat 3: decarone (929308 in chips) 
Seat 4: mikip32 (881520 in chips) 
Seat 5: mpampisspeed (334000 in chips) 
Seat 6: JardelCabral (343621 in chips) 
Seat 7: elerson10 (645083 in chips) 
Seat 8: Gabrielfs13 (501432 in chips) 
rynacher2: posts the ante 2500
aguzo90: posts the ante 2500
decarone: posts the ante 2500
mikip32: posts the ante 2500
mpampisspeed: posts the ante 2500
JardelCabral: posts the ante 2500
elerson10: posts the ante 2500
Gabrielfs13: posts the ante 2500
elerson10: posts small blind 10000
Gabrielfs13: posts big blind 20000
*** HOLE CARDS ***
Dealt to Gabrielfs13 [Qd Jd]
rynacher2: folds 
aguzo90: folds 
aguzo90 is disconnected 
decarone: folds 
mikip32: raises 20000 to 40000
mpampisspeed: folds 
JardelCabral: calls 40000
elerson10: folds 
Gabrielfs13: raises 458932 to 498932 and is all-in
mikip32: folds 
JardelCabral: calls 301121 and is all-in
Uncalled bet (157811) returned to Gabrielfs13
*** FLOP *** [9h 2d 8s]
*** TURN *** [9h 2d 8s] [3s]
*** RIVER *** [9h 2d 8s 3s] [8d]
aguzo90 is disconnected 
*** SHOW DOWN ***
Gabrielfs13: shows [Qd Jd] (a pair of Eights)
JardelCabral: shows [Kd Qs] (a pair of Eights - King kicker)
JardelCabral collected 752242 from pot
*** SUMMARY ***
Total pot 752242 | Rake 0 
Board [9h 2d 8s 3s 8d]
Seat 1: rynacher2 folded before Flop (didn't bet)
Seat 2: aguzo90 folded before Flop (didn't bet)
Seat 3: decarone folded before Flop (didn't bet)
Seat 4: mikip32 folded before Flop
Seat 5: mpampisspeed folded before Flop (didn't bet)
Seat 6: JardelCabral (button) showed [Kd Qs] and won (752242) with a pair of Eights
Seat 7: elerson10 (small blind) folded before Flop
Seat 8: Gabrielfs13 (big blind) showed [Qd Jd] and lost with a pair of Eights



PokerStars Hand #257307126171: Tournament #3913501859, $2.45+$2.45+$0.60 USD Hold'em No Limit - Level XXVIII (10000/20000) - 2025/08/11 19:36:02 BRT [2025/08/11 18:36:02 ET]
Table '3913501859 156' 8-max Seat #7 is the button
Seat 1: rynacher2 (1032476 in chips) 
Seat 2: aguzo90 (701152 in chips) 
Seat 3: decarone (926808 in chips) 
Seat 4: mikip32 (839020 in chips) 
Seat 5: mpampisspeed (331500 in chips) 
Seat 6: JardelCabral (752242 in chips) 
Seat 7: elerson10 (632583 in chips) 
Seat 8: Gabrielfs13 (157811 in chips) 
rynacher2: posts the ante 2500
aguzo90: posts the ante 2500
decarone: posts the ante 2500
mikip32: posts the ante 2500
mpampisspeed: posts the ante 2500
JardelCabral: posts the ante 2500
elerson10: posts the ante 2500
Gabrielfs13: posts the ante 2500
Gabrielfs13: posts small blind 10000
rynacher2: posts big blind 20000
*** HOLE CARDS ***
Dealt to Gabrielfs13 [Ks 9d]
aguzo90 is disconnected 
aguzo90 has timed out while disconnected
aguzo90: folds 
aguzo90 is sitting out
aguzo90 is disconnected 
decarone: folds 
mikip32: folds 
aguzo90 is disconnected 
mpampisspeed: raises 70000 to 90000
JardelCabral: folds 
aguzo90 is disconnected 
aguzo90 is disconnected 
aguzo90 is disconnected 
elerson10: folds 
Gabrielfs13: folds 
rynacher2: folds 
Uncalled bet (70000) returned to mpampisspeed
mpampisspeed collected 70000 from pot
mpampisspeed: doesn't show hand 
*** SUMMARY ***
Total pot 70000 | Rake 0 
Seat 1: rynacher2 (big blind) folded before Flop
Seat 2: aguzo90 folded before Flop (didn't bet)
Seat 3: decarone folded before Flop (didn't bet)
Seat 4: mikip32 folded before Flop (didn't bet)
Seat 5: mpampisspeed collected (70000)
Seat 6: JardelCabral folded before Flop (didn't bet)
Seat 7: elerson10 (button) folded before Flop (didn't bet)
Seat 8: Gabrielfs13 (small blind) folded before Flop



PokerStars Hand #257307135130: Tournament #3913501859, $2.45+$2.45+$0.60 USD Hold'em No Limit - Level XXVIII (10000/20000) - 2025/08/11 19:36:44 BRT [2025/08/11 18:36:44 ET]
Table '3913501859 156' 8-max Seat #8 is the button
Seat 1: rynacher2 (1009976 in chips) 
Seat 2: aguzo90 (698652 in chips) is sitting out
Seat 3: decarone (924308 in chips) 
Seat 4: mikip32 (836520 in chips) 
Seat 5: mpampisspeed (379000 in chips) 
Seat 6: JardelCabral (749742 in chips) 
Seat 7: elerson10 (630083 in chips) 
Seat 8: Gabrielfs13 (145311 in chips) 
rynacher2: posts the ante 2500
aguzo90: posts the ante 2500
decarone: posts the ante 2500
mikip32: posts the ante 2500
mpampisspeed: posts the ante 2500
JardelCabral: posts the ante 2500
elerson10: posts the ante 2500
Gabrielfs13: posts the ante 2500
rynacher2: posts small blind 10000
aguzo90: posts big blind 20000
*** HOLE CARDS ***
Dealt to Gabrielfs13 [Tc 2s]
decarone: folds 
mikip32: folds 
mpampisspeed: raises 30000 to 50000
aguzo90 is disconnected 
JardelCabral: folds 
aguzo90 has returned
elerson10: folds 
Gabrielfs13: folds 
rynacher2: folds 
aguzo90: raises 646152 to 696152 and is all-in
mpampisspeed: calls 326500 and is all-in
Uncalled bet (319652) returned to aguzo90
*** FLOP *** [Ts 3c 4d]
*** TURN *** [Ts 3c 4d] [5h]
*** RIVER *** [Ts 3c 4d 5h] [Qs]
*** SHOW DOWN ***
aguzo90: shows [Ah 8d] (high card Ace)
mpampisspeed: shows [Kd Qd] (a pair of Queens)
mpampisspeed collected 783000 from pot
*** SUMMARY ***
Total pot 783000 | Rake 0 
Board [Ts 3c 4d 5h Qs]
Seat 1: rynacher2 (small blind) folded before Flop
Seat 2: aguzo90 (big blind) showed [Ah 8d] and lost with high card Ace
Seat 3: decarone folded before Flop (didn't bet)
Seat 4: mikip32 folded before Flop (didn't bet)
Seat 5: mpampisspeed showed [Kd Qd] and won (783000) with a pair of Queens
Seat 6: JardelCabral folded before Flop (didn't bet)
Seat 7: elerson10 folded before Flop (didn't bet)
Seat 8: Gabrielfs13 (button) folded before Flop (didn't bet)



PokerStars Hand #257307144948: Tournament #3913501859, $2.45+$2.45+$0.60 USD Hold'em No Limit - Level XXVIII (10000/20000) - 2025/08/11 19:37:30 BRT [2025/08/11 18:37:30 ET]
Table '3913501859 156' 8-max Seat #1 is the button
Seat 1: rynacher2 (997476 in chips) 
Seat 2: aguzo90 (319652 in chips) 
Seat 3: decarone (921808 in chips) 
Seat 4: mikip32 (834020 in chips) 
Seat 5: mpampisspeed (783000 in chips) 
Seat 6: JardelCabral (747242 in chips) 
Seat 7: elerson10 (627583 in chips) 
Seat 8: Gabrielfs13 (142811 in chips) 
rynacher2: posts the ante 2500
aguzo90: posts the ante 2500
decarone: posts the ante 2500
mikip32: posts the ante 2500
mpampisspeed: posts the ante 2500
JardelCabral: posts the ante 2500
elerson10: posts the ante 2500
Gabrielfs13: posts the ante 2500
aguzo90: posts small blind 10000
decarone: posts big blind 20000
*** HOLE CARDS ***
Dealt to Gabrielfs13 [6d Ad]
mikip32: folds 
mpampisspeed: folds 
JardelCabral: raises 20000 to 40000
aguzo90 is disconnected 
elerson10: folds 
Gabrielfs13: raises 100311 to 140311 and is all-in
rynacher2: folds 
aguzo90 has timed out while disconnected
aguzo90: folds 
aguzo90 is sitting out
decarone: folds 
JardelCabral: calls 100311
*** FLOP *** [Ts 6h 6s]
*** TURN *** [Ts 6h 6s] [7h]
*** RIVER *** [Ts 6h 6s 7h] [2c]
*** SHOW DOWN ***
JardelCabral: shows [Qs Td] (two pair, Tens and Sixes)
Gabrielfs13: shows [6d Ad] (three of a kind, Sixes)
Gabrielfs13 collected 330622 from pot
aguzo90 is disconnected 
*** SUMMARY ***
Total pot 330622 | Rake 0 
Board [Ts 6h 6s 7h 2c]
Seat 1: rynacher2 (button) folded before Flop (didn't bet)
Seat 2: aguzo90 (small blind) folded before Flop
Seat 3: decarone (big blind) folded before Flop
Seat 4: mikip32 folded before Flop (didn't bet)
Seat 5: mpampisspeed folded before Flop (didn't bet)
Seat 6: JardelCabral showed [Qs Td] and lost with two pair, Tens and Sixes
Seat 7: elerson10 folded before Flop (didn't bet)
Seat 8: Gabrielfs13 showed [6d Ad] and won (330622) with three of a kind, Sixes



PokerStars Hand #257307155949: Tournament #3913501859, $2.45+$2.45+$0.60 USD Hold'em No Limit - Level XXVIII (10000/20000) - 2025/08/11 19:38:23 BRT [2025/08/11 18:38:23 ET]
Table '3913501859 156' 8-max Seat #2 is the button
Seat 1: rynacher2 (994976 in chips) 
Seat 2: aguzo90 (307152 in chips) is sitting out
Seat 3: decarone (899308 in chips) 
Seat 4: mikip32 (831520 in chips) 
Seat 5: mpampisspeed (780500 in chips) 
Seat 6: JardelCabral (604431 in chips) 
Seat 7: elerson10 (625083 in chips) 
Seat 8: Gabrielfs13 (330622 in chips) 
rynacher2: posts the ante 2500
aguzo90: posts the ante 2500
decarone: posts the ante 2500
mikip32: posts the ante 2500
mpampisspeed: posts the ante 2500
JardelCabral: posts the ante 2500
elerson10: posts the ante 2500
Gabrielfs13: posts the ante 2500
decarone: posts small blind 10000
mikip32: posts big blind 20000
*** HOLE CARDS ***
Dealt to Gabrielfs13 [3d 5s]
aguzo90 is disconnected 
mpampisspeed: folds 
JardelCabral: folds 
elerson10: folds 
Gabrielfs13: folds 
rynacher2: folds 
aguzo90: folds 
decarone: folds 
Uncalled bet (10000) returned to mikip32
mikip32 collected 40000 from pot
*** SUMMARY ***
Total pot 40000 | Rake 0 
Seat 1: rynacher2 folded before Flop (didn't bet)
Seat 2: aguzo90 (button) folded before Flop (didn't bet)
Seat 3: decarone (small blind) folded before Flop
Seat 4: mikip32 (big blind) collected (40000)
Seat 5: mpampisspeed folded before Flop (didn't bet)
Seat 6: JardelCabral folded before Flop (didn't bet)
Seat 7: elerson10 folded before Flop (didn't bet)
Seat 8: Gabrielfs13 folded before Flop (didn't bet)



PokerStars Hand #257307158797: Tournament #3913501859, $2.45+$2.45+$0.60 USD Hold'em No Limit - Level XXVIII (10000/20000) - 2025/08/11 19:38:37 BRT [2025/08/11 18:38:37 ET]
Table '3913501859 156' 8-max Seat #3 is the button
Seat 1: rynacher2 (992476 in chips) 
Seat 2: aguzo90 (304652 in chips) is sitting out
Seat 3: decarone (886808 in chips) 
Seat 4: mikip32 (859020 in chips) 
Seat 5: mpampisspeed (778000 in chips) 
Seat 6: JardelCabral (601931 in chips) 
Seat 7: elerson10 (622583 in chips) 
Seat 8: Gabrielfs13 (328122 in chips) 
rynacher2: posts the ante 2500
aguzo90: posts the ante 2500
decarone: posts the ante 2500
mikip32: posts the ante 2500
mpampisspeed: posts the ante 2500
JardelCabral: posts the ante 2500
elerson10: posts the ante 2500
Gabrielfs13: posts the ante 2500
mikip32: posts small blind 10000
mpampisspeed: posts big blind 20000
*** HOLE CARDS ***
Dealt to Gabrielfs13 [Qs 2h]
JardelCabral: raises 20000 to 40000
elerson10: folds 
Gabrielfs13: folds 
rynacher2: folds 
aguzo90: folds 
decarone: folds 
mikip32: folds 
mpampisspeed: raises 110000 to 150000
JardelCabral: folds 
Uncalled bet (110000) returned to mpampisspeed
mpampisspeed collected 110000 from pot
mpampisspeed: doesn't show hand 
*** SUMMARY ***
Total pot 110000 | Rake 0 
Seat 1: rynacher2 folded before Flop (didn't bet)
Seat 2: aguzo90 folded before Flop (didn't bet)
Seat 3: decarone (button) folded before Flop (didn't bet)
Seat 4: mikip32 (small blind) folded before Flop
Seat 5: mpampisspeed (big blind) collected (110000)
Seat 6: JardelCabral folded before Flop
Seat 7: elerson10 folded before Flop (didn't bet)
Seat 8: Gabrielfs13 folded before Flop (didn't bet)



PokerStars Hand #257307163963: Tournament #3913501859, $2.45+$2.45+$0.60 USD Hold'em No Limit - Level XXVIII (10000/20000) - 2025/08/11 19:39:01 BRT [2025/08/11 18:39:01 ET]
Table '3913501859 156' 8-max Seat #4 is the button
Seat 1: rynacher2 (989976 in chips) 
Seat 2: aguzo90 (302152 in chips) is sitting out
Seat 3: decarone (884308 in chips) 
Seat 4: mikip32 (846520 in chips) 
Seat 5: mpampisspeed (845500 in chips) 
Seat 6: JardelCabral (559431 in chips) 
Seat 7: elerson10 (620083 in chips) 
Seat 8: Gabrielfs13 (325622 in chips) 
rynacher2: posts the ante 2500
aguzo90: posts the ante 2500
decarone: posts the ante 2500
mikip32: posts the ante 2500
mpampisspeed: posts the ante 2500
JardelCabral: posts the ante 2500
elerson10: posts the ante 2500
Gabrielfs13: posts the ante 2500
mpampisspeed: posts small blind 10000
JardelCabral: posts big blind 20000
*** HOLE CARDS ***
Dealt to Gabrielfs13 [6d 7d]
elerson10: folds 
Gabrielfs13: folds 
rynacher2: folds 
aguzo90: folds 
decarone: raises 861808 to 881808 and is all-in
aguzo90 is disconnected 
mikip32: folds 
mpampisspeed: folds 
JardelCabral: folds 
Uncalled bet (861808) returned to decarone
decarone collected 70000 from pot
decarone: doesn't show hand 
aguzo90 is disconnected 
*** SUMMARY ***
Total pot 70000 | Rake 0 
Seat 1: rynacher2 folded before Flop (didn't bet)
Seat 2: aguzo90 folded before Flop (didn't bet)
Seat 3: decarone collected (70000)
Seat 4: mikip32 (button) folded before Flop (didn't bet)
Seat 5: mpampisspeed (small blind) folded before Flop
Seat 6: JardelCabral (big blind) folded before Flop
Seat 7: elerson10 folded before Flop (didn't bet)
Seat 8: Gabrielfs13 folded before Flop (didn't bet)



PokerStars Hand #257307170785: Tournament #3913501859, $2.45+$2.45+$0.60 USD Hold'em No Limit - Level XXIX (12500/25000) - 2025/08/11 19:39:34 BRT [2025/08/11 18:39:34 ET]
Table '3913501859 156' 8-max Seat #5 is the button
Seat 1: rynacher2 (987476 in chips) 
Seat 2: aguzo90 (299652 in chips) 
Seat 3: decarone (931808 in chips) 
Seat 4: mikip32 (844020 in chips) 
Seat 5: mpampisspeed (833000 in chips) 
Seat 6: JardelCabral (536931 in chips) 
Seat 7: elerson10 (617583 in chips) 
Seat 8: Gabrielfs13 (323122 in chips) 
rynacher2: posts the ante 3250
aguzo90: posts the ante 3250
decarone: posts the ante 3250
mikip32: posts the ante 3250
mpampisspeed: posts the ante 3250
JardelCabral: posts the ante 3250
elerson10: posts the ante 3250
Gabrielfs13: posts the ante 3250
JardelCabral: posts small blind 12500
elerson10: posts big blind 25000
*** HOLE CARDS ***
Dealt to Gabrielfs13 [Qh Kc]
Gabrielfs13: raises 294872 to 319872 and is all-in
rynacher2: folds 
aguzo90: folds 
decarone: raises 608686 to 928558 and is all-in
mikip32: folds 
mpampisspeed: folds 
JardelCabral: folds 
elerson10: folds 
Uncalled bet (608686) returned to decarone
*** FLOP *** [4c Jd 3h]
*** TURN *** [4c Jd 3h] [Td]
*** RIVER *** [4c Jd 3h Td] [Qc]
*** SHOW DOWN ***
Gabrielfs13: shows [Qh Kc] (a pair of Queens)
decarone: shows [Kh 9h] (a straight, Nine to King)
decarone collected 703244 from pot
decarone wins the $3.09 bounty for eliminating Gabrielfs13
Gabrielfs13 finished the tournament in 196th place and received $9.64.
*** SUMMARY ***
Total pot 703244 | Rake 0 
Board [4c Jd 3h Td Qc]
Seat 1: rynacher2 folded before Flop (didn't bet)
Seat 2: aguzo90 folded before Flop (didn't bet)
Seat 3: decarone showed [Kh 9h] and won (703244) with a straight, Nine to King
Seat 4: mikip32 folded before Flop (didn't bet)
Seat 5: mpampisspeed (button) folded before Flop (didn't bet)
Seat 6: JardelCabral (small blind) folded before Flop
Seat 7: elerson10 (big blind) folded before Flop
Seat 8: Gabrielfs13 showed [Qh Kc] and lost with a pair of Queens



