PokerStars Hand #257279382353: Tournament #3916203271, $7.50+$8.00+$1.00 USD Hold'em No Limit - Level I (100/200) - 2025/08/09 17:44:59 BRT [2025/08/09 16:44:59 ET]
Table '3916203271 2' 8-max Seat #1 is the button
Seat 1: atditod13425 (2000 in chips, $8 bounty) 
Seat 2: Jiani87 (2000 in chips, $8 bounty) 
Seat 3: jodieHET (2000 in chips, $8 bounty) 
Seat 4: Gabrielfs13 (2000 in chips, $8 bounty) 
Seat 5: k4my17 (2000 in chips, $8 bounty) 
Seat 6: niilasson (2000 in chips, $8 bounty) 
Seat 7: nuts_king25 (2000 in chips, $8 bounty) 
Seat 8: g.batty77 (2000 in chips, $8 bounty) 
atditod13425: posts the ante 30
Jiani87: posts the ante 30
jodieHET: posts the ante 30
Gabrielfs13: posts the ante 30
k4my17: posts the ante 30
niilasson: posts the ante 30
nuts_king25: posts the ante 30
g.batty77: posts the ante 30
Jiani87: posts small blind 100
jodieHET: posts big blind 200
*** HOLE CARDS ***
Dealt to Gabrielfs13 [6c 6s]
Gabrielfs13: raises 1770 to 1970 and is all-in
k4my17: folds 
niilasson: folds 
nuts_king25: folds 
g.batty77: folds 
atditod13425: folds 
Jiani87: folds 
jodieHET: calls 1770 and is all-in
*** FLOP *** [4s 5c 4d]
*** TURN *** [4s 5c 4d] [Kd]
*** RIVER *** [4s 5c 4d Kd] [Kc]
*** SHOW DOWN ***
jodieHET: shows [7h Kh] (a full house, Kings full of Fours)
Gabrielfs13: shows [6c 6s] (two pair, Kings and Sixes)
jodieHET collected 4280 from pot
jodieHET wins $4 for eliminating Gabrielfs13 and their own bounty increases by $4 to $12
Gabrielfs13 finished the tournament
*** SUMMARY ***
Total pot 4280 | Rake 0 
Board [4s 5c 4d Kd Kc]
Seat 1: atditod13425 (button) folded before Flop (didn't bet)
Seat 2: Jiani87 (small blind) folded before Flop
Seat 3: jodieHET (big blind) showed [7h Kh] and won (4280) with a full house, Kings full of Fours
Seat 4: Gabrielfs13 showed [6c 6s] and lost with two pair, Kings and Sixes
Seat 5: k4my17 folded before Flop (didn't bet)
Seat 6: niilasson folded before Flop (didn't bet)
Seat 7: nuts_king25 folded before Flop (didn't bet)
Seat 8: g.batty77 folded before Flop (didn't bet)



