PokerStars Hand #257304032335: Tournament #3916851664, $1.44+$1.50+$0.36 USD Hold'em No Limit - Level III (35/70) - 2025/08/11 15:51:36 BRT [2025/08/11 14:51:36 ET]
Table '3916851664 16' 8-max Seat #7 is the button
Seat 1: yurashef (16089 in chips, $3 bounty) 
Seat 2: donazefa04 (4647 in chips, $1.50 bounty) 
Seat 3: Miciato (5149 in chips, $1.50 bounty) 
Seat 4: JoseMarcucci (5522 in chips, $1.50 bounty) 
Seat 5: Gabrielfs13 (5000 in chips, $1.50 bounty) 
Seat 6: Golf 1306 (4676 in chips, $1.50 bounty) 
Seat 7: edgedge (4596 in chips, $1.50 bounty) 
Seat 8: 1duch (4875 in chips, $1.50 bounty) 
yurashef: posts the ante 11
donazefa04: posts the ante 11
Miciato: posts the ante 11
JoseMarcucci: posts the ante 11
Gabrielfs13: posts the ante 11
Golf 1306: posts the ante 11
edgedge: posts the ante 11
1duch: posts the ante 11
1duch: posts small blind 35
yurashef: posts big blind 70
*** HOLE CARDS ***
Dealt to Gabrielfs13 [9s Kd]
donazefa04: raises 70 to 140
Miciato: folds 
JoseMarcucci: folds 
Gabrielfs13: folds 
Golf 1306: folds 
edgedge: raises 4445 to 4585 and is all-in
1duch: folds 
yurashef: folds 
donazefa04: folds 
Uncalled bet (4445) returned to edgedge
edgedge collected 473 from pot
edgedge: doesn't show hand 
*** SUMMARY ***
Total pot 473 | Rake 0 
Seat 1: yurashef (big blind) folded before Flop
Seat 2: donazefa04 folded before Flop
Seat 3: Miciato folded before Flop (didn't bet)
Seat 4: JoseMarcucci folded before Flop (didn't bet)
Seat 5: Gabrielfs13 folded before Flop (didn't bet)
Seat 6: Golf 1306 folded before Flop (didn't bet)
Seat 7: edgedge (button) collected (473)
Seat 8: 1duch (small blind) folded before Flop



PokerStars Hand #257304045292: Tournament #3916851664, $1.44+$1.50+$0.36 USD Hold'em No Limit - Level III (35/70) - 2025/08/11 15:52:33 BRT [2025/08/11 14:52:33 ET]
Table '3916851664 16' 8-max Seat #8 is the button
Seat 1: yurashef (16008 in chips, $3 bounty) 
Seat 2: donazefa04 (4496 in chips, $1.50 bounty) 
Seat 3: Miciato (5138 in chips, $1.50 bounty) 
Seat 4: JoseMarcucci (5511 in chips, $1.50 bounty) 
Seat 5: Gabrielfs13 (4989 in chips, $1.50 bounty) 
Seat 6: Golf 1306 (4665 in chips, $1.50 bounty) 
Seat 7: edgedge (4918 in chips, $1.50 bounty) 
Seat 8: 1duch (4829 in chips, $1.50 bounty) 
yurashef: posts the ante 11
donazefa04: posts the ante 11
Miciato: posts the ante 11
JoseMarcucci: posts the ante 11
Gabrielfs13: posts the ante 11
Golf 1306: posts the ante 11
edgedge: posts the ante 11
1duch: posts the ante 11
yurashef: posts small blind 35
donazefa04: posts big blind 70
*** HOLE CARDS ***
Dealt to Gabrielfs13 [5s 5c]
Miciato: folds 
JoseMarcucci: raises 105 to 175
Gabrielfs13: calls 175
Golf 1306: folds 
edgedge: folds 
1duch: folds 
yurashef: calls 140
donazefa04: raises 700 to 875
JoseMarcucci: raises 2188 to 3063
Gabrielfs13: folds 
yurashef: folds 
donazefa04: raises 1422 to 4485 and is all-in
JoseMarcucci: calls 1422
*** FLOP *** [Kd Jc 7d]
*** TURN *** [Kd Jc 7d] [6h]
*** RIVER *** [Kd Jc 7d 6h] [8s]
*** SHOW DOWN ***
donazefa04: shows [As Ad] (a pair of Aces)
JoseMarcucci: shows [Qd Qh] (a pair of Queens)
donazefa04 collected 9408 from pot
*** SUMMARY ***
Total pot 9408 | Rake 0 
Board [Kd Jc 7d 6h 8s]
Seat 1: yurashef (small blind) folded before Flop
Seat 2: donazefa04 (big blind) showed [As Ad] and won (9408) with a pair of Aces
Seat 3: Miciato folded before Flop (didn't bet)
Seat 4: JoseMarcucci showed [Qd Qh] and lost with a pair of Queens
Seat 5: Gabrielfs13 folded before Flop
Seat 6: Golf 1306 folded before Flop (didn't bet)
Seat 7: edgedge folded before Flop (didn't bet)
Seat 8: 1duch (button) folded before Flop (didn't bet)



PokerStars Hand #257304066124: Tournament #3916851664, $1.44+$1.50+$0.36 USD Hold'em No Limit - Level IV (40/80) - 2025/08/11 15:54:06 BRT [2025/08/11 14:54:06 ET]
Table '3916851664 16' 8-max Seat #1 is the button
Seat 1: yurashef (15822 in chips, $3 bounty) 
Seat 2: donazefa04 (9408 in chips, $1.50 bounty) 
Seat 3: Miciato (5127 in chips, $1.50 bounty) 
Seat 4: JoseMarcucci (1015 in chips, $1.50 bounty) 
Seat 5: Gabrielfs13 (4803 in chips, $1.50 bounty) 
Seat 6: Golf 1306 (4654 in chips, $1.50 bounty) 
Seat 7: edgedge (4907 in chips, $1.50 bounty) 
Seat 8: 1duch (4818 in chips, $1.50 bounty) 
yurashef: posts the ante 12
donazefa04: posts the ante 12
Miciato: posts the ante 12
JoseMarcucci: posts the ante 12
Gabrielfs13: posts the ante 12
Golf 1306: posts the ante 12
edgedge: posts the ante 12
1duch: posts the ante 12
donazefa04: posts small blind 40
Miciato: posts big blind 80
*** HOLE CARDS ***
Dealt to Gabrielfs13 [5s 5c]
JoseMarcucci: raises 923 to 1003 and is all-in
Gabrielfs13: calls 1003
Golf 1306: folds 
edgedge: folds 
1duch: folds 
yurashef: folds 
donazefa04: folds 
Miciato: folds 
*** FLOP *** [2s Td 7s]
*** TURN *** [2s Td 7s] [3c]
*** RIVER *** [2s Td 7s 3c] [4c]
*** SHOW DOWN ***
JoseMarcucci: shows [Js Ad] (high card Ace)
Gabrielfs13: shows [5s 5c] (a pair of Fives)
Gabrielfs13 collected 2222 from pot
Gabrielfs13 wins $0.75 for eliminating JoseMarcucci and their own bounty increases by $0.75 to $2.25
JoseMarcucci finished the tournament
*** SUMMARY ***
Total pot 2222 | Rake 0 
Board [2s Td 7s 3c 4c]
Seat 1: yurashef (button) folded before Flop (didn't bet)
Seat 2: donazefa04 (small blind) folded before Flop
Seat 3: Miciato (big blind) folded before Flop
Seat 4: JoseMarcucci showed [Js Ad] and lost with high card Ace
Seat 5: Gabrielfs13 showed [5s 5c] and won (2222) with a pair of Fives
Seat 6: Golf 1306 folded before Flop (didn't bet)
Seat 7: edgedge folded before Flop (didn't bet)
Seat 8: 1duch folded before Flop (didn't bet)



PokerStars Hand #257304075426: Tournament #3916851664, $1.44+$1.50+$0.36 USD Hold'em No Limit - Level IV (40/80) - 2025/08/11 15:54:48 BRT [2025/08/11 14:54:48 ET]
Table '3916851664 16' 8-max Seat #2 is the button
Seat 1: yurashef (15810 in chips, $3 bounty) 
Seat 2: donazefa04 (9356 in chips, $1.50 bounty) 
Seat 3: Miciato (5035 in chips, $1.50 bounty) 
Seat 5: Gabrielfs13 (6010 in chips, $2.25 bounty) 
Seat 6: Golf 1306 (4642 in chips, $1.50 bounty) 
Seat 7: edgedge (4895 in chips, $1.50 bounty) 
Seat 8: 1duch (4806 in chips, $1.50 bounty) 
yurashef: posts the ante 12
donazefa04: posts the ante 12
Miciato: posts the ante 12
Gabrielfs13: posts the ante 12
Golf 1306: posts the ante 12
edgedge: posts the ante 12
1duch: posts the ante 12
Miciato: posts small blind 40
Gabrielfs13: posts big blind 80
*** HOLE CARDS ***
Dealt to Gabrielfs13 [Js 2h]
Golf 1306: folds 
edgedge: raises 284 to 364
1duch: folds 
matejj926 is disconnected 
yurashef: calls 364
donazefa04: folds 
Miciato: folds 
Gabrielfs13: folds 
*** FLOP *** [Td 3s 2c]
edgedge: bets 932
yurashef: calls 932
*** TURN *** [Td 3s 2c] [4c]
edgedge: bets 3587 and is all-in
yurashef: folds [Ts]
Uncalled bet (3587) returned to edgedge
edgedge collected 2796 from pot
edgedge: doesn't show hand 
*** SUMMARY ***
Total pot 2796 | Rake 0 
Board [Td 3s 2c 4c]
Seat 1: yurashef folded on the Turn
Seat 2: donazefa04 (button) folded before Flop (didn't bet)
Seat 3: Miciato (small blind) folded before Flop
Seat 5: Gabrielfs13 (big blind) folded before Flop
Seat 6: Golf 1306 folded before Flop (didn't bet)
Seat 7: edgedge collected (2796)
Seat 8: 1duch folded before Flop (didn't bet)



PokerStars Hand #257304158138: Tournament #3916851664, $1.44+$1.50+$0.36 USD Hold'em No Limit - Level IV (40/80) - 2025/08/11 16:02:54 BRT [2025/08/11 15:02:54 ET]
Table '3916851664 16' 8-max Seat #3 is the button
Seat 1: yurashef (14502 in chips, $3 bounty) 
Seat 2: donazefa04 (9344 in chips, $1.50 bounty) 
Seat 3: Miciato (4983 in chips, $1.50 bounty) 
Seat 4: matejj926 (5000 in chips) out of hand (moved from another table into small blind)
Seat 5: Gabrielfs13 (5918 in chips, $2.25 bounty) 
Seat 6: Golf 1306 (4630 in chips, $1.50 bounty) 
Seat 7: edgedge (6383 in chips, $1.50 bounty) 
Seat 8: 1duch (4794 in chips, $1.50 bounty) 
matejj926 will be allowed to play after the button
yurashef: posts the ante 12
donazefa04: posts the ante 12
Miciato: posts the ante 12
Gabrielfs13: posts the ante 12
Golf 1306: posts the ante 12
edgedge: posts the ante 12
1duch: posts the ante 12
Gabrielfs13: posts small blind 40
Golf 1306: posts big blind 80
*** HOLE CARDS ***
Dealt to Gabrielfs13 [7h Ad]
edgedge: raises 80 to 160
1duch: folds 
yurashef: folds 
donazefa04: folds 
Miciato: calls 160
Gabrielfs13: folds 
Golf 1306: folds 
*** FLOP *** [9d 8c 2d]
edgedge: checks 
Miciato: bets 288
edgedge: calls 288
*** TURN *** [9d 8c 2d] [2c]
edgedge: checks 
Miciato: bets 846
edgedge: folds 
Uncalled bet (846) returned to Miciato
Miciato collected 1100 from pot
Miciato: doesn't show hand 
*** SUMMARY ***
Total pot 1100 | Rake 0 
Board [9d 8c 2d 2c]
Seat 1: yurashef folded before Flop (didn't bet)
Seat 2: donazefa04 folded before Flop (didn't bet)
Seat 3: Miciato (button) collected (1100)
Seat 5: Gabrielfs13 (small blind) folded before Flop
Seat 6: Golf 1306 (big blind) folded before Flop
Seat 7: edgedge folded on the Turn
Seat 8: 1duch folded before Flop (didn't bet)



PokerStars Hand #257304180694: Tournament #3916851664, $1.44+$1.50+$0.36 USD Hold'em No Limit - Level IV (40/80) - 2025/08/11 16:04:33 BRT [2025/08/11 15:04:33 ET]
Table '3916851664 16' 8-max Seat #5 is the button
Seat 1: yurashef (14490 in chips, $3 bounty) 
Seat 2: donazefa04 (9332 in chips, $1.50 bounty) 
Seat 3: Miciato (5623 in chips, $1.50 bounty) 
Seat 4: matejj926 (5000 in chips, $1.50 bounty) 
Seat 5: Gabrielfs13 (5866 in chips, $2.25 bounty) 
Seat 6: Golf 1306 (4538 in chips, $1.50 bounty) 
Seat 7: edgedge (5923 in chips, $1.50 bounty) 
Seat 8: 1duch (4782 in chips, $1.50 bounty) 
yurashef: posts the ante 12
donazefa04: posts the ante 12
Miciato: posts the ante 12
matejj926: posts the ante 12
Gabrielfs13: posts the ante 12
Golf 1306: posts the ante 12
edgedge: posts the ante 12
1duch: posts the ante 12
Golf 1306: posts small blind 40
edgedge: posts big blind 80
*** HOLE CARDS ***
Dealt to Gabrielfs13 [3s 6s]
1duch: raises 120 to 200
yurashef: calls 200
donazefa04: folds 
Miciato: folds 
matejj926: folds 
Gabrielfs13: folds 
Golf 1306: folds 
edgedge: calls 120
*** FLOP *** [3c Kd 9s]
edgedge: checks 
1duch: bets 184
yurashef: calls 184
edgedge: folds 
*** TURN *** [3c Kd 9s] [Jh]
1duch: checks 
yurashef: bets 1400
1duch: folds 
Uncalled bet (1400) returned to yurashef
yurashef collected 1104 from pot
yurashef: doesn't show hand 
*** SUMMARY ***
Total pot 1104 | Rake 0 
Board [3c Kd 9s Jh]
Seat 1: yurashef collected (1104)
Seat 2: donazefa04 folded before Flop (didn't bet)
Seat 3: Miciato folded before Flop (didn't bet)
Seat 4: matejj926 folded before Flop (didn't bet)
Seat 5: Gabrielfs13 (button) folded before Flop (didn't bet)
Seat 6: Golf 1306 (small blind) folded before Flop
Seat 7: edgedge (big blind) folded on the Flop
Seat 8: 1duch folded on the Turn



PokerStars Hand #257304198564: Tournament #3916851664, $1.44+$1.50+$0.36 USD Hold'em No Limit - Level IV (40/80) - 2025/08/11 16:05:50 BRT [2025/08/11 15:05:50 ET]
Table '3916851664 16' 8-max Seat #6 is the button
Seat 1: yurashef (15198 in chips, $3 bounty) 
Seat 2: donazefa04 (9320 in chips, $1.50 bounty) 
Seat 3: Miciato (5611 in chips, $1.50 bounty) 
Seat 4: matejj926 (4988 in chips, $1.50 bounty) 
Seat 5: Gabrielfs13 (5854 in chips, $2.25 bounty) 
Seat 6: Golf 1306 (4486 in chips, $1.50 bounty) 
Seat 7: edgedge (5711 in chips, $1.50 bounty) 
Seat 8: 1duch (4386 in chips, $1.50 bounty) 
yurashef: posts the ante 12
donazefa04: posts the ante 12
Miciato: posts the ante 12
matejj926: posts the ante 12
Gabrielfs13: posts the ante 12
Golf 1306: posts the ante 12
edgedge: posts the ante 12
1duch: posts the ante 12
edgedge: posts small blind 40
1duch: posts big blind 80
*** HOLE CARDS ***
Dealt to Gabrielfs13 [3s Kc]
yurashef: folds 
donazefa04: folds 
Miciato: folds 
matejj926: folds 
Gabrielfs13: folds 
Golf 1306: calls 80
edgedge: folds 
1duch: checks 
*** FLOP *** [7h Qh 5h]
1duch: checks 
Golf 1306: checks 
*** TURN *** [7h Qh 5h] [Qc]
1duch: checks 
Golf 1306: checks 
*** RIVER *** [7h Qh 5h Qc] [6d]
1duch: checks 
Golf 1306: checks 
*** SHOW DOWN ***
1duch: shows [3d 8s] (a pair of Queens)
Golf 1306: shows [9d 7d] (two pair, Queens and Sevens)
Golf 1306 collected 296 from pot
*** SUMMARY ***
Total pot 296 | Rake 0 
Board [7h Qh 5h Qc 6d]
Seat 1: yurashef folded before Flop (didn't bet)
Seat 2: donazefa04 folded before Flop (didn't bet)
Seat 3: Miciato folded before Flop (didn't bet)
Seat 4: matejj926 folded before Flop (didn't bet)
Seat 5: Gabrielfs13 folded before Flop (didn't bet)
Seat 6: Golf 1306 (button) showed [9d 7d] and won (296) with two pair, Queens and Sevens
Seat 7: edgedge (small blind) folded before Flop
Seat 8: 1duch (big blind) showed [3d 8s] and lost with a pair of Queens



PokerStars Hand #257304219027: Tournament #3916851664, $1.44+$1.50+$0.36 USD Hold'em No Limit - Level IV (40/80) - 2025/08/11 16:07:18 BRT [2025/08/11 15:07:18 ET]
Table '3916851664 16' 8-max Seat #7 is the button
Seat 1: yurashef (15186 in chips, $3 bounty) 
Seat 2: donazefa04 (9308 in chips, $1.50 bounty) 
Seat 3: Miciato (5599 in chips, $1.50 bounty) 
Seat 4: matejj926 (4976 in chips, $1.50 bounty) 
Seat 5: Gabrielfs13 (5842 in chips, $2.25 bounty) 
Seat 6: Golf 1306 (4690 in chips, $1.50 bounty) 
Seat 7: edgedge (5659 in chips, $1.50 bounty) 
Seat 8: 1duch (4294 in chips, $1.50 bounty) 
yurashef: posts the ante 12
donazefa04: posts the ante 12
Miciato: posts the ante 12
matejj926: posts the ante 12
Gabrielfs13: posts the ante 12
Golf 1306: posts the ante 12
edgedge: posts the ante 12
1duch: posts the ante 12
1duch: posts small blind 40
yurashef: posts big blind 80
*** HOLE CARDS ***
Dealt to Gabrielfs13 [Jd Th]
donazefa04: raises 80 to 160
Miciato: folds 
matejj926: folds 
Gabrielfs13: folds 
Golf 1306: calls 160
edgedge: folds 
1duch: folds 
yurashef: calls 80
*** FLOP *** [Kc 8c 8s]
yurashef: checks 
donazefa04: bets 203
Golf 1306: calls 203
yurashef: calls 203
*** TURN *** [Kc 8c 8s] [2s]
yurashef: checks 
donazefa04: checks 
Golf 1306: checks 
*** RIVER *** [Kc 8c 8s 2s] [Qc]
yurashef: bets 613
donazefa04: folds 
Golf 1306: folds 
Uncalled bet (613) returned to yurashef
yurashef collected 1225 from pot
yurashef: doesn't show hand 
*** SUMMARY ***
Total pot 1225 | Rake 0 
Board [Kc 8c 8s 2s Qc]
Seat 1: yurashef (big blind) collected (1225)
Seat 2: donazefa04 folded on the River
Seat 3: Miciato folded before Flop (didn't bet)
Seat 4: matejj926 folded before Flop (didn't bet)
Seat 5: Gabrielfs13 folded before Flop (didn't bet)
Seat 6: Golf 1306 folded on the River
Seat 7: edgedge (button) folded before Flop (didn't bet)
Seat 8: 1duch (small blind) folded before Flop



PokerStars Hand #257304246547: Tournament #3916851664, $1.44+$1.50+$0.36 USD Hold'em No Limit - Level IV (40/80) - 2025/08/11 16:09:15 BRT [2025/08/11 15:09:15 ET]
Table '3916851664 16' 8-max Seat #8 is the button
Seat 1: yurashef (16036 in chips, $3 bounty) 
Seat 2: donazefa04 (8933 in chips, $1.50 bounty) 
Seat 3: Miciato (5587 in chips, $1.50 bounty) 
Seat 4: matejj926 (4964 in chips, $1.50 bounty) 
Seat 5: Gabrielfs13 (5830 in chips, $2.25 bounty) 
Seat 6: Golf 1306 (4315 in chips, $1.50 bounty) 
Seat 7: edgedge (5647 in chips, $1.50 bounty) 
Seat 8: 1duch (4242 in chips, $1.50 bounty) 
yurashef: posts the ante 12
donazefa04: posts the ante 12
Miciato: posts the ante 12
matejj926: posts the ante 12
Gabrielfs13: posts the ante 12
Golf 1306: posts the ante 12
edgedge: posts the ante 12
1duch: posts the ante 12
yurashef: posts small blind 40
donazefa04: posts big blind 80
*** HOLE CARDS ***
Dealt to Gabrielfs13 [3d Td]
Miciato: folds 
matejj926: folds 
Gabrielfs13: folds 
Golf 1306: calls 80
edgedge: calls 80
1duch: folds 
yurashef: calls 40
donazefa04: checks 
*** FLOP *** [8s 2c 3h]
yurashef: checks 
donazefa04: checks 
Golf 1306: checks 
edgedge: checks 
*** TURN *** [8s 2c 3h] [3s]
yurashef: bets 160
donazefa04: calls 160
Golf 1306: calls 160
edgedge: folds 
*** RIVER *** [8s 2c 3h 3s] [4h]
yurashef: bets 448
donazefa04: calls 448
Golf 1306: raises 1120 to 1568
yurashef: folds 
donazefa04: folds 
Uncalled bet (1120) returned to Golf 1306
Golf 1306 collected 2240 from pot
Golf 1306: doesn't show hand 
*** SUMMARY ***
Total pot 2240 | Rake 0 
Board [8s 2c 3h 3s 4h]
Seat 1: yurashef (small blind) folded on the River
Seat 2: donazefa04 (big blind) folded on the River
Seat 3: Miciato folded before Flop (didn't bet)
Seat 4: matejj926 folded before Flop (didn't bet)
Seat 5: Gabrielfs13 folded before Flop (didn't bet)
Seat 6: Golf 1306 collected (2240)
Seat 7: edgedge folded on the Turn
Seat 8: 1duch (button) folded before Flop (didn't bet)



PokerStars Hand #257304272358: Tournament #3916851664, $1.44+$1.50+$0.36 USD Hold'em No Limit - Level V (45/90) - 2025/08/11 16:11:03 BRT [2025/08/11 15:11:03 ET]
Table '3916851664 16' 8-max Seat #1 is the button
Seat 1: yurashef (15336 in chips, $3 bounty) 
Seat 2: donazefa04 (8233 in chips, $1.50 bounty) 
Seat 3: Miciato (5575 in chips, $1.50 bounty) 
Seat 4: matejj926 (4952 in chips, $1.50 bounty) 
Seat 5: Gabrielfs13 (5818 in chips, $2.25 bounty) 
Seat 6: Golf 1306 (5855 in chips, $1.50 bounty) 
Seat 7: edgedge (5555 in chips, $1.50 bounty) 
Seat 8: 1duch (4230 in chips, $1.50 bounty) 
yurashef: posts the ante 14
donazefa04: posts the ante 14
Miciato: posts the ante 14
matejj926: posts the ante 14
Gabrielfs13: posts the ante 14
Golf 1306: posts the ante 14
edgedge: posts the ante 14
1duch: posts the ante 14
donazefa04: posts small blind 45
Miciato: posts big blind 90
*** HOLE CARDS ***
Dealt to Gabrielfs13 [Kh 2h]
matejj926: raises 270 to 360
Gabrielfs13: folds 
Golf 1306: folds 
edgedge: folds 
1duch: folds 
yurashef: calls 360
donazefa04: folds 
Miciato: raises 5201 to 5561 and is all-in
matejj926: calls 4578 and is all-in
yurashef: folds 
Uncalled bet (623) returned to Miciato
*** FLOP *** [Ts 4c 6c]
*** TURN *** [Ts 4c 6c] [Ah]
*** RIVER *** [Ts 4c 6c Ah] [Qc]
*** SHOW DOWN ***
Miciato: shows [Jh Jc] (a pair of Jacks)
matejj926: shows [As Qh] (two pair, Aces and Queens)
matejj926 collected 10393 from pot
*** SUMMARY ***
Total pot 10393 | Rake 0 
Board [Ts 4c 6c Ah Qc]
Seat 1: yurashef (button) folded before Flop
Seat 2: donazefa04 (small blind) folded before Flop
Seat 3: Miciato (big blind) showed [Jh Jc] and lost with a pair of Jacks
Seat 4: matejj926 showed [As Qh] and won (10393) with two pair, Aces and Queens
Seat 5: Gabrielfs13 folded before Flop (didn't bet)
Seat 6: Golf 1306 folded before Flop (didn't bet)
Seat 7: edgedge folded before Flop (didn't bet)
Seat 8: 1duch folded before Flop (didn't bet)



PokerStars Hand #257304285781: Tournament #3916851664, $1.44+$1.50+$0.36 USD Hold'em No Limit - Level V (45/90) - 2025/08/11 16:12:00 BRT [2025/08/11 15:12:00 ET]
Table '3916851664 16' 8-max Seat #2 is the button
Seat 1: yurashef (14962 in chips, $3 bounty) 
Seat 2: donazefa04 (8174 in chips, $1.50 bounty) 
Seat 3: Miciato (623 in chips, $1.50 bounty) 
Seat 4: matejj926 (10393 in chips, $1.50 bounty) 
Seat 5: Gabrielfs13 (5804 in chips, $2.25 bounty) 
Seat 6: Golf 1306 (5841 in chips, $1.50 bounty) 
Seat 7: edgedge (5541 in chips, $1.50 bounty) 
Seat 8: 1duch (4216 in chips, $1.50 bounty) 
yurashef: posts the ante 14
donazefa04: posts the ante 14
Miciato: posts the ante 14
matejj926: posts the ante 14
Gabrielfs13: posts the ante 14
Golf 1306: posts the ante 14
edgedge: posts the ante 14
1duch: posts the ante 14
Miciato: posts small blind 45
matejj926: posts big blind 90
*** HOLE CARDS ***
Dealt to Gabrielfs13 [Td 2d]
Gabrielfs13: folds 
Golf 1306: folds 
edgedge: folds 
1duch: folds 
yurashef: raises 90 to 180
donazefa04: folds 
Miciato: folds 
matejj926: folds 
Uncalled bet (90) returned to yurashef
yurashef collected 337 from pot
yurashef: doesn't show hand 
*** SUMMARY ***
Total pot 337 | Rake 0 
Seat 1: yurashef collected (337)
Seat 2: donazefa04 (button) folded before Flop (didn't bet)
Seat 3: Miciato (small blind) folded before Flop
Seat 4: matejj926 (big blind) folded before Flop
Seat 5: Gabrielfs13 folded before Flop (didn't bet)
Seat 6: Golf 1306 folded before Flop (didn't bet)
Seat 7: edgedge folded before Flop (didn't bet)
Seat 8: 1duch folded before Flop (didn't bet)



PokerStars Hand #257304292772: Tournament #3916851664, $1.44+$1.50+$0.36 USD Hold'em No Limit - Level V (45/90) - 2025/08/11 16:12:28 BRT [2025/08/11 15:12:28 ET]
Table '3916851664 16' 8-max Seat #3 is the button
Seat 1: yurashef (15195 in chips, $3 bounty) 
Seat 2: donazefa04 (8160 in chips, $1.50 bounty) 
Seat 3: Miciato (564 in chips, $1.50 bounty) 
Seat 4: matejj926 (10289 in chips, $1.50 bounty) 
Seat 5: Gabrielfs13 (5790 in chips, $2.25 bounty) 
Seat 6: Golf 1306 (5827 in chips, $1.50 bounty) 
Seat 7: edgedge (5527 in chips, $1.50 bounty) 
Seat 8: 1duch (4202 in chips, $1.50 bounty) 
yurashef: posts the ante 14
donazefa04: posts the ante 14
Miciato: posts the ante 14
matejj926: posts the ante 14
Gabrielfs13: posts the ante 14
Golf 1306: posts the ante 14
edgedge: posts the ante 14
1duch: posts the ante 14
matejj926: posts small blind 45
Gabrielfs13: posts big blind 90
*** HOLE CARDS ***
Dealt to Gabrielfs13 [2c 4h]
Golf 1306: folds 
edgedge: folds 
1duch: folds 
yurashef: folds 
donazefa04: folds 
Miciato: raises 460 to 550 and is all-in
matejj926: folds 
Gabrielfs13: calls 460
*** FLOP *** [Kc 3h Kh]
*** TURN *** [Kc 3h Kh] [3s]
*** RIVER *** [Kc 3h Kh 3s] [Tc]
*** SHOW DOWN ***
Gabrielfs13: shows [2c 4h] (two pair, Kings and Threes)
Miciato: shows [Kd Qs] (a full house, Kings full of Threes)
Miciato collected 1257 from pot
*** SUMMARY ***
Total pot 1257 | Rake 0 
Board [Kc 3h Kh 3s Tc]
Seat 1: yurashef folded before Flop (didn't bet)
Seat 2: donazefa04 folded before Flop (didn't bet)
Seat 3: Miciato (button) showed [Kd Qs] and won (1257) with a full house, Kings full of Threes
Seat 4: matejj926 (small blind) folded before Flop
Seat 5: Gabrielfs13 (big blind) showed [2c 4h] and lost with two pair, Kings and Threes
Seat 6: Golf 1306 folded before Flop (didn't bet)
Seat 7: edgedge folded before Flop (didn't bet)
Seat 8: 1duch folded before Flop (didn't bet)



PokerStars Hand #257304312801: Tournament #3916851664, $1.44+$1.50+$0.36 USD Hold'em No Limit - Level V (45/90) - 2025/08/11 16:13:51 BRT [2025/08/11 15:13:51 ET]
Table '3916851664 16' 8-max Seat #4 is the button
Seat 1: yurashef (15181 in chips, $3 bounty) 
Seat 2: donazefa04 (8146 in chips, $1.50 bounty) 
Seat 3: Miciato (1257 in chips, $1.50 bounty) 
Seat 4: matejj926 (10230 in chips, $1.50 bounty) 
Seat 5: Gabrielfs13 (5226 in chips, $2.25 bounty) 
Seat 6: Golf 1306 (5813 in chips, $1.50 bounty) 
Seat 7: edgedge (5513 in chips, $1.50 bounty) 
Seat 8: 1duch (4188 in chips, $1.50 bounty) 
yurashef: posts the ante 14
donazefa04: posts the ante 14
Miciato: posts the ante 14
matejj926: posts the ante 14
Gabrielfs13: posts the ante 14
Golf 1306: posts the ante 14
edgedge: posts the ante 14
1duch: posts the ante 14
Gabrielfs13: posts small blind 45
Golf 1306: posts big blind 90
*** HOLE CARDS ***
Dealt to Gabrielfs13 [6d 6s]
edgedge: raises 90 to 180
1duch: folds 
yurashef: folds 
donazefa04: folds 
Miciato: folds 
matejj926: folds 
Gabrielfs13: calls 135
Golf 1306: folds 
*** FLOP *** [7c Qd 7h]
Gabrielfs13: checks 
edgedge: bets 562
Gabrielfs13: folds 
Uncalled bet (562) returned to edgedge
edgedge collected 562 from pot
edgedge: doesn't show hand 
*** SUMMARY ***
Total pot 562 | Rake 0 
Board [7c Qd 7h]
Seat 1: yurashef folded before Flop (didn't bet)
Seat 2: donazefa04 folded before Flop (didn't bet)
Seat 3: Miciato folded before Flop (didn't bet)
Seat 4: matejj926 (button) folded before Flop (didn't bet)
Seat 5: Gabrielfs13 (small blind) folded on the Flop
Seat 6: Golf 1306 (big blind) folded before Flop
Seat 7: edgedge collected (562)
Seat 8: 1duch folded before Flop (didn't bet)



PokerStars Hand #257304326495: Tournament #3916851664, $1.44+$1.50+$0.36 USD Hold'em No Limit - Level V (45/90) - 2025/08/11 16:14:48 BRT [2025/08/11 15:14:48 ET]
Table '3916851664 16' 8-max Seat #5 is the button
Seat 1: yurashef (15167 in chips, $3 bounty) 
Seat 2: donazefa04 (8132 in chips, $1.50 bounty) 
Seat 3: Miciato (1243 in chips, $1.50 bounty) 
Seat 4: matejj926 (10216 in chips, $1.50 bounty) 
Seat 5: Gabrielfs13 (5032 in chips, $2.25 bounty) 
Seat 6: Golf 1306 (5709 in chips, $1.50 bounty) 
Seat 7: edgedge (5881 in chips, $1.50 bounty) 
Seat 8: 1duch (4174 in chips, $1.50 bounty) 
yurashef: posts the ante 14
donazefa04: posts the ante 14
Miciato: posts the ante 14
matejj926: posts the ante 14
Gabrielfs13: posts the ante 14
Golf 1306: posts the ante 14
edgedge: posts the ante 14
1duch: posts the ante 14
Golf 1306: posts small blind 45
edgedge: posts big blind 90
*** HOLE CARDS ***
Dealt to Gabrielfs13 [3s 9d]
1duch: folds 
yurashef: raises 90 to 180
donazefa04: folds 
Miciato: folds 
matejj926: folds 
Gabrielfs13: folds 
Golf 1306: folds 
edgedge: calls 90
*** FLOP *** [Qs Kh 7c]
edgedge: checks 
yurashef: bets 270
edgedge: folds 
Uncalled bet (270) returned to yurashef
yurashef collected 517 from pot
yurashef: doesn't show hand 
*** SUMMARY ***
Total pot 517 | Rake 0 
Board [Qs Kh 7c]
Seat 1: yurashef collected (517)
Seat 2: donazefa04 folded before Flop (didn't bet)
Seat 3: Miciato folded before Flop (didn't bet)
Seat 4: matejj926 folded before Flop (didn't bet)
Seat 5: Gabrielfs13 (button) folded before Flop (didn't bet)
Seat 6: Golf 1306 (small blind) folded before Flop
Seat 7: edgedge (big blind) folded on the Flop
Seat 8: 1duch folded before Flop (didn't bet)



PokerStars Hand #257304333705: Tournament #3916851664, $1.44+$1.50+$0.36 USD Hold'em No Limit - Level V (45/90) - 2025/08/11 16:15:18 BRT [2025/08/11 15:15:18 ET]
Table '3916851664 16' 8-max Seat #6 is the button
Seat 1: yurashef (15490 in chips, $3 bounty) 
Seat 2: donazefa04 (8118 in chips, $1.50 bounty) 
Seat 3: Miciato (1229 in chips, $1.50 bounty) 
Seat 4: matejj926 (10202 in chips, $1.50 bounty) 
Seat 5: Gabrielfs13 (5018 in chips, $2.25 bounty) 
Seat 6: Golf 1306 (5650 in chips, $1.50 bounty) 
Seat 7: edgedge (5687 in chips, $1.50 bounty) 
Seat 8: 1duch (4160 in chips, $1.50 bounty) 
yurashef: posts the ante 14
donazefa04: posts the ante 14
Miciato: posts the ante 14
matejj926: posts the ante 14
Gabrielfs13: posts the ante 14
Golf 1306: posts the ante 14
edgedge: posts the ante 14
1duch: posts the ante 14
edgedge: posts small blind 45
1duch: posts big blind 90
*** HOLE CARDS ***
Dealt to Gabrielfs13 [Ts Ac]
yurashef: folds 
donazefa04: raises 90 to 180
Miciato: folds 
matejj926: folds 
Gabrielfs13: calls 180
Golf 1306: calls 180
edgedge: folds 
1duch: folds 
*** FLOP *** [9d Ks Tc]
donazefa04: bets 637
Gabrielfs13: calls 637
Golf 1306: folds 
*** TURN *** [9d Ks Tc] [5h]
donazefa04: bets 1669
Gabrielfs13: calls 1669
*** RIVER *** [9d Ks Tc 5h] [4h]
donazefa04: bets 4373
Gabrielfs13: folds 
Uncalled bet (4373) returned to donazefa04
donazefa04 collected 5399 from pot
donazefa04: doesn't show hand 
*** SUMMARY ***
Total pot 5399 | Rake 0 
Board [9d Ks Tc 5h 4h]
Seat 1: yurashef folded before Flop (didn't bet)
Seat 2: donazefa04 collected (5399)
Seat 3: Miciato folded before Flop (didn't bet)
Seat 4: matejj926 folded before Flop (didn't bet)
Seat 5: Gabrielfs13 folded on the River
Seat 6: Golf 1306 (button) folded on the Flop
Seat 7: edgedge (small blind) folded before Flop
Seat 8: 1duch (big blind) folded before Flop



PokerStars Hand #257304353142: Tournament #3916851664, $1.44+$1.50+$0.36 USD Hold'em No Limit - Level V (45/90) - 2025/08/11 16:16:37 BRT [2025/08/11 15:16:37 ET]
Table '3916851664 16' 8-max Seat #7 is the button
Seat 1: yurashef (15476 in chips, $3 bounty) 
Seat 2: donazefa04 (11017 in chips, $1.50 bounty) 
Seat 3: Miciato (1215 in chips, $1.50 bounty) 
Seat 4: matejj926 (10188 in chips, $1.50 bounty) 
Seat 5: Gabrielfs13 (2518 in chips, $2.25 bounty) 
Seat 6: Golf 1306 (5456 in chips, $1.50 bounty) 
Seat 7: edgedge (5628 in chips, $1.50 bounty) 
Seat 8: 1duch (4056 in chips, $1.50 bounty) 
yurashef: posts the ante 14
donazefa04: posts the ante 14
Miciato: posts the ante 14
matejj926: posts the ante 14
Gabrielfs13: posts the ante 14
Golf 1306: posts the ante 14
edgedge: posts the ante 14
1duch: posts the ante 14
1duch: posts small blind 45
yurashef: posts big blind 90
*** HOLE CARDS ***
Dealt to Gabrielfs13 [3c Qc]
donazefa04: raises 90 to 180
Miciato: folds 
matejj926: folds 
Gabrielfs13: folds 
Golf 1306: calls 180
edgedge: folds 
1duch: folds 
yurashef: calls 90
*** FLOP *** [9s Kh 7c]
yurashef: checks 
donazefa04: bets 230
Golf 1306: calls 230
yurashef: folds 
*** TURN *** [9s Kh 7c] [Jc]
donazefa04: checks 
Golf 1306: checks 
*** RIVER *** [9s Kh 7c Jc] [9c]
donazefa04: checks 
Golf 1306: checks 
*** SHOW DOWN ***
donazefa04: shows [As 4s] (a pair of Nines)
Golf 1306: shows [Jh 8h] (two pair, Jacks and Nines)
Golf 1306 collected 1157 from pot
*** SUMMARY ***
Total pot 1157 | Rake 0 
Board [9s Kh 7c Jc 9c]
Seat 1: yurashef (big blind) folded on the Flop
Seat 2: donazefa04 showed [As 4s] and lost with a pair of Nines
Seat 3: Miciato folded before Flop (didn't bet)
Seat 4: matejj926 folded before Flop (didn't bet)
Seat 5: Gabrielfs13 folded before Flop (didn't bet)
Seat 6: Golf 1306 showed [Jh 8h] and won (1157) with two pair, Jacks and Nines
Seat 7: edgedge (button) folded before Flop (didn't bet)
Seat 8: 1duch (small blind) folded before Flop



PokerStars Hand #257304373856: Tournament #3916851664, $1.44+$1.50+$0.36 USD Hold'em No Limit - Level VI (50/100) - 2025/08/11 16:18:03 BRT [2025/08/11 15:18:03 ET]
Table '3916851664 16' 8-max Seat #8 is the button
Seat 1: yurashef (15282 in chips, $3 bounty) 
Seat 2: donazefa04 (10593 in chips, $1.50 bounty) 
Seat 3: Miciato (1201 in chips, $1.50 bounty) 
Seat 4: matejj926 (10174 in chips, $1.50 bounty) 
Seat 5: Gabrielfs13 (2504 in chips, $2.25 bounty) 
Seat 6: Golf 1306 (6189 in chips, $1.50 bounty) 
Seat 7: edgedge (5614 in chips, $1.50 bounty) 
Seat 8: 1duch (3997 in chips, $1.50 bounty) 
yurashef: posts the ante 15
donazefa04: posts the ante 15
Miciato: posts the ante 15
matejj926: posts the ante 15
Gabrielfs13: posts the ante 15
Golf 1306: posts the ante 15
edgedge: posts the ante 15
1duch: posts the ante 15
yurashef: posts small blind 50
donazefa04: posts big blind 100
*** HOLE CARDS ***
Dealt to Gabrielfs13 [Jc 6c]
Miciato: folds 
matejj926: folds 
Gabrielfs13: folds 
Golf 1306: folds 
edgedge: folds 
1duch: folds 
yurashef: calls 50
donazefa04: checks 
*** FLOP *** [4c 9h 7s]
yurashef: bets 100
donazefa04: calls 100
*** TURN *** [4c 9h 7s] [7c]
yurashef: checks 
donazefa04: checks 
*** RIVER *** [4c 9h 7s 7c] [Kd]
yurashef: bets 100
donazefa04: folds 
Uncalled bet (100) returned to yurashef
yurashef collected 520 from pot
yurashef: doesn't show hand 
*** SUMMARY ***
Total pot 520 | Rake 0 
Board [4c 9h 7s 7c Kd]
Seat 1: yurashef (small blind) collected (520)
Seat 2: donazefa04 (big blind) folded on the River
Seat 3: Miciato folded before Flop (didn't bet)
Seat 4: matejj926 folded before Flop (didn't bet)
Seat 5: Gabrielfs13 folded before Flop (didn't bet)
Seat 6: Golf 1306 folded before Flop (didn't bet)
Seat 7: edgedge folded before Flop (didn't bet)
Seat 8: 1duch (button) folded before Flop (didn't bet)



PokerStars Hand #257304385946: Tournament #3916851664, $1.44+$1.50+$0.36 USD Hold'em No Limit - Level VI (50/100) - 2025/08/11 16:18:53 BRT [2025/08/11 15:18:53 ET]
Table '3916851664 16' 8-max Seat #1 is the button
Seat 1: yurashef (15587 in chips, $3 bounty) 
Seat 2: donazefa04 (10378 in chips, $1.50 bounty) 
Seat 3: Miciato (1186 in chips, $1.50 bounty) 
Seat 4: matejj926 (10159 in chips, $1.50 bounty) 
Seat 5: Gabrielfs13 (2489 in chips, $2.25 bounty) 
Seat 6: Golf 1306 (6174 in chips, $1.50 bounty) 
Seat 7: edgedge (5599 in chips, $1.50 bounty) 
Seat 8: 1duch (3982 in chips, $1.50 bounty) 
yurashef: posts the ante 15
donazefa04: posts the ante 15
Miciato: posts the ante 15
matejj926: posts the ante 15
Gabrielfs13: posts the ante 15
Golf 1306: posts the ante 15
edgedge: posts the ante 15
1duch: posts the ante 15
donazefa04: posts small blind 50
Miciato: posts big blind 100
*** HOLE CARDS ***
Dealt to Gabrielfs13 [Qc 9s]
matejj926: folds 
Gabrielfs13: folds 
Golf 1306: folds 
edgedge: folds 
1duch: raises 150 to 250
yurashef: calls 250
donazefa04: folds 
Miciato: folds 
*** FLOP *** [Ac Td Js]
1duch: bets 1150
yurashef: folds 
Uncalled bet (1150) returned to 1duch
1duch collected 770 from pot
1duch: doesn't show hand 
*** SUMMARY ***
Total pot 770 | Rake 0 
Board [Ac Td Js]
Seat 1: yurashef (button) folded on the Flop
Seat 2: donazefa04 (small blind) folded before Flop
Seat 3: Miciato (big blind) folded before Flop
Seat 4: matejj926 folded before Flop (didn't bet)
Seat 5: Gabrielfs13 folded before Flop (didn't bet)
Seat 6: Golf 1306 folded before Flop (didn't bet)
Seat 7: edgedge folded before Flop (didn't bet)
Seat 8: 1duch collected (770)



PokerStars Hand #257304394907: Tournament #3916851664, $1.44+$1.50+$0.36 USD Hold'em No Limit - Level VI (50/100) - 2025/08/11 16:19:30 BRT [2025/08/11 15:19:30 ET]
Table '3916851664 16' 8-max Seat #2 is the button
Seat 1: yurashef (15322 in chips, $3 bounty) 
Seat 2: donazefa04 (10313 in chips, $1.50 bounty) 
Seat 3: Miciato (1071 in chips, $1.50 bounty) 
Seat 4: matejj926 (10144 in chips, $1.50 bounty) 
Seat 5: Gabrielfs13 (2474 in chips, $2.25 bounty) 
Seat 6: Golf 1306 (6159 in chips, $1.50 bounty) 
Seat 7: edgedge (5584 in chips, $1.50 bounty) 
Seat 8: 1duch (4487 in chips, $1.50 bounty) 
yurashef: posts the ante 15
donazefa04: posts the ante 15
Miciato: posts the ante 15
matejj926: posts the ante 15
Gabrielfs13: posts the ante 15
Golf 1306: posts the ante 15
edgedge: posts the ante 15
1duch: posts the ante 15
Miciato: posts small blind 50
matejj926: posts big blind 100
*** HOLE CARDS ***
Dealt to Gabrielfs13 [4s Qd]
Gabrielfs13: folds 
Golf 1306: folds 
edgedge: folds 
1duch: folds 
yurashef: folds 
donazefa04: folds 
Miciato: raises 956 to 1056 and is all-in
matejj926: calls 956
*** FLOP *** [Jd 7d 4h]
*** TURN *** [Jd 7d 4h] [5s]
*** RIVER *** [Jd 7d 4h 5s] [Ah]
*** SHOW DOWN ***
Miciato: shows [As 9s] (a pair of Aces)
matejj926: shows [Ts 8h] (high card Ace)
Miciato collected 2232 from pot
*** SUMMARY ***
Total pot 2232 | Rake 0 
Board [Jd 7d 4h 5s Ah]
Seat 1: yurashef folded before Flop (didn't bet)
Seat 2: donazefa04 (button) folded before Flop (didn't bet)
Seat 3: Miciato (small blind) showed [As 9s] and won (2232) with a pair of Aces
Seat 4: matejj926 (big blind) showed [Ts 8h] and lost with high card Ace
Seat 5: Gabrielfs13 folded before Flop (didn't bet)
Seat 6: Golf 1306 folded before Flop (didn't bet)
Seat 7: edgedge folded before Flop (didn't bet)
Seat 8: 1duch folded before Flop (didn't bet)



PokerStars Hand #257304406266: Tournament #3916851664, $1.44+$1.50+$0.36 USD Hold'em No Limit - Level VI (50/100) - 2025/08/11 16:20:17 BRT [2025/08/11 15:20:17 ET]
Table '3916851664 16' 8-max Seat #3 is the button
Seat 1: yurashef (15307 in chips, $3 bounty) 
Seat 2: donazefa04 (10298 in chips, $1.50 bounty) 
Seat 3: Miciato (2232 in chips, $1.50 bounty) 
Seat 4: matejj926 (9073 in chips, $1.50 bounty) 
Seat 5: Gabrielfs13 (2459 in chips, $2.25 bounty) 
Seat 6: Golf 1306 (6144 in chips, $1.50 bounty) 
Seat 7: edgedge (5569 in chips, $1.50 bounty) 
Seat 8: 1duch (4472 in chips, $1.50 bounty) 
yurashef: posts the ante 15
donazefa04: posts the ante 15
Miciato: posts the ante 15
matejj926: posts the ante 15
Gabrielfs13: posts the ante 15
Golf 1306: posts the ante 15
edgedge: posts the ante 15
1duch: posts the ante 15
matejj926: posts small blind 50
Gabrielfs13: posts big blind 100
*** HOLE CARDS ***
Dealt to Gabrielfs13 [4h 3c]
Golf 1306: raises 100 to 200
edgedge: calls 200
1duch: folds 
yurashef: folds 
donazefa04: folds 
Miciato: folds 
matejj926: folds 
Gabrielfs13: folds 
*** FLOP *** [4c Kc Qd]
Golf 1306: bets 235
edgedge: folds 
Uncalled bet (235) returned to Golf 1306
Golf 1306 collected 670 from pot
Golf 1306: doesn't show hand 
*** SUMMARY ***
Total pot 670 | Rake 0 
Board [4c Kc Qd]
Seat 1: yurashef folded before Flop (didn't bet)
Seat 2: donazefa04 folded before Flop (didn't bet)
Seat 3: Miciato (button) folded before Flop (didn't bet)
Seat 4: matejj926 (small blind) folded before Flop
Seat 5: Gabrielfs13 (big blind) folded before Flop
Seat 6: Golf 1306 collected (670)
Seat 7: edgedge folded on the Flop
Seat 8: 1duch folded before Flop (didn't bet)



PokerStars Hand #257304419267: Tournament #3916851664, $1.44+$1.50+$0.36 USD Hold'em No Limit - Level VI (50/100) - 2025/08/11 16:21:11 BRT [2025/08/11 15:21:11 ET]
Table '3916851664 16' 8-max Seat #4 is the button
Seat 1: yurashef (15292 in chips, $3 bounty) 
Seat 2: donazefa04 (10283 in chips, $1.50 bounty) 
Seat 3: Miciato (2217 in chips, $1.50 bounty) 
Seat 4: matejj926 (9008 in chips, $1.50 bounty) 
Seat 5: Gabrielfs13 (2344 in chips, $2.25 bounty) 
Seat 6: Golf 1306 (6599 in chips, $1.50 bounty) 
Seat 7: edgedge (5354 in chips, $1.50 bounty) 
Seat 8: 1duch (4457 in chips, $1.50 bounty) 
yurashef: posts the ante 15
donazefa04: posts the ante 15
Miciato: posts the ante 15
matejj926: posts the ante 15
Gabrielfs13: posts the ante 15
Golf 1306: posts the ante 15
edgedge: posts the ante 15
1duch: posts the ante 15
Gabrielfs13: posts small blind 50
Golf 1306: posts big blind 100
*** HOLE CARDS ***
Dealt to Gabrielfs13 [9d 8c]
edgedge: folds 
1duch: folds 
yurashef: raises 100 to 200
donazefa04: folds 
Miciato: raises 2002 to 2202 and is all-in
matejj926: calls 2202
Gabrielfs13: folds 
Golf 1306: folds 
yurashef: calls 2002
*** FLOP *** [7s 9s 2s]
yurashef: checks 
matejj926: bets 1138
yurashef: calls 1138
*** TURN *** [7s 9s 2s] [Qs]
yurashef: checks 
matejj926: bets 5653 and is all-in
yurashef: calls 5653
*** RIVER *** [7s 9s 2s Qs] [Ac]
*** SHOW DOWN ***
yurashef: shows [5s As] (a flush, Ace high)
matejj926: shows [6s 6c] (a flush, Queen high)
yurashef collected 13582 from side pot
Miciato: shows [8h 8s] (a flush, Queen high)
yurashef collected 6876 from main pot
yurashef wins $0.75 for eliminating Miciato and their own bounty increases by $0.75 to $3.75
yurashef wins $0.75 for eliminating matejj926 and their own bounty increases by $0.75 to $4.50
matejj926 finished the tournament
Miciato finished the tournament
luckzeira is disconnected 
*** SUMMARY ***
Total pot 20458 Main pot 6876. Side pot 13582. | Rake 0 
Board [7s 9s 2s Qs Ac]
Seat 1: yurashef showed [5s As] and won (20458) with a flush, Ace high
Seat 2: donazefa04 folded before Flop (didn't bet)
Seat 3: Miciato showed [8h 8s] and lost with a flush, Queen high
Seat 4: matejj926 (button) showed [6s 6c] and lost with a flush, Queen high
Seat 5: Gabrielfs13 (small blind) folded before Flop
Seat 6: Golf 1306 (big blind) folded before Flop
Seat 7: edgedge folded before Flop (didn't bet)
Seat 8: 1duch folded before Flop (didn't bet)



PokerStars Hand #257304444248: Tournament #3916851664, $1.44+$1.50+$0.36 USD Hold'em No Limit - Level VI (50/100) - 2025/08/11 16:22:52 BRT [2025/08/11 15:22:52 ET]
Table '3916851664 16' 8-max Seat #5 is the button
Seat 1: yurashef (26742 in chips, $4.50 bounty) 
Seat 2: donazefa04 (10268 in chips, $1.50 bounty) 
Seat 3: luckzeira (5410 in chips, $1.50 bounty) 
Seat 5: Gabrielfs13 (2279 in chips, $2.25 bounty) 
Seat 6: Golf 1306 (6484 in chips, $1.50 bounty) 
Seat 7: edgedge (5339 in chips, $1.50 bounty) 
Seat 8: 1duch (4442 in chips, $1.50 bounty) 
yurashef: posts the ante 15
donazefa04: posts the ante 15
luckzeira: posts the ante 15
Gabrielfs13: posts the ante 15
Golf 1306: posts the ante 15
edgedge: posts the ante 15
1duch: posts the ante 15
Golf 1306: posts small blind 50
edgedge: posts big blind 100
*** HOLE CARDS ***
Dealt to Gabrielfs13 [7s 3h]
LeoCoradetti is disconnected 
1duch: raises 250 to 350
yurashef: folds 
donazefa04: folds 
luckzeira: folds 
Gabrielfs13: folds 
Golf 1306: folds 
edgedge: folds 
Uncalled bet (250) returned to 1duch
1duch collected 355 from pot
1duch: doesn't show hand 
*** SUMMARY ***
Total pot 355 | Rake 0 
Seat 1: yurashef folded before Flop (didn't bet)
Seat 2: donazefa04 folded before Flop (didn't bet)
Seat 3: luckzeira folded before Flop (didn't bet)
Seat 5: Gabrielfs13 (button) folded before Flop (didn't bet)
Seat 6: Golf 1306 (small blind) folded before Flop
Seat 7: edgedge (big blind) folded before Flop
Seat 8: 1duch collected (355)



PokerStars Hand #257304450477: Tournament #3916851664, $1.44+$1.50+$0.36 USD Hold'em No Limit - Level VI (50/100) - 2025/08/11 16:23:18 BRT [2025/08/11 15:23:18 ET]
Table '3916851664 16' 8-max Seat #6 is the button
Seat 1: yurashef (26727 in chips, $4.50 bounty) 
Seat 2: donazefa04 (10253 in chips, $1.50 bounty) 
Seat 3: luckzeira (5395 in chips, $1.50 bounty) 
Seat 4: LeoCoradetti (4751 in chips, $1.50 bounty) 
Seat 5: Gabrielfs13 (2264 in chips, $2.25 bounty) 
Seat 6: Golf 1306 (6419 in chips, $1.50 bounty) 
Seat 7: edgedge (5224 in chips, $1.50 bounty) 
Seat 8: 1duch (4682 in chips, $1.50 bounty) 
yurashef: posts the ante 15
donazefa04: posts the ante 15
luckzeira: posts the ante 15
LeoCoradetti: posts the ante 15
Gabrielfs13: posts the ante 15
Golf 1306: posts the ante 15
edgedge: posts the ante 15
1duch: posts the ante 15
edgedge: posts small blind 50
1duch: posts big blind 100
*** HOLE CARDS ***
Dealt to Gabrielfs13 [Jd 4c]
yurashef: folds 
donazefa04: folds 
luckzeira: folds 
LeoCoradetti: folds 
Gabrielfs13: folds 
Golf 1306: raises 100 to 200
edgedge: calls 150
1duch: folds 
*** FLOP *** [Tc 6s 3d]
edgedge: checks 
Golf 1306: bets 310
edgedge: folds 
Uncalled bet (310) returned to Golf 1306
Golf 1306 collected 620 from pot
Golf 1306: doesn't show hand 
*** SUMMARY ***
Total pot 620 | Rake 0 
Board [Tc 6s 3d]
Seat 1: yurashef folded before Flop (didn't bet)
Seat 2: donazefa04 folded before Flop (didn't bet)
Seat 3: luckzeira folded before Flop (didn't bet)
Seat 4: LeoCoradetti folded before Flop (didn't bet)
Seat 5: Gabrielfs13 folded before Flop (didn't bet)
Seat 6: Golf 1306 (button) collected (620)
Seat 7: edgedge (small blind) folded on the Flop
Seat 8: 1duch (big blind) folded before Flop



PokerStars Hand #257304467863: Tournament #3916851664, $1.44+$1.50+$0.36 USD Hold'em No Limit - Level VI (50/100) - 2025/08/11 16:24:28 BRT [2025/08/11 15:24:28 ET]
Table '3916851664 16' 8-max Seat #7 is the button
Seat 1: yurashef (26712 in chips, $4.50 bounty) 
Seat 2: donazefa04 (10238 in chips, $1.50 bounty) 
Seat 3: luckzeira (5380 in chips, $1.50 bounty) 
Seat 4: LeoCoradetti (4736 in chips, $1.50 bounty) 
Seat 5: Gabrielfs13 (2249 in chips, $2.25 bounty) 
Seat 6: Golf 1306 (6824 in chips, $1.50 bounty) 
Seat 7: edgedge (5009 in chips, $1.50 bounty) 
Seat 8: 1duch (4567 in chips, $1.50 bounty) 
yurashef: posts the ante 15
donazefa04: posts the ante 15
luckzeira: posts the ante 15
LeoCoradetti: posts the ante 15
Gabrielfs13: posts the ante 15
Golf 1306: posts the ante 15
edgedge: posts the ante 15
1duch: posts the ante 15
1duch: posts small blind 50
yurashef: posts big blind 100
*** HOLE CARDS ***
Dealt to Gabrielfs13 [Qs 4d]
donazefa04: folds 
luckzeira: folds 
LeoCoradetti: raises 100 to 200
Gabrielfs13: folds 
Golf 1306: calls 200
edgedge: folds 
1duch: raises 4352 to 4552 and is all-in
yurashef: folds 
LeoCoradetti: folds 
Golf 1306: folds [Ah Th]
Uncalled bet (4352) returned to 1duch
1duch collected 820 from pot
1duch: doesn't show hand 
*** SUMMARY ***
Total pot 820 | Rake 0 
Seat 1: yurashef (big blind) folded before Flop
Seat 2: donazefa04 folded before Flop (didn't bet)
Seat 3: luckzeira folded before Flop (didn't bet)
Seat 4: LeoCoradetti folded before Flop
Seat 5: Gabrielfs13 folded before Flop (didn't bet)
Seat 6: Golf 1306 folded before Flop
Seat 7: edgedge (button) folded before Flop (didn't bet)
Seat 8: 1duch (small blind) collected (820)



PokerStars Hand #257304478870: Tournament #3916851664, $1.44+$1.50+$0.36 USD Hold'em No Limit - Level VI (50/100) - 2025/08/11 16:25:14 BRT [2025/08/11 15:25:14 ET]
Table '3916851664 16' 8-max Seat #8 is the button
Seat 1: yurashef (26597 in chips, $4.50 bounty) 
Seat 2: donazefa04 (10223 in chips, $1.50 bounty) 
Seat 3: luckzeira (5365 in chips, $1.50 bounty) 
Seat 4: LeoCoradetti (4521 in chips, $1.50 bounty) 
Seat 5: Gabrielfs13 (2234 in chips, $2.25 bounty) 
Seat 6: Golf 1306 (6609 in chips, $1.50 bounty) 
Seat 7: edgedge (4994 in chips, $1.50 bounty) 
Seat 8: 1duch (5172 in chips, $1.50 bounty) 
yurashef: posts the ante 15
donazefa04: posts the ante 15
luckzeira: posts the ante 15
LeoCoradetti: posts the ante 15
Gabrielfs13: posts the ante 15
Golf 1306: posts the ante 15
edgedge: posts the ante 15
1duch: posts the ante 15
yurashef: posts small blind 50
donazefa04: posts big blind 100
*** HOLE CARDS ***
Dealt to Gabrielfs13 [2c Tc]
luckzeira: folds 
LeoCoradetti: folds 
Gabrielfs13: folds 
Golf 1306: folds 
edgedge: raises 200 to 300
1duch: folds 
yurashef: folds 
donazefa04: raises 9908 to 10208 and is all-in
edgedge: calls 4679 and is all-in
Uncalled bet (5229) returned to donazefa04
*** FLOP *** [Qd 4d 6c]
*** TURN *** [Qd 4d 6c] [3h]
*** RIVER *** [Qd 4d 6c 3h] [Ks]
*** SHOW DOWN ***
donazefa04: shows [Kd As] (a pair of Kings)
edgedge: shows [Kc Jc] (a pair of Kings - lower kicker)
donazefa04 collected 10128 from pot
donazefa04 wins $0.75 for eliminating edgedge and their own bounty increases by $0.75 to $2.25
edgedge finished the tournament
*** SUMMARY ***
Total pot 10128 | Rake 0 
Board [Qd 4d 6c 3h Ks]
Seat 1: yurashef (small blind) folded before Flop
Seat 2: donazefa04 (big blind) showed [Kd As] and won (10128) with a pair of Kings
Seat 3: luckzeira folded before Flop (didn't bet)
Seat 4: LeoCoradetti folded before Flop (didn't bet)
Seat 5: Gabrielfs13 folded before Flop (didn't bet)
Seat 6: Golf 1306 folded before Flop (didn't bet)
Seat 7: edgedge showed [Kc Jc] and lost with a pair of Kings
Seat 8: 1duch (button) folded before Flop (didn't bet)



PokerStars Hand #257304491111: Tournament #3916851664, $1.44+$1.50+$0.36 USD Hold'em No Limit - Level VII (60/120) - 2025/08/11 16:26:04 BRT [2025/08/11 15:26:04 ET]
Table '3916851664 16' 8-max Seat #1 is the button
Seat 1: yurashef (26532 in chips, $4.50 bounty) 
Seat 2: donazefa04 (15357 in chips, $2.25 bounty) 
Seat 3: luckzeira (5350 in chips, $1.50 bounty) 
Seat 4: LeoCoradetti (4506 in chips, $1.50 bounty) 
Seat 5: Gabrielfs13 (2219 in chips, $2.25 bounty) 
Seat 6: Golf 1306 (6594 in chips, $1.50 bounty) 
Seat 8: 1duch (5157 in chips, $1.50 bounty) 
yurashef: posts the ante 18
donazefa04: posts the ante 18
luckzeira: posts the ante 18
LeoCoradetti: posts the ante 18
Gabrielfs13: posts the ante 18
Golf 1306: posts the ante 18
1duch: posts the ante 18
donazefa04: posts small blind 60
luckzeira: posts big blind 120
*** HOLE CARDS ***
Dealt to Gabrielfs13 [5s Qc]
LeoCoradetti: folds 
Gabrielfs13: folds 
Golf 1306: raises 132 to 252
1duch: calls 252
yurashef: calls 252
donazefa04: calls 192
luckzeira: folds 
*** FLOP *** [4c 9h 3c]
donazefa04: checks 
Golf 1306: checks 
1duch: bets 828
yurashef: folds 
donazefa04: folds 
Golf 1306: folds 
Uncalled bet (828) returned to 1duch
1duch collected 1254 from pot
1duch: doesn't show hand 
*** SUMMARY ***
Total pot 1254 | Rake 0 
Board [4c 9h 3c]
Seat 1: yurashef (button) folded on the Flop
Seat 2: donazefa04 (small blind) folded on the Flop
Seat 3: luckzeira (big blind) folded before Flop
Seat 4: LeoCoradetti folded before Flop (didn't bet)
Seat 5: Gabrielfs13 folded before Flop (didn't bet)
Seat 6: Golf 1306 folded on the Flop
Seat 8: 1duch collected (1254)



PokerStars Hand #257304511002: Tournament #3916851664, $1.44+$1.50+$0.36 USD Hold'em No Limit - Level VII (60/120) - 2025/08/11 16:27:26 BRT [2025/08/11 15:27:26 ET]
Table '3916851664 16' 8-max Seat #2 is the button
Seat 1: yurashef (26262 in chips, $4.50 bounty) 
Seat 2: donazefa04 (15087 in chips, $2.25 bounty) 
Seat 3: luckzeira (5212 in chips, $1.50 bounty) 
Seat 4: LeoCoradetti (4488 in chips, $1.50 bounty) 
Seat 5: Gabrielfs13 (2201 in chips, $2.25 bounty) 
Seat 6: Golf 1306 (6324 in chips, $1.50 bounty) 
Seat 7: xyhasixy (5000 in chips, $1.50 bounty) 
Seat 8: 1duch (6141 in chips, $1.50 bounty) 
yurashef: posts the ante 18
donazefa04: posts the ante 18
luckzeira: posts the ante 18
LeoCoradetti: posts the ante 18
Gabrielfs13: posts the ante 18
Golf 1306: posts the ante 18
xyhasixy: posts the ante 18
1duch: posts the ante 18
luckzeira: posts small blind 60
LeoCoradetti: posts big blind 120
*** HOLE CARDS ***
Dealt to Gabrielfs13 [2h Ad]
Gabrielfs13: folds 
Golf 1306: folds 
xyhasixy: folds 
1duch: folds 
yurashef: raises 120 to 240
donazefa04: folds 
luckzeira: folds 
LeoCoradetti: calls 120
*** FLOP *** [5c 8d 8h]
LeoCoradetti: checks 
yurashef: bets 240
LeoCoradetti: folds 
Uncalled bet (240) returned to yurashef
yurashef collected 684 from pot
yurashef: doesn't show hand 
*** SUMMARY ***
Total pot 684 | Rake 0 
Board [5c 8d 8h]
Seat 1: yurashef collected (684)
Seat 2: donazefa04 (button) folded before Flop (didn't bet)
Seat 3: luckzeira (small blind) folded before Flop
Seat 4: LeoCoradetti (big blind) folded on the Flop
Seat 5: Gabrielfs13 folded before Flop (didn't bet)
Seat 6: Golf 1306 folded before Flop (didn't bet)
Seat 7: xyhasixy folded before Flop (didn't bet)
Seat 8: 1duch folded before Flop (didn't bet)



PokerStars Hand #257304532485: Tournament #3916851664, $1.44+$1.50+$0.36 USD Hold'em No Limit - Level VII (60/120) - 2025/08/11 16:28:54 BRT [2025/08/11 15:28:54 ET]
Table '3916851664 16' 8-max Seat #3 is the button
Seat 1: yurashef (26688 in chips, $4.50 bounty) 
Seat 2: donazefa04 (15069 in chips, $2.25 bounty) 
Seat 3: luckzeira (5134 in chips, $1.50 bounty) 
Seat 4: LeoCoradetti (4230 in chips, $1.50 bounty) 
Seat 5: Gabrielfs13 (2183 in chips, $2.25 bounty) 
Seat 6: Golf 1306 (6306 in chips, $1.50 bounty) 
Seat 7: xyhasixy (4982 in chips, $1.50 bounty) 
Seat 8: 1duch (6123 in chips, $1.50 bounty) 
yurashef: posts the ante 18
donazefa04: posts the ante 18
luckzeira: posts the ante 18
LeoCoradetti: posts the ante 18
Gabrielfs13: posts the ante 18
Golf 1306: posts the ante 18
xyhasixy: posts the ante 18
1duch: posts the ante 18
LeoCoradetti: posts small blind 60
Gabrielfs13: posts big blind 120
*** HOLE CARDS ***
Dealt to Gabrielfs13 [7h 5d]
Golf 1306: folds 
xyhasixy: raises 120 to 240
1duch: folds 
yurashef: folds 
donazefa04: folds 
luckzeira: calls 240
LeoCoradetti: calls 180
Gabrielfs13: calls 120
*** FLOP *** [4c 8s 3d]
LeoCoradetti: checks 
Gabrielfs13: checks 
xyhasixy: bets 240
luckzeira: folds 
LeoCoradetti: folds 
Gabrielfs13: raises 360 to 600
xyhasixy: calls 360
*** TURN *** [4c 8s 3d] [Ks]
Gabrielfs13: checks 
xyhasixy: checks 
*** RIVER *** [4c 8s 3d Ks] [2c]
Gabrielfs13: bets 1325 and is all-in
xyhasixy: folds 
Uncalled bet (1325) returned to Gabrielfs13
Gabrielfs13 collected 2304 from pot
Gabrielfs13: doesn't show hand 
*** SUMMARY ***
Total pot 2304 | Rake 0 
Board [4c 8s 3d Ks 2c]
Seat 1: yurashef folded before Flop (didn't bet)
Seat 2: donazefa04 folded before Flop (didn't bet)
Seat 3: luckzeira (button) folded on the Flop
Seat 4: LeoCoradetti (small blind) folded on the Flop
Seat 5: Gabrielfs13 (big blind) collected (2304)
Seat 6: Golf 1306 folded before Flop (didn't bet)
Seat 7: xyhasixy folded on the River
Seat 8: 1duch folded before Flop (didn't bet)



PokerStars Hand #257304559023: Tournament #3916851664, $1.44+$1.50+$0.36 USD Hold'em No Limit - Level VII (60/120) - 2025/08/11 16:30:43 BRT [2025/08/11 15:30:43 ET]
Table '3916851664 16' 8-max Seat #4 is the button
Seat 1: yurashef (26670 in chips, $4.50 bounty) 
Seat 2: donazefa04 (15051 in chips, $2.25 bounty) 
Seat 3: luckzeira (4876 in chips, $1.50 bounty) 
Seat 4: LeoCoradetti (3972 in chips, $1.50 bounty) 
Seat 5: Gabrielfs13 (3629 in chips, $2.25 bounty) 
Seat 6: Golf 1306 (6288 in chips, $1.50 bounty) 
Seat 7: xyhasixy (4124 in chips, $1.50 bounty) 
Seat 8: 1duch (6105 in chips, $1.50 bounty) 
yurashef: posts the ante 18
donazefa04: posts the ante 18
luckzeira: posts the ante 18
LeoCoradetti: posts the ante 18
Gabrielfs13: posts the ante 18
Golf 1306: posts the ante 18
xyhasixy: posts the ante 18
1duch: posts the ante 18
Gabrielfs13: posts small blind 60
Golf 1306: posts big blind 120
*** HOLE CARDS ***
Dealt to Gabrielfs13 [8d 3d]
xyhasixy: folds 
1duch: folds 
yurashef: folds 
donazefa04: folds 
luckzeira: folds 
LeoCoradetti: folds 
Gabrielfs13: raises 180 to 300
Golf 1306: calls 180
*** FLOP *** [Qc Jd 8h]
Gabrielfs13: checks 
Golf 1306: checks 
*** TURN *** [Qc Jd 8h] [9d]
Gabrielfs13: checks 
Golf 1306: checks 
*** RIVER *** [Qc Jd 8h 9d] [Jc]
Gabrielfs13: checks 
Golf 1306: checks 
*** SHOW DOWN ***
Gabrielfs13: shows [8d 3d] (two pair, Jacks and Eights)
Golf 1306: mucks hand 
Gabrielfs13 collected 744 from pot
*** SUMMARY ***
Total pot 744 | Rake 0 
Board [Qc Jd 8h 9d Jc]
Seat 1: yurashef folded before Flop (didn't bet)
Seat 2: donazefa04 folded before Flop (didn't bet)
Seat 3: luckzeira folded before Flop (didn't bet)
Seat 4: LeoCoradetti (button) folded before Flop (didn't bet)
Seat 5: Gabrielfs13 (small blind) showed [8d 3d] and won (744) with two pair, Jacks and Eights
Seat 6: Golf 1306 (big blind) mucked [5h 2d]
Seat 7: xyhasixy folded before Flop (didn't bet)
Seat 8: 1duch folded before Flop (didn't bet)



PokerStars Hand #257304569563: Tournament #3916851664, $1.44+$1.50+$0.36 USD Hold'em No Limit - Level VII (60/120) - 2025/08/11 16:31:25 BRT [2025/08/11 15:31:25 ET]
Table '3916851664 16' 8-max Seat #5 is the button
Seat 1: yurashef (26652 in chips, $4.50 bounty) 
Seat 2: donazefa04 (15033 in chips, $2.25 bounty) 
Seat 3: luckzeira (4858 in chips, $1.50 bounty) 
Seat 4: LeoCoradetti (3954 in chips, $1.50 bounty) 
Seat 5: Gabrielfs13 (4055 in chips, $2.25 bounty) 
Seat 6: Golf 1306 (5970 in chips, $1.50 bounty) 
Seat 7: xyhasixy (4106 in chips, $1.50 bounty) 
Seat 8: 1duch (6087 in chips, $1.50 bounty) 
yurashef: posts the ante 18
donazefa04: posts the ante 18
luckzeira: posts the ante 18
LeoCoradetti: posts the ante 18
Gabrielfs13: posts the ante 18
Golf 1306: posts the ante 18
xyhasixy: posts the ante 18
1duch: posts the ante 18
Golf 1306: posts small blind 60
xyhasixy: posts big blind 120
*** HOLE CARDS ***
Dealt to Gabrielfs13 [Td 6s]
1duch: folds 
yurashef: raises 120 to 240
donazefa04: folds 
luckzeira: raises 480 to 720
LeoCoradetti: folds 
Gabrielfs13: folds 
Golf 1306: folds 
xyhasixy: calls 600
yurashef: calls 480
*** FLOP *** [4h 9d 2c]
xyhasixy: bets 3368 and is all-in
yurashef: folds 
luckzeira: folds 
Uncalled bet (3368) returned to xyhasixy
xyhasixy collected 2364 from pot
*** SUMMARY ***
Total pot 2364 | Rake 0 
Board [4h 9d 2c]
Seat 1: yurashef folded on the Flop
Seat 2: donazefa04 folded before Flop (didn't bet)
Seat 3: luckzeira folded on the Flop
Seat 4: LeoCoradetti folded before Flop (didn't bet)
Seat 5: Gabrielfs13 (button) folded before Flop (didn't bet)
Seat 6: Golf 1306 (small blind) folded before Flop
Seat 7: xyhasixy (big blind) collected (2364)
Seat 8: 1duch folded before Flop (didn't bet)



PokerStars Hand #257304588352: Tournament #3916851664, $1.44+$1.50+$0.36 USD Hold'em No Limit - Level VII (60/120) - 2025/08/11 16:32:42 BRT [2025/08/11 15:32:42 ET]
Table '3916851664 16' 8-max Seat #6 is the button
Seat 1: yurashef (25914 in chips, $4.50 bounty) 
Seat 2: donazefa04 (15015 in chips, $2.25 bounty) 
Seat 3: luckzeira (4120 in chips, $1.50 bounty) 
Seat 4: LeoCoradetti (3936 in chips, $1.50 bounty) 
Seat 5: Gabrielfs13 (4037 in chips, $2.25 bounty) 
Seat 6: Golf 1306 (5892 in chips, $1.50 bounty) 
Seat 7: xyhasixy (5732 in chips, $1.50 bounty) 
Seat 8: 1duch (6069 in chips, $1.50 bounty) 
yurashef: posts the ante 18
donazefa04: posts the ante 18
luckzeira: posts the ante 18
LeoCoradetti: posts the ante 18
Gabrielfs13: posts the ante 18
Golf 1306: posts the ante 18
xyhasixy: posts the ante 18
1duch: posts the ante 18
xyhasixy: posts small blind 60
1duch: posts big blind 120
*** HOLE CARDS ***
Dealt to Gabrielfs13 [2s Qc]
yurashef: folds 
donazefa04: folds 
luckzeira: folds 
LeoCoradetti: folds 
Gabrielfs13: folds 
Golf 1306: raises 240 to 360
xyhasixy: folds 
1duch has timed out
1duch: folds 
1duch is sitting out
Uncalled bet (240) returned to Golf 1306
1duch has returned
Golf 1306 collected 444 from pot
Golf 1306: doesn't show hand 
*** SUMMARY ***
Total pot 444 | Rake 0 
Seat 1: yurashef folded before Flop (didn't bet)
Seat 2: donazefa04 folded before Flop (didn't bet)
Seat 3: luckzeira folded before Flop (didn't bet)
Seat 4: LeoCoradetti folded before Flop (didn't bet)
Seat 5: Gabrielfs13 folded before Flop (didn't bet)
Seat 6: Golf 1306 (button) collected (444)
Seat 7: xyhasixy (small blind) folded before Flop
Seat 8: 1duch (big blind) folded before Flop



PokerStars Hand #257304601428: Tournament #3916851664, $1.44+$1.50+$0.36 USD Hold'em No Limit - Level VII (60/120) - 2025/08/11 16:33:35 BRT [2025/08/11 15:33:35 ET]
Table '3916851664 16' 8-max Seat #7 is the button
Seat 1: yurashef (25896 in chips, $4.50 bounty) 
Seat 2: donazefa04 (14997 in chips, $2.25 bounty) 
Seat 3: luckzeira (4102 in chips, $1.50 bounty) 
Seat 4: LeoCoradetti (3918 in chips, $1.50 bounty) 
Seat 5: Gabrielfs13 (4019 in chips, $2.25 bounty) 
Seat 6: Golf 1306 (6198 in chips, $1.50 bounty) 
Seat 7: xyhasixy (5654 in chips, $1.50 bounty) 
Seat 8: 1duch (5931 in chips, $1.50 bounty) 
yurashef: posts the ante 18
donazefa04: posts the ante 18
luckzeira: posts the ante 18
LeoCoradetti: posts the ante 18
Gabrielfs13: posts the ante 18
Golf 1306: posts the ante 18
xyhasixy: posts the ante 18
1duch: posts the ante 18
1duch: posts small blind 60
yurashef: posts big blind 120
*** HOLE CARDS ***
Dealt to Gabrielfs13 [Qc Kh]
donazefa04: raises 120 to 240
luckzeira: calls 240
LeoCoradetti: folds 
Gabrielfs13: calls 240
Golf 1306: folds 
xyhasixy: calls 240
1duch: folds 
yurashef: calls 120
*** FLOP *** [5d 7d 9s]
yurashef: checks 
donazefa04: checks 
luckzeira: checks 
Gabrielfs13: checks 
xyhasixy: bets 360
yurashef: folds 
donazefa04: calls 360
luckzeira: folds 
Gabrielfs13: folds 
*** TURN *** [5d 7d 9s] [2h]
donazefa04: checks 
xyhasixy: bets 1302
donazefa04: folds 
Uncalled bet (1302) returned to xyhasixy
xyhasixy collected 2124 from pot
*** SUMMARY ***
Total pot 2124 | Rake 0 
Board [5d 7d 9s 2h]
Seat 1: yurashef (big blind) folded on the Flop
Seat 2: donazefa04 folded on the Turn
Seat 3: luckzeira folded on the Flop
Seat 4: LeoCoradetti folded before Flop (didn't bet)
Seat 5: Gabrielfs13 folded on the Flop
Seat 6: Golf 1306 folded before Flop (didn't bet)
Seat 7: xyhasixy (button) collected (2124)
Seat 8: 1duch (small blind) folded before Flop



PokerStars Hand #257304628827: Tournament #3916851664, $1.44+$1.50+$0.36 USD Hold'em No Limit - Level VIII (70/140) - 2025/08/11 16:35:27 BRT [2025/08/11 15:35:27 ET]
Table '3916851664 16' 8-max Seat #8 is the button
Seat 1: yurashef (25638 in chips, $4.50 bounty) 
Seat 2: donazefa04 (14379 in chips, $2.25 bounty) 
Seat 3: luckzeira (3844 in chips, $1.50 bounty) 
Seat 4: LeoCoradetti (3900 in chips, $1.50 bounty) 
Seat 5: Gabrielfs13 (3761 in chips, $2.25 bounty) 
Seat 6: Golf 1306 (6180 in chips, $1.50 bounty) 
Seat 7: xyhasixy (7160 in chips, $1.50 bounty) 
Seat 8: 1duch (5853 in chips, $1.50 bounty) 
yurashef: posts the ante 21
donazefa04: posts the ante 21
luckzeira: posts the ante 21
LeoCoradetti: posts the ante 21
Gabrielfs13: posts the ante 21
Golf 1306: posts the ante 21
xyhasixy: posts the ante 21
1duch: posts the ante 21
yurashef: posts small blind 70
donazefa04: posts big blind 140
*** HOLE CARDS ***
Dealt to Gabrielfs13 [Ac 5c]
luckzeira: folds 
LeoCoradetti: folds 
Gabrielfs13: raises 140 to 280
Golf 1306: folds 
xyhasixy: calls 280
1duch: folds 
yurashef: folds 
donazefa04: calls 140
*** FLOP *** [Th Kc 8s]
donazefa04: checks 
Gabrielfs13: bets 280
xyhasixy: folds 
donazefa04: folds 
Uncalled bet (280) returned to Gabrielfs13
Gabrielfs13 collected 1078 from pot
Gabrielfs13: doesn't show hand 
*** SUMMARY ***
Total pot 1078 | Rake 0 
Board [Th Kc 8s]
Seat 1: yurashef (small blind) folded before Flop
Seat 2: donazefa04 (big blind) folded on the Flop
Seat 3: luckzeira folded before Flop (didn't bet)
Seat 4: LeoCoradetti folded before Flop (didn't bet)
Seat 5: Gabrielfs13 collected (1078)
Seat 6: Golf 1306 folded before Flop (didn't bet)
Seat 7: xyhasixy folded on the Flop
Seat 8: 1duch (button) folded before Flop (didn't bet)



PokerStars Hand #257304645639: Tournament #3916851664, $1.44+$1.50+$0.36 USD Hold'em No Limit - Level VIII (70/140) - 2025/08/11 16:36:36 BRT [2025/08/11 15:36:36 ET]
Table '3916851664 16' 8-max Seat #1 is the button
Seat 1: yurashef (25547 in chips, $4.50 bounty) 
Seat 2: donazefa04 (14078 in chips, $2.25 bounty) 
Seat 3: luckzeira (3823 in chips, $1.50 bounty) 
Seat 4: LeoCoradetti (3879 in chips, $1.50 bounty) 
Seat 5: Gabrielfs13 (4538 in chips, $2.25 bounty) 
Seat 6: Golf 1306 (6159 in chips, $1.50 bounty) 
Seat 7: xyhasixy (6859 in chips, $1.50 bounty) 
Seat 8: 1duch (5832 in chips, $1.50 bounty) 
yurashef: posts the ante 21
donazefa04: posts the ante 21
luckzeira: posts the ante 21
LeoCoradetti: posts the ante 21
Gabrielfs13: posts the ante 21
Golf 1306: posts the ante 21
xyhasixy: posts the ante 21
1duch: posts the ante 21
donazefa04: posts small blind 70
luckzeira: posts big blind 140
*** HOLE CARDS ***
Dealt to Gabrielfs13 [Qd 3c]
LeoCoradetti: folds 
Gabrielfs13: folds 
Golf 1306: folds 
xyhasixy: folds 
1duch: folds 
yurashef: folds 
donazefa04: folds 
Uncalled bet (70) returned to luckzeira
luckzeira collected 308 from pot
luckzeira: doesn't show hand 
*** SUMMARY ***
Total pot 308 | Rake 0 
Seat 1: yurashef (button) folded before Flop (didn't bet)
Seat 2: donazefa04 (small blind) folded before Flop
Seat 3: luckzeira (big blind) collected (308)
Seat 4: LeoCoradetti folded before Flop (didn't bet)
Seat 5: Gabrielfs13 folded before Flop (didn't bet)
Seat 6: Golf 1306 folded before Flop (didn't bet)
Seat 7: xyhasixy folded before Flop (didn't bet)
Seat 8: 1duch folded before Flop (didn't bet)



PokerStars Hand #257304652228: Tournament #3916851664, $1.44+$1.50+$0.36 USD Hold'em No Limit - Level VIII (70/140) - 2025/08/11 16:37:03 BRT [2025/08/11 15:37:03 ET]
Table '3916851664 16' 8-max Seat #2 is the button
Seat 1: yurashef (25526 in chips, $4.50 bounty) 
Seat 2: donazefa04 (13987 in chips, $2.25 bounty) 
Seat 3: luckzeira (4040 in chips, $1.50 bounty) 
Seat 4: LeoCoradetti (3858 in chips, $1.50 bounty) 
Seat 5: Gabrielfs13 (4517 in chips, $2.25 bounty) 
Seat 6: Golf 1306 (6138 in chips, $1.50 bounty) 
Seat 7: xyhasixy (6838 in chips, $1.50 bounty) 
Seat 8: 1duch (5811 in chips, $1.50 bounty) 
yurashef: posts the ante 21
donazefa04: posts the ante 21
luckzeira: posts the ante 21
LeoCoradetti: posts the ante 21
Gabrielfs13: posts the ante 21
Golf 1306: posts the ante 21
xyhasixy: posts the ante 21
1duch: posts the ante 21
luckzeira: posts small blind 70
LeoCoradetti: posts big blind 140
*** HOLE CARDS ***
Dealt to Gabrielfs13 [Ah Jd]
Gabrielfs13: raises 140 to 280
Golf 1306: folds 
xyhasixy: folds 
1duch has timed out
1duch: folds 
1duch is sitting out
yurashef: folds 
donazefa04: folds 
luckzeira: folds 
LeoCoradetti: folds 
Uncalled bet (140) returned to Gabrielfs13
Gabrielfs13 collected 518 from pot
Gabrielfs13: doesn't show hand 
*** SUMMARY ***
Total pot 518 | Rake 0 
Seat 1: yurashef folded before Flop (didn't bet)
Seat 2: donazefa04 (button) folded before Flop (didn't bet)
Seat 3: luckzeira (small blind) folded before Flop
Seat 4: LeoCoradetti (big blind) folded before Flop
Seat 5: Gabrielfs13 collected (518)
Seat 6: Golf 1306 folded before Flop (didn't bet)
Seat 7: xyhasixy folded before Flop (didn't bet)
Seat 8: 1duch folded before Flop (didn't bet)



PokerStars Hand #257304660282: Tournament #3916851664, $1.44+$1.50+$0.36 USD Hold'em No Limit - Level VIII (70/140) - 2025/08/11 16:37:36 BRT [2025/08/11 15:37:36 ET]
Table '3916851664 16' 8-max Seat #3 is the button
Seat 1: yurashef (25505 in chips, $4.50 bounty) 
Seat 2: donazefa04 (13966 in chips, $2.25 bounty) 
Seat 3: luckzeira (3949 in chips, $1.50 bounty) 
Seat 4: LeoCoradetti (3697 in chips, $1.50 bounty) 
Seat 5: Gabrielfs13 (4874 in chips, $2.25 bounty) 
Seat 6: Golf 1306 (6117 in chips, $1.50 bounty) 
Seat 7: xyhasixy (6817 in chips, $1.50 bounty) 
Seat 8: 1duch (5790 in chips, $1.50 bounty) is sitting out
yurashef: posts the ante 21
donazefa04: posts the ante 21
luckzeira: posts the ante 21
LeoCoradetti: posts the ante 21
Gabrielfs13: posts the ante 21
Golf 1306: posts the ante 21
xyhasixy: posts the ante 21
1duch: posts the ante 21
LeoCoradetti: posts small blind 70
Gabrielfs13: posts big blind 140
*** HOLE CARDS ***
Dealt to Gabrielfs13 [Jc 3h]
1duch has returned
Golf 1306: folds 
xyhasixy: folds 
1duch: folds 
yurashef: folds 
donazefa04: folds 
luckzeira: folds 
LeoCoradetti: calls 70
Gabrielfs13: raises 350 to 490
LeoCoradetti: folds 
Uncalled bet (350) returned to Gabrielfs13
Gabrielfs13 collected 448 from pot
Gabrielfs13: doesn't show hand 
*** SUMMARY ***
Total pot 448 | Rake 0 
Seat 1: yurashef folded before Flop (didn't bet)
Seat 2: donazefa04 folded before Flop (didn't bet)
Seat 3: luckzeira (button) folded before Flop (didn't bet)
Seat 4: LeoCoradetti (small blind) folded before Flop
Seat 5: Gabrielfs13 (big blind) collected (448)
Seat 6: Golf 1306 folded before Flop (didn't bet)
Seat 7: xyhasixy folded before Flop (didn't bet)
Seat 8: 1duch folded before Flop (didn't bet)



PokerStars Hand #257304669296: Tournament #3916851664, $1.44+$1.50+$0.36 USD Hold'em No Limit - Level VIII (70/140) - 2025/08/11 16:38:13 BRT [2025/08/11 15:38:13 ET]
Table '3916851664 16' 8-max Seat #4 is the button
Seat 1: yurashef (25484 in chips, $4.50 bounty) 
Seat 2: donazefa04 (13945 in chips, $2.25 bounty) 
Seat 3: luckzeira (3928 in chips, $1.50 bounty) 
Seat 4: LeoCoradetti (3536 in chips, $1.50 bounty) 
Seat 5: Gabrielfs13 (5161 in chips, $2.25 bounty) 
Seat 6: Golf 1306 (6096 in chips, $1.50 bounty) 
Seat 7: xyhasixy (6796 in chips, $1.50 bounty) 
Seat 8: 1duch (5769 in chips, $1.50 bounty) 
yurashef: posts the ante 21
donazefa04: posts the ante 21
luckzeira: posts the ante 21
LeoCoradetti: posts the ante 21
Gabrielfs13: posts the ante 21
Golf 1306: posts the ante 21
xyhasixy: posts the ante 21
1duch: posts the ante 21
Gabrielfs13: posts small blind 70
Golf 1306: posts big blind 140
*** HOLE CARDS ***
Dealt to Gabrielfs13 [3s 8d]
xyhasixy: folds 
1duch: folds 
yurashef: raises 140 to 280
donazefa04: folds 
luckzeira: folds 
LeoCoradetti: folds 
Gabrielfs13: folds 
Golf 1306: calls 140
*** FLOP *** [7c Ks 6h]
Golf 1306: checks 
yurashef: bets 399
Golf 1306: calls 399
*** TURN *** [7c Ks 6h] [Jh]
Golf 1306: checks 
yurashef: bets 1120
Golf 1306: calls 1120
*** RIVER *** [7c Ks 6h Jh] [2d]
Golf 1306: checks 
yurashef: bets 4340
Golf 1306: folds 
Uncalled bet (4340) returned to yurashef
yurashef collected 3836 from pot
yurashef: doesn't show hand 
*** SUMMARY ***
Total pot 3836 | Rake 0 
Board [7c Ks 6h Jh 2d]
Seat 1: yurashef collected (3836)
Seat 2: donazefa04 folded before Flop (didn't bet)
Seat 3: luckzeira folded before Flop (didn't bet)
Seat 4: LeoCoradetti (button) folded before Flop (didn't bet)
Seat 5: Gabrielfs13 (small blind) folded before Flop
Seat 6: Golf 1306 (big blind) folded on the River
Seat 7: xyhasixy folded before Flop (didn't bet)
Seat 8: 1duch folded before Flop (didn't bet)



PokerStars Hand #257304688870: Tournament #3916851664, $1.44+$1.50+$0.36 USD Hold'em No Limit - Level VIII (70/140) - 2025/08/11 16:39:33 BRT [2025/08/11 15:39:33 ET]
Table '3916851664 16' 8-max Seat #5 is the button
Seat 1: yurashef (27500 in chips, $4.50 bounty) 
Seat 2: donazefa04 (13924 in chips, $2.25 bounty) 
Seat 3: luckzeira (3907 in chips, $1.50 bounty) 
Seat 4: LeoCoradetti (3515 in chips, $1.50 bounty) 
Seat 5: Gabrielfs13 (5070 in chips, $2.25 bounty) 
Seat 6: Golf 1306 (4276 in chips, $1.50 bounty) 
Seat 7: xyhasixy (6775 in chips, $1.50 bounty) 
Seat 8: 1duch (5748 in chips, $1.50 bounty) 
yurashef: posts the ante 21
donazefa04: posts the ante 21
luckzeira: posts the ante 21
LeoCoradetti: posts the ante 21
Gabrielfs13: posts the ante 21
Golf 1306: posts the ante 21
xyhasixy: posts the ante 21
1duch: posts the ante 21
Golf 1306: posts small blind 70
xyhasixy: posts big blind 140
*** HOLE CARDS ***
Dealt to Gabrielfs13 [7s Jc]
1duch: folds 
yurashef: raises 140 to 280
donazefa04: folds 
luckzeira: folds 
LeoCoradetti: folds 
Gabrielfs13: folds 
Golf 1306: folds 
xyhasixy: calls 140
*** FLOP *** [6d Kd 8s]
xyhasixy: checks 
yurashef: bets 420
xyhasixy: calls 420
*** TURN *** [6d Kd 8s] [4c]
xyhasixy: checks 
yurashef: checks 
*** RIVER *** [6d Kd 8s 4c] [Jd]
xyhasixy: bets 959
yurashef: folds 
Uncalled bet (959) returned to xyhasixy
xyhasixy collected 1638 from pot
*** SUMMARY ***
Total pot 1638 | Rake 0 
Board [6d Kd 8s 4c Jd]
Seat 1: yurashef folded on the River
Seat 2: donazefa04 folded before Flop (didn't bet)
Seat 3: luckzeira folded before Flop (didn't bet)
Seat 4: LeoCoradetti folded before Flop (didn't bet)
Seat 5: Gabrielfs13 (button) folded before Flop (didn't bet)
Seat 6: Golf 1306 (small blind) folded before Flop
Seat 7: xyhasixy (big blind) collected (1638)
Seat 8: 1duch folded before Flop (didn't bet)



PokerStars Hand #257304704897: Tournament #3916851664, $1.44+$1.50+$0.36 USD Hold'em No Limit - Level VIII (70/140) - 2025/08/11 16:40:39 BRT [2025/08/11 15:40:39 ET]
Table '3916851664 16' 8-max Seat #6 is the button
Seat 1: yurashef (26779 in chips, $4.50 bounty) 
Seat 2: donazefa04 (13903 in chips, $2.25 bounty) 
Seat 3: luckzeira (3886 in chips, $1.50 bounty) 
Seat 4: LeoCoradetti (3494 in chips, $1.50 bounty) 
Seat 5: Gabrielfs13 (5049 in chips, $2.25 bounty) 
Seat 6: Golf 1306 (4185 in chips, $1.50 bounty) 
Seat 7: xyhasixy (7692 in chips, $1.50 bounty) 
Seat 8: 1duch (5727 in chips, $1.50 bounty) 
yurashef: posts the ante 21
donazefa04: posts the ante 21
luckzeira: posts the ante 21
LeoCoradetti: posts the ante 21
Gabrielfs13: posts the ante 21
Golf 1306: posts the ante 21
xyhasixy: posts the ante 21
1duch: posts the ante 21
xyhasixy: posts small blind 70
1duch: posts big blind 140
*** HOLE CARDS ***
Dealt to Gabrielfs13 [6c 8c]
yurashef: folds 
donazefa04: folds 
luckzeira: raises 140 to 280
LeoCoradetti: folds 
Gabrielfs13: calls 280
Golf 1306: calls 280
xyhasixy: calls 210
1duch: folds 
*** FLOP *** [3s 6s 2h]
xyhasixy: checks 
luckzeira: checks 
Gabrielfs13: bets 714
Golf 1306: raises 3170 to 3884 and is all-in
xyhasixy: calls 3884
luckzeira: calls 3585 and is all-in
Gabrielfs13: folds 
*** TURN *** [3s 6s 2h] [4s]
*** RIVER *** [3s 6s 2h 4s] [Kd]
*** SHOW DOWN ***
xyhasixy: shows [Qh 6h] (a pair of Sixes)
Golf 1306: shows [5s 5c] (a straight, Deuce to Six)
Golf 1306 collected 598 from side pot
luckzeira: shows [Ad As] (a pair of Aces)
Golf 1306 collected 12897 from main pot
Golf 1306 wins $0.75 for eliminating luckzeira and their own bounty increases by $0.75 to $2.25
luckzeira finished the tournament
*** SUMMARY ***
Total pot 13495 Main pot 12897. Side pot 598. | Rake 0 
Board [3s 6s 2h 4s Kd]
Seat 1: yurashef folded before Flop (didn't bet)
Seat 2: donazefa04 folded before Flop (didn't bet)
Seat 3: luckzeira showed [Ad As] and lost with a pair of Aces
Seat 4: LeoCoradetti folded before Flop (didn't bet)
Seat 5: Gabrielfs13 folded on the Flop
Seat 6: Golf 1306 (button) showed [5s 5c] and won (13495) with a straight, Deuce to Six
Seat 7: xyhasixy (small blind) showed [Qh 6h] and lost with a pair of Sixes
Seat 8: 1duch (big blind) folded before Flop



PokerStars Hand #257304730990: Tournament #3916851664, $1.44+$1.50+$0.36 USD Hold'em No Limit - Level IX (80/160) - 2025/08/11 16:42:26 BRT [2025/08/11 15:42:26 ET]
Table '3916851664 16' 8-max Seat #7 is the button
Seat 1: yurashef (26758 in chips, $4.50 bounty) 
Seat 2: donazefa04 (13882 in chips, $2.25 bounty) 
Seat 4: LeoCoradetti (3473 in chips, $1.50 bounty) 
Seat 5: Gabrielfs13 (4034 in chips, $2.25 bounty) 
Seat 6: Golf 1306 (13495 in chips, $2.25 bounty) 
Seat 7: xyhasixy (3507 in chips, $1.50 bounty) 
Seat 8: 1duch (5566 in chips, $1.50 bounty) 
yurashef: posts the ante 24
donazefa04: posts the ante 24
LeoCoradetti: posts the ante 24
Gabrielfs13: posts the ante 24
Golf 1306: posts the ante 24
xyhasixy: posts the ante 24
1duch: posts the ante 24
1duch: posts small blind 80
yurashef: posts big blind 160
*** HOLE CARDS ***
Dealt to Gabrielfs13 [5c Td]
donazefa04: folds 
LeoCoradetti: raises 160 to 320
Gabrielfs13: folds 
Golf 1306: folds 
xyhasixy: raises 480 to 800
1duch: calls 720
yurashef: calls 640
LeoCoradetti: calls 480
*** FLOP *** [5d 3h 8s]
1duch: checks 
yurashef: checks 
LeoCoradetti: checks 
xyhasixy: bets 480
1duch: calls 480
yurashef: raises 4808 to 5288
LeoCoradetti: folds 
xyhasixy: calls 2203 and is all-in
1duch: folds 
Uncalled bet (2605) returned to yurashef
*** TURN *** [5d 3h 8s] [9s]
*** RIVER *** [5d 3h 8s 9s] [4c]
*** SHOW DOWN ***
yurashef: shows [8d 6h] (a pair of Eights)
xyhasixy: shows [Qc Qd] (a pair of Queens)
xyhasixy collected 9214 from pot
*** SUMMARY ***
Total pot 9214 | Rake 0 
Board [5d 3h 8s 9s 4c]
Seat 1: yurashef (big blind) showed [8d 6h] and lost with a pair of Eights
Seat 2: donazefa04 folded before Flop (didn't bet)
Seat 4: LeoCoradetti folded on the Flop
Seat 5: Gabrielfs13 folded before Flop (didn't bet)
Seat 6: Golf 1306 folded before Flop (didn't bet)
Seat 7: xyhasixy (button) showed [Qc Qd] and won (9214) with a pair of Queens
Seat 8: 1duch (small blind) folded on the Flop



PokerStars Hand #257304756175: Tournament #3916851664, $1.44+$1.50+$0.36 USD Hold'em No Limit - Level IX (80/160) - 2025/08/11 16:44:08 BRT [2025/08/11 15:44:08 ET]
Table '3916851664 16' 8-max Seat #8 is the button
Seat 1: yurashef (23251 in chips, $4.50 bounty) 
Seat 2: donazefa04 (13858 in chips, $2.25 bounty) 
Seat 3: petretudor (5000 in chips, $1.50 bounty) 
Seat 4: LeoCoradetti (2649 in chips, $1.50 bounty) 
Seat 5: Gabrielfs13 (4010 in chips, $2.25 bounty) 
Seat 6: Golf 1306 (13471 in chips, $2.25 bounty) 
Seat 7: xyhasixy (9214 in chips, $1.50 bounty) 
Seat 8: 1duch (4262 in chips, $1.50 bounty) 
yurashef: posts the ante 24
donazefa04: posts the ante 24
petretudor: posts the ante 24
LeoCoradetti: posts the ante 24
Gabrielfs13: posts the ante 24
Golf 1306: posts the ante 24
xyhasixy: posts the ante 24
1duch: posts the ante 24
yurashef: posts small blind 80
donazefa04: posts big blind 160
*** HOLE CARDS ***
Dealt to Gabrielfs13 [Jh 8d]
petretudor: calls 160
LeoCoradetti: folds 
Gabrielfs13: folds 
Golf 1306: folds 
xyhasixy: folds 
1duch: folds 
yurashef: calls 80
donazefa04: checks 
*** FLOP *** [Jc 6d 7s]
yurashef: checks 
donazefa04: checks 
petretudor: checks 
*** TURN *** [Jc 6d 7s] [Ts]
yurashef: bets 336
donazefa04: calls 336
petretudor: calls 336
*** RIVER *** [Jc 6d 7s Ts] [Ac]
yurashef: checks 
donazefa04: checks 
petretudor: checks 
*** SHOW DOWN ***
yurashef: shows [7d 9s] (a pair of Sevens)
donazefa04: shows [Qd Kc] (a straight, Ten to Ace)
petretudor: mucks hand 
donazefa04 collected 1680 from pot
*** SUMMARY ***
Total pot 1680 | Rake 0 
Board [Jc 6d 7s Ts Ac]
Seat 1: yurashef (small blind) showed [7d 9s] and lost with a pair of Sevens
Seat 2: donazefa04 (big blind) showed [Qd Kc] and won (1680) with a straight, Ten to Ace
Seat 3: petretudor mucked [6c Kd]
Seat 4: LeoCoradetti folded before Flop (didn't bet)
Seat 5: Gabrielfs13 folded before Flop (didn't bet)
Seat 6: Golf 1306 folded before Flop (didn't bet)
Seat 7: xyhasixy folded before Flop (didn't bet)
Seat 8: 1duch (button) folded before Flop (didn't bet)



PokerStars Hand #257304786221: Tournament #3916851664, $1.44+$1.50+$0.36 USD Hold'em No Limit - Level IX (80/160) - 2025/08/11 16:46:11 BRT [2025/08/11 15:46:11 ET]
Table '3916851664 16' 8-max Seat #1 is the button
Seat 1: yurashef (22731 in chips, $4.50 bounty) 
Seat 2: donazefa04 (15018 in chips, $2.25 bounty) 
Seat 3: petretudor (4480 in chips, $1.50 bounty) 
Seat 4: LeoCoradetti (2625 in chips, $1.50 bounty) 
Seat 5: Gabrielfs13 (3986 in chips, $2.25 bounty) 
Seat 6: Golf 1306 (13447 in chips, $2.25 bounty) 
Seat 7: xyhasixy (9190 in chips, $1.50 bounty) 
Seat 8: 1duch (4238 in chips, $1.50 bounty) 
yurashef: posts the ante 24
donazefa04: posts the ante 24
petretudor: posts the ante 24
LeoCoradetti: posts the ante 24
Gabrielfs13: posts the ante 24
Golf 1306: posts the ante 24
xyhasixy: posts the ante 24
1duch: posts the ante 24
donazefa04: posts small blind 80
petretudor: posts big blind 160
*** HOLE CARDS ***
Dealt to Gabrielfs13 [Ad 7s]
LeoCoradetti: folds 
Gabrielfs13: folds 
Golf 1306: folds 
xyhasixy: folds 
1duch: folds 
yurashef: folds 
donazefa04: folds 
Uncalled bet (80) returned to petretudor
petretudor collected 352 from pot
*** SUMMARY ***
Total pot 352 | Rake 0 
Seat 1: yurashef (button) folded before Flop (didn't bet)
Seat 2: donazefa04 (small blind) folded before Flop
Seat 3: petretudor (big blind) collected (352)
Seat 4: LeoCoradetti folded before Flop (didn't bet)
Seat 5: Gabrielfs13 folded before Flop (didn't bet)
Seat 6: Golf 1306 folded before Flop (didn't bet)
Seat 7: xyhasixy folded before Flop (didn't bet)
Seat 8: 1duch folded before Flop (didn't bet)



PokerStars Hand #257304794453: Tournament #3916851664, $1.44+$1.50+$0.36 USD Hold'em No Limit - Level IX (80/160) - 2025/08/11 16:46:45 BRT [2025/08/11 15:46:45 ET]
Table '3916851664 16' 8-max Seat #2 is the button
Seat 1: yurashef (22707 in chips, $4.50 bounty) 
Seat 2: donazefa04 (14914 in chips, $2.25 bounty) 
Seat 3: petretudor (4728 in chips, $1.50 bounty) 
Seat 4: LeoCoradetti (2601 in chips, $1.50 bounty) 
Seat 5: Gabrielfs13 (3962 in chips, $2.25 bounty) 
Seat 6: Golf 1306 (13423 in chips, $2.25 bounty) 
Seat 7: xyhasixy (9166 in chips, $1.50 bounty) 
Seat 8: 1duch (4214 in chips, $1.50 bounty) 
yurashef: posts the ante 24
donazefa04: posts the ante 24
petretudor: posts the ante 24
LeoCoradetti: posts the ante 24
Gabrielfs13: posts the ante 24
Golf 1306: posts the ante 24
xyhasixy: posts the ante 24
1duch: posts the ante 24
petretudor: posts small blind 80
LeoCoradetti: posts big blind 160
*** HOLE CARDS ***
Dealt to Gabrielfs13 [Kh 5s]
Gabrielfs13: folds 
Golf 1306: calls 160
xyhasixy: calls 160
1duch: folds 
yurashef: raises 640 to 800
donazefa04: calls 800
petretudor: raises 640 to 1440
LeoCoradetti: folds 
Golf 1306: folds 
xyhasixy: calls 1280
yurashef: calls 640
donazefa04: calls 640
*** FLOP *** [8c Qc 4s]
petretudor: checks 
xyhasixy: checks 
yurashef: bets 2070
donazefa04: calls 2070
petretudor: calls 2070
xyhasixy: calls 2070
*** TURN *** [8c Qc 4s] [8h]
petretudor: checks 
xyhasixy: checks 
yurashef: checks 
donazefa04: checks 
*** RIVER *** [8c Qc 4s 8h] [7s]
petretudor: checks 
xyhasixy: checks 
yurashef: checks 
donazefa04: checks 
*** SHOW DOWN ***
petretudor: shows [Js Qd] (two pair, Queens and Eights)
xyhasixy: mucks hand 
yurashef: mucks hand 
donazefa04: mucks hand 
petretudor collected 14552 from pot
*** SUMMARY ***
Total pot 14552 | Rake 0 
Board [8c Qc 4s 8h 7s]
Seat 1: yurashef mucked [Kc 9c]
Seat 2: donazefa04 (button) mucked [Ts Tc]
Seat 3: petretudor (small blind) showed [Js Qd] and won (14552) with two pair, Queens and Eights
Seat 4: LeoCoradetti (big blind) folded before Flop
Seat 5: Gabrielfs13 folded before Flop (didn't bet)
Seat 6: Golf 1306 folded before Flop
Seat 7: xyhasixy mucked [9d Th]
Seat 8: 1duch folded before Flop (didn't bet)



PokerStars Hand #257304826560: Tournament #3916851664, $1.44+$1.50+$0.36 USD Hold'em No Limit - Level IX (80/160) - 2025/08/11 16:48:55 BRT [2025/08/11 15:48:55 ET]
Table '3916851664 16' 8-max Seat #3 is the button
Seat 1: yurashef (19173 in chips, $4.50 bounty) 
Seat 2: donazefa04 (11380 in chips, $2.25 bounty) 
Seat 3: petretudor (15746 in chips, $1.50 bounty) 
Seat 4: LeoCoradetti (2417 in chips, $1.50 bounty) 
Seat 5: Gabrielfs13 (3938 in chips, $2.25 bounty) 
Seat 6: Golf 1306 (13239 in chips, $2.25 bounty) 
Seat 7: xyhasixy (5632 in chips, $1.50 bounty) 
Seat 8: 1duch (4190 in chips, $1.50 bounty) 
yurashef: posts the ante 24
donazefa04: posts the ante 24
petretudor: posts the ante 24
LeoCoradetti: posts the ante 24
Gabrielfs13: posts the ante 24
Golf 1306: posts the ante 24
xyhasixy: posts the ante 24
1duch: posts the ante 24
LeoCoradetti: posts small blind 80
Gabrielfs13: posts big blind 160
*** HOLE CARDS ***
Dealt to Gabrielfs13 [9h 6h]
Golf 1306: folds 
xyhasixy: raises 320 to 480
1duch: folds 
yurashef: folds 
donazefa04: folds 
petretudor: calls 480
LeoCoradetti: folds 
Gabrielfs13: calls 320
*** FLOP *** [2d 9c Qd]
Gabrielfs13: checks 
xyhasixy: bets 320
petretudor: calls 320
Gabrielfs13: calls 320
*** TURN *** [2d 9c Qd] [2c]
Gabrielfs13: checks 
xyhasixy: bets 320
petretudor: calls 320
Gabrielfs13: calls 320
*** RIVER *** [2d 9c Qd 2c] [7c]
Gabrielfs13: checks 
xyhasixy: checks 
petretudor: checks 
*** SHOW DOWN ***
Gabrielfs13: shows [9h 6h] (two pair, Nines and Deuces)
xyhasixy: mucks hand 
petretudor: mucks hand 
Gabrielfs13 collected 3632 from pot
*** SUMMARY ***
Total pot 3632 | Rake 0 
Board [2d 9c Qd 2c 7c]
Seat 1: yurashef folded before Flop (didn't bet)
Seat 2: donazefa04 folded before Flop (didn't bet)
Seat 3: petretudor (button) mucked [6s 6d]
Seat 4: LeoCoradetti (small blind) folded before Flop
Seat 5: Gabrielfs13 (big blind) showed [9h 6h] and won (3632) with two pair, Nines and Deuces
Seat 6: Golf 1306 folded before Flop (didn't bet)
Seat 7: xyhasixy mucked [Td As]
Seat 8: 1duch folded before Flop (didn't bet)



PokerStars Hand #257304839474: Tournament #3916851664, $1.44+$1.50+$0.36 USD Hold'em No Limit - Level IX (80/160) - 2025/08/11 16:49:47 BRT [2025/08/11 15:49:47 ET]
Table '3916851664 16' 8-max Seat #4 is the button
Seat 1: yurashef (19149 in chips, $4.50 bounty) 
Seat 2: donazefa04 (11356 in chips, $2.25 bounty) 
Seat 3: petretudor (14602 in chips, $1.50 bounty) 
Seat 4: LeoCoradetti (2313 in chips, $1.50 bounty) 
Seat 5: Gabrielfs13 (6426 in chips, $2.25 bounty) 
Seat 6: Golf 1306 (13215 in chips, $2.25 bounty) 
Seat 7: xyhasixy (4488 in chips, $1.50 bounty) 
Seat 8: 1duch (4166 in chips, $1.50 bounty) 
yurashef: posts the ante 24
donazefa04: posts the ante 24
petretudor: posts the ante 24
LeoCoradetti: posts the ante 24
Gabrielfs13: posts the ante 24
Golf 1306: posts the ante 24
xyhasixy: posts the ante 24
1duch: posts the ante 24
Gabrielfs13: posts small blind 80
Golf 1306: posts big blind 160
*** HOLE CARDS ***
Dealt to Gabrielfs13 [3s Qc]
xyhasixy: folds 
1duch: folds 
yurashef: folds 
donazefa04: folds 
petretudor: folds 
LeoCoradetti: folds 
Gabrielfs13: calls 80
Golf 1306: checks 
*** FLOP *** [9h Qh 7d]
Gabrielfs13: bets 240
Golf 1306: calls 240
*** TURN *** [9h Qh 7d] [8h]
Gabrielfs13: bets 496
Golf 1306: calls 496
*** RIVER *** [9h Qh 7d 8h] [3c]
Gabrielfs13: bets 1760
Golf 1306: calls 1760
*** SHOW DOWN ***
Gabrielfs13: shows [3s Qc] (two pair, Queens and Threes)
Golf 1306: shows [Qd 8s] (two pair, Queens and Eights)
Golf 1306 collected 5504 from pot
*** SUMMARY ***
Total pot 5504 | Rake 0 
Board [9h Qh 7d 8h 3c]
Seat 1: yurashef folded before Flop (didn't bet)
Seat 2: donazefa04 folded before Flop (didn't bet)
Seat 3: petretudor folded before Flop (didn't bet)
Seat 4: LeoCoradetti (button) folded before Flop (didn't bet)
Seat 5: Gabrielfs13 (small blind) showed [3s Qc] and lost with two pair, Queens and Threes
Seat 6: Golf 1306 (big blind) showed [Qd 8s] and won (5504) with two pair, Queens and Eights
Seat 7: xyhasixy folded before Flop (didn't bet)
Seat 8: 1duch folded before Flop (didn't bet)



PokerStars Hand #257304851208: Tournament #3916851664, $1.44+$1.50+$0.36 USD Hold'em No Limit - Level X (90/180) - 2025/08/11 16:50:35 BRT [2025/08/11 15:50:35 ET]
Table '3916851664 16' 8-max Seat #5 is the button
Seat 1: yurashef (19125 in chips, $4.50 bounty) 
Seat 2: donazefa04 (11332 in chips, $2.25 bounty) 
Seat 3: petretudor (14578 in chips, $1.50 bounty) 
Seat 4: LeoCoradetti (2289 in chips, $1.50 bounty) 
Seat 5: Gabrielfs13 (3746 in chips, $2.25 bounty) 
Seat 6: Golf 1306 (16039 in chips, $2.25 bounty) 
Seat 7: xyhasixy (4464 in chips, $1.50 bounty) 
Seat 8: 1duch (4142 in chips, $1.50 bounty) 
yurashef: posts the ante 27
donazefa04: posts the ante 27
petretudor: posts the ante 27
LeoCoradetti: posts the ante 27
Gabrielfs13: posts the ante 27
Golf 1306: posts the ante 27
xyhasixy: posts the ante 27
1duch: posts the ante 27
Golf 1306: posts small blind 90
xyhasixy: posts big blind 180
*** HOLE CARDS ***
Dealt to Gabrielfs13 [8d 6h]
1duch: folds 
yurashef: folds 
donazefa04: folds 
petretudor: calls 180
LeoCoradetti: folds 
Gabrielfs13: folds 
Golf 1306: calls 90
xyhasixy: checks 
*** FLOP *** [9h 9s 5c]
Golf 1306: checks 
xyhasixy: checks 
petretudor: checks 
*** TURN *** [9h 9s 5c] [2s]
Golf 1306: checks 
xyhasixy: checks 
petretudor: checks 
*** RIVER *** [9h 9s 5c 2s] [Ah]
Golf 1306: checks 
xyhasixy: checks 
petretudor: checks 
*** SHOW DOWN ***
Golf 1306: shows [4c Jd] (a pair of Nines)
xyhasixy: shows [3d Qd] (a pair of Nines - Ace+Queen kicker)
petretudor: shows [8s Kc] (a pair of Nines - Ace+King kicker)
petretudor collected 756 from pot
*** SUMMARY ***
Total pot 756 | Rake 0 
Board [9h 9s 5c 2s Ah]
Seat 1: yurashef folded before Flop (didn't bet)
Seat 2: donazefa04 folded before Flop (didn't bet)
Seat 3: petretudor showed [8s Kc] and won (756) with a pair of Nines
Seat 4: LeoCoradetti folded before Flop (didn't bet)
Seat 5: Gabrielfs13 (button) folded before Flop (didn't bet)
Seat 6: Golf 1306 (small blind) showed [4c Jd] and lost with a pair of Nines
Seat 7: xyhasixy (big blind) showed [3d Qd] and lost with a pair of Nines
Seat 8: 1duch folded before Flop (didn't bet)



PokerStars Hand #257304865584: Tournament #3916851664, $1.44+$1.50+$0.36 USD Hold'em No Limit - Level X (90/180) - 2025/08/11 16:51:34 BRT [2025/08/11 15:51:34 ET]
Table '3916851664 16' 8-max Seat #6 is the button
Seat 1: yurashef (19098 in chips, $4.50 bounty) 
Seat 2: donazefa04 (11305 in chips, $2.25 bounty) 
Seat 3: petretudor (15127 in chips, $1.50 bounty) 
Seat 4: LeoCoradetti (2262 in chips, $1.50 bounty) 
Seat 5: Gabrielfs13 (3719 in chips, $2.25 bounty) 
Seat 6: Golf 1306 (15832 in chips, $2.25 bounty) 
Seat 7: xyhasixy (4257 in chips, $1.50 bounty) 
Seat 8: 1duch (4115 in chips, $1.50 bounty) 
yurashef: posts the ante 27
donazefa04: posts the ante 27
petretudor: posts the ante 27
LeoCoradetti: posts the ante 27
Gabrielfs13: posts the ante 27
Golf 1306: posts the ante 27
xyhasixy: posts the ante 27
1duch: posts the ante 27
xyhasixy: posts small blind 90
1duch: posts big blind 180
*** HOLE CARDS ***
Dealt to Gabrielfs13 [5c 3s]
yurashef: folds 
donazefa04: raises 180 to 360
petretudor: calls 360
LeoCoradetti: folds 
Gabrielfs13: folds 
Golf 1306: folds 
xyhasixy: calls 270
1duch: folds 
*** FLOP *** [Jh 3h Qd]
xyhasixy: checks 
donazefa04: checks 
petretudor: checks 
*** TURN *** [Jh 3h Qd] [5s]
xyhasixy: checks 
donazefa04: checks 
petretudor: bets 180
xyhasixy: calls 180
donazefa04: calls 180
*** RIVER *** [Jh 3h Qd 5s] [7h]
xyhasixy: checks 
donazefa04: checks 
petretudor: bets 180
xyhasixy: folds 
donazefa04: calls 180
*** SHOW DOWN ***
petretudor: shows [Qh Jd] (two pair, Queens and Jacks)
donazefa04: mucks hand 
petretudor collected 2376 from pot
*** SUMMARY ***
Total pot 2376 | Rake 0 
Board [Jh 3h Qd 5s 7h]
Seat 1: yurashef folded before Flop (didn't bet)
Seat 2: donazefa04 mucked [8h 8d]
Seat 3: petretudor showed [Qh Jd] and won (2376) with two pair, Queens and Jacks
Seat 4: LeoCoradetti folded before Flop (didn't bet)
Seat 5: Gabrielfs13 folded before Flop (didn't bet)
Seat 6: Golf 1306 (button) folded before Flop (didn't bet)
Seat 7: xyhasixy (small blind) folded on the River
Seat 8: 1duch (big blind) folded before Flop



PokerStars Hand #257304893358: Tournament #3916851664, $1.44+$1.50+$0.36 USD Hold'em No Limit - Level X (90/180) - 2025/08/11 16:53:27 BRT [2025/08/11 15:53:27 ET]
Table '3916851664 16' 8-max Seat #7 is the button
Seat 1: yurashef (19071 in chips, $4.50 bounty) 
Seat 2: donazefa04 (10558 in chips, $2.25 bounty) 
Seat 3: petretudor (16756 in chips, $1.50 bounty) 
Seat 4: LeoCoradetti (2235 in chips, $1.50 bounty) 
Seat 5: Gabrielfs13 (3692 in chips, $2.25 bounty) 
Seat 6: Golf 1306 (15805 in chips, $2.25 bounty) 
Seat 7: xyhasixy (3690 in chips, $1.50 bounty) 
Seat 8: 1duch (3908 in chips, $1.50 bounty) 
yurashef: posts the ante 27
donazefa04: posts the ante 27
petretudor: posts the ante 27
LeoCoradetti: posts the ante 27
Gabrielfs13: posts the ante 27
Golf 1306: posts the ante 27
xyhasixy: posts the ante 27
1duch: posts the ante 27
1duch: posts small blind 90
yurashef: posts big blind 180
*** HOLE CARDS ***
Dealt to Gabrielfs13 [Qs 9h]
donazefa04: folds 
petretudor: calls 180
LeoCoradetti: folds 
Gabrielfs13: folds 
Golf 1306: folds 
xyhasixy: folds 
1duch: calls 90
yurashef: checks 
*** FLOP *** [Jh 8c 5s]
1duch: bets 499
yurashef: calls 499
petretudor: calls 499
*** TURN *** [Jh 8c 5s] [6s]
1duch: bets 3202 and is all-in
yurashef: folds 
petretudor: calls 3202
*** RIVER *** [Jh 8c 5s 6s] [4s]
*** SHOW DOWN ***
1duch: shows [8d Ah] (a pair of Eights)
petretudor: shows [Js 7s] (a flush, Jack high)
petretudor collected 8657 from pot
petretudor wins $0.75 for eliminating 1duch and their own bounty increases by $0.75 to $2.25
1duch finished the tournament
*** SUMMARY ***
Total pot 8657 | Rake 0 
Board [Jh 8c 5s 6s 4s]
Seat 1: yurashef (big blind) folded on the Turn
Seat 2: donazefa04 folded before Flop (didn't bet)
Seat 3: petretudor showed [Js 7s] and won (8657) with a flush, Jack high
Seat 4: LeoCoradetti folded before Flop (didn't bet)
Seat 5: Gabrielfs13 folded before Flop (didn't bet)
Seat 6: Golf 1306 folded before Flop (didn't bet)
Seat 7: xyhasixy (button) folded before Flop (didn't bet)
Seat 8: 1duch (small blind) showed [8d Ah] and lost with a pair of Eights



PokerStars Hand #257304910678: Tournament #3916851664, $1.44+$1.50+$0.36 USD Hold'em No Limit - Level X (90/180) - 2025/08/11 16:54:37 BRT [2025/08/11 15:54:37 ET]
Table '3916851664 16' 8-max Seat #1 is the button
Seat 1: yurashef (18365 in chips, $4.50 bounty) 
Seat 2: donazefa04 (10531 in chips, $2.25 bounty) 
Seat 3: petretudor (21505 in chips, $2.25 bounty) 
Seat 4: LeoCoradetti (2208 in chips, $1.50 bounty) 
Seat 5: Gabrielfs13 (3665 in chips, $2.25 bounty) 
Seat 6: Golf 1306 (15778 in chips, $2.25 bounty) 
Seat 7: xyhasixy (3663 in chips, $1.50 bounty) 
yurashef: posts the ante 27
donazefa04: posts the ante 27
petretudor: posts the ante 27
LeoCoradetti: posts the ante 27
Gabrielfs13: posts the ante 27
Golf 1306: posts the ante 27
xyhasixy: posts the ante 27
donazefa04: posts small blind 90
petretudor: posts big blind 180
*** HOLE CARDS ***
Dealt to Gabrielfs13 [Kd 6d]
LeoCoradetti: folds 
chetah279 is disconnected 
Gabrielfs13: raises 180 to 360
Golf 1306: folds 
chetah279 is sitting out
xyhasixy: calls 360
yurashef: calls 360
donazefa04: folds 
petretudor: calls 180
*** FLOP *** [8c Js 6s]
petretudor: checks 
Gabrielfs13: checks 
LeoCoradetti is sitting out
xyhasixy: checks 
yurashef: bets 567
petretudor: calls 567
Gabrielfs13 has timed out
Gabrielfs13: folds 
Gabrielfs13 is sitting out
xyhasixy: calls 567
*** TURN *** [8c Js 6s] [Qh]
Gabrielfs13 has returned
petretudor: checks 
xyhasixy: checks 
yurashef: checks 
*** RIVER *** [8c Js 6s Qh] [Ad]
petretudor: checks 
xyhasixy: bets 540
yurashef: folds 
petretudor: calls 540
*** SHOW DOWN ***
xyhasixy: shows [As 3c] (a pair of Aces)
petretudor: shows [9s Ac] (a pair of Aces - Queen+Jack+Nine kicker)
petretudor collected 4500 from pot
*** SUMMARY ***
Total pot 4500 | Rake 0 
Board [8c Js 6s Qh Ad]
Seat 1: yurashef (button) folded on the River
Seat 2: donazefa04 (small blind) folded before Flop
Seat 3: petretudor (big blind) showed [9s Ac] and won (4500) with a pair of Aces
Seat 4: LeoCoradetti folded before Flop (didn't bet)
Seat 5: Gabrielfs13 folded on the Flop
Seat 6: Golf 1306 folded before Flop (didn't bet)
Seat 7: xyhasixy showed [As 3c] and lost with a pair of Aces



PokerStars Hand #257304995422: Tournament #3916851664, $1.44+$1.50+$0.36 USD Hold'em No Limit - Level X (90/180) - 2025/08/11 17:02:24 BRT [2025/08/11 16:02:24 ET]
Table '3916851664 16' 8-max Seat #2 is the button
Seat 1: yurashef (17411 in chips, $4.50 bounty) 
Seat 2: donazefa04 (10414 in chips, $2.25 bounty) 
Seat 3: dilomabio (5000 in chips) out of hand (moved from another table into small blind)
Seat 4: LeoCoradetti (2181 in chips, $1.50 bounty) 
Seat 5: Gabrielfs13 (3278 in chips, $2.25 bounty) 
Seat 6: Golf 1306 (15751 in chips, $2.25 bounty) 
Seat 7: xyhasixy (2169 in chips, $1.50 bounty) 
Seat 8: chetah279 (5000 in chips, $1.50 bounty) is sitting out
dilomabio will be allowed to play after the button
yurashef: posts the ante 27
donazefa04: posts the ante 27
LeoCoradetti: posts the ante 27
Gabrielfs13: posts the ante 27
Golf 1306: posts the ante 27
xyhasixy: posts the ante 27
chetah279: posts the ante 27
LeoCoradetti: posts small blind 90
Gabrielfs13: posts big blind 180
*** HOLE CARDS ***
Dealt to Gabrielfs13 [Ks Th]
Golf 1306: folds 
xyhasixy: raises 360 to 540
chetah279: folds 
yurashef: calls 540
donazefa04 has timed out
donazefa04: folds 
donazefa04 is sitting out
donazefa04 has returned
LeoCoradetti: folds 
Gabrielfs13: calls 360
*** FLOP *** [9s 2s Jd]
Gabrielfs13: checks 
xyhasixy: bets 1602 and is all-in
yurashef: folds 
Gabrielfs13: folds 
Uncalled bet (1602) returned to xyhasixy
xyhasixy collected 1899 from pot
*** SUMMARY ***
Total pot 1899 | Rake 0 
Board [9s 2s Jd]
Seat 1: yurashef folded on the Flop
Seat 2: donazefa04 (button) folded before Flop (didn't bet)
Seat 4: LeoCoradetti (small blind) folded before Flop
Seat 5: Gabrielfs13 (big blind) folded on the Flop
Seat 6: Golf 1306 folded before Flop (didn't bet)
Seat 7: xyhasixy collected (1899)
Seat 8: chetah279 folded before Flop (didn't bet)



PokerStars Hand #257305019157: Tournament #3916851664, $1.44+$1.50+$0.36 USD Hold'em No Limit - Level X (90/180) - 2025/08/11 17:04:02 BRT [2025/08/11 16:04:02 ET]
Table '3916851664 16' 8-max Seat #4 is the button
Seat 1: yurashef (16844 in chips, $4.50 bounty) 
Seat 2: donazefa04 (10387 in chips, $2.25 bounty) 
Seat 3: dilomabio (5000 in chips, $1.50 bounty) 
Seat 4: LeoCoradetti (2064 in chips, $1.50 bounty) 
Seat 5: Gabrielfs13 (2711 in chips, $2.25 bounty) 
Seat 6: Golf 1306 (15724 in chips, $2.25 bounty) 
Seat 7: xyhasixy (3501 in chips, $1.50 bounty) 
Seat 8: chetah279 (4973 in chips, $1.50 bounty) is sitting out
yurashef: posts the ante 27
donazefa04: posts the ante 27
dilomabio: posts the ante 27
LeoCoradetti: posts the ante 27
Gabrielfs13: posts the ante 27
Golf 1306: posts the ante 27
xyhasixy: posts the ante 27
chetah279: posts the ante 27
Gabrielfs13: posts small blind 90
Golf 1306: posts big blind 180
*** HOLE CARDS ***
Dealt to Gabrielfs13 [5d 5s]
xyhasixy: folds 
chetah279: folds 
yurashef: folds 
donazefa04: folds 
dilomabio: folds 
LeoCoradetti: raises 1857 to 2037 and is all-in
Gabrielfs13: raises 647 to 2684 and is all-in
Golf 1306: folds 
Uncalled bet (647) returned to Gabrielfs13
*** FLOP *** [7c Qh Kh]
*** TURN *** [7c Qh Kh] [7d]
*** RIVER *** [7c Qh Kh 7d] [6s]
*** SHOW DOWN ***
Gabrielfs13: shows [5d 5s] (two pair, Sevens and Fives)
LeoCoradetti: shows [Td Ts] (two pair, Tens and Sevens)
LeoCoradetti collected 4470 from pot
*** SUMMARY ***
Total pot 4470 | Rake 0 
Board [7c Qh Kh 7d 6s]
Seat 1: yurashef folded before Flop (didn't bet)
Seat 2: donazefa04 folded before Flop (didn't bet)
Seat 3: dilomabio folded before Flop (didn't bet)
Seat 4: LeoCoradetti (button) showed [Td Ts] and won (4470) with two pair, Tens and Sevens
Seat 5: Gabrielfs13 (small blind) showed [5d 5s] and lost with two pair, Sevens and Fives
Seat 6: Golf 1306 (big blind) folded before Flop
Seat 7: xyhasixy folded before Flop (didn't bet)
Seat 8: chetah279 folded before Flop (didn't bet)



PokerStars Hand #257305029814: Tournament #3916851664, $1.44+$1.50+$0.36 USD Hold'em No Limit - Level X (90/180) - 2025/08/11 17:04:46 BRT [2025/08/11 16:04:46 ET]
Table '3916851664 16' 8-max Seat #5 is the button
Seat 1: yurashef (16817 in chips, $4.50 bounty) 
Seat 2: donazefa04 (10360 in chips, $2.25 bounty) 
Seat 3: dilomabio (4973 in chips, $1.50 bounty) 
Seat 4: LeoCoradetti (4470 in chips, $1.50 bounty) 
Seat 5: Gabrielfs13 (647 in chips, $2.25 bounty) 
Seat 6: Golf 1306 (15517 in chips, $2.25 bounty) 
Seat 7: xyhasixy (3474 in chips, $1.50 bounty) 
Seat 8: chetah279 (4946 in chips, $1.50 bounty) is sitting out
yurashef: posts the ante 27
donazefa04: posts the ante 27
dilomabio: posts the ante 27
LeoCoradetti: posts the ante 27
Gabrielfs13: posts the ante 27
Golf 1306: posts the ante 27
xyhasixy: posts the ante 27
chetah279: posts the ante 27
Golf 1306: posts small blind 90
xyhasixy: posts big blind 180
*** HOLE CARDS ***
Dealt to Gabrielfs13 [6h Qd]
chetah279: folds 
yurashef: raises 180 to 360
chetah279 has returned
donazefa04: folds 
dilomabio: folds 
LeoCoradetti: folds 
Gabrielfs13: folds 
Golf 1306: calls 270
xyhasixy: calls 180
*** FLOP *** [4h As 8h]
Golf 1306: checks 
xyhasixy: checks 
yurashef: checks 
*** TURN *** [4h As 8h] [5h]
Golf 1306: bets 648
xyhasixy: calls 648
yurashef: folds 
*** RIVER *** [4h As 8h 5h] [7s]
Golf 1306: checks 
xyhasixy: bets 720
Golf 1306: calls 720
*** SHOW DOWN ***
xyhasixy: shows [Ah 2h] (a flush, Ace high)
Golf 1306: mucks hand 
xyhasixy collected 4032 from pot
*** SUMMARY ***
Total pot 4032 | Rake 0 
Board [4h As 8h 5h 7s]
Seat 1: yurashef folded on the Turn
Seat 2: donazefa04 folded before Flop (didn't bet)
Seat 3: dilomabio folded before Flop (didn't bet)
Seat 4: LeoCoradetti folded before Flop (didn't bet)
Seat 5: Gabrielfs13 (button) folded before Flop (didn't bet)
Seat 6: Golf 1306 (small blind) mucked [Ac 8c]
Seat 7: xyhasixy (big blind) showed [Ah 2h] and won (4032) with a flush, Ace high
Seat 8: chetah279 folded before Flop (didn't bet)



PokerStars Hand #257305053605: Tournament #3916851664, $1.44+$1.50+$0.36 USD Hold'em No Limit - Level XI (100/200) - 2025/08/11 17:06:23 BRT [2025/08/11 16:06:23 ET]
Table '3916851664 16' 8-max Seat #6 is the button
Seat 1: yurashef (16430 in chips, $4.50 bounty) 
Seat 2: donazefa04 (10333 in chips, $2.25 bounty) 
Seat 3: dilomabio (4946 in chips, $1.50 bounty) 
Seat 4: LeoCoradetti (4443 in chips, $1.50 bounty) 
Seat 5: Gabrielfs13 (620 in chips, $2.25 bounty) 
Seat 6: Golf 1306 (13762 in chips, $2.25 bounty) 
Seat 7: xyhasixy (5751 in chips, $1.50 bounty) 
Seat 8: chetah279 (4919 in chips, $1.50 bounty) 
yurashef: posts the ante 30
donazefa04: posts the ante 30
dilomabio: posts the ante 30
LeoCoradetti: posts the ante 30
Gabrielfs13: posts the ante 30
Golf 1306: posts the ante 30
xyhasixy: posts the ante 30
chetah279: posts the ante 30
xyhasixy: posts small blind 100
chetah279: posts big blind 200
*** HOLE CARDS ***
Dealt to Gabrielfs13 [9h Jh]
yurashef: raises 200 to 400
donazefa04 has timed out
donazefa04: folds 
donazefa04 is sitting out
dilomabio: folds 
LeoCoradetti: folds 
donazefa04 has returned
Gabrielfs13: raises 190 to 590 and is all-in
Golf 1306: folds 
xyhasixy: calls 490
chetah279: folds 
yurashef: calls 190
*** FLOP *** [5c 4s 7c]
xyhasixy: checks 
yurashef: bets 800
xyhasixy: calls 800
*** TURN *** [5c 4s 7c] [Qh]
xyhasixy: checks 
yurashef: bets 4400
xyhasixy: calls 4331 and is all-in
Uncalled bet (69) returned to yurashef
*** RIVER *** [5c 4s 7c Qh] [Td]
*** SHOW DOWN ***
xyhasixy: shows [Qc 5s] (two pair, Queens and Fives)
yurashef: shows [Ah Qd] (a pair of Queens)
xyhasixy collected 10262 from side pot
Gabrielfs13: shows [9h Jh] (high card Queen)
xyhasixy collected 2210 from main pot
xyhasixy wins $1.13 for eliminating Gabrielfs13 and their own bounty increases by $1.12 to $2.62
Gabrielfs13 finished the tournament
*** SUMMARY ***
Total pot 12472 Main pot 2210. Side pot 10262. | Rake 0 
Board [5c 4s 7c Qh Td]
Seat 1: yurashef showed [Ah Qd] and lost with a pair of Queens
Seat 2: donazefa04 folded before Flop (didn't bet)
Seat 3: dilomabio folded before Flop (didn't bet)
Seat 4: LeoCoradetti folded before Flop (didn't bet)
Seat 5: Gabrielfs13 showed [9h Jh] and lost with high card Queen
Seat 6: Golf 1306 (button) folded before Flop (didn't bet)
Seat 7: xyhasixy (small blind) showed [Qc 5s] and won (12472) with two pair, Queens and Fives
Seat 8: chetah279 (big blind) folded before Flop



