PokerStars Hand #257294882475: Tournament #3913501838, $4.90+$4.90+$1.20 USD Hold'em No Limit - Level XXII (6000/12000) - 2025/08/10 20:01:50 BRT [2025/08/10 19:01:50 ET]
Table '3913501838 145' 8-max Seat #4 is the button
Seat 1: TONY G500 (270894 in chips) 
Seat 2: tope149 (460400 in chips) 
Seat 3: reiiiif (1730539 in chips) 
Seat 4: Oskar_MVP1 (1366213 in chips) 
Seat 5: knossos90 (906842 in chips) 
Seat 6: HI_IH_IH (669935 in chips) 
Seat 7: JackP568 (416919 in chips) 
Seat 8: Gabrielfs13 (884882 in chips) 
TONY G500: posts the ante 1500
tope149: posts the ante 1500
reiiiif: posts the ante 1500
Oskar_MVP1: posts the ante 1500
knossos90: posts the ante 1500
HI_IH_IH: posts the ante 1500
JackP568: posts the ante 1500
Gabrielfs13: posts the ante 1500
knossos90: posts small blind 6000
HI_IH_IH: posts big blind 12000
*** HOLE CARDS ***
Dealt to Gabrielfs13 [Qh Ac]
JackP568: raises 12000 to 24000
Gabrielfs13: calls 24000
TONY G500: folds 
tope149: folds 
reiiiif: folds 
Oskar_MVP1: folds 
knossos90: folds 
HI_IH_IH: calls 12000
*** FLOP *** [Qs Ks 6c]
HI_IH_IH: checks 
JackP568: checks 
Gabrielfs13: checks 
*** TURN *** [Qs Ks 6c] [4c]
HI_IH_IH: bets 12000
JackP568: calls 12000
Gabrielfs13: calls 12000
*** RIVER *** [Qs Ks 6c 4c] [8c]
HI_IH_IH: checks 
JackP568: checks 
Gabrielfs13: bets 42000
HI_IH_IH: calls 42000
JackP568: folds 
*** SHOW DOWN ***
Gabrielfs13: shows [Qh Ac] (a pair of Queens)
HI_IH_IH: shows [Kh 7c] (a pair of Kings)
HI_IH_IH collected 210000 from pot
*** SUMMARY ***
Total pot 210000 | Rake 0 
Board [Qs Ks 6c 4c 8c]
Seat 1: TONY G500 folded before Flop (didn't bet)
Seat 2: tope149 folded before Flop (didn't bet)
Seat 3: reiiiif folded before Flop (didn't bet)
Seat 4: Oskar_MVP1 (button) folded before Flop (didn't bet)
Seat 5: knossos90 (small blind) folded before Flop
Seat 6: HI_IH_IH (big blind) showed [Kh 7c] and won (210000) with a pair of Kings
Seat 7: JackP568 folded on the River
Seat 8: Gabrielfs13 showed [Qh Ac] and lost with a pair of Queens



PokerStars Hand #257294892760: Tournament #3913501838, $4.90+$4.90+$1.20 USD Hold'em No Limit - Level XXII (6000/12000) - 2025/08/10 20:02:43 BRT [2025/08/10 19:02:43 ET]
Table '3913501838 145' 8-max Seat #5 is the button
Seat 1: TONY G500 (269394 in chips) 
Seat 2: tope149 (458900 in chips) 
Seat 3: reiiiif (1729039 in chips) 
Seat 4: Oskar_MVP1 (1364713 in chips) 
Seat 5: knossos90 (899342 in chips) 
Seat 6: HI_IH_IH (800435 in chips) 
Seat 7: JackP568 (379419 in chips) 
Seat 8: Gabrielfs13 (805382 in chips) 
TONY G500: posts the ante 1500
tope149: posts the ante 1500
reiiiif: posts the ante 1500
Oskar_MVP1: posts the ante 1500
knossos90: posts the ante 1500
HI_IH_IH: posts the ante 1500
JackP568: posts the ante 1500
Gabrielfs13: posts the ante 1500
HI_IH_IH: posts small blind 6000
JackP568: posts big blind 12000
*** HOLE CARDS ***
Dealt to Gabrielfs13 [2d 8s]
Gabrielfs13: folds 
TONY G500: folds 
tope149: raises 12000 to 24000
reiiiif: raises 48000 to 72000
Oskar_MVP1: folds 
knossos90: folds 
HI_IH_IH: folds 
JackP568: folds 
tope149: folds 
Uncalled bet (48000) returned to reiiiif
reiiiif collected 78000 from pot
*** SUMMARY ***
Total pot 78000 | Rake 0 
Seat 1: TONY G500 folded before Flop (didn't bet)
Seat 2: tope149 folded before Flop
Seat 3: reiiiif collected (78000)
Seat 4: Oskar_MVP1 folded before Flop (didn't bet)
Seat 5: knossos90 (button) folded before Flop (didn't bet)
Seat 6: HI_IH_IH (small blind) folded before Flop
Seat 7: JackP568 (big blind) folded before Flop
Seat 8: Gabrielfs13 folded before Flop (didn't bet)



PokerStars Hand #257294897037: Tournament #3913501838, $4.90+$4.90+$1.20 USD Hold'em No Limit - Level XXII (6000/12000) - 2025/08/10 20:03:06 BRT [2025/08/10 19:03:06 ET]
Table '3913501838 145' 8-max Seat #6 is the button
Seat 1: TONY G500 (267894 in chips) 
Seat 2: tope149 (433400 in chips) 
Seat 3: reiiiif (1781539 in chips) 
Seat 4: Oskar_MVP1 (1363213 in chips) 
Seat 5: knossos90 (897842 in chips) 
Seat 6: HI_IH_IH (792935 in chips) 
Seat 7: JackP568 (365919 in chips) 
Seat 8: Gabrielfs13 (803882 in chips) 
TONY G500: posts the ante 1500
tope149: posts the ante 1500
reiiiif: posts the ante 1500
Oskar_MVP1: posts the ante 1500
knossos90: posts the ante 1500
HI_IH_IH: posts the ante 1500
JackP568: posts the ante 1500
Gabrielfs13: posts the ante 1500
JackP568: posts small blind 6000
Gabrielfs13: posts big blind 12000
*** HOLE CARDS ***
Dealt to Gabrielfs13 [Jd 7h]
TONY G500: folds 
tope149: folds 
reiiiif: folds 
Oskar_MVP1: folds 
knossos90: folds 
HI_IH_IH: folds 
JackP568: folds 
Uncalled bet (6000) returned to Gabrielfs13
Gabrielfs13 collected 24000 from pot
Gabrielfs13: doesn't show hand 
*** SUMMARY ***
Total pot 24000 | Rake 0 
Seat 1: TONY G500 folded before Flop (didn't bet)
Seat 2: tope149 folded before Flop (didn't bet)
Seat 3: reiiiif folded before Flop (didn't bet)
Seat 4: Oskar_MVP1 folded before Flop (didn't bet)
Seat 5: knossos90 folded before Flop (didn't bet)
Seat 6: HI_IH_IH (button) folded before Flop (didn't bet)
Seat 7: JackP568 (small blind) folded before Flop
Seat 8: Gabrielfs13 (big blind) collected (24000)



PokerStars Hand #257294899858: Tournament #3913501838, $4.90+$4.90+$1.20 USD Hold'em No Limit - Level XXII (6000/12000) - 2025/08/10 20:03:20 BRT [2025/08/10 19:03:20 ET]
Table '3913501838 145' 8-max Seat #7 is the button
Seat 1: TONY G500 (266394 in chips) 
Seat 2: tope149 (431900 in chips) 
Seat 3: reiiiif (1780039 in chips) 
Seat 4: Oskar_MVP1 (1361713 in chips) 
Seat 5: knossos90 (896342 in chips) 
Seat 6: HI_IH_IH (791435 in chips) 
Seat 7: JackP568 (358419 in chips) 
Seat 8: Gabrielfs13 (820382 in chips) 
TONY G500: posts the ante 1500
tope149: posts the ante 1500
reiiiif: posts the ante 1500
Oskar_MVP1: posts the ante 1500
knossos90: posts the ante 1500
HI_IH_IH: posts the ante 1500
JackP568: posts the ante 1500
Gabrielfs13: posts the ante 1500
Gabrielfs13: posts small blind 6000
TONY G500: posts big blind 12000
*** HOLE CARDS ***
Dealt to Gabrielfs13 [7d Ts]
tope149: folds 
reiiiif: folds 
Oskar_MVP1: raises 18000 to 30000
knossos90: folds 
HI_IH_IH: calls 30000
JackP568: folds 
Gabrielfs13: folds 
TONY G500: folds 
*** FLOP *** [5s Qs 7s]
Oskar_MVP1: checks 
HI_IH_IH: checks 
*** TURN *** [5s Qs 7s] [9s]
Oskar_MVP1: checks 
HI_IH_IH: checks 
*** RIVER *** [5s Qs 7s 9s] [2h]
Oskar_MVP1: checks 
HI_IH_IH: checks 
*** SHOW DOWN ***
Oskar_MVP1: shows [9d Ah] (a pair of Nines)
HI_IH_IH: mucks hand 
Oskar_MVP1 collected 90000 from pot
*** SUMMARY ***
Total pot 90000 | Rake 0 
Board [5s Qs 7s 9s 2h]
Seat 1: TONY G500 (big blind) folded before Flop
Seat 2: tope149 folded before Flop (didn't bet)
Seat 3: reiiiif folded before Flop (didn't bet)
Seat 4: Oskar_MVP1 showed [9d Ah] and won (90000) with a pair of Nines
Seat 5: knossos90 folded before Flop (didn't bet)
Seat 6: HI_IH_IH mucked [8d 8h]
Seat 7: JackP568 (button) folded before Flop (didn't bet)
Seat 8: Gabrielfs13 (small blind) folded before Flop



PokerStars Hand #257294911491: Tournament #3913501838, $4.90+$4.90+$1.20 USD Hold'em No Limit - Level XXII (6000/12000) - 2025/08/10 20:04:20 BRT [2025/08/10 19:04:20 ET]
Table '3913501838 145' 8-max Seat #8 is the button
Seat 1: TONY G500 (252894 in chips) 
Seat 2: tope149 (430400 in chips) 
Seat 3: reiiiif (1778539 in chips) 
Seat 4: Oskar_MVP1 (1420213 in chips) 
Seat 5: knossos90 (894842 in chips) 
Seat 6: HI_IH_IH (759935 in chips) 
Seat 7: JackP568 (356919 in chips) 
Seat 8: Gabrielfs13 (812882 in chips) 
TONY G500: posts the ante 1500
tope149: posts the ante 1500
reiiiif: posts the ante 1500
Oskar_MVP1: posts the ante 1500
knossos90: posts the ante 1500
HI_IH_IH: posts the ante 1500
JackP568: posts the ante 1500
Gabrielfs13: posts the ante 1500
TONY G500: posts small blind 6000
tope149: posts big blind 12000
*** HOLE CARDS ***
Dealt to Gabrielfs13 [Td 7c]
reiiiif: raises 14400 to 26400
Oskar_MVP1: folds 
knossos90: folds 
HI_IH_IH: folds 
JackP568: folds 
Gabrielfs13: folds 
TONY G500: folds 
tope149: folds 
Uncalled bet (14400) returned to reiiiif
reiiiif collected 42000 from pot
*** SUMMARY ***
Total pot 42000 | Rake 0 
Seat 1: TONY G500 (small blind) folded before Flop
Seat 2: tope149 (big blind) folded before Flop
Seat 3: reiiiif collected (42000)
Seat 4: Oskar_MVP1 folded before Flop (didn't bet)
Seat 5: knossos90 folded before Flop (didn't bet)
Seat 6: HI_IH_IH folded before Flop (didn't bet)
Seat 7: JackP568 folded before Flop (didn't bet)
Seat 8: Gabrielfs13 (button) folded before Flop (didn't bet)



PokerStars Hand #257294916927: Tournament #3913501838, $4.90+$4.90+$1.20 USD Hold'em No Limit - Level XXII (6000/12000) - 2025/08/10 20:04:48 BRT [2025/08/10 19:04:48 ET]
Table '3913501838 145' 8-max Seat #1 is the button
Seat 1: TONY G500 (245394 in chips) 
Seat 2: tope149 (416900 in chips) 
Seat 3: reiiiif (1807039 in chips) 
Seat 4: Oskar_MVP1 (1418713 in chips) 
Seat 5: knossos90 (893342 in chips) 
Seat 6: HI_IH_IH (758435 in chips) 
Seat 7: JackP568 (355419 in chips) 
Seat 8: Gabrielfs13 (811382 in chips) 
TONY G500: posts the ante 1500
tope149: posts the ante 1500
reiiiif: posts the ante 1500
Oskar_MVP1: posts the ante 1500
knossos90: posts the ante 1500
HI_IH_IH: posts the ante 1500
JackP568: posts the ante 1500
Gabrielfs13: posts the ante 1500
tope149: posts small blind 6000
reiiiif: posts big blind 12000
*** HOLE CARDS ***
Dealt to Gabrielfs13 [Kc 4s]
Oskar_MVP1: folds 
knossos90: raises 12000 to 24000
HI_IH_IH: folds 
JackP568: folds 
Gabrielfs13: folds 
TONY G500: folds 
tope149: folds 
reiiiif: calls 12000
*** FLOP *** [8c 4h Kd]
reiiiif: checks 
knossos90: bets 21720
reiiiif: folds 
Uncalled bet (21720) returned to knossos90
knossos90 collected 66000 from pot
knossos90: doesn't show hand 
*** SUMMARY ***
Total pot 66000 | Rake 0 
Board [8c 4h Kd]
Seat 1: TONY G500 (button) folded before Flop (didn't bet)
Seat 2: tope149 (small blind) folded before Flop
Seat 3: reiiiif (big blind) folded on the Flop
Seat 4: Oskar_MVP1 folded before Flop (didn't bet)
Seat 5: knossos90 collected (66000)
Seat 6: HI_IH_IH folded before Flop (didn't bet)
Seat 7: JackP568 folded before Flop (didn't bet)
Seat 8: Gabrielfs13 folded before Flop (didn't bet)



PokerStars Hand #257294923694: Tournament #3913501838, $4.90+$4.90+$1.20 USD Hold'em No Limit - Level XXII (6000/12000) - 2025/08/10 20:05:22 BRT [2025/08/10 19:05:22 ET]
Table '3913501838 145' 8-max Seat #2 is the button
Seat 1: TONY G500 (243894 in chips) 
Seat 2: tope149 (409400 in chips) 
Seat 3: reiiiif (1781539 in chips) 
Seat 4: Oskar_MVP1 (1417213 in chips) 
Seat 5: knossos90 (933842 in chips) 
Seat 6: HI_IH_IH (756935 in chips) 
Seat 7: JackP568 (353919 in chips) 
Seat 8: Gabrielfs13 (809882 in chips) 
TONY G500: posts the ante 1500
tope149: posts the ante 1500
reiiiif: posts the ante 1500
Oskar_MVP1: posts the ante 1500
knossos90: posts the ante 1500
HI_IH_IH: posts the ante 1500
JackP568: posts the ante 1500
Gabrielfs13: posts the ante 1500
reiiiif: posts small blind 6000
Oskar_MVP1: posts big blind 12000
*** HOLE CARDS ***
Dealt to Gabrielfs13 [Jh 2h]
knossos90: folds 
HI_IH_IH: folds 
JackP568: folds 
Gabrielfs13: folds 
TONY G500: folds 
tope149: folds 
reiiiif: raises 24000 to 36000
Oskar_MVP1: folds 
Uncalled bet (24000) returned to reiiiif
reiiiif collected 36000 from pot
*** SUMMARY ***
Total pot 36000 | Rake 0 
Seat 1: TONY G500 folded before Flop (didn't bet)
Seat 2: tope149 (button) folded before Flop (didn't bet)
Seat 3: reiiiif (small blind) collected (36000)
Seat 4: Oskar_MVP1 (big blind) folded before Flop
Seat 5: knossos90 folded before Flop (didn't bet)
Seat 6: HI_IH_IH folded before Flop (didn't bet)
Seat 7: JackP568 folded before Flop (didn't bet)
Seat 8: Gabrielfs13 folded before Flop (didn't bet)



PokerStars Hand #257294929129: Tournament #3913501838, $4.90+$4.90+$1.20 USD Hold'em No Limit - Level XXII (6000/12000) - 2025/08/10 20:05:50 BRT [2025/08/10 19:05:50 ET]
Table '3913501838 145' 8-max Seat #3 is the button
Seat 1: TONY G500 (242394 in chips) 
Seat 2: tope149 (407900 in chips) 
Seat 3: reiiiif (1804039 in chips) 
Seat 4: Oskar_MVP1 (1403713 in chips) 
Seat 5: knossos90 (932342 in chips) 
Seat 6: HI_IH_IH (755435 in chips) 
Seat 7: JackP568 (352419 in chips) 
Seat 8: Gabrielfs13 (808382 in chips) 
TONY G500: posts the ante 1500
tope149: posts the ante 1500
reiiiif: posts the ante 1500
Oskar_MVP1: posts the ante 1500
knossos90: posts the ante 1500
HI_IH_IH: posts the ante 1500
JackP568: posts the ante 1500
Gabrielfs13: posts the ante 1500
Oskar_MVP1: posts small blind 6000
knossos90: posts big blind 12000
*** HOLE CARDS ***
Dealt to Gabrielfs13 [9s 6c]
HI_IH_IH: folds 
JackP568: folds 
Gabrielfs13: folds 
TONY G500: folds 
tope149: folds 
reiiiif: folds 
Oskar_MVP1: calls 6000
knossos90: raises 24000 to 36000
Oskar_MVP1: raises 120000 to 156000
knossos90: folds 
Uncalled bet (120000) returned to Oskar_MVP1
Oskar_MVP1 collected 84000 from pot
Oskar_MVP1: doesn't show hand 
*** SUMMARY ***
Total pot 84000 | Rake 0 
Seat 1: TONY G500 folded before Flop (didn't bet)
Seat 2: tope149 folded before Flop (didn't bet)
Seat 3: reiiiif (button) folded before Flop (didn't bet)
Seat 4: Oskar_MVP1 (small blind) collected (84000)
Seat 5: knossos90 (big blind) folded before Flop
Seat 6: HI_IH_IH folded before Flop (didn't bet)
Seat 7: JackP568 folded before Flop (didn't bet)
Seat 8: Gabrielfs13 folded before Flop (didn't bet)



PokerStars Hand #257294943562: Tournament #3913501838, $4.90+$4.90+$1.20 USD Hold'em No Limit - Level XXII (6000/12000) - 2025/08/10 20:07:05 BRT [2025/08/10 19:07:05 ET]
Table '3913501838 145' 8-max Seat #4 is the button
Seat 1: TONY G500 (240894 in chips) 
Seat 2: tope149 (406400 in chips) 
Seat 3: reiiiif (1802539 in chips) 
Seat 4: Oskar_MVP1 (1450213 in chips) 
Seat 5: knossos90 (894842 in chips) 
Seat 6: HI_IH_IH (753935 in chips) 
Seat 7: JackP568 (350919 in chips) 
Seat 8: Gabrielfs13 (806882 in chips) 
TONY G500: posts the ante 1500
tope149: posts the ante 1500
reiiiif: posts the ante 1500
Oskar_MVP1: posts the ante 1500
knossos90: posts the ante 1500
HI_IH_IH: posts the ante 1500
JackP568: posts the ante 1500
Gabrielfs13: posts the ante 1500
knossos90: posts small blind 6000
HI_IH_IH: posts big blind 12000
*** HOLE CARDS ***
Dealt to Gabrielfs13 [9h 5h]
JackP568: folds 
Gabrielfs13: folds 
TONY G500: folds 
tope149: folds 
reiiiif: folds 
Oskar_MVP1: raises 12000 to 24000
knossos90: calls 18000
HI_IH_IH: raises 96000 to 120000
Oskar_MVP1: folds 
knossos90: folds 
Uncalled bet (96000) returned to HI_IH_IH
HI_IH_IH collected 84000 from pot
*** SUMMARY ***
Total pot 84000 | Rake 0 
Seat 1: TONY G500 folded before Flop (didn't bet)
Seat 2: tope149 folded before Flop (didn't bet)
Seat 3: reiiiif folded before Flop (didn't bet)
Seat 4: Oskar_MVP1 (button) folded before Flop
Seat 5: knossos90 (small blind) folded before Flop
Seat 6: HI_IH_IH (big blind) collected (84000)
Seat 7: JackP568 folded before Flop (didn't bet)
Seat 8: Gabrielfs13 folded before Flop (didn't bet)



PokerStars Hand #257294952906: Tournament #3913501838, $4.90+$4.90+$1.20 USD Hold'em No Limit - Level XXII (6000/12000) - 2025/08/10 20:07:53 BRT [2025/08/10 19:07:53 ET]
Table '3913501838 145' 8-max Seat #5 is the button
Seat 1: TONY G500 (239394 in chips) 
Seat 2: tope149 (404900 in chips) 
Seat 3: reiiiif (1801039 in chips) 
Seat 4: Oskar_MVP1 (1424713 in chips) 
Seat 5: knossos90 (869342 in chips) 
Seat 6: HI_IH_IH (812435 in chips) 
Seat 7: JackP568 (349419 in chips) 
Seat 8: Gabrielfs13 (805382 in chips) 
TONY G500: posts the ante 1500
tope149: posts the ante 1500
reiiiif: posts the ante 1500
Oskar_MVP1: posts the ante 1500
knossos90: posts the ante 1500
HI_IH_IH: posts the ante 1500
JackP568: posts the ante 1500
Gabrielfs13: posts the ante 1500
HI_IH_IH: posts small blind 6000
JackP568: posts big blind 12000
*** HOLE CARDS ***
Dealt to Gabrielfs13 [8d 5c]
Gabrielfs13: folds 
TONY G500: folds 
tope149: folds 
reiiiif: raises 14400 to 26400
Oskar_MVP1: calls 26400
knossos90: raises 841442 to 867842 and is all-in
HI_IH_IH: folds 
JackP568: folds 
reiiiif: folds 
Oskar_MVP1: folds 
Uncalled bet (841442) returned to knossos90
knossos90 collected 109200 from pot
knossos90: doesn't show hand 
*** SUMMARY ***
Total pot 109200 | Rake 0 
Seat 1: TONY G500 folded before Flop (didn't bet)
Seat 2: tope149 folded before Flop (didn't bet)
Seat 3: reiiiif folded before Flop
Seat 4: Oskar_MVP1 folded before Flop
Seat 5: knossos90 (button) collected (109200)
Seat 6: HI_IH_IH (small blind) folded before Flop
Seat 7: JackP568 (big blind) folded before Flop
Seat 8: Gabrielfs13 folded before Flop (didn't bet)



PokerStars Hand #257294958920: Tournament #3913501838, $4.90+$4.90+$1.20 USD Hold'em No Limit - Level XXII (6000/12000) - 2025/08/10 20:08:25 BRT [2025/08/10 19:08:25 ET]
Table '3913501838 145' 8-max Seat #6 is the button
Seat 1: TONY G500 (237894 in chips) 
Seat 2: tope149 (403400 in chips) 
Seat 3: reiiiif (1773139 in chips) 
Seat 4: Oskar_MVP1 (1396813 in chips) 
Seat 5: knossos90 (950642 in chips) 
Seat 6: HI_IH_IH (804935 in chips) 
Seat 7: JackP568 (335919 in chips) 
Seat 8: Gabrielfs13 (803882 in chips) 
TONY G500: posts the ante 1500
tope149: posts the ante 1500
reiiiif: posts the ante 1500
Oskar_MVP1: posts the ante 1500
knossos90: posts the ante 1500
HI_IH_IH: posts the ante 1500
JackP568: posts the ante 1500
Gabrielfs13: posts the ante 1500
JackP568: posts small blind 6000
Gabrielfs13: posts big blind 12000
*** HOLE CARDS ***
Dealt to Gabrielfs13 [8d 2c]
TONY G500: folds 
tope149: folds 
reiiiif: folds 
Oskar_MVP1: folds 
knossos90: raises 12000 to 24000
HI_IH_IH: calls 24000
JackP568: folds 
Gabrielfs13: folds 
*** FLOP *** [Jd 3s 9c]
knossos90: bets 50700
HI_IH_IH: folds [Ac]
Uncalled bet (50700) returned to knossos90
knossos90 collected 78000 from pot
knossos90: doesn't show hand 
*** SUMMARY ***
Total pot 78000 | Rake 0 
Board [Jd 3s 9c]
Seat 1: TONY G500 folded before Flop (didn't bet)
Seat 2: tope149 folded before Flop (didn't bet)
Seat 3: reiiiif folded before Flop (didn't bet)
Seat 4: Oskar_MVP1 folded before Flop (didn't bet)
Seat 5: knossos90 collected (78000)
Seat 6: HI_IH_IH (button) folded on the Flop
Seat 7: JackP568 (small blind) folded before Flop
Seat 8: Gabrielfs13 (big blind) folded before Flop



PokerStars Hand #257294965071: Tournament #3913501838, $4.90+$4.90+$1.20 USD Hold'em No Limit - Level XXII (6000/12000) - 2025/08/10 20:08:57 BRT [2025/08/10 19:08:57 ET]
Table '3913501838 145' 8-max Seat #7 is the button
Seat 1: TONY G500 (236394 in chips) 
Seat 2: tope149 (401900 in chips) 
Seat 3: reiiiif (1771639 in chips) 
Seat 4: Oskar_MVP1 (1395313 in chips) 
Seat 5: knossos90 (1003142 in chips) 
Seat 6: HI_IH_IH (779435 in chips) 
Seat 7: JackP568 (328419 in chips) 
Seat 8: Gabrielfs13 (790382 in chips) 
TONY G500: posts the ante 1500
tope149: posts the ante 1500
reiiiif: posts the ante 1500
Oskar_MVP1: posts the ante 1500
knossos90: posts the ante 1500
HI_IH_IH: posts the ante 1500
JackP568: posts the ante 1500
Gabrielfs13: posts the ante 1500
Gabrielfs13: posts small blind 6000
TONY G500: posts big blind 12000
*** HOLE CARDS ***
Dealt to Gabrielfs13 [Ts Jc]
tope149: raises 12000 to 24000
reiiiif: folds 
Oskar_MVP1: calls 24000
knossos90: folds 
HI_IH_IH: folds 
JackP568: folds 
Gabrielfs13: folds 
TONY G500: folds 
*** FLOP *** [8c Qh 4h]
tope149: checks 
Oskar_MVP1: bets 34440
tope149: folds 
Uncalled bet (34440) returned to Oskar_MVP1
Oskar_MVP1 collected 78000 from pot
Oskar_MVP1: doesn't show hand 
*** SUMMARY ***
Total pot 78000 | Rake 0 
Board [8c Qh 4h]
Seat 1: TONY G500 (big blind) folded before Flop
Seat 2: tope149 folded on the Flop
Seat 3: reiiiif folded before Flop (didn't bet)
Seat 4: Oskar_MVP1 collected (78000)
Seat 5: knossos90 folded before Flop (didn't bet)
Seat 6: HI_IH_IH folded before Flop (didn't bet)
Seat 7: JackP568 (button) folded before Flop (didn't bet)
Seat 8: Gabrielfs13 (small blind) folded before Flop



PokerStars Hand #257294972478: Tournament #3913501838, $4.90+$4.90+$1.20 USD Hold'em No Limit - Level XXII (6000/12000) - 2025/08/10 20:09:37 BRT [2025/08/10 19:09:37 ET]
Table '3913501838 145' 8-max Seat #8 is the button
Seat 1: TONY G500 (222894 in chips) 
Seat 2: tope149 (376400 in chips) 
Seat 3: reiiiif (1770139 in chips) 
Seat 4: Oskar_MVP1 (1447813 in chips) 
Seat 5: knossos90 (1001642 in chips) 
Seat 6: HI_IH_IH (777935 in chips) 
Seat 7: JackP568 (326919 in chips) 
Seat 8: Gabrielfs13 (782882 in chips) 
TONY G500: posts the ante 1500
tope149: posts the ante 1500
reiiiif: posts the ante 1500
Oskar_MVP1: posts the ante 1500
knossos90: posts the ante 1500
HI_IH_IH: posts the ante 1500
JackP568: posts the ante 1500
Gabrielfs13: posts the ante 1500
TONY G500: posts small blind 6000
tope149: posts big blind 12000
*** HOLE CARDS ***
Dealt to Gabrielfs13 [2d Kh]
reiiiif: folds 
Oskar_MVP1: raises 12000 to 24000
knossos90: folds 
HI_IH_IH: folds 
JackP568: calls 24000
Gabrielfs13: folds 
TONY G500: folds 
tope149: folds 
*** FLOP *** [Th 3h 5d]
Oskar_MVP1: bets 45600
JackP568: folds 
Uncalled bet (45600) returned to Oskar_MVP1
Oskar_MVP1 collected 78000 from pot
Oskar_MVP1: doesn't show hand 
*** SUMMARY ***
Total pot 78000 | Rake 0 
Board [Th 3h 5d]
Seat 1: TONY G500 (small blind) folded before Flop
Seat 2: tope149 (big blind) folded before Flop
Seat 3: reiiiif folded before Flop (didn't bet)
Seat 4: Oskar_MVP1 collected (78000)
Seat 5: knossos90 folded before Flop (didn't bet)
Seat 6: HI_IH_IH folded before Flop (didn't bet)
Seat 7: JackP568 folded on the Flop
Seat 8: Gabrielfs13 (button) folded before Flop (didn't bet)



PokerStars Hand #257294978551: Tournament #3913501838, $4.90+$4.90+$1.20 USD Hold'em No Limit - Level XXII (6000/12000) - 2025/08/10 20:10:09 BRT [2025/08/10 19:10:09 ET]
Table '3913501838 145' 8-max Seat #1 is the button
Seat 1: TONY G500 (215394 in chips) 
Seat 2: tope149 (362900 in chips) 
Seat 3: reiiiif (1768639 in chips) 
Seat 4: Oskar_MVP1 (1500313 in chips) 
Seat 5: knossos90 (1000142 in chips) 
Seat 6: HI_IH_IH (776435 in chips) 
Seat 7: JackP568 (301419 in chips) 
Seat 8: Gabrielfs13 (781382 in chips) 
TONY G500: posts the ante 1500
tope149: posts the ante 1500
reiiiif: posts the ante 1500
Oskar_MVP1: posts the ante 1500
knossos90: posts the ante 1500
HI_IH_IH: posts the ante 1500
JackP568: posts the ante 1500
Gabrielfs13: posts the ante 1500
tope149: posts small blind 6000
reiiiif: posts big blind 12000
*** HOLE CARDS ***
Dealt to Gabrielfs13 [Kd 5d]
Oskar_MVP1: folds 
knossos90: folds 
HI_IH_IH: folds 
JackP568: folds 
Gabrielfs13: raises 12000 to 24000
TONY G500: raises 189894 to 213894 and is all-in
tope149: folds 
reiiiif: folds 
Gabrielfs13: calls 189894
*** FLOP *** [3c 9d Ac]
*** TURN *** [3c 9d Ac] [2d]
*** RIVER *** [3c 9d Ac 2d] [8h]
*** SHOW DOWN ***
Gabrielfs13: shows [Kd 5d] (high card Ace)
TONY G500: shows [4c 4s] (a pair of Fours)
TONY G500 collected 457788 from pot
*** SUMMARY ***
Total pot 457788 | Rake 0 
Board [3c 9d Ac 2d 8h]
Seat 1: TONY G500 (button) showed [4c 4s] and won (457788) with a pair of Fours
Seat 2: tope149 (small blind) folded before Flop
Seat 3: reiiiif (big blind) folded before Flop
Seat 4: Oskar_MVP1 folded before Flop (didn't bet)
Seat 5: knossos90 folded before Flop (didn't bet)
Seat 6: HI_IH_IH folded before Flop (didn't bet)
Seat 7: JackP568 folded before Flop (didn't bet)
Seat 8: Gabrielfs13 showed [Kd 5d] and lost with high card Ace



PokerStars Hand #257294997980: Tournament #3913501838, $4.90+$4.90+$1.20 USD Hold'em No Limit - Level XXII (6000/12000) - 2025/08/10 20:11:53 BRT [2025/08/10 19:11:53 ET]
Table '3913501838 145' 8-max Seat #2 is the button
Seat 1: TONY G500 (457788 in chips) 
Seat 2: tope149 (355400 in chips) 
Seat 3: reiiiif (1755139 in chips) 
Seat 4: Oskar_MVP1 (1498813 in chips) 
Seat 5: knossos90 (998642 in chips) 
Seat 6: HI_IH_IH (774935 in chips) 
Seat 7: JackP568 (299919 in chips) 
Seat 8: Gabrielfs13 (565988 in chips) 
TONY G500: posts the ante 1500
tope149: posts the ante 1500
reiiiif: posts the ante 1500
Oskar_MVP1: posts the ante 1500
knossos90: posts the ante 1500
HI_IH_IH: posts the ante 1500
JackP568: posts the ante 1500
Gabrielfs13: posts the ante 1500
reiiiif: posts small blind 6000
Oskar_MVP1: posts big blind 12000
*** HOLE CARDS ***
Dealt to Gabrielfs13 [2h 3d]
knossos90: folds 
HI_IH_IH: folds 
JackP568: raises 12000 to 24000
Gabrielfs13: folds 
TONY G500: folds 
tope149: folds 
reiiiif: folds 
Oskar_MVP1: calls 12000
*** FLOP *** [7s 8s 6h]
Oskar_MVP1: bets 60000
JackP568: calls 60000
*** TURN *** [7s 8s 6h] [Kh]
Oskar_MVP1: bets 1413313 and is all-in
JackP568: folds 
Uncalled bet (1413313) returned to Oskar_MVP1
Oskar_MVP1 collected 186000 from pot
Oskar_MVP1: doesn't show hand 
*** SUMMARY ***
Total pot 186000 | Rake 0 
Board [7s 8s 6h Kh]
Seat 1: TONY G500 folded before Flop (didn't bet)
Seat 2: tope149 (button) folded before Flop (didn't bet)
Seat 3: reiiiif (small blind) folded before Flop
Seat 4: Oskar_MVP1 (big blind) collected (186000)
Seat 5: knossos90 folded before Flop (didn't bet)
Seat 6: HI_IH_IH folded before Flop (didn't bet)
Seat 7: JackP568 folded on the Turn
Seat 8: Gabrielfs13 folded before Flop (didn't bet)



PokerStars Hand #257295006592: Tournament #3913501838, $4.90+$4.90+$1.20 USD Hold'em No Limit - Level XXII (6000/12000) - 2025/08/10 20:12:39 BRT [2025/08/10 19:12:39 ET]
Table '3913501838 145' 8-max Seat #3 is the button
Seat 1: TONY G500 (456288 in chips) 
Seat 2: tope149 (353900 in chips) 
Seat 3: reiiiif (1747639 in chips) 
Seat 4: Oskar_MVP1 (1599313 in chips) 
Seat 5: knossos90 (997142 in chips) 
Seat 6: HI_IH_IH (773435 in chips) 
Seat 7: JackP568 (214419 in chips) 
Seat 8: Gabrielfs13 (564488 in chips) 
TONY G500: posts the ante 1500
tope149: posts the ante 1500
reiiiif: posts the ante 1500
Oskar_MVP1: posts the ante 1500
knossos90: posts the ante 1500
HI_IH_IH: posts the ante 1500
JackP568: posts the ante 1500
Gabrielfs13: posts the ante 1500
Oskar_MVP1: posts small blind 6000
knossos90: posts big blind 12000
*** HOLE CARDS ***
Dealt to Gabrielfs13 [4c 3h]
HI_IH_IH: folds 
JackP568: raises 12000 to 24000
Gabrielfs13: folds 
TONY G500: folds 
tope149: folds 
reiiiif: folds 
Oskar_MVP1: calls 18000
knossos90: folds 
*** FLOP *** [Ad Ac Th]
Oskar_MVP1: checks 
JackP568: checks 
*** TURN *** [Ad Ac Th] [Qd]
Oskar_MVP1: checks 
JackP568: bets 36000
Oskar_MVP1: folds 
Uncalled bet (36000) returned to JackP568
JackP568 collected 72000 from pot
*** SUMMARY ***
Total pot 72000 | Rake 0 
Board [Ad Ac Th Qd]
Seat 1: TONY G500 folded before Flop (didn't bet)
Seat 2: tope149 folded before Flop (didn't bet)
Seat 3: reiiiif (button) folded before Flop (didn't bet)
Seat 4: Oskar_MVP1 (small blind) folded on the Turn
Seat 5: knossos90 (big blind) folded before Flop
Seat 6: HI_IH_IH folded before Flop (didn't bet)
Seat 7: JackP568 collected (72000)
Seat 8: Gabrielfs13 folded before Flop (didn't bet)



PokerStars Hand #257295012087: Tournament #3913501838, $4.90+$4.90+$1.20 USD Hold'em No Limit - Level XXII (6000/12000) - 2025/08/10 20:13:09 BRT [2025/08/10 19:13:09 ET]
Table '3913501838 145' 8-max Seat #4 is the button
Seat 1: TONY G500 (454788 in chips) 
Seat 2: tope149 (352400 in chips) 
Seat 3: reiiiif (1746139 in chips) 
Seat 4: Oskar_MVP1 (1573813 in chips) 
Seat 5: knossos90 (983642 in chips) 
Seat 6: HI_IH_IH (771935 in chips) 
Seat 7: JackP568 (260919 in chips) 
Seat 8: Gabrielfs13 (562988 in chips) 
TONY G500: posts the ante 1500
tope149: posts the ante 1500
reiiiif: posts the ante 1500
Oskar_MVP1: posts the ante 1500
knossos90: posts the ante 1500
HI_IH_IH: posts the ante 1500
JackP568: posts the ante 1500
Gabrielfs13: posts the ante 1500
knossos90: posts small blind 6000
HI_IH_IH: posts big blind 12000
*** HOLE CARDS ***
Dealt to Gabrielfs13 [Th 7c]
JackP568: folds 
Gabrielfs13: folds 
TONY G500: folds 
tope149: folds 
reiiiif: folds 
Oskar_MVP1: raises 12000 to 24000
knossos90: folds 
HI_IH_IH: folds 
Uncalled bet (12000) returned to Oskar_MVP1
Oskar_MVP1 collected 42000 from pot
Oskar_MVP1: doesn't show hand 
*** SUMMARY ***
Total pot 42000 | Rake 0 
Seat 1: TONY G500 folded before Flop (didn't bet)
Seat 2: tope149 folded before Flop (didn't bet)
Seat 3: reiiiif folded before Flop (didn't bet)
Seat 4: Oskar_MVP1 (button) collected (42000)
Seat 5: knossos90 (small blind) folded before Flop
Seat 6: HI_IH_IH (big blind) folded before Flop
Seat 7: JackP568 folded before Flop (didn't bet)
Seat 8: Gabrielfs13 folded before Flop (didn't bet)



PokerStars Hand #257295016240: Tournament #3913501838, $4.90+$4.90+$1.20 USD Hold'em No Limit - Level XXII (6000/12000) - 2025/08/10 20:13:32 BRT [2025/08/10 19:13:32 ET]
Table '3913501838 145' 8-max Seat #5 is the button
Seat 1: TONY G500 (453288 in chips) 
Seat 2: tope149 (350900 in chips) 
Seat 3: reiiiif (1744639 in chips) 
Seat 4: Oskar_MVP1 (1602313 in chips) 
Seat 5: knossos90 (976142 in chips) 
Seat 6: HI_IH_IH (758435 in chips) 
Seat 7: JackP568 (259419 in chips) 
Seat 8: Gabrielfs13 (561488 in chips) 
TONY G500: posts the ante 1500
tope149: posts the ante 1500
reiiiif: posts the ante 1500
Oskar_MVP1: posts the ante 1500
knossos90: posts the ante 1500
HI_IH_IH: posts the ante 1500
JackP568: posts the ante 1500
Gabrielfs13: posts the ante 1500
HI_IH_IH: posts small blind 6000
JackP568: posts big blind 12000
*** HOLE CARDS ***
Dealt to Gabrielfs13 [9d 4s]
Gabrielfs13: folds 
TONY G500: folds 
tope149: raises 12000 to 24000
reiiiif: folds 
Oskar_MVP1: calls 24000
knossos90: folds 
HI_IH_IH: raises 96000 to 120000
JackP568: folds 
tope149: folds 
Oskar_MVP1: folds 
Uncalled bet (96000) returned to HI_IH_IH
HI_IH_IH collected 96000 from pot
*** SUMMARY ***
Total pot 96000 | Rake 0 
Seat 1: TONY G500 folded before Flop (didn't bet)
Seat 2: tope149 folded before Flop
Seat 3: reiiiif folded before Flop (didn't bet)
Seat 4: Oskar_MVP1 folded before Flop
Seat 5: knossos90 (button) folded before Flop (didn't bet)
Seat 6: HI_IH_IH (small blind) collected (96000)
Seat 7: JackP568 (big blind) folded before Flop
Seat 8: Gabrielfs13 folded before Flop (didn't bet)



PokerStars Hand #257295021613: Tournament #3913501838, $4.90+$4.90+$1.20 USD Hold'em No Limit - Level XXII (6000/12000) - 2025/08/10 20:14:01 BRT [2025/08/10 19:14:01 ET]
Table '3913501838 145' 8-max Seat #6 is the button
Seat 1: TONY G500 (451788 in chips) 
Seat 2: tope149 (325400 in chips) 
Seat 3: reiiiif (1743139 in chips) 
Seat 4: Oskar_MVP1 (1576813 in chips) 
Seat 5: knossos90 (974642 in chips) 
Seat 6: HI_IH_IH (828935 in chips) 
Seat 7: JackP568 (245919 in chips) 
Seat 8: Gabrielfs13 (559988 in chips) 
TONY G500: posts the ante 1500
tope149: posts the ante 1500
reiiiif: posts the ante 1500
Oskar_MVP1: posts the ante 1500
knossos90: posts the ante 1500
HI_IH_IH: posts the ante 1500
JackP568: posts the ante 1500
Gabrielfs13: posts the ante 1500
JackP568: posts small blind 6000
Gabrielfs13: posts big blind 12000
*** HOLE CARDS ***
Dealt to Gabrielfs13 [Qd 4c]
TONY G500: folds 
tope149: folds 
reiiiif: folds 
Oskar_MVP1: raises 12000 to 24000
knossos90: folds 
HI_IH_IH: calls 24000
JackP568: calls 18000
Gabrielfs13: folds 
*** FLOP *** [9d 6d 5s]
JackP568: checks 
Oskar_MVP1: bets 48000
HI_IH_IH: folds 
JackP568: calls 48000
*** TURN *** [9d 6d 5s] [Qc]
JackP568: bets 172419 and is all-in
Oskar_MVP1: calls 172419
*** RIVER *** [9d 6d 5s Qc] [8c]
*** SHOW DOWN ***
JackP568: shows [Qh Kc] (a pair of Queens)
Oskar_MVP1: shows [Tc 9c] (a pair of Nines)
JackP568 collected 536838 from pot
*** SUMMARY ***
Total pot 536838 | Rake 0 
Board [9d 6d 5s Qc 8c]
Seat 1: TONY G500 folded before Flop (didn't bet)
Seat 2: tope149 folded before Flop (didn't bet)
Seat 3: reiiiif folded before Flop (didn't bet)
Seat 4: Oskar_MVP1 showed [Tc 9c] and lost with a pair of Nines
Seat 5: knossos90 folded before Flop (didn't bet)
Seat 6: HI_IH_IH (button) folded on the Flop
Seat 7: JackP568 (small blind) showed [Qh Kc] and won (536838) with a pair of Queens
Seat 8: Gabrielfs13 (big blind) folded before Flop



PokerStars Hand #257295029233: Tournament #3913501838, $4.90+$4.90+$1.20 USD Hold'em No Limit - Level XXII (6000/12000) - 2025/08/10 20:14:43 BRT [2025/08/10 19:14:43 ET]
Table '3913501838 145' 8-max Seat #7 is the button
Seat 1: TONY G500 (450288 in chips) 
Seat 2: tope149 (323900 in chips) 
Seat 3: reiiiif (1741639 in chips) 
Seat 4: Oskar_MVP1 (1330894 in chips) 
Seat 5: knossos90 (973142 in chips) 
Seat 6: HI_IH_IH (803435 in chips) 
Seat 7: JackP568 (536838 in chips) 
Seat 8: Gabrielfs13 (546488 in chips) 
TONY G500: posts the ante 1500
tope149: posts the ante 1500
reiiiif: posts the ante 1500
Oskar_MVP1: posts the ante 1500
knossos90: posts the ante 1500
HI_IH_IH: posts the ante 1500
JackP568: posts the ante 1500
Gabrielfs13: posts the ante 1500
Gabrielfs13: posts small blind 6000
TONY G500: posts big blind 12000
*** HOLE CARDS ***
Dealt to Gabrielfs13 [As 2c]
tope149: raises 12000 to 24000
reiiiif: folds 
Oskar_MVP1: folds 
knossos90: folds 
HI_IH_IH: calls 24000
JackP568: folds 
Gabrielfs13: folds 
TONY G500: calls 12000
*** FLOP *** [2h Jc 3d]
TONY G500: checks 
tope149: checks 
HI_IH_IH: bets 45000
TONY G500: folds 
tope149: calls 45000
*** TURN *** [2h Jc 3d] [8h]
tope149: checks 
HI_IH_IH: bets 90000
tope149: raises 163400 to 253400 and is all-in
HI_IH_IH: calls 163400
*** RIVER *** [2h Jc 3d 8h] [8d]
*** SHOW DOWN ***
tope149: shows [Ah Ad] (two pair, Aces and Eights)
HI_IH_IH: shows [Js 8s] (a full house, Eights full of Jacks)
HI_IH_IH collected 686800 from pot
HI_IH_IH wins the $37 bounty for eliminating tope149
tope149 finished the tournament in 879th place and received $15.87.
*** SUMMARY ***
Total pot 686800 | Rake 0 
Board [2h Jc 3d 8h 8d]
Seat 1: TONY G500 (big blind) folded on the Flop
Seat 2: tope149 showed [Ah Ad] and lost with two pair, Aces and Eights
Seat 3: reiiiif folded before Flop (didn't bet)
Seat 4: Oskar_MVP1 folded before Flop (didn't bet)
Seat 5: knossos90 folded before Flop (didn't bet)
Seat 6: HI_IH_IH showed [Js 8s] and won (686800) with a full house, Eights full of Jacks
Seat 7: JackP568 (button) folded before Flop (didn't bet)
Seat 8: Gabrielfs13 (small blind) folded before Flop



PokerStars Hand #257295037540: Tournament #3913501838, $4.90+$4.90+$1.20 USD Hold'em No Limit - Level XXII (6000/12000) - 2025/08/10 20:15:28 BRT [2025/08/10 19:15:28 ET]
Table '3913501838 145' 8-max Seat #8 is the button
Seat 1: TONY G500 (424788 in chips) 
Seat 3: reiiiif (1740139 in chips) 
Seat 4: Oskar_MVP1 (1329394 in chips) 
Seat 5: knossos90 (971642 in chips) 
Seat 6: HI_IH_IH (1166335 in chips) 
Seat 7: JackP568 (535338 in chips) 
Seat 8: Gabrielfs13 (538988 in chips) 
TONY G500: posts the ante 1500
reiiiif: posts the ante 1500
Oskar_MVP1: posts the ante 1500
knossos90: posts the ante 1500
HI_IH_IH: posts the ante 1500
JackP568: posts the ante 1500
Gabrielfs13: posts the ante 1500
TONY G500: posts small blind 6000
reiiiif: posts big blind 12000
*** HOLE CARDS ***
Dealt to Gabrielfs13 [3h 5c]
Oskar_MVP1: folds 
knossos90: folds 
HI_IH_IH: raises 13200 to 25200
JackP568: folds 
Gabrielfs13: folds 
TONY G500: folds 
reiiiif: calls 13200
*** FLOP *** [4d Tc Ah]
reiiiif: checks 
HI_IH_IH: bets 33450
reiiiif: folds 
Uncalled bet (33450) returned to HI_IH_IH
HI_IH_IH collected 66900 from pot
*** SUMMARY ***
Total pot 66900 | Rake 0 
Board [4d Tc Ah]
Seat 1: TONY G500 (small blind) folded before Flop
Seat 3: reiiiif (big blind) folded on the Flop
Seat 4: Oskar_MVP1 folded before Flop (didn't bet)
Seat 5: knossos90 folded before Flop (didn't bet)
Seat 6: HI_IH_IH collected (66900)
Seat 7: JackP568 folded before Flop (didn't bet)
Seat 8: Gabrielfs13 (button) folded before Flop (didn't bet)



PokerStars Hand #257295045585: Tournament #3913501838, $4.90+$4.90+$1.20 USD Hold'em No Limit - Level XXIII (7000/14000) - 2025/08/10 20:16:12 BRT [2025/08/10 19:16:12 ET]
Table '3913501838 145' 8-max Seat #1 is the button
Seat 1: TONY G500 (417288 in chips) 
Seat 3: reiiiif (1713439 in chips) 
Seat 4: Oskar_MVP1 (1327894 in chips) 
Seat 5: knossos90 (970142 in chips) 
Seat 6: HI_IH_IH (1206535 in chips) 
Seat 7: JackP568 (533838 in chips) 
Seat 8: Gabrielfs13 (537488 in chips) 
TONY G500: posts the ante 1750
reiiiif: posts the ante 1750
Oskar_MVP1: posts the ante 1750
knossos90: posts the ante 1750
HI_IH_IH: posts the ante 1750
JackP568: posts the ante 1750
Gabrielfs13: posts the ante 1750
reiiiif: posts small blind 7000
Oskar_MVP1: posts big blind 14000
*** HOLE CARDS ***
Dealt to Gabrielfs13 [5d Jd]
LUCAZORGE is disconnected 
knossos90: folds 
HI_IH_IH: folds 
JackP568: folds 
Gabrielfs13: raises 14000 to 28000
TONY G500: folds 
reiiiif: calls 21000
Oskar_MVP1: calls 14000
*** FLOP *** [2s 6h Qd]
reiiiif: checks 
Oskar_MVP1: checks 
Gabrielfs13: bets 31763
reiiiif: calls 31763
Oskar_MVP1: calls 31763
*** TURN *** [2s 6h Qd] [Js]
reiiiif: checks 
Oskar_MVP1: checks 
Gabrielfs13: checks 
*** RIVER *** [2s 6h Qd Js] [7c]
reiiiif: checks 
Oskar_MVP1: checks 
Gabrielfs13: checks 
*** SHOW DOWN ***
reiiiif: shows [8d 6d] (a pair of Sixes)
Oskar_MVP1: shows [6c 9d] (a pair of Sixes - Queen+Jack+Nine kicker)
Gabrielfs13: shows [5d Jd] (a pair of Jacks)
Gabrielfs13 collected 191539 from pot
*** SUMMARY ***
Total pot 191539 | Rake 0 
Board [2s 6h Qd Js 7c]
Seat 1: TONY G500 (button) folded before Flop (didn't bet)
Seat 3: reiiiif (small blind) showed [8d 6d] and lost with a pair of Sixes
Seat 4: Oskar_MVP1 (big blind) showed [6c 9d] and lost with a pair of Sixes
Seat 5: knossos90 folded before Flop (didn't bet)
Seat 6: HI_IH_IH folded before Flop (didn't bet)
Seat 7: JackP568 folded before Flop (didn't bet)
Seat 8: Gabrielfs13 showed [5d Jd] and won (191539) with a pair of Jacks



PokerStars Hand #257295057166: Tournament #3913501838, $4.90+$4.90+$1.20 USD Hold'em No Limit - Level XXIII (7000/14000) - 2025/08/10 20:17:15 BRT [2025/08/10 19:17:15 ET]
Table '3913501838 145' 8-max Seat #3 is the button
Seat 1: TONY G500 (415538 in chips) 
Seat 2: LUCAZORGE (892374 in chips) 
Seat 3: reiiiif (1651926 in chips) 
Seat 4: Oskar_MVP1 (1266381 in chips) 
Seat 5: knossos90 (968392 in chips) 
Seat 6: HI_IH_IH (1204785 in chips) 
Seat 7: JackP568 (532088 in chips) 
Seat 8: Gabrielfs13 (667514 in chips) 
TONY G500: posts the ante 1750
LUCAZORGE: posts the ante 1750
reiiiif: posts the ante 1750
Oskar_MVP1: posts the ante 1750
knossos90: posts the ante 1750
HI_IH_IH: posts the ante 1750
JackP568: posts the ante 1750
Gabrielfs13: posts the ante 1750
Oskar_MVP1: posts small blind 7000
knossos90: posts big blind 14000
*** HOLE CARDS ***
Dealt to Gabrielfs13 [8s Kd]
HI_IH_IH: raises 15400 to 29400
JackP568: folds 
Gabrielfs13: folds 
TONY G500: folds 
LUCAZORGE: folds 
reiiiif: calls 29400
Oskar_MVP1: folds 
knossos90: calls 15400
*** FLOP *** [4s 5h 8h]
knossos90: checks 
HI_IH_IH: checks 
reiiiif: bets 56000
knossos90: calls 56000
HI_IH_IH: folds 
*** TURN *** [4s 5h 8h] [9c]
knossos90: checks 
reiiiif: bets 121660
knossos90: calls 121660
*** RIVER *** [4s 5h 8h 9c] [2c]
knossos90: checks 
reiiiif: checks 
*** SHOW DOWN ***
knossos90: shows [6h 4d] (a pair of Fours)
reiiiif: mucks hand 
knossos90 collected 464520 from pot
*** SUMMARY ***
Total pot 464520 | Rake 0 
Board [4s 5h 8h 9c 2c]
Seat 1: TONY G500 folded before Flop (didn't bet)
Seat 2: LUCAZORGE folded before Flop (didn't bet)
Seat 3: reiiiif (button) mucked [Qs Tc]
Seat 4: Oskar_MVP1 (small blind) folded before Flop
Seat 5: knossos90 (big blind) showed [6h 4d] and won (464520) with a pair of Fours
Seat 6: HI_IH_IH folded on the Flop
Seat 7: JackP568 folded before Flop (didn't bet)
Seat 8: Gabrielfs13 folded before Flop (didn't bet)



PokerStars Hand #257295071001: Tournament #3913501838, $4.90+$4.90+$1.20 USD Hold'em No Limit - Level XXIII (7000/14000) - 2025/08/10 20:18:31 BRT [2025/08/10 19:18:31 ET]
Table '3913501838 145' 8-max Seat #4 is the button
Seat 1: TONY G500 (413788 in chips) 
Seat 2: LUCAZORGE (890624 in chips) 
Seat 3: reiiiif (1443116 in chips) 
Seat 4: Oskar_MVP1 (1257631 in chips) 
Seat 5: knossos90 (1224102 in chips) 
Seat 6: HI_IH_IH (1173635 in chips) 
Seat 7: JackP568 (530338 in chips) 
Seat 8: Gabrielfs13 (665764 in chips) 
TONY G500: posts the ante 1750
LUCAZORGE: posts the ante 1750
reiiiif: posts the ante 1750
Oskar_MVP1: posts the ante 1750
knossos90: posts the ante 1750
HI_IH_IH: posts the ante 1750
JackP568: posts the ante 1750
Gabrielfs13: posts the ante 1750
knossos90: posts small blind 7000
HI_IH_IH: posts big blind 14000
*** HOLE CARDS ***
Dealt to Gabrielfs13 [Kh 7h]
JackP568: folds 
Gabrielfs13: raises 14000 to 28000
TONY G500: folds 
LUCAZORGE: folds 
reiiiif: calls 28000
Oskar_MVP1: raises 98000 to 126000
knossos90: folds 
HI_IH_IH: folds 
Gabrielfs13: folds 
reiiiif: calls 98000
*** FLOP *** [9c Jd Ks]
reiiiif: checks 
Oskar_MVP1: bets 168000
reiiiif: folds 
Uncalled bet (168000) returned to Oskar_MVP1
Oskar_MVP1 collected 315000 from pot
Oskar_MVP1: doesn't show hand 
*** SUMMARY ***
Total pot 315000 | Rake 0 
Board [9c Jd Ks]
Seat 1: TONY G500 folded before Flop (didn't bet)
Seat 2: LUCAZORGE folded before Flop (didn't bet)
Seat 3: reiiiif folded on the Flop
Seat 4: Oskar_MVP1 (button) collected (315000)
Seat 5: knossos90 (small blind) folded before Flop
Seat 6: HI_IH_IH (big blind) folded before Flop
Seat 7: JackP568 folded before Flop (didn't bet)
Seat 8: Gabrielfs13 folded before Flop



PokerStars Hand #257295080701: Tournament #3913501838, $4.90+$4.90+$1.20 USD Hold'em No Limit - Level XXIII (7000/14000) - 2025/08/10 20:19:25 BRT [2025/08/10 19:19:25 ET]
Table '3913501838 145' 8-max Seat #5 is the button
Seat 1: TONY G500 (412038 in chips) 
Seat 2: LUCAZORGE (888874 in chips) 
Seat 3: reiiiif (1315366 in chips) 
Seat 4: Oskar_MVP1 (1444881 in chips) 
Seat 5: knossos90 (1215352 in chips) 
Seat 6: HI_IH_IH (1157885 in chips) 
Seat 7: JackP568 (528588 in chips) 
Seat 8: Gabrielfs13 (636014 in chips) 
TONY G500: posts the ante 1750
LUCAZORGE: posts the ante 1750
reiiiif: posts the ante 1750
Oskar_MVP1: posts the ante 1750
knossos90: posts the ante 1750
HI_IH_IH: posts the ante 1750
JackP568: posts the ante 1750
Gabrielfs13: posts the ante 1750
HI_IH_IH: posts small blind 7000
JackP568: posts big blind 14000
*** HOLE CARDS ***
Dealt to Gabrielfs13 [As 4h]
Gabrielfs13: folds 
TONY G500: folds 
LUCAZORGE: folds 
reiiiif: folds 
Oskar_MVP1: raises 14000 to 28000
knossos90: folds 
HI_IH_IH: folds 
JackP568: calls 14000
*** FLOP *** [5c 4d 2c]
JackP568: checks 
Oskar_MVP1: bets 21000
JackP568: raises 49000 to 70000
Oskar_MVP1: folds 
Uncalled bet (49000) returned to JackP568
JackP568 collected 119000 from pot
*** SUMMARY ***
Total pot 119000 | Rake 0 
Board [5c 4d 2c]
Seat 1: TONY G500 folded before Flop (didn't bet)
Seat 2: LUCAZORGE folded before Flop (didn't bet)
Seat 3: reiiiif folded before Flop (didn't bet)
Seat 4: Oskar_MVP1 folded on the Flop
Seat 5: knossos90 (button) folded before Flop (didn't bet)
Seat 6: HI_IH_IH (small blind) folded before Flop
Seat 7: JackP568 (big blind) collected (119000)
Seat 8: Gabrielfs13 folded before Flop (didn't bet)



PokerStars Hand #257295089014: Tournament #3913501838, $4.90+$4.90+$1.20 USD Hold'em No Limit - Level XXIII (7000/14000) - 2025/08/10 20:20:10 BRT [2025/08/10 19:20:10 ET]
Table '3913501838 145' 8-max Seat #6 is the button
Seat 1: TONY G500 (410288 in chips) 
Seat 2: LUCAZORGE (887124 in chips) 
Seat 3: reiiiif (1313616 in chips) 
Seat 4: Oskar_MVP1 (1394131 in chips) 
Seat 5: knossos90 (1213602 in chips) 
Seat 6: HI_IH_IH (1149135 in chips) 
Seat 7: JackP568 (596838 in chips) 
Seat 8: Gabrielfs13 (634264 in chips) 
TONY G500: posts the ante 1750
LUCAZORGE: posts the ante 1750
reiiiif: posts the ante 1750
Oskar_MVP1: posts the ante 1750
knossos90: posts the ante 1750
HI_IH_IH: posts the ante 1750
JackP568: posts the ante 1750
Gabrielfs13: posts the ante 1750
JackP568: posts small blind 7000
Gabrielfs13: posts big blind 14000
*** HOLE CARDS ***
Dealt to Gabrielfs13 [7h Qc]
TONY G500: raises 394538 to 408538 and is all-in
LUCAZORGE: folds 
reiiiif: folds 
Oskar_MVP1: folds 
knossos90: folds 
HI_IH_IH: folds 
JackP568: folds 
Gabrielfs13: folds 
Uncalled bet (394538) returned to TONY G500
TONY G500 collected 49000 from pot
TONY G500: doesn't show hand 
*** SUMMARY ***
Total pot 49000 | Rake 0 
Seat 1: TONY G500 collected (49000)
Seat 2: LUCAZORGE folded before Flop (didn't bet)
Seat 3: reiiiif folded before Flop (didn't bet)
Seat 4: Oskar_MVP1 folded before Flop (didn't bet)
Seat 5: knossos90 folded before Flop (didn't bet)
Seat 6: HI_IH_IH (button) folded before Flop (didn't bet)
Seat 7: JackP568 (small blind) folded before Flop
Seat 8: Gabrielfs13 (big blind) folded before Flop



PokerStars Hand #257295096275: Tournament #3913501838, $4.90+$4.90+$1.20 USD Hold'em No Limit - Level XXIII (7000/14000) - 2025/08/10 20:20:49 BRT [2025/08/10 19:20:49 ET]
Table '3913501838 145' 8-max Seat #7 is the button
Seat 1: TONY G500 (443538 in chips) 
Seat 2: LUCAZORGE (885374 in chips) 
Seat 3: reiiiif (1311866 in chips) 
Seat 4: Oskar_MVP1 (1392381 in chips) 
Seat 5: knossos90 (1211852 in chips) 
Seat 6: HI_IH_IH (1147385 in chips) 
Seat 7: JackP568 (588088 in chips) 
Seat 8: Gabrielfs13 (618514 in chips) 
TONY G500: posts the ante 1750
LUCAZORGE: posts the ante 1750
reiiiif: posts the ante 1750
Oskar_MVP1: posts the ante 1750
knossos90: posts the ante 1750
HI_IH_IH: posts the ante 1750
JackP568: posts the ante 1750
Gabrielfs13: posts the ante 1750
Gabrielfs13: posts small blind 7000
TONY G500: posts big blind 14000
*** HOLE CARDS ***
Dealt to Gabrielfs13 [4c Kd]
LUCAZORGE: raises 14000 to 28000
reiiiif: folds 
Oskar_MVP1: folds 
knossos90: raises 56000 to 84000
HI_IH_IH: folds 
JackP568: folds 
Gabrielfs13: folds 
TONY G500: folds 
LUCAZORGE: folds 
Uncalled bet (56000) returned to knossos90
knossos90 collected 91000 from pot
knossos90: doesn't show hand 
*** SUMMARY ***
Total pot 91000 | Rake 0 
Seat 1: TONY G500 (big blind) folded before Flop
Seat 2: LUCAZORGE folded before Flop
Seat 3: reiiiif folded before Flop (didn't bet)
Seat 4: Oskar_MVP1 folded before Flop (didn't bet)
Seat 5: knossos90 collected (91000)
Seat 6: HI_IH_IH folded before Flop (didn't bet)
Seat 7: JackP568 (button) folded before Flop (didn't bet)
Seat 8: Gabrielfs13 (small blind) folded before Flop



PokerStars Hand #257295102305: Tournament #3913501838, $4.90+$4.90+$1.20 USD Hold'em No Limit - Level XXIII (7000/14000) - 2025/08/10 20:21:22 BRT [2025/08/10 19:21:22 ET]
Table '3913501838 145' 8-max Seat #8 is the button
Seat 1: TONY G500 (427788 in chips) 
Seat 2: LUCAZORGE (855624 in chips) 
Seat 3: reiiiif (1310116 in chips) 
Seat 4: Oskar_MVP1 (1390631 in chips) 
Seat 5: knossos90 (1273102 in chips) 
Seat 6: HI_IH_IH (1145635 in chips) 
Seat 7: JackP568 (586338 in chips) 
Seat 8: Gabrielfs13 (609764 in chips) 
TONY G500: posts the ante 1750
LUCAZORGE: posts the ante 1750
reiiiif: posts the ante 1750
Oskar_MVP1: posts the ante 1750
knossos90: posts the ante 1750
HI_IH_IH: posts the ante 1750
JackP568: posts the ante 1750
Gabrielfs13: posts the ante 1750
TONY G500: posts small blind 7000
LUCAZORGE: posts big blind 14000
*** HOLE CARDS ***
Dealt to Gabrielfs13 [5s Ks]
reiiiif: folds 
Oskar_MVP1: folds 
knossos90: folds 
HI_IH_IH: raises 15400 to 29400
JackP568: folds 
Gabrielfs13: folds 
TONY G500: folds 
LUCAZORGE: calls 15400
*** FLOP *** [As 9h 9c]
LUCAZORGE: checks 
HI_IH_IH: checks 
*** TURN *** [As 9h 9c] [Ad]
LUCAZORGE: checks 
HI_IH_IH: checks 
*** RIVER *** [As 9h 9c Ad] [7c]
LUCAZORGE: checks 
HI_IH_IH: bets 67900
LUCAZORGE: folds 
Uncalled bet (67900) returned to HI_IH_IH
HI_IH_IH collected 79800 from pot
*** SUMMARY ***
Total pot 79800 | Rake 0 
Board [As 9h 9c Ad 7c]
Seat 1: TONY G500 (small blind) folded before Flop
Seat 2: LUCAZORGE (big blind) folded on the River
Seat 3: reiiiif folded before Flop (didn't bet)
Seat 4: Oskar_MVP1 folded before Flop (didn't bet)
Seat 5: knossos90 folded before Flop (didn't bet)
Seat 6: HI_IH_IH collected (79800)
Seat 7: JackP568 folded before Flop (didn't bet)
Seat 8: Gabrielfs13 (button) folded before Flop (didn't bet)



PokerStars Hand #257295115952: Tournament #3913501838, $4.90+$4.90+$1.20 USD Hold'em No Limit - Level XXIII (7000/14000) - 2025/08/10 20:22:37 BRT [2025/08/10 19:22:37 ET]
Table '3913501838 145' 8-max Seat #1 is the button
Seat 1: TONY G500 (419038 in chips) 
Seat 2: LUCAZORGE (824474 in chips) 
Seat 3: reiiiif (1308366 in chips) 
Seat 4: Oskar_MVP1 (1388881 in chips) 
Seat 5: knossos90 (1271352 in chips) 
Seat 6: HI_IH_IH (1194285 in chips) 
Seat 7: JackP568 (584588 in chips) 
Seat 8: Gabrielfs13 (608014 in chips) 
TONY G500: posts the ante 1750
LUCAZORGE: posts the ante 1750
reiiiif: posts the ante 1750
Oskar_MVP1: posts the ante 1750
knossos90: posts the ante 1750
HI_IH_IH: posts the ante 1750
JackP568: posts the ante 1750
Gabrielfs13: posts the ante 1750
LUCAZORGE: posts small blind 7000
reiiiif: posts big blind 14000
*** HOLE CARDS ***
Dealt to Gabrielfs13 [5h 6d]
Oskar_MVP1: folds 
knossos90: folds 
HI_IH_IH: folds 
JackP568: raises 14000 to 28000
Gabrielfs13: folds 
TONY G500: folds 
LUCAZORGE: folds 
reiiiif: folds 
Uncalled bet (14000) returned to JackP568
JackP568 collected 49000 from pot
*** SUMMARY ***
Total pot 49000 | Rake 0 
Seat 1: TONY G500 (button) folded before Flop (didn't bet)
Seat 2: LUCAZORGE (small blind) folded before Flop
Seat 3: reiiiif (big blind) folded before Flop
Seat 4: Oskar_MVP1 folded before Flop (didn't bet)
Seat 5: knossos90 folded before Flop (didn't bet)
Seat 6: HI_IH_IH folded before Flop (didn't bet)
Seat 7: JackP568 collected (49000)
Seat 8: Gabrielfs13 folded before Flop (didn't bet)



PokerStars Hand #257295120271: Tournament #3913501838, $4.90+$4.90+$1.20 USD Hold'em No Limit - Level XXIII (7000/14000) - 2025/08/10 20:23:01 BRT [2025/08/10 19:23:01 ET]
Table '3913501838 145' 8-max Seat #2 is the button
Seat 1: TONY G500 (417288 in chips) 
Seat 2: LUCAZORGE (815724 in chips) 
Seat 3: reiiiif (1292616 in chips) 
Seat 4: Oskar_MVP1 (1387131 in chips) 
Seat 5: knossos90 (1269602 in chips) 
Seat 6: HI_IH_IH (1192535 in chips) 
Seat 7: JackP568 (617838 in chips) 
Seat 8: Gabrielfs13 (606264 in chips) 
TONY G500: posts the ante 1750
LUCAZORGE: posts the ante 1750
reiiiif: posts the ante 1750
Oskar_MVP1: posts the ante 1750
knossos90: posts the ante 1750
HI_IH_IH: posts the ante 1750
JackP568: posts the ante 1750
Gabrielfs13: posts the ante 1750
reiiiif: posts small blind 7000
Oskar_MVP1: posts big blind 14000
*** HOLE CARDS ***
Dealt to Gabrielfs13 [2s Qd]
knossos90: folds 
HI_IH_IH: folds 
JackP568: folds 
Gabrielfs13: folds 
TONY G500: folds 
LUCAZORGE: raises 14000 to 28000
reiiiif: folds 
Oskar_MVP1: raises 91000 to 119000
LUCAZORGE: folds 
Uncalled bet (91000) returned to Oskar_MVP1
Oskar_MVP1 collected 77000 from pot
Oskar_MVP1: doesn't show hand 
*** SUMMARY ***
Total pot 77000 | Rake 0 
Seat 1: TONY G500 folded before Flop (didn't bet)
Seat 2: LUCAZORGE (button) folded before Flop
Seat 3: reiiiif (small blind) folded before Flop
Seat 4: Oskar_MVP1 (big blind) collected (77000)
Seat 5: knossos90 folded before Flop (didn't bet)
Seat 6: HI_IH_IH folded before Flop (didn't bet)
Seat 7: JackP568 folded before Flop (didn't bet)
Seat 8: Gabrielfs13 folded before Flop (didn't bet)



PokerStars Hand #257295128733: Tournament #3913501838, $4.90+$4.90+$1.20 USD Hold'em No Limit - Level XXIII (7000/14000) - 2025/08/10 20:23:47 BRT [2025/08/10 19:23:47 ET]
Table '3913501838 145' 8-max Seat #3 is the button
Seat 1: TONY G500 (415538 in chips) 
Seat 2: LUCAZORGE (785974 in chips) 
Seat 3: reiiiif (1283866 in chips) 
Seat 4: Oskar_MVP1 (1434381 in chips) 
Seat 5: knossos90 (1267852 in chips) 
Seat 6: HI_IH_IH (1190785 in chips) 
Seat 7: JackP568 (616088 in chips) 
Seat 8: Gabrielfs13 (604514 in chips) 
TONY G500: posts the ante 1750
LUCAZORGE: posts the ante 1750
reiiiif: posts the ante 1750
Oskar_MVP1: posts the ante 1750
knossos90: posts the ante 1750
HI_IH_IH: posts the ante 1750
JackP568: posts the ante 1750
Gabrielfs13: posts the ante 1750
Oskar_MVP1: posts small blind 7000
knossos90: posts big blind 14000
*** HOLE CARDS ***
Dealt to Gabrielfs13 [8c 4c]
HI_IH_IH: folds 
JackP568: raises 14000 to 28000
Gabrielfs13: folds 
TONY G500: folds 
LUCAZORGE: folds 
reiiiif: folds 
Oskar_MVP1: raises 84000 to 112000
knossos90: folds 
JackP568: raises 502338 to 614338 and is all-in
Oskar_MVP1: calls 502338
*** FLOP *** [Qh 8h 2h]
*** TURN *** [Qh 8h 2h] [6h]
*** RIVER *** [Qh 8h 2h 6h] [9h]
*** SHOW DOWN ***
Oskar_MVP1: shows [Kc Ks] (a flush, Queen high)
JackP568: shows [Kh As] (a flush, King high)
JackP568 collected 1256676 from pot
*** SUMMARY ***
Total pot 1256676 | Rake 0 
Board [Qh 8h 2h 6h 9h]
Seat 1: TONY G500 folded before Flop (didn't bet)
Seat 2: LUCAZORGE folded before Flop (didn't bet)
Seat 3: reiiiif (button) folded before Flop (didn't bet)
Seat 4: Oskar_MVP1 (small blind) showed [Kc Ks] and lost with a flush, Queen high
Seat 5: knossos90 (big blind) folded before Flop
Seat 6: HI_IH_IH folded before Flop (didn't bet)
Seat 7: JackP568 showed [Kh As] and won (1256676) with a flush, King high
Seat 8: Gabrielfs13 folded before Flop (didn't bet)



PokerStars Hand #257295136369: Tournament #3913501838, $4.90+$4.90+$1.20 USD Hold'em No Limit - Level XXIII (7000/14000) - 2025/08/10 20:24:30 BRT [2025/08/10 19:24:30 ET]
Table '3913501838 145' 8-max Seat #4 is the button
Seat 1: TONY G500 (413788 in chips) 
Seat 2: LUCAZORGE (784224 in chips) 
Seat 3: reiiiif (1282116 in chips) 
Seat 4: Oskar_MVP1 (818293 in chips) 
Seat 5: knossos90 (1252102 in chips) 
Seat 6: HI_IH_IH (1189035 in chips) 
Seat 7: JackP568 (1256676 in chips) 
Seat 8: Gabrielfs13 (602764 in chips) 
TONY G500: posts the ante 1750
LUCAZORGE: posts the ante 1750
reiiiif: posts the ante 1750
Oskar_MVP1: posts the ante 1750
knossos90: posts the ante 1750
HI_IH_IH: posts the ante 1750
JackP568: posts the ante 1750
Gabrielfs13: posts the ante 1750
knossos90: posts small blind 7000
HI_IH_IH: posts big blind 14000
*** HOLE CARDS ***
Dealt to Gabrielfs13 [4h 2h]
JackP568: folds 
Gabrielfs13: folds 
TONY G500: folds 
LUCAZORGE: raises 14000 to 28000
reiiiif: calls 28000
Oskar_MVP1: folds 
knossos90: folds 
HI_IH_IH: folds 
*** FLOP *** [8d Qc 6s]
LUCAZORGE: bets 30030
reiiiif: calls 30030
*** TURN *** [8d Qc 6s] [8s]
LUCAZORGE: checks 
reiiiif: bets 56000
LUCAZORGE: calls 56000
*** RIVER *** [8d Qc 6s 8s] [9h]
LUCAZORGE: checks 
reiiiif: bets 210000
LUCAZORGE: calls 210000
*** SHOW DOWN ***
reiiiif: shows [Td Jh] (a straight, Eight to Queen)
LUCAZORGE: mucks hand 
reiiiif collected 683060 from pot
*** SUMMARY ***
Total pot 683060 | Rake 0 
Board [8d Qc 6s 8s 9h]
Seat 1: TONY G500 folded before Flop (didn't bet)
Seat 2: LUCAZORGE mucked [Ac Ah]
Seat 3: reiiiif showed [Td Jh] and won (683060) with a straight, Eight to Queen
Seat 4: Oskar_MVP1 (button) folded before Flop (didn't bet)
Seat 5: knossos90 (small blind) folded before Flop
Seat 6: HI_IH_IH (big blind) folded before Flop
Seat 7: JackP568 folded before Flop (didn't bet)
Seat 8: Gabrielfs13 folded before Flop (didn't bet)



PokerStars Hand #257295160297: Tournament #3913501838, $4.90+$4.90+$1.20 USD Hold'em No Limit - Level XXIII (7000/14000) - 2025/08/10 20:26:45 BRT [2025/08/10 19:26:45 ET]
Table '3913501838 145' 8-max Seat #5 is the button
Seat 1: TONY G500 (412038 in chips) 
Seat 2: LUCAZORGE (458444 in chips) 
Seat 3: reiiiif (1639396 in chips) 
Seat 4: Oskar_MVP1 (816543 in chips) 
Seat 5: knossos90 (1243352 in chips) 
Seat 6: HI_IH_IH (1173285 in chips) 
Seat 7: JackP568 (1254926 in chips) 
Seat 8: Gabrielfs13 (601014 in chips) 
TONY G500: posts the ante 1750
LUCAZORGE: posts the ante 1750
reiiiif: posts the ante 1750
Oskar_MVP1: posts the ante 1750
knossos90: posts the ante 1750
HI_IH_IH: posts the ante 1750
JackP568: posts the ante 1750
Gabrielfs13: posts the ante 1750
HI_IH_IH: posts small blind 7000
JackP568: posts big blind 14000
*** HOLE CARDS ***
Dealt to Gabrielfs13 [5h Ah]
Gabrielfs13: raises 14000 to 28000
TONY G500: folds 
LUCAZORGE: folds 
reiiiif: folds 
Oskar_MVP1: folds 
knossos90: calls 28000
HI_IH_IH: folds 
JackP568: calls 14000
*** FLOP *** [Qs 5s Jh]
JackP568: checks 
Gabrielfs13: bets 28000
knossos90: folds 
JackP568: calls 28000
*** TURN *** [Qs 5s Jh] [As]
JackP568: checks 
Gabrielfs13: bets 112000
JackP568: calls 112000
*** RIVER *** [Qs 5s Jh As] [9c]
JackP568: checks 
Gabrielfs13: bets 431264 and is all-in
JackP568: calls 431264
*** SHOW DOWN ***
Gabrielfs13: shows [5h Ah] (two pair, Aces and Fives)
JackP568: shows [Ks 4s] (a flush, Ace high)
JackP568 collected 1247528 from pot
JackP568 wins the $5.81 bounty for eliminating Gabrielfs13
Gabrielfs13 finished the tournament in 732nd place and received $15.87.
*** SUMMARY ***
Total pot 1247528 | Rake 0 
Board [Qs 5s Jh As 9c]
Seat 1: TONY G500 folded before Flop (didn't bet)
Seat 2: LUCAZORGE folded before Flop (didn't bet)
Seat 3: reiiiif folded before Flop (didn't bet)
Seat 4: Oskar_MVP1 folded before Flop (didn't bet)
Seat 5: knossos90 (button) folded on the Flop
Seat 6: HI_IH_IH (small blind) folded before Flop
Seat 7: JackP568 (big blind) showed [Ks 4s] and won (1247528) with a flush, Ace high
Seat 8: Gabrielfs13 showed [5h Ah] and lost with two pair, Aces and Fives



