PokerStars Hand #257417425833: Tournament #3918666753, $6.69+$0.81 USD Hold'em No Limit - Level X (125/250) - 2025/08/20 13:44:49 BRT [2025/08/20 12:44:49 ET]
Table '3918666753 13' 8-max Seat #5 is the button
Seat 1: vbxTT (6615 in chips) 
Seat 2: Gabrielfs13 (5000 in chips) 
Seat 3: KBCAGG (5117 in chips) 
Seat 4: 216ben216 (10509 in chips) 
Seat 5: f3ckoff (4301 in chips) 
Seat 6: PsiloPS (8605 in chips) 
Seat 7: sraightbleff (6104 in chips) 
Seat 8: Nikabuloso (16278 in chips) 
vbxTT: posts the ante 30
Gabrielfs13: posts the ante 30
KBCAGG: posts the ante 30
216ben216: posts the ante 30
f3ckoff: posts the ante 30
PsiloPS: posts the ante 30
sraightbleff: posts the ante 30
Nikabuloso: posts the ante 30
PsiloPS: posts small blind 125
sraightbleff: posts big blind 250
*** HOLE CARDS ***
Dealt to Gabrielfs13 [7c 5h]
Nikabuloso: folds 
vbxTT: folds 
Gabrielfs13: folds 
KBCAGG: folds 
216ben216: folds 
f3ckoff: raises 4021 to 4271 and is all-in
PsiloPS: folds 
sraightbleff: folds 
Uncalled bet (4021) returned to f3ckoff
f3ckoff collected 865 from pot
f3ckoff: doesn't show hand 
*** SUMMARY ***
Total pot 865 | Rake 0 
Seat 1: vbxTT folded before Flop (didn't bet)
Seat 2: Gabrielfs13 folded before Flop (didn't bet)
Seat 3: KBCAGG folded before Flop (didn't bet)
Seat 4: 216ben216 folded before Flop (didn't bet)
Seat 5: f3ckoff (button) collected (865)
Seat 6: PsiloPS (small blind) folded before Flop
Seat 7: sraightbleff (big blind) folded before Flop
Seat 8: Nikabuloso folded before Flop (didn't bet)



PokerStars Hand #257417430858: Tournament #3918666753, $6.69+$0.81 USD Hold'em No Limit - Level X (125/250) - 2025/08/20 13:45:15 BRT [2025/08/20 12:45:15 ET]
Table '3918666753 13' 8-max Seat #6 is the button
Seat 1: vbxTT (6585 in chips) 
Seat 2: Gabrielfs13 (4970 in chips) 
Seat 3: KBCAGG (5087 in chips) 
Seat 4: 216ben216 (10479 in chips) 
Seat 5: f3ckoff (4886 in chips) 
Seat 6: PsiloPS (8450 in chips) 
Seat 7: sraightbleff (5824 in chips) 
Seat 8: Nikabuloso (16248 in chips) 
vbxTT: posts the ante 30
Gabrielfs13: posts the ante 30
KBCAGG: posts the ante 30
216ben216: posts the ante 30
f3ckoff: posts the ante 30
PsiloPS: posts the ante 30
sraightbleff: posts the ante 30
Nikabuloso: posts the ante 30
sraightbleff: posts small blind 125
Nikabuloso: posts big blind 250
*** HOLE CARDS ***
Dealt to Gabrielfs13 [Ac 7d]
vbxTT: folds 
Gabrielfs13: folds 
KBCAGG: folds 
216ben216: folds 
f3ckoff: folds 
PsiloPS: folds 
sraightbleff: folds 
Uncalled bet (125) returned to Nikabuloso
Nikabuloso collected 490 from pot
Nikabuloso: doesn't show hand 
*** SUMMARY ***
Total pot 490 | Rake 0 
Seat 1: vbxTT folded before Flop (didn't bet)
Seat 2: Gabrielfs13 folded before Flop (didn't bet)
Seat 3: KBCAGG folded before Flop (didn't bet)
Seat 4: 216ben216 folded before Flop (didn't bet)
Seat 5: f3ckoff folded before Flop (didn't bet)
Seat 6: PsiloPS (button) folded before Flop (didn't bet)
Seat 7: sraightbleff (small blind) folded before Flop
Seat 8: Nikabuloso (big blind) collected (490)



PokerStars Hand #257417434413: Tournament #3918666753, $6.69+$0.81 USD Hold'em No Limit - Level X (125/250) - 2025/08/20 13:45:33 BRT [2025/08/20 12:45:33 ET]
Table '3918666753 13' 8-max Seat #7 is the button
Seat 1: vbxTT (6555 in chips) 
Seat 2: Gabrielfs13 (4940 in chips) 
Seat 3: KBCAGG (5057 in chips) 
Seat 4: 216ben216 (10449 in chips) 
Seat 5: f3ckoff (4856 in chips) 
Seat 6: PsiloPS (8420 in chips) 
Seat 7: sraightbleff (5669 in chips) 
Seat 8: Nikabuloso (16583 in chips) 
vbxTT: posts the ante 30
Gabrielfs13: posts the ante 30
KBCAGG: posts the ante 30
216ben216: posts the ante 30
f3ckoff: posts the ante 30
PsiloPS: posts the ante 30
sraightbleff: posts the ante 30
Nikabuloso: posts the ante 30
Nikabuloso: posts small blind 125
vbxTT: posts big blind 250
*** HOLE CARDS ***
Dealt to Gabrielfs13 [9d Ks]
Gabrielfs13: folds 
KBCAGG: folds 
216ben216: folds 
f3ckoff: folds 
PsiloPS: raises 250 to 500
sraightbleff: folds 
Nikabuloso: folds 
vbxTT: calls 250
*** FLOP *** [3c Qd 2h]
vbxTT: checks 
PsiloPS: checks 
*** TURN *** [3c Qd 2h] [5c]
vbxTT: bets 1000
PsiloPS: calls 1000
*** RIVER *** [3c Qd 2h 5c] [9h]
vbxTT: bets 5025 and is all-in
PsiloPS: folds 
Uncalled bet (5025) returned to vbxTT
vbxTT collected 3365 from pot
vbxTT: doesn't show hand 
*** SUMMARY ***
Total pot 3365 | Rake 0 
Board [3c Qd 2h 5c 9h]
Seat 1: vbxTT (big blind) collected (3365)
Seat 2: Gabrielfs13 folded before Flop (didn't bet)
Seat 3: KBCAGG folded before Flop (didn't bet)
Seat 4: 216ben216 folded before Flop (didn't bet)
Seat 5: f3ckoff folded before Flop (didn't bet)
Seat 6: PsiloPS folded on the River
Seat 7: sraightbleff (button) folded before Flop (didn't bet)
Seat 8: Nikabuloso (small blind) folded before Flop



PokerStars Hand #257417450619: Tournament #3918666753, $6.69+$0.81 USD Hold'em No Limit - Level XI (150/300) - 2025/08/20 13:46:56 BRT [2025/08/20 12:46:56 ET]
Table '3918666753 13' 8-max Seat #8 is the button
Seat 1: vbxTT (8390 in chips) 
Seat 2: Gabrielfs13 (4910 in chips) 
Seat 3: KBCAGG (5027 in chips) 
Seat 4: 216ben216 (10419 in chips) 
Seat 5: f3ckoff (4826 in chips) 
Seat 6: PsiloPS (6890 in chips) 
Seat 7: sraightbleff (5639 in chips) 
Seat 8: Nikabuloso (16428 in chips) 
vbxTT: posts the ante 40
Gabrielfs13: posts the ante 40
KBCAGG: posts the ante 40
216ben216: posts the ante 40
f3ckoff: posts the ante 40
PsiloPS: posts the ante 40
sraightbleff: posts the ante 40
Nikabuloso: posts the ante 40
vbxTT: posts small blind 150
Gabrielfs13: posts big blind 300
*** HOLE CARDS ***
Dealt to Gabrielfs13 [8d Tc]
KBCAGG: folds 
216ben216: folds 
f3ckoff: folds 
PsiloPS: raises 300 to 600
sraightbleff: folds 
Nikabuloso: folds 
vbxTT: folds 
Gabrielfs13: calls 300
*** FLOP *** [6c 2c 6d]
Gabrielfs13: checks 
PsiloPS: bets 6250 and is all-in
Gabrielfs13: folds 
Uncalled bet (6250) returned to PsiloPS
PsiloPS collected 1670 from pot
PsiloPS: doesn't show hand 
*** SUMMARY ***
Total pot 1670 | Rake 0 
Board [6c 2c 6d]
Seat 1: vbxTT (small blind) folded before Flop
Seat 2: Gabrielfs13 (big blind) folded on the Flop
Seat 3: KBCAGG folded before Flop (didn't bet)
Seat 4: 216ben216 folded before Flop (didn't bet)
Seat 5: f3ckoff folded before Flop (didn't bet)
Seat 6: PsiloPS collected (1670)
Seat 7: sraightbleff folded before Flop (didn't bet)
Seat 8: Nikabuloso (button) folded before Flop (didn't bet)



PokerStars Hand #257417458354: Tournament #3918666753, $6.69+$0.81 USD Hold'em No Limit - Level XI (150/300) - 2025/08/20 13:47:34 BRT [2025/08/20 12:47:34 ET]
Table '3918666753 13' 8-max Seat #1 is the button
Seat 1: vbxTT (8200 in chips) 
Seat 2: Gabrielfs13 (4270 in chips) 
Seat 3: KBCAGG (4987 in chips) 
Seat 4: 216ben216 (10379 in chips) 
Seat 5: f3ckoff (4786 in chips) 
Seat 6: PsiloPS (7920 in chips) 
Seat 7: sraightbleff (5599 in chips) 
Seat 8: Nikabuloso (16388 in chips) 
vbxTT: posts the ante 40
Gabrielfs13: posts the ante 40
KBCAGG: posts the ante 40
216ben216: posts the ante 40
f3ckoff: posts the ante 40
PsiloPS: posts the ante 40
sraightbleff: posts the ante 40
Nikabuloso: posts the ante 40
Gabrielfs13: posts small blind 150
KBCAGG: posts big blind 300
*** HOLE CARDS ***
Dealt to Gabrielfs13 [3s Jd]
216ben216: folds 
f3ckoff: folds 
PsiloPS: raises 300 to 600
sraightbleff: folds 
Nikabuloso: folds 
vbxTT: folds 
Gabrielfs13: folds 
KBCAGG: folds 
Uncalled bet (300) returned to PsiloPS
PsiloPS collected 1070 from pot
PsiloPS: doesn't show hand 
*** SUMMARY ***
Total pot 1070 | Rake 0 
Seat 1: vbxTT (button) folded before Flop (didn't bet)
Seat 2: Gabrielfs13 (small blind) folded before Flop
Seat 3: KBCAGG (big blind) folded before Flop
Seat 4: 216ben216 folded before Flop (didn't bet)
Seat 5: f3ckoff folded before Flop (didn't bet)
Seat 6: PsiloPS collected (1070)
Seat 7: sraightbleff folded before Flop (didn't bet)
Seat 8: Nikabuloso folded before Flop (didn't bet)



PokerStars Hand #257417464256: Tournament #3918666753, $6.69+$0.81 USD Hold'em No Limit - Level XI (150/300) - 2025/08/20 13:48:05 BRT [2025/08/20 12:48:05 ET]
Table '3918666753 13' 8-max Seat #2 is the button
Seat 1: vbxTT (8160 in chips) 
Seat 2: Gabrielfs13 (4080 in chips) 
Seat 3: KBCAGG (4647 in chips) 
Seat 4: 216ben216 (10339 in chips) 
Seat 5: f3ckoff (4746 in chips) 
Seat 6: PsiloPS (8650 in chips) 
Seat 7: sraightbleff (5559 in chips) 
Seat 8: Nikabuloso (16348 in chips) 
vbxTT: posts the ante 40
Gabrielfs13: posts the ante 40
KBCAGG: posts the ante 40
216ben216: posts the ante 40
f3ckoff: posts the ante 40
PsiloPS: posts the ante 40
sraightbleff: posts the ante 40
Nikabuloso: posts the ante 40
KBCAGG: posts small blind 150
216ben216: posts big blind 300
*** HOLE CARDS ***
Dealt to Gabrielfs13 [7s 8h]
f3ckoff: folds 
PsiloPS: folds 
sraightbleff: folds 
Nikabuloso: raises 300 to 600
vbxTT: folds 
Gabrielfs13: folds 
KBCAGG: folds 
216ben216: calls 300
*** FLOP *** [Ac 2c Qd]
216ben216: checks 
Nikabuloso: bets 600
216ben216: folds 
Uncalled bet (600) returned to Nikabuloso
Nikabuloso collected 1670 from pot
Nikabuloso: doesn't show hand 
*** SUMMARY ***
Total pot 1670 | Rake 0 
Board [Ac 2c Qd]
Seat 1: vbxTT folded before Flop (didn't bet)
Seat 2: Gabrielfs13 (button) folded before Flop (didn't bet)
Seat 3: KBCAGG (small blind) folded before Flop
Seat 4: 216ben216 (big blind) folded on the Flop
Seat 5: f3ckoff folded before Flop (didn't bet)
Seat 6: PsiloPS folded before Flop (didn't bet)
Seat 7: sraightbleff folded before Flop (didn't bet)
Seat 8: Nikabuloso collected (1670)



PokerStars Hand #257417470728: Tournament #3918666753, $6.69+$0.81 USD Hold'em No Limit - Level XI (150/300) - 2025/08/20 13:48:37 BRT [2025/08/20 12:48:37 ET]
Table '3918666753 13' 8-max Seat #3 is the button
Seat 1: vbxTT (8120 in chips) 
Seat 2: Gabrielfs13 (4040 in chips) 
Seat 3: KBCAGG (4457 in chips) 
Seat 4: 216ben216 (9699 in chips) 
Seat 5: f3ckoff (4706 in chips) 
Seat 6: PsiloPS (8610 in chips) 
Seat 7: sraightbleff (5519 in chips) 
Seat 8: Nikabuloso (17378 in chips) 
vbxTT: posts the ante 40
Gabrielfs13: posts the ante 40
KBCAGG: posts the ante 40
216ben216: posts the ante 40
f3ckoff: posts the ante 40
PsiloPS: posts the ante 40
sraightbleff: posts the ante 40
Nikabuloso: posts the ante 40
216ben216: posts small blind 150
f3ckoff: posts big blind 300
*** HOLE CARDS ***
Dealt to Gabrielfs13 [Kc Jd]
PsiloPS: folds 
sraightbleff: folds 
Nikabuloso: folds 
vbxTT: raises 300 to 600
Gabrielfs13: folds 
KBCAGG: folds 
216ben216: folds 
f3ckoff: calls 300
*** FLOP *** [6s 3c 7h]
f3ckoff: checks 
vbxTT: checks 
*** TURN *** [6s 3c 7h] [Jc]
f3ckoff: checks 
vbxTT: checks 
*** RIVER *** [6s 3c 7h Jc] [Ac]
f3ckoff: checks 
vbxTT: bets 900
f3ckoff: folds 
Uncalled bet (900) returned to vbxTT
vbxTT collected 1670 from pot
vbxTT: doesn't show hand 
*** SUMMARY ***
Total pot 1670 | Rake 0 
Board [6s 3c 7h Jc Ac]
Seat 1: vbxTT collected (1670)
Seat 2: Gabrielfs13 folded before Flop (didn't bet)
Seat 3: KBCAGG (button) folded before Flop (didn't bet)
Seat 4: 216ben216 (small blind) folded before Flop
Seat 5: f3ckoff (big blind) folded on the River
Seat 6: PsiloPS folded before Flop (didn't bet)
Seat 7: sraightbleff folded before Flop (didn't bet)
Seat 8: Nikabuloso folded before Flop (didn't bet)



PokerStars Hand #257417486791: Tournament #3918666753, $6.69+$0.81 USD Hold'em No Limit - Level XI (150/300) - 2025/08/20 13:50:00 BRT [2025/08/20 12:50:00 ET]
Table '3918666753 13' 8-max Seat #4 is the button
Seat 1: vbxTT (9150 in chips) 
Seat 2: Gabrielfs13 (4000 in chips) 
Seat 3: KBCAGG (4417 in chips) 
Seat 4: 216ben216 (9509 in chips) 
Seat 5: f3ckoff (4066 in chips) 
Seat 6: PsiloPS (8570 in chips) 
Seat 7: sraightbleff (5479 in chips) 
Seat 8: Nikabuloso (17338 in chips) 
vbxTT: posts the ante 40
Gabrielfs13: posts the ante 40
KBCAGG: posts the ante 40
216ben216: posts the ante 40
f3ckoff: posts the ante 40
PsiloPS: posts the ante 40
sraightbleff: posts the ante 40
Nikabuloso: posts the ante 40
f3ckoff: posts small blind 150
PsiloPS: posts big blind 300
*** HOLE CARDS ***
Dealt to Gabrielfs13 [Tc 3d]
sraightbleff: raises 300 to 600
Nikabuloso: folds 
vbxTT: folds 
Gabrielfs13: folds 
KBCAGG: folds 
216ben216: folds 
f3ckoff: raises 3426 to 4026 and is all-in
PsiloPS: folds 
sraightbleff: calls 3426
*** FLOP *** [4d 3h Jd]
*** TURN *** [4d 3h Jd] [6d]
*** RIVER *** [4d 3h Jd 6d] [9s]
*** SHOW DOWN ***
f3ckoff: shows [Kh Kd] (a pair of Kings)
sraightbleff: shows [Ah Ac] (a pair of Aces)
sraightbleff collected 8672 from pot
f3ckoff finished the tournament in 213th place
*** SUMMARY ***
Total pot 8672 | Rake 0 
Board [4d 3h Jd 6d 9s]
Seat 1: vbxTT folded before Flop (didn't bet)
Seat 2: Gabrielfs13 folded before Flop (didn't bet)
Seat 3: KBCAGG folded before Flop (didn't bet)
Seat 4: 216ben216 (button) folded before Flop (didn't bet)
Seat 5: f3ckoff (small blind) showed [Kh Kd] and lost with a pair of Kings
Seat 6: PsiloPS (big blind) folded before Flop
Seat 7: sraightbleff showed [Ah Ac] and won (8672) with a pair of Aces
Seat 8: Nikabuloso folded before Flop (didn't bet)



PokerStars Hand #257417492628: Tournament #3918666753, $6.69+$0.81 USD Hold'em No Limit - Level XI (150/300) - 2025/08/20 13:50:30 BRT [2025/08/20 12:50:30 ET]
Table '3918666753 13' 8-max Seat #6 is the button
Seat 1: vbxTT (9110 in chips) 
Seat 2: Gabrielfs13 (3960 in chips) 
Seat 3: KBCAGG (4377 in chips) 
Seat 4: 216ben216 (9469 in chips) 
Seat 6: PsiloPS (8230 in chips) 
Seat 7: sraightbleff (10085 in chips) 
Seat 8: Nikabuloso (17298 in chips) 
vbxTT: posts the ante 40
Gabrielfs13: posts the ante 40
KBCAGG: posts the ante 40
216ben216: posts the ante 40
PsiloPS: posts the ante 40
sraightbleff: posts the ante 40
Nikabuloso: posts the ante 40
sraightbleff: posts small blind 150
Nikabuloso: posts big blind 300
*** HOLE CARDS ***
Dealt to Gabrielfs13 [7s 7c]
vbxTT: raises 300 to 600
Gabrielfs13: raises 3320 to 3920 and is all-in
KBCAGG: raises 417 to 4337 and is all-in
216ben216: folds 
PsiloPS: folds 
sraightbleff: folds 
Nikabuloso: folds 
vbxTT: calls 3737
*** FLOP *** [Th Ac 8s]
*** TURN *** [Th Ac 8s] [As]
*** RIVER *** [Th Ac 8s As] [Qd]
*** SHOW DOWN ***
vbxTT: shows [Ad Kh] (three of a kind, Aces)
KBCAGG: shows [Jc Ah] (three of a kind, Aces - lower kicker)
vbxTT collected 834 from side pot
Gabrielfs13: shows [7s 7c] (two pair, Aces and Sevens)
vbxTT collected 12490 from main pot
KBCAGG finished the tournament in 210th place
Gabrielfs13 finished the tournament in 211th place
*** SUMMARY ***
Total pot 13324 Main pot 12490. Side pot 834. | Rake 0 
Board [Th Ac 8s As Qd]
Seat 1: vbxTT showed [Ad Kh] and won (13324) with three of a kind, Aces
Seat 2: Gabrielfs13 showed [7s 7c] and lost with two pair, Aces and Sevens
Seat 3: KBCAGG showed [Jc Ah] and lost with three of a kind, Aces
Seat 4: 216ben216 folded before Flop (didn't bet)
Seat 6: PsiloPS (button) folded before Flop (didn't bet)
Seat 7: sraightbleff (small blind) folded before Flop
Seat 8: Nikabuloso (big blind) folded before Flop



