PokerStars Hand #257172411279: Tournament #3912518862, $4.80+$5.00+$1.20 USD Hold'em No Limit - Level I (50/100) - 2025/08/01 14:34:12 BRT [2025/08/01 13:34:12 ET]
Table '3912518862 1' 7-max Seat #1 is the button
Seat 1: bsmartplayer (9622 in chips, $5 bounty) 
Seat 2: RasmusKarma (12058 in chips, $5 bounty) 
Seat 3: 57GERRARD57 (8138 in chips, $5 bounty) 
Seat 4: thxfomoney (10464 in chips, $5 bounty) 
Seat 5: pipe_akd (9988 in chips, $5 bounty) 
Seat 6: ccyrenne (9790 in chips, $5 bounty) 
Seat 7: Gabrielfs13 (10000 in chips, $5 bounty) 
bsmartplayer: posts the ante 12
RasmusKarma: posts the ante 12
57GERRARD57: posts the ante 12
thxfomoney: posts the ante 12
pipe_akd: posts the ante 12
ccyrenne: posts the ante 12
Gabrielfs13: posts the ante 12
RasmusKarma: posts small blind 50
57GERRARD57: posts big blind 100
*** HOLE CARDS ***
Dealt to Gabrielfs13 [Ac 5s]
thxfomoney: raises 112 to 212
pipe_akd: folds 
ccyrenne: raises 588 to 800
Gabrielfs13: folds 
bsmartplayer: calls 800
RasmusKarma: folds 
57GERRARD57: folds 
thxfomoney: folds 
*** FLOP *** [As Qs 6h]
ccyrenne: bets 675
bsmartplayer: calls 675
*** TURN *** [As Qs 6h] [3h]
ccyrenne: bets 2377
bsmartplayer: calls 2377
*** RIVER *** [As Qs 6h 3h] [2d]
ccyrenne: bets 5926 and is all-in
bsmartplayer: calls 5758 and is all-in
Uncalled bet (168) returned to ccyrenne
*** SHOW DOWN ***
ccyrenne: shows [Ah Kd] (a pair of Aces)
bsmartplayer: shows [7d 6d] (a pair of Sixes)
ccyrenne collected 19666 from pot
ccyrenne wins $2.50 for eliminating bsmartplayer and their own bounty increases by $2.50 to $7.50
bsmartplayer finished the tournament
*** SUMMARY ***
Total pot 19666 | Rake 0 
Board [As Qs 6h 3h 2d]
Seat 1: bsmartplayer (button) showed [7d 6d] and lost with a pair of Sixes
Seat 2: RasmusKarma (small blind) folded before Flop
Seat 3: 57GERRARD57 (big blind) folded before Flop
Seat 4: thxfomoney folded before Flop
Seat 5: pipe_akd folded before Flop (didn't bet)
Seat 6: ccyrenne showed [Ah Kd] and won (19666) with a pair of Aces
Seat 7: Gabrielfs13 folded before Flop (didn't bet)



PokerStars Hand #257172430850: Tournament #3912518862, $4.80+$5.00+$1.20 USD Hold'em No Limit - Level I (50/100) - 2025/08/01 14:35:49 BRT [2025/08/01 13:35:49 ET]
Table '3912518862 1' 7-max Seat #2 is the button
Seat 2: RasmusKarma (11996 in chips, $5 bounty) 
Seat 3: 57GERRARD57 (8026 in chips, $5 bounty) 
Seat 4: thxfomoney (10240 in chips, $5 bounty) 
Seat 5: pipe_akd (9976 in chips, $5 bounty) 
Seat 6: ccyrenne (19834 in chips, $7.50 bounty) 
Seat 7: Gabrielfs13 (9988 in chips, $5 bounty) 
RasmusKarma: posts the ante 12
57GERRARD57: posts the ante 12
thxfomoney: posts the ante 12
pipe_akd: posts the ante 12
ccyrenne: posts the ante 12
Gabrielfs13: posts the ante 12
57GERRARD57: posts small blind 50
thxfomoney: posts big blind 100
*** HOLE CARDS ***
Dealt to Gabrielfs13 [9h 2s]
KK333HR is disconnected 
pipe_akd: folds 
ccyrenne: folds 
Gabrielfs13: folds 
RasmusKarma: raises 100 to 200
57GERRARD57: folds 
thxfomoney: calls 100
*** FLOP *** [4d Ad 7s]
thxfomoney: checks 
RasmusKarma: checks 
*** TURN *** [4d Ad 7s] [3s]
thxfomoney: checks 
RasmusKarma: checks 
*** RIVER *** [4d Ad 7s 3s] [2d]
thxfomoney: checks 
RasmusKarma: bets 100
thxfomoney: folds 
Uncalled bet (100) returned to RasmusKarma
RasmusKarma collected 522 from pot
*** SUMMARY ***
Total pot 522 | Rake 0 
Board [4d Ad 7s 3s 2d]
Seat 2: RasmusKarma (button) collected (522)
Seat 3: 57GERRARD57 (small blind) folded before Flop
Seat 4: thxfomoney (big blind) folded on the River
Seat 5: pipe_akd folded before Flop (didn't bet)
Seat 6: ccyrenne folded before Flop (didn't bet)
Seat 7: Gabrielfs13 folded before Flop (didn't bet)



PokerStars Hand #257172443745: Tournament #3912518862, $4.80+$5.00+$1.20 USD Hold'em No Limit - Level II (60/120) - 2025/08/01 14:36:53 BRT [2025/08/01 13:36:53 ET]
Table '3912518862 1' 7-max Seat #3 is the button
Seat 1: KK333HR (10000 in chips, $5 bounty) 
Seat 2: RasmusKarma (12306 in chips, $5 bounty) 
Seat 3: 57GERRARD57 (7964 in chips, $5 bounty) 
Seat 4: thxfomoney (10028 in chips, $5 bounty) 
Seat 5: pipe_akd (9964 in chips, $5 bounty) 
Seat 6: ccyrenne (19822 in chips, $7.50 bounty) 
Seat 7: Gabrielfs13 (9976 in chips, $5 bounty) 
KK333HR: posts the ante 14
RasmusKarma: posts the ante 14
57GERRARD57: posts the ante 14
thxfomoney: posts the ante 14
pipe_akd: posts the ante 14
ccyrenne: posts the ante 14
Gabrielfs13: posts the ante 14
thxfomoney: posts small blind 60
pipe_akd: posts big blind 120
*** HOLE CARDS ***
Dealt to Gabrielfs13 [Qh 7h]
ccyrenne: folds 
Gabrielfs13: raises 120 to 240
KK333HR: folds 
RasmusKarma: folds 
57GERRARD57: calls 240
thxfomoney: folds 
pipe_akd: raises 1020 to 1260
Gabrielfs13: folds 
57GERRARD57: folds 
Uncalled bet (1020) returned to pipe_akd
pipe_akd collected 878 from pot
pipe_akd: doesn't show hand 
*** SUMMARY ***
Total pot 878 | Rake 0 
Seat 1: KK333HR folded before Flop (didn't bet)
Seat 2: RasmusKarma folded before Flop (didn't bet)
Seat 3: 57GERRARD57 (button) folded before Flop
Seat 4: thxfomoney (small blind) folded before Flop
Seat 5: pipe_akd (big blind) collected (878)
Seat 6: ccyrenne folded before Flop (didn't bet)
Seat 7: Gabrielfs13 folded before Flop



PokerStars Hand #257172455458: Tournament #3912518862, $4.80+$5.00+$1.20 USD Hold'em No Limit - Level II (60/120) - 2025/08/01 14:37:50 BRT [2025/08/01 13:37:50 ET]
Table '3912518862 1' 7-max Seat #4 is the button
Seat 1: KK333HR (9986 in chips, $5 bounty) 
Seat 2: RasmusKarma (12292 in chips, $5 bounty) 
Seat 3: 57GERRARD57 (7710 in chips, $5 bounty) 
Seat 4: thxfomoney (9954 in chips, $5 bounty) 
Seat 5: pipe_akd (10588 in chips, $5 bounty) 
Seat 6: ccyrenne (19808 in chips, $7.50 bounty) 
Seat 7: Gabrielfs13 (9722 in chips, $5 bounty) 
KK333HR: posts the ante 14
RasmusKarma: posts the ante 14
57GERRARD57: posts the ante 14
thxfomoney: posts the ante 14
pipe_akd: posts the ante 14
ccyrenne: posts the ante 14
Gabrielfs13: posts the ante 14
pipe_akd: posts small blind 60
ccyrenne: posts big blind 120
*** HOLE CARDS ***
Dealt to Gabrielfs13 [6s Th]
Gabrielfs13: folds 
KK333HR: raises 120 to 240
RasmusKarma: folds 
57GERRARD57: calls 240
thxfomoney: folds 
pipe_akd: folds 
ccyrenne: folds 
*** FLOP *** [4d Kc 7c]
KK333HR: checks 
57GERRARD57: checks 
*** TURN *** [4d Kc 7c] [4h]
KK333HR: checks 
57GERRARD57: checks 
*** RIVER *** [4d Kc 7c 4h] [Tc]
KK333HR: bets 120
57GERRARD57: raises 960 to 1080
KK333HR: folds 
Uncalled bet (960) returned to 57GERRARD57
57GERRARD57 collected 998 from pot
57GERRARD57: doesn't show hand 
*** SUMMARY ***
Total pot 998 | Rake 0 
Board [4d Kc 7c 4h Tc]
Seat 1: KK333HR folded on the River
Seat 2: RasmusKarma folded before Flop (didn't bet)
Seat 3: 57GERRARD57 collected (998)
Seat 4: thxfomoney (button) folded before Flop (didn't bet)
Seat 5: pipe_akd (small blind) folded before Flop
Seat 6: ccyrenne (big blind) folded before Flop
Seat 7: Gabrielfs13 folded before Flop (didn't bet)



PokerStars Hand #257172466166: Tournament #3912518862, $4.80+$5.00+$1.20 USD Hold'em No Limit - Level II (60/120) - 2025/08/01 14:38:43 BRT [2025/08/01 13:38:43 ET]
Table '3912518862 1' 7-max Seat #5 is the button
Seat 1: KK333HR (9612 in chips, $5 bounty) 
Seat 2: RasmusKarma (12278 in chips, $5 bounty) 
Seat 3: 57GERRARD57 (8334 in chips, $5 bounty) 
Seat 4: thxfomoney (9940 in chips, $5 bounty) 
Seat 5: pipe_akd (10514 in chips, $5 bounty) 
Seat 6: ccyrenne (19674 in chips, $7.50 bounty) 
Seat 7: Gabrielfs13 (9708 in chips, $5 bounty) 
KK333HR: posts the ante 14
RasmusKarma: posts the ante 14
57GERRARD57: posts the ante 14
thxfomoney: posts the ante 14
pipe_akd: posts the ante 14
ccyrenne: posts the ante 14
Gabrielfs13: posts the ante 14
ccyrenne: posts small blind 60
Gabrielfs13: posts big blind 120
*** HOLE CARDS ***
Dealt to Gabrielfs13 [7s Qs]
KK333HR: folds 
RasmusKarma: folds 
57GERRARD57: folds 
thxfomoney: raises 134 to 254
pipe_akd: folds 
ccyrenne: folds 
Gabrielfs13: calls 134
*** FLOP *** [7c 2h 7d]
Gabrielfs13: checks 
thxfomoney: bets 160
Gabrielfs13: raises 493 to 653
thxfomoney: folds 
Uncalled bet (493) returned to Gabrielfs13
Gabrielfs13 collected 986 from pot
Gabrielfs13: doesn't show hand 
*** SUMMARY ***
Total pot 986 | Rake 0 
Board [7c 2h 7d]
Seat 1: KK333HR folded before Flop (didn't bet)
Seat 2: RasmusKarma folded before Flop (didn't bet)
Seat 3: 57GERRARD57 folded before Flop (didn't bet)
Seat 4: thxfomoney folded on the Flop
Seat 5: pipe_akd (button) folded before Flop (didn't bet)
Seat 6: ccyrenne (small blind) folded before Flop
Seat 7: Gabrielfs13 (big blind) collected (986)



PokerStars Hand #257172475983: Tournament #3912518862, $4.80+$5.00+$1.20 USD Hold'em No Limit - Level II (60/120) - 2025/08/01 14:39:31 BRT [2025/08/01 13:39:31 ET]
Table '3912518862 1' 7-max Seat #6 is the button
Seat 1: KK333HR (9598 in chips, $5 bounty) 
Seat 2: RasmusKarma (12264 in chips, $5 bounty) 
Seat 3: 57GERRARD57 (8320 in chips, $5 bounty) 
Seat 4: thxfomoney (9512 in chips, $5 bounty) 
Seat 5: pipe_akd (10500 in chips, $5 bounty) 
Seat 6: ccyrenne (19600 in chips, $7.50 bounty) 
Seat 7: Gabrielfs13 (10266 in chips, $5 bounty) 
KK333HR: posts the ante 14
RasmusKarma: posts the ante 14
57GERRARD57: posts the ante 14
thxfomoney: posts the ante 14
pipe_akd: posts the ante 14
ccyrenne: posts the ante 14
Gabrielfs13: posts the ante 14
Gabrielfs13: posts small blind 60
KK333HR: posts big blind 120
*** HOLE CARDS ***
Dealt to Gabrielfs13 [5c 9d]
RasmusKarma: folds 
57GERRARD57: folds 
thxfomoney: folds 
pipe_akd: folds 
ccyrenne: raises 132 to 252
Gabrielfs13: folds 
KK333HR: calls 132
*** FLOP *** [4d Ts 9s]
KK333HR: checks 
ccyrenne: checks 
*** TURN *** [4d Ts 9s] [6s]
KK333HR: checks 
ccyrenne: checks 
*** RIVER *** [4d Ts 9s 6s] [Qd]
KK333HR: bets 120
ccyrenne: calls 120
*** SHOW DOWN ***
KK333HR: shows [Jh 8d] (a straight, Eight to Queen)
ccyrenne: mucks hand 
KK333HR collected 902 from pot
*** SUMMARY ***
Total pot 902 | Rake 0 
Board [4d Ts 9s 6s Qd]
Seat 1: KK333HR (big blind) showed [Jh 8d] and won (902) with a straight, Eight to Queen
Seat 2: RasmusKarma folded before Flop (didn't bet)
Seat 3: 57GERRARD57 folded before Flop (didn't bet)
Seat 4: thxfomoney folded before Flop (didn't bet)
Seat 5: pipe_akd folded before Flop (didn't bet)
Seat 6: ccyrenne (button) mucked [8c 8s]
Seat 7: Gabrielfs13 (small blind) folded before Flop



PokerStars Hand #257172485806: Tournament #3912518862, $4.80+$5.00+$1.20 USD Hold'em No Limit - Level II (60/120) - 2025/08/01 14:40:19 BRT [2025/08/01 13:40:19 ET]
Table '3912518862 1' 7-max Seat #7 is the button
Seat 1: KK333HR (10114 in chips, $5 bounty) 
Seat 2: RasmusKarma (12250 in chips, $5 bounty) 
Seat 3: 57GERRARD57 (8306 in chips, $5 bounty) 
Seat 4: thxfomoney (9498 in chips, $5 bounty) 
Seat 5: pipe_akd (10486 in chips, $5 bounty) 
Seat 6: ccyrenne (19214 in chips, $7.50 bounty) 
Seat 7: Gabrielfs13 (10192 in chips, $5 bounty) 
KK333HR: posts the ante 14
RasmusKarma: posts the ante 14
57GERRARD57: posts the ante 14
thxfomoney: posts the ante 14
pipe_akd: posts the ante 14
ccyrenne: posts the ante 14
Gabrielfs13: posts the ante 14
KK333HR: posts small blind 60
RasmusKarma: posts big blind 120
*** HOLE CARDS ***
Dealt to Gabrielfs13 [9h 7d]
57GERRARD57: raises 156 to 276
thxfomoney: folds 
pipe_akd: folds 
ccyrenne: folds 
Gabrielfs13: folds 
KK333HR: folds 
RasmusKarma: folds 
Uncalled bet (156) returned to 57GERRARD57
57GERRARD57 collected 398 from pot
57GERRARD57: doesn't show hand 
*** SUMMARY ***
Total pot 398 | Rake 0 
Seat 1: KK333HR (small blind) folded before Flop
Seat 2: RasmusKarma (big blind) folded before Flop
Seat 3: 57GERRARD57 collected (398)
Seat 4: thxfomoney folded before Flop (didn't bet)
Seat 5: pipe_akd folded before Flop (didn't bet)
Seat 6: ccyrenne folded before Flop (didn't bet)
Seat 7: Gabrielfs13 (button) folded before Flop (didn't bet)



PokerStars Hand #257172490672: Tournament #3912518862, $4.80+$5.00+$1.20 USD Hold'em No Limit - Level II (60/120) - 2025/08/01 14:40:44 BRT [2025/08/01 13:40:44 ET]
Table '3912518862 1' 7-max Seat #1 is the button
Seat 1: KK333HR (10040 in chips, $5 bounty) 
Seat 2: RasmusKarma (12116 in chips, $5 bounty) 
Seat 3: 57GERRARD57 (8570 in chips, $5 bounty) 
Seat 4: thxfomoney (9484 in chips, $5 bounty) 
Seat 5: pipe_akd (10472 in chips, $5 bounty) 
Seat 6: ccyrenne (19200 in chips, $7.50 bounty) 
Seat 7: Gabrielfs13 (10178 in chips, $5 bounty) 
KK333HR: posts the ante 14
RasmusKarma: posts the ante 14
57GERRARD57: posts the ante 14
thxfomoney: posts the ante 14
pipe_akd: posts the ante 14
ccyrenne: posts the ante 14
Gabrielfs13: posts the ante 14
RasmusKarma: posts small blind 60
57GERRARD57: posts big blind 120
*** HOLE CARDS ***
Dealt to Gabrielfs13 [7c 7d]
thxfomoney: raises 120 to 240
pipe_akd: folds 
ccyrenne: folds 
Gabrielfs13: calls 240
KK333HR: folds 
RasmusKarma: folds 
57GERRARD57: folds 
*** FLOP *** [9c 8h 5d]
thxfomoney: checks 
Gabrielfs13: checks 
*** TURN *** [9c 8h 5d] [6d]
thxfomoney: checks 
Gabrielfs13: bets 379
thxfomoney: calls 379
*** RIVER *** [9c 8h 5d 6d] [Ks]
thxfomoney: checks 
Gabrielfs13: bets 1001
thxfomoney: folds 
Uncalled bet (1001) returned to Gabrielfs13
Gabrielfs13 collected 1516 from pot
Gabrielfs13: doesn't show hand 
*** SUMMARY ***
Total pot 1516 | Rake 0 
Board [9c 8h 5d 6d Ks]
Seat 1: KK333HR (button) folded before Flop (didn't bet)
Seat 2: RasmusKarma (small blind) folded before Flop
Seat 3: 57GERRARD57 (big blind) folded before Flop
Seat 4: thxfomoney folded on the River
Seat 5: pipe_akd folded before Flop (didn't bet)
Seat 6: ccyrenne folded before Flop (didn't bet)
Seat 7: Gabrielfs13 collected (1516)



PokerStars Hand #257172502698: Tournament #3912518862, $4.80+$5.00+$1.20 USD Hold'em No Limit - Level II (60/120) - 2025/08/01 14:41:44 BRT [2025/08/01 13:41:44 ET]
Table '3912518862 1' 7-max Seat #2 is the button
Seat 1: KK333HR (10026 in chips, $5 bounty) 
Seat 2: RasmusKarma (12042 in chips, $5 bounty) 
Seat 3: 57GERRARD57 (8436 in chips, $5 bounty) 
Seat 4: thxfomoney (8851 in chips, $5 bounty) 
Seat 6: ccyrenne (19186 in chips, $7.50 bounty) 
Seat 7: Gabrielfs13 (11061 in chips, $5 bounty) 
KK333HR: posts the ante 14
RasmusKarma: posts the ante 14
57GERRARD57: posts the ante 14
thxfomoney: posts the ante 14
ccyrenne: posts the ante 14
Gabrielfs13: posts the ante 14
57GERRARD57: posts small blind 60
thxfomoney: posts big blind 120
*** HOLE CARDS ***
Dealt to Gabrielfs13 [8s 6c]
ccyrenne: folds 
Gabrielfs13: folds 
Neo812 is disconnected 
KK333HR: folds 
RasmusKarma: folds 
57GERRARD57: folds 
Uncalled bet (60) returned to thxfomoney
thxfomoney collected 204 from pot
thxfomoney: doesn't show hand 
*** SUMMARY ***
Total pot 204 | Rake 0 
Seat 1: KK333HR folded before Flop (didn't bet)
Seat 2: RasmusKarma (button) folded before Flop (didn't bet)
Seat 3: 57GERRARD57 (small blind) folded before Flop
Seat 4: thxfomoney (big blind) collected (204)
Seat 6: ccyrenne folded before Flop (didn't bet)
Seat 7: Gabrielfs13 folded before Flop (didn't bet)



PokerStars Hand #257172505447: Tournament #3912518862, $4.80+$5.00+$1.20 USD Hold'em No Limit - Level II (60/120) - 2025/08/01 14:41:57 BRT [2025/08/01 13:41:57 ET]
Table '3912518862 1' 7-max Seat #3 is the button
Seat 1: KK333HR (10012 in chips, $5 bounty) 
Seat 2: RasmusKarma (12028 in chips, $5 bounty) 
Seat 3: 57GERRARD57 (8362 in chips, $5 bounty) 
Seat 4: thxfomoney (8981 in chips, $5 bounty) 
Seat 5: Neo812 (10000 in chips, $5 bounty) 
Seat 6: ccyrenne (19172 in chips, $7.50 bounty) 
Seat 7: Gabrielfs13 (11047 in chips, $5 bounty) 
KK333HR: posts the ante 14
RasmusKarma: posts the ante 14
57GERRARD57: posts the ante 14
thxfomoney: posts the ante 14
Neo812: posts the ante 14
ccyrenne: posts the ante 14
Gabrielfs13: posts the ante 14
thxfomoney: posts small blind 60
Neo812: posts big blind 120
*** HOLE CARDS ***
Dealt to Gabrielfs13 [Tc Jh]
ccyrenne: folds 
Gabrielfs13: folds 
KK333HR: folds 
RasmusKarma: folds 
57GERRARD57: folds 
thxfomoney: raises 180 to 300
Neo812: calls 180
*** FLOP *** [Jc 3c 4h]
thxfomoney: bets 168
Neo812: calls 168
*** TURN *** [Jc 3c 4h] [6d]
thxfomoney: checks 
Neo812: bets 589
thxfomoney: calls 589
*** RIVER *** [Jc 3c 4h 6d] [Td]
thxfomoney: checks 
Neo812: bets 1902
thxfomoney: raises 6008 to 7910 and is all-in
Neo812: calls 6008
*** SHOW DOWN ***
thxfomoney: shows [Ts Th] (three of a kind, Tens)
Neo812: shows [3s 3h] (three of a kind, Threes)
thxfomoney collected 18032 from pot
*** SUMMARY ***
Total pot 18032 | Rake 0 
Board [Jc 3c 4h 6d Td]
Seat 1: KK333HR folded before Flop (didn't bet)
Seat 2: RasmusKarma folded before Flop (didn't bet)
Seat 3: 57GERRARD57 (button) folded before Flop (didn't bet)
Seat 4: thxfomoney (small blind) showed [Ts Th] and won (18032) with three of a kind, Tens
Seat 5: Neo812 (big blind) showed [3s 3h] and lost with three of a kind, Threes
Seat 6: ccyrenne folded before Flop (didn't bet)
Seat 7: Gabrielfs13 folded before Flop (didn't bet)



PokerStars Hand #257172519167: Tournament #3912518862, $4.80+$5.00+$1.20 USD Hold'em No Limit - Level III (70/140) - 2025/08/01 14:43:06 BRT [2025/08/01 13:43:06 ET]
Table '3912518862 1' 7-max Seat #4 is the button
Seat 1: KK333HR (9998 in chips, $5 bounty) 
Seat 2: RasmusKarma (12014 in chips, $5 bounty) 
Seat 3: 57GERRARD57 (8348 in chips, $5 bounty) 
Seat 4: thxfomoney (18032 in chips, $5 bounty) 
Seat 5: Neo812 (1019 in chips, $5 bounty) 
Seat 6: ccyrenne (19158 in chips, $7.50 bounty) 
Seat 7: Gabrielfs13 (11033 in chips, $5 bounty) 
KK333HR: posts the ante 16
RasmusKarma: posts the ante 16
57GERRARD57: posts the ante 16
thxfomoney: posts the ante 16
Neo812: posts the ante 16
ccyrenne: posts the ante 16
Gabrielfs13: posts the ante 16
Neo812: posts small blind 70
ccyrenne: posts big blind 140
*** HOLE CARDS ***
Dealt to Gabrielfs13 [4h 2d]
Gabrielfs13: folds 
KK333HR: folds 
RasmusKarma: folds 
57GERRARD57: folds 
thxfomoney: raises 156 to 296
Neo812: folds 
ccyrenne: calls 156
*** FLOP *** [Tc 8d Kd]
ccyrenne: checks 
thxfomoney: bets 420
ccyrenne: folds 
Uncalled bet (420) returned to thxfomoney
thxfomoney collected 774 from pot
thxfomoney: doesn't show hand 
*** SUMMARY ***
Total pot 774 | Rake 0 
Board [Tc 8d Kd]
Seat 1: KK333HR folded before Flop (didn't bet)
Seat 2: RasmusKarma folded before Flop (didn't bet)
Seat 3: 57GERRARD57 folded before Flop (didn't bet)
Seat 4: thxfomoney (button) collected (774)
Seat 5: Neo812 (small blind) folded before Flop
Seat 6: ccyrenne (big blind) folded on the Flop
Seat 7: Gabrielfs13 folded before Flop (didn't bet)



PokerStars Hand #257172528619: Tournament #3912518862, $4.80+$5.00+$1.20 USD Hold'em No Limit - Level III (70/140) - 2025/08/01 14:43:52 BRT [2025/08/01 13:43:52 ET]
Table '3912518862 1' 7-max Seat #5 is the button
Seat 1: KK333HR (9982 in chips, $5 bounty) 
Seat 2: RasmusKarma (11998 in chips, $5 bounty) 
Seat 3: 57GERRARD57 (8332 in chips, $5 bounty) 
Seat 4: thxfomoney (18494 in chips, $5 bounty) 
Seat 5: Neo812 (933 in chips, $5 bounty) 
Seat 6: ccyrenne (18846 in chips, $7.50 bounty) 
Seat 7: Gabrielfs13 (11017 in chips, $5 bounty) 
KK333HR: posts the ante 16
RasmusKarma: posts the ante 16
57GERRARD57: posts the ante 16
thxfomoney: posts the ante 16
Neo812: posts the ante 16
ccyrenne: posts the ante 16
Gabrielfs13: posts the ante 16
ccyrenne: posts small blind 70
Gabrielfs13: posts big blind 140
*** HOLE CARDS ***
Dealt to Gabrielfs13 [Ts Kd]
KK333HR: folds 
RasmusKarma: folds 
57GERRARD57: folds 
thxfomoney: folds 
Neo812: folds 
ccyrenne: calls 70
Gabrielfs13: checks 
*** FLOP *** [4c 6c Jd]
ccyrenne: checks 
Gabrielfs13: bets 210
ccyrenne: calls 210
*** TURN *** [4c 6c Jd] [5h]
ccyrenne: checks 
Gabrielfs13: bets 406
ccyrenne: calls 406
*** RIVER *** [4c 6c Jd 5h] [7h]
ccyrenne: checks 
Gabrielfs13: checks 
*** SHOW DOWN ***
ccyrenne: shows [Ah 6s] (a pair of Sixes)
Gabrielfs13: mucks hand 
ccyrenne collected 1624 from pot
*** SUMMARY ***
Total pot 1624 | Rake 0 
Board [4c 6c Jd 5h 7h]
Seat 1: KK333HR folded before Flop (didn't bet)
Seat 2: RasmusKarma folded before Flop (didn't bet)
Seat 3: 57GERRARD57 folded before Flop (didn't bet)
Seat 4: thxfomoney folded before Flop (didn't bet)
Seat 5: Neo812 (button) folded before Flop (didn't bet)
Seat 6: ccyrenne (small blind) showed [Ah 6s] and won (1624) with a pair of Sixes
Seat 7: Gabrielfs13 (big blind) mucked [Ts Kd]



PokerStars Hand #257172541841: Tournament #3912518862, $4.80+$5.00+$1.20 USD Hold'em No Limit - Level III (70/140) - 2025/08/01 14:44:58 BRT [2025/08/01 13:44:58 ET]
Table '3912518862 1' 7-max Seat #6 is the button
Seat 1: KK333HR (9966 in chips, $5 bounty) 
Seat 2: RasmusKarma (11982 in chips, $5 bounty) 
Seat 3: 57GERRARD57 (8316 in chips, $5 bounty) 
Seat 4: thxfomoney (18478 in chips, $5 bounty) 
Seat 5: Neo812 (917 in chips, $5 bounty) 
Seat 6: ccyrenne (19698 in chips, $7.50 bounty) 
Seat 7: Gabrielfs13 (10245 in chips, $5 bounty) 
KK333HR: posts the ante 16
RasmusKarma: posts the ante 16
57GERRARD57: posts the ante 16
thxfomoney: posts the ante 16
Neo812: posts the ante 16
ccyrenne: posts the ante 16
Gabrielfs13: posts the ante 16
Gabrielfs13: posts small blind 70
KK333HR: posts big blind 140
*** HOLE CARDS ***
Dealt to Gabrielfs13 [7d 6d]
RasmusKarma: folds 
57GERRARD57: folds 
thxfomoney: raises 156 to 296
Neo812: raises 605 to 901 and is all-in
ccyrenne: folds 
Gabrielfs13: folds 
KK333HR: folds 
thxfomoney: calls 605
*** FLOP *** [Ac 9d Qs]
*** TURN *** [Ac 9d Qs] [8h]
*** RIVER *** [Ac 9d Qs 8h] [2s]
*** SHOW DOWN ***
thxfomoney: shows [Th Js] (a straight, Eight to Queen)
Neo812: shows [Jc Qc] (a pair of Queens)
thxfomoney collected 2124 from pot
thxfomoney wins $2.50 for eliminating Neo812 and their own bounty increases by $2.50 to $7.50
Neo812 finished the tournament
*** SUMMARY ***
Total pot 2124 | Rake 0 
Board [Ac 9d Qs 8h 2s]
Seat 1: KK333HR (big blind) folded before Flop
Seat 2: RasmusKarma folded before Flop (didn't bet)
Seat 3: 57GERRARD57 folded before Flop (didn't bet)
Seat 4: thxfomoney showed [Th Js] and won (2124) with a straight, Eight to Queen
Seat 5: Neo812 showed [Jc Qc] and lost with a pair of Queens
Seat 6: ccyrenne (button) folded before Flop (didn't bet)
Seat 7: Gabrielfs13 (small blind) folded before Flop



PokerStars Hand #257172552039: Tournament #3912518862, $4.80+$5.00+$1.20 USD Hold'em No Limit - Level III (70/140) - 2025/08/01 14:45:48 BRT [2025/08/01 13:45:48 ET]
Table '3912518862 1' 7-max Seat #7 is the button
Seat 1: KK333HR (9810 in chips, $5 bounty) 
Seat 2: RasmusKarma (11966 in chips, $5 bounty) 
Seat 3: 57GERRARD57 (8300 in chips, $5 bounty) 
Seat 4: thxfomoney (19685 in chips, $7.50 bounty) 
Seat 6: ccyrenne (19682 in chips, $7.50 bounty) 
Seat 7: Gabrielfs13 (10159 in chips, $5 bounty) 
KK333HR: posts the ante 16
RasmusKarma: posts the ante 16
57GERRARD57: posts the ante 16
thxfomoney: posts the ante 16
ccyrenne: posts the ante 16
Gabrielfs13: posts the ante 16
KK333HR: posts small blind 70
RasmusKarma: posts big blind 140
*** HOLE CARDS ***
Dealt to Gabrielfs13 [2d 5c]
JulianoPK10 is disconnected 
57GERRARD57: folds 
thxfomoney: folds 
ccyrenne: folds 
Gabrielfs13: folds 
KK333HR: calls 70
RasmusKarma: checks 
*** FLOP *** [Qc Ks Jh]
KK333HR: bets 140
RasmusKarma: folds 
Uncalled bet (140) returned to KK333HR
KK333HR collected 376 from pot
*** SUMMARY ***
Total pot 376 | Rake 0 
Board [Qc Ks Jh]
Seat 1: KK333HR (small blind) collected (376)
Seat 2: RasmusKarma (big blind) folded on the Flop
Seat 3: 57GERRARD57 folded before Flop (didn't bet)
Seat 4: thxfomoney folded before Flop (didn't bet)
Seat 6: ccyrenne folded before Flop (didn't bet)
Seat 7: Gabrielfs13 (button) folded before Flop (didn't bet)



PokerStars Hand #257172558875: Tournament #3912518862, $4.80+$5.00+$1.20 USD Hold'em No Limit - Level III (70/140) - 2025/08/01 14:46:21 BRT [2025/08/01 13:46:21 ET]
Table '3912518862 1' 7-max Seat #1 is the button
Seat 1: KK333HR (10030 in chips, $5 bounty) 
Seat 2: RasmusKarma (11810 in chips, $5 bounty) 
Seat 3: 57GERRARD57 (8284 in chips, $5 bounty) 
Seat 4: thxfomoney (19669 in chips, $7.50 bounty) 
Seat 5: JulianoPK10 (10000 in chips, $5 bounty) 
Seat 6: ccyrenne (19666 in chips, $7.50 bounty) 
Seat 7: Gabrielfs13 (10143 in chips, $5 bounty) 
KK333HR: posts the ante 16
RasmusKarma: posts the ante 16
57GERRARD57: posts the ante 16
thxfomoney: posts the ante 16
JulianoPK10: posts the ante 16
ccyrenne: posts the ante 16
Gabrielfs13: posts the ante 16
RasmusKarma: posts small blind 70
57GERRARD57: posts big blind 140
*** HOLE CARDS ***
Dealt to Gabrielfs13 [6c Jh]
thxfomoney: raises 140 to 280
JulianoPK10: folds 
ccyrenne: folds 
Gabrielfs13: folds 
KK333HR: folds 
RasmusKarma: folds 
57GERRARD57: folds 
Uncalled bet (140) returned to thxfomoney
thxfomoney collected 462 from pot
thxfomoney: doesn't show hand 
*** SUMMARY ***
Total pot 462 | Rake 0 
Seat 1: KK333HR (button) folded before Flop (didn't bet)
Seat 2: RasmusKarma (small blind) folded before Flop
Seat 3: 57GERRARD57 (big blind) folded before Flop
Seat 4: thxfomoney collected (462)
Seat 5: JulianoPK10 folded before Flop (didn't bet)
Seat 6: ccyrenne folded before Flop (didn't bet)
Seat 7: Gabrielfs13 folded before Flop (didn't bet)



PokerStars Hand #257172567684: Tournament #3912518862, $4.80+$5.00+$1.20 USD Hold'em No Limit - Level III (70/140) - 2025/08/01 14:47:06 BRT [2025/08/01 13:47:06 ET]
Table '3912518862 1' 7-max Seat #2 is the button
Seat 1: KK333HR (10014 in chips, $5 bounty) 
Seat 2: RasmusKarma (11724 in chips, $5 bounty) 
Seat 3: 57GERRARD57 (8128 in chips, $5 bounty) 
Seat 4: thxfomoney (19975 in chips, $7.50 bounty) 
Seat 6: ccyrenne (19650 in chips, $7.50 bounty) 
Seat 7: Gabrielfs13 (10127 in chips, $5 bounty) 
KK333HR: posts the ante 16
RasmusKarma: posts the ante 16
57GERRARD57: posts the ante 16
thxfomoney: posts the ante 16
ccyrenne: posts the ante 16
Gabrielfs13: posts the ante 16
57GERRARD57: posts small blind 70
thxfomoney: posts big blind 140
*** HOLE CARDS ***
Dealt to Gabrielfs13 [Kh Kd]
ccyrenne: folds 
PMoulin is disconnected 
Gabrielfs13: raises 140 to 280
KK333HR: folds 
RasmusKarma: folds 
57GERRARD57: calls 210
thxfomoney: calls 140
*** FLOP *** [Th 8s 8d]
57GERRARD57: bets 560
thxfomoney: folds 
Gabrielfs13: raises 1357 to 1917
57GERRARD57: calls 1357
*** TURN *** [Th 8s 8d] [Qc]
57GERRARD57: checks 
Gabrielfs13: bets 3148
57GERRARD57: raises 2767 to 5915 and is all-in
Gabrielfs13: calls 2767
*** RIVER *** [Th 8s 8d Qc] [8c]
*** SHOW DOWN ***
57GERRARD57: shows [Tc Ac] (a full house, Eights full of Tens)
Gabrielfs13: shows [Kh Kd] (a full house, Eights full of Kings)
Gabrielfs13 collected 16600 from pot
Gabrielfs13 wins $2.50 for eliminating 57GERRARD57 and their own bounty increases by $2.50 to $7.50
57GERRARD57 finished the tournament
Joinci119 is disconnected 
*** SUMMARY ***
Total pot 16600 | Rake 0 
Board [Th 8s 8d Qc 8c]
Seat 1: KK333HR folded before Flop (didn't bet)
Seat 2: RasmusKarma (button) folded before Flop (didn't bet)
Seat 3: 57GERRARD57 (small blind) showed [Tc Ac] and lost with a full house, Eights full of Tens
Seat 4: thxfomoney (big blind) folded on the Flop
Seat 6: ccyrenne folded before Flop (didn't bet)
Seat 7: Gabrielfs13 showed [Kh Kd] and won (16600) with a full house, Eights full of Kings



PokerStars Hand #257172591524: Tournament #3912518862, $4.80+$5.00+$1.20 USD Hold'em No Limit - Level IV (80/160) - 2025/08/01 14:49:04 BRT [2025/08/01 13:49:04 ET]
Table '3912518862 1' 7-max Seat #4 is the button
Seat 1: KK333HR (9998 in chips, $5 bounty) 
Seat 2: RasmusKarma (11708 in chips, $5 bounty) 
Seat 4: thxfomoney (19679 in chips, $7.50 bounty) 
Seat 5: PMoulin (10000 in chips) out of hand (moved from another table into small blind)
Seat 6: Joinci119 (11712 in chips) out of hand (moved from another table into small blind)
Seat 7: Gabrielfs13 (18599 in chips, $7.50 bounty) 
PMoulin will be allowed to play after the button
Joinci119 will be allowed to play after the button
KK333HR: posts the ante 20
RasmusKarma: posts the ante 20
thxfomoney: posts the ante 20
Gabrielfs13: posts the ante 20
Gabrielfs13: posts small blind 80
KK333HR: posts big blind 160
*** HOLE CARDS ***
Dealt to Gabrielfs13 [9c 5d]
RasmusKarma: raises 160 to 320
thxfomoney: folds 
Gabrielfs13: folds 
KK333HR: calls 160
*** FLOP *** [Th Tc Qd]
vidal06 is disconnected 
KK333HR: checks 
RasmusKarma: bets 400
KK333HR: folds 
Uncalled bet (400) returned to RasmusKarma
RasmusKarma collected 800 from pot
*** SUMMARY ***
Total pot 800 | Rake 0 
Board [Th Tc Qd]
Seat 1: KK333HR (big blind) folded on the Flop
Seat 2: RasmusKarma collected (800)
Seat 4: thxfomoney (button) folded before Flop (didn't bet)
Seat 7: Gabrielfs13 (small blind) folded before Flop



PokerStars Hand #257172598431: Tournament #3912518862, $4.80+$5.00+$1.20 USD Hold'em No Limit - Level IV (80/160) - 2025/08/01 14:49:39 BRT [2025/08/01 13:49:39 ET]
Table '3912518862 1' 7-max Seat #7 is the button
Seat 1: KK333HR (9658 in chips, $5 bounty) 
Seat 2: RasmusKarma (12168 in chips, $5 bounty) 
Seat 3: vidal06 (10000 in chips, $5 bounty) 
Seat 4: thxfomoney (19659 in chips, $7.50 bounty) 
Seat 5: PMoulin (10000 in chips, $5 bounty) 
Seat 6: Joinci119 (11712 in chips, $5 bounty) 
Seat 7: Gabrielfs13 (18499 in chips, $7.50 bounty) 
KK333HR: posts the ante 20
RasmusKarma: posts the ante 20
vidal06: posts the ante 20
thxfomoney: posts the ante 20
PMoulin: posts the ante 20
Joinci119: posts the ante 20
Gabrielfs13: posts the ante 20
KK333HR: posts small blind 80
RasmusKarma: posts big blind 160
*** HOLE CARDS ***
Dealt to Gabrielfs13 [2h Th]
vidal06: folds 
thxfomoney: folds 
PMoulin: raises 160 to 320
Joinci119: folds 
Gabrielfs13: folds 
KK333HR: calls 240
RasmusKarma: calls 160
*** FLOP *** [Jc Ah Tc]
KK333HR: bets 320
RasmusKarma: calls 320
PMoulin: raises 1440 to 1760
KK333HR: folds 
RasmusKarma: folds 
Uncalled bet (1440) returned to PMoulin
PMoulin collected 2060 from pot
PMoulin: doesn't show hand 
*** SUMMARY ***
Total pot 2060 | Rake 0 
Board [Jc Ah Tc]
Seat 1: KK333HR (small blind) folded on the Flop
Seat 2: RasmusKarma (big blind) folded on the Flop
Seat 3: vidal06 folded before Flop (didn't bet)
Seat 4: thxfomoney folded before Flop (didn't bet)
Seat 5: PMoulin collected (2060)
Seat 6: Joinci119 folded before Flop (didn't bet)
Seat 7: Gabrielfs13 (button) folded before Flop (didn't bet)



PokerStars Hand #257172609401: Tournament #3912518862, $4.80+$5.00+$1.20 USD Hold'em No Limit - Level IV (80/160) - 2025/08/01 14:50:34 BRT [2025/08/01 13:50:34 ET]
Table '3912518862 1' 7-max Seat #1 is the button
Seat 1: KK333HR (8998 in chips, $5 bounty) 
Seat 2: RasmusKarma (11508 in chips, $5 bounty) 
Seat 3: vidal06 (9980 in chips, $5 bounty) 
Seat 4: thxfomoney (19639 in chips, $7.50 bounty) 
Seat 5: PMoulin (11400 in chips, $5 bounty) 
Seat 6: Joinci119 (11692 in chips, $5 bounty) 
Seat 7: Gabrielfs13 (18479 in chips, $7.50 bounty) 
KK333HR: posts the ante 20
RasmusKarma: posts the ante 20
vidal06: posts the ante 20
thxfomoney: posts the ante 20
PMoulin: posts the ante 20
Joinci119: posts the ante 20
Gabrielfs13: posts the ante 20
RasmusKarma: posts small blind 80
vidal06: posts big blind 160
*** HOLE CARDS ***
Dealt to Gabrielfs13 [Th Qs]
thxfomoney: folds 
PMoulin: folds 
Joinci119: raises 176 to 336
Gabrielfs13: folds 
KK333HR: calls 336
RasmusKarma: folds 
vidal06: calls 176
*** FLOP *** [Qd 2s Ad]
vidal06: checks 
Joinci119: bets 307
KK333HR: calls 307
vidal06: calls 307
*** TURN *** [Qd 2s Ad] [Tc]
vidal06: checks 
Joinci119: checks 
KK333HR: bets 160
vidal06: calls 160
Joinci119: calls 160
*** RIVER *** [Qd 2s Ad Tc] [9s]
vidal06: checks 
Joinci119: bets 1052
KK333HR: folds 
vidal06: calls 1052
*** SHOW DOWN ***
Joinci119: shows [9c Ac] (two pair, Aces and Nines)
vidal06: mucks hand 
Joinci119 collected 4733 from pot
*** SUMMARY ***
Total pot 4733 | Rake 0 
Board [Qd 2s Ad Tc 9s]
Seat 1: KK333HR (button) folded on the River
Seat 2: RasmusKarma (small blind) folded before Flop
Seat 3: vidal06 (big blind) mucked [Ah 3h]
Seat 4: thxfomoney folded before Flop (didn't bet)
Seat 5: PMoulin folded before Flop (didn't bet)
Seat 6: Joinci119 showed [9c Ac] and won (4733) with two pair, Aces and Nines
Seat 7: Gabrielfs13 folded before Flop (didn't bet)



PokerStars Hand #257172647290: Tournament #3912518862, $4.80+$5.00+$1.20 USD Hold'em No Limit - Level IV (80/160) - 2025/08/01 14:53:44 BRT [2025/08/01 13:53:44 ET]
Table '3912518862 1' 7-max Seat #2 is the button
Seat 1: KK333HR (8175 in chips, $5 bounty) 
Seat 2: RasmusKarma (11408 in chips, $5 bounty) 
Seat 3: vidal06 (8105 in chips, $5 bounty) 
Seat 4: thxfomoney (19619 in chips, $7.50 bounty) 
Seat 5: PMoulin (11380 in chips, $5 bounty) 
Seat 6: Joinci119 (14550 in chips, $5 bounty) 
Seat 7: Gabrielfs13 (18459 in chips, $7.50 bounty) 
KK333HR: posts the ante 20
RasmusKarma: posts the ante 20
vidal06: posts the ante 20
thxfomoney: posts the ante 20
PMoulin: posts the ante 20
Joinci119: posts the ante 20
Gabrielfs13: posts the ante 20
vidal06: posts small blind 80
thxfomoney: posts big blind 160
*** HOLE CARDS ***
Dealt to Gabrielfs13 [5h 7c]
PMoulin: raises 160 to 320
Joinci119: raises 640 to 960
Gabrielfs13: folds 
KK333HR: folds 
RasmusKarma: folds 
vidal06: folds 
thxfomoney: folds 
PMoulin: raises 1520 to 2480
Joinci119: folds 
Uncalled bet (1520) returned to PMoulin
PMoulin collected 2300 from pot
PMoulin: doesn't show hand 
*** SUMMARY ***
Total pot 2300 | Rake 0 
Seat 1: KK333HR folded before Flop (didn't bet)
Seat 2: RasmusKarma (button) folded before Flop (didn't bet)
Seat 3: vidal06 (small blind) folded before Flop
Seat 4: thxfomoney (big blind) folded before Flop
Seat 5: PMoulin collected (2300)
Seat 6: Joinci119 folded before Flop
Seat 7: Gabrielfs13 folded before Flop (didn't bet)



PokerStars Hand #257172655476: Tournament #3912518862, $4.80+$5.00+$1.20 USD Hold'em No Limit - Level V (100/200) - 2025/08/01 14:54:25 BRT [2025/08/01 13:54:25 ET]
Table '3912518862 1' 7-max Seat #3 is the button
Seat 1: KK333HR (8155 in chips, $5 bounty) 
Seat 2: RasmusKarma (11388 in chips, $5 bounty) 
Seat 3: vidal06 (8005 in chips, $5 bounty) 
Seat 4: thxfomoney (19439 in chips, $7.50 bounty) 
Seat 5: PMoulin (12700 in chips, $5 bounty) 
Seat 6: Joinci119 (13570 in chips, $5 bounty) 
Seat 7: Gabrielfs13 (18439 in chips, $7.50 bounty) 
KK333HR: posts the ante 25
RasmusKarma: posts the ante 25
vidal06: posts the ante 25
thxfomoney: posts the ante 25
PMoulin: posts the ante 25
Joinci119: posts the ante 25
Gabrielfs13: posts the ante 25
thxfomoney: posts small blind 100
PMoulin: posts big blind 200
*** HOLE CARDS ***
Dealt to Gabrielfs13 [Ac 3c]
Joinci119: folds 
Gabrielfs13: raises 200 to 400
KK333HR: calls 400
RasmusKarma: folds 
vidal06: folds 
thxfomoney: folds 
PMoulin: folds 
*** FLOP *** [5h Qh Ad]
Gabrielfs13: bets 638
KK333HR: calls 638
*** TURN *** [5h Qh Ad] [8s]
RasmusKarma is disconnected 
Gabrielfs13: bets 1276
RasmusKarma is disconnected 
KK333HR: folds 
Uncalled bet (1276) returned to Gabrielfs13
Gabrielfs13 collected 2551 from pot
Gabrielfs13: doesn't show hand 
*** SUMMARY ***
Total pot 2551 | Rake 0 
Board [5h Qh Ad 8s]
Seat 1: KK333HR folded on the Turn
Seat 2: RasmusKarma folded before Flop (didn't bet)
Seat 3: vidal06 (button) folded before Flop (didn't bet)
Seat 4: thxfomoney (small blind) folded before Flop
Seat 5: PMoulin (big blind) folded before Flop
Seat 6: Joinci119 folded before Flop (didn't bet)
Seat 7: Gabrielfs13 collected (2551)



PokerStars Hand #257172733730: Tournament #3912518862, $4.80+$5.00+$1.20 USD Hold'em No Limit - Level V (100/200) - 2025/08/01 15:02:26 BRT [2025/08/01 14:02:26 ET]
Table '3912518862 1' 7-max Seat #4 is the button
Seat 1: KK333HR (7092 in chips, $5 bounty) 
Seat 2: RasmusKarma (11363 in chips, $5 bounty) 
Seat 3: vidal06 (7980 in chips, $5 bounty) 
Seat 4: thxfomoney (19314 in chips, $7.50 bounty) 
Seat 5: PMoulin (12475 in chips, $5 bounty) 
Seat 6: dj mana 81 (10000 in chips, $5 bounty) 
Seat 7: Gabrielfs13 (19927 in chips, $7.50 bounty) 
KK333HR: posts the ante 25
RasmusKarma: posts the ante 25
vidal06: posts the ante 25
thxfomoney: posts the ante 25
PMoulin: posts the ante 25
dj mana 81: posts the ante 25
Gabrielfs13: posts the ante 25
PMoulin: posts small blind 100
dj mana 81: posts big blind 200
*** HOLE CARDS ***
Dealt to Gabrielfs13 [Js Ad]
Gabrielfs13: raises 200 to 400
KK333HR: folds 
RasmusKarma: folds 
vidal06: raises 800 to 1200
thxfomoney: folds 
PMoulin: folds 
dj mana 81: folds 
Gabrielfs13: folds 
Uncalled bet (800) returned to vidal06
vidal06 collected 1275 from pot
vidal06: doesn't show hand 
*** SUMMARY ***
Total pot 1275 | Rake 0 
Seat 1: KK333HR folded before Flop (didn't bet)
Seat 2: RasmusKarma folded before Flop (didn't bet)
Seat 3: vidal06 collected (1275)
Seat 4: thxfomoney (button) folded before Flop (didn't bet)
Seat 5: PMoulin (small blind) folded before Flop
Seat 6: dj mana 81 (big blind) folded before Flop
Seat 7: Gabrielfs13 folded before Flop



PokerStars Hand #257172741584: Tournament #3912518862, $4.80+$5.00+$1.20 USD Hold'em No Limit - Level V (100/200) - 2025/08/01 15:03:03 BRT [2025/08/01 14:03:03 ET]
Table '3912518862 1' 7-max Seat #5 is the button
Seat 1: KK333HR (7067 in chips, $5 bounty) 
Seat 2: RasmusKarma (11338 in chips, $5 bounty) 
Seat 3: vidal06 (8830 in chips, $5 bounty) 
Seat 4: thxfomoney (19289 in chips, $7.50 bounty) 
Seat 5: PMoulin (12350 in chips, $5 bounty) 
Seat 6: dj mana 81 (9775 in chips, $5 bounty) 
Seat 7: Gabrielfs13 (19502 in chips, $7.50 bounty) 
KK333HR: posts the ante 25
RasmusKarma: posts the ante 25
vidal06: posts the ante 25
thxfomoney: posts the ante 25
PMoulin: posts the ante 25
dj mana 81: posts the ante 25
Gabrielfs13: posts the ante 25
dj mana 81: posts small blind 100
Gabrielfs13: posts big blind 200
*** HOLE CARDS ***
Dealt to Gabrielfs13 [Ad 5h]
KK333HR: folds 
RasmusKarma: folds 
vidal06: folds 
thxfomoney: folds 
PMoulin: folds 
dj mana 81: raises 200 to 400
Gabrielfs13: calls 200
*** FLOP *** [7h Jh Kc]
dj mana 81: checks 
Gabrielfs13: bets 300
dj mana 81: calls 300
*** TURN *** [7h Jh Kc] [Ah]
dj mana 81: checks 
Gabrielfs13: bets 788
dj mana 81: calls 788
*** RIVER *** [7h Jh Kc Ah] [4h]
dj mana 81: checks 
Gabrielfs13: bets 1576
dj mana 81: raises 6686 to 8262 and is all-in
Gabrielfs13: calls 6686
*** SHOW DOWN ***
dj mana 81: shows [8h Jd] (a flush, Ace high)
Gabrielfs13: shows [Ad 5h] (a flush, Ace high - lower cards)
dj mana 81 collected 19675 from pot
*** SUMMARY ***
Total pot 19675 | Rake 0 
Board [7h Jh Kc Ah 4h]
Seat 1: KK333HR folded before Flop (didn't bet)
Seat 2: RasmusKarma folded before Flop (didn't bet)
Seat 3: vidal06 folded before Flop (didn't bet)
Seat 4: thxfomoney folded before Flop (didn't bet)
Seat 5: PMoulin (button) folded before Flop (didn't bet)
Seat 6: dj mana 81 (small blind) showed [8h Jd] and won (19675) with a flush, Ace high
Seat 7: Gabrielfs13 (big blind) showed [Ad 5h] and lost with a flush, Ace high



PokerStars Hand #257172754055: Tournament #3912518862, $4.80+$5.00+$1.20 USD Hold'em No Limit - Level V (100/200) - 2025/08/01 15:04:03 BRT [2025/08/01 14:04:03 ET]
Table '3912518862 1' 7-max Seat #6 is the button
Seat 1: KK333HR (7042 in chips, $5 bounty) 
Seat 2: RasmusKarma (11313 in chips, $5 bounty) 
Seat 3: vidal06 (8805 in chips, $5 bounty) 
Seat 4: thxfomoney (19264 in chips, $7.50 bounty) 
Seat 5: PMoulin (12325 in chips, $5 bounty) 
Seat 6: dj mana 81 (19675 in chips, $5 bounty) 
Seat 7: Gabrielfs13 (9727 in chips, $7.50 bounty) 
KK333HR: posts the ante 25
RasmusKarma: posts the ante 25
vidal06: posts the ante 25
thxfomoney: posts the ante 25
PMoulin: posts the ante 25
dj mana 81: posts the ante 25
Gabrielfs13: posts the ante 25
Gabrielfs13: posts small blind 100
KK333HR: posts big blind 200
*** HOLE CARDS ***
Dealt to Gabrielfs13 [8d 6h]
RasmusKarma: calls 200
vidal06: folds 
thxfomoney: folds 
PMoulin: folds 
dj mana 81: folds 
Gabrielfs13: folds 
KK333HR: checks 
*** FLOP *** [Qh 2c 6c]
KK333HR: checks 
RasmusKarma: bets 200
KK333HR: folds 
Uncalled bet (200) returned to RasmusKarma
RasmusKarma collected 675 from pot
*** SUMMARY ***
Total pot 675 | Rake 0 
Board [Qh 2c 6c]
Seat 1: KK333HR (big blind) folded on the Flop
Seat 2: RasmusKarma collected (675)
Seat 3: vidal06 folded before Flop (didn't bet)
Seat 4: thxfomoney folded before Flop (didn't bet)
Seat 5: PMoulin folded before Flop (didn't bet)
Seat 6: dj mana 81 (button) folded before Flop (didn't bet)
Seat 7: Gabrielfs13 (small blind) folded before Flop



PokerStars Hand #257172762933: Tournament #3912518862, $4.80+$5.00+$1.20 USD Hold'em No Limit - Level V (100/200) - 2025/08/01 15:04:45 BRT [2025/08/01 14:04:45 ET]
Table '3912518862 1' 7-max Seat #7 is the button
Seat 1: KK333HR (6817 in chips, $5 bounty) 
Seat 2: RasmusKarma (11763 in chips, $5 bounty) 
Seat 3: vidal06 (8780 in chips, $5 bounty) 
Seat 4: thxfomoney (19239 in chips, $7.50 bounty) 
Seat 5: PMoulin (12300 in chips, $5 bounty) 
Seat 6: dj mana 81 (19650 in chips, $5 bounty) 
Seat 7: Gabrielfs13 (9602 in chips, $7.50 bounty) 
KK333HR: posts the ante 25
RasmusKarma: posts the ante 25
vidal06: posts the ante 25
thxfomoney: posts the ante 25
PMoulin: posts the ante 25
dj mana 81: posts the ante 25
Gabrielfs13: posts the ante 25
KK333HR: posts small blind 100
RasmusKarma: posts big blind 200
*** HOLE CARDS ***
Dealt to Gabrielfs13 [4h 6h]
vidal06: folds 
thxfomoney: raises 224 to 424
PMoulin: folds 
dj mana 81: folds 
Gabrielfs13: folds 
KK333HR: folds 
RasmusKarma: folds 
Uncalled bet (224) returned to thxfomoney
thxfomoney collected 675 from pot
thxfomoney: doesn't show hand 
*** SUMMARY ***
Total pot 675 | Rake 0 
Seat 1: KK333HR (small blind) folded before Flop
Seat 2: RasmusKarma (big blind) folded before Flop
Seat 3: vidal06 folded before Flop (didn't bet)
Seat 4: thxfomoney collected (675)
Seat 5: PMoulin folded before Flop (didn't bet)
Seat 6: dj mana 81 folded before Flop (didn't bet)
Seat 7: Gabrielfs13 (button) folded before Flop (didn't bet)



PokerStars Hand #257172770002: Tournament #3912518862, $4.80+$5.00+$1.20 USD Hold'em No Limit - Level V (100/200) - 2025/08/01 15:05:18 BRT [2025/08/01 14:05:18 ET]
Table '3912518862 1' 7-max Seat #1 is the button
Seat 1: KK333HR (6692 in chips, $5 bounty) 
Seat 2: RasmusKarma (11538 in chips, $5 bounty) 
Seat 3: vidal06 (8755 in chips, $5 bounty) 
Seat 4: thxfomoney (19689 in chips, $7.50 bounty) 
Seat 5: PMoulin (12275 in chips, $5 bounty) 
Seat 6: dj mana 81 (19625 in chips, $5 bounty) 
Seat 7: Gabrielfs13 (9577 in chips, $7.50 bounty) 
KK333HR: posts the ante 25
RasmusKarma: posts the ante 25
vidal06: posts the ante 25
thxfomoney: posts the ante 25
PMoulin: posts the ante 25
dj mana 81: posts the ante 25
Gabrielfs13: posts the ante 25
RasmusKarma: posts small blind 100
vidal06: posts big blind 200
*** HOLE CARDS ***
Dealt to Gabrielfs13 [9s Kh]
thxfomoney: folds 
PMoulin: folds 
dj mana 81: folds 
Gabrielfs13: folds 
KK333HR: raises 200 to 400
RasmusKarma: folds 
vidal06: folds 
Uncalled bet (200) returned to KK333HR
KK333HR collected 675 from pot
*** SUMMARY ***
Total pot 675 | Rake 0 
Seat 1: KK333HR (button) collected (675)
Seat 2: RasmusKarma (small blind) folded before Flop
Seat 3: vidal06 (big blind) folded before Flop
Seat 4: thxfomoney folded before Flop (didn't bet)
Seat 5: PMoulin folded before Flop (didn't bet)
Seat 6: dj mana 81 folded before Flop (didn't bet)
Seat 7: Gabrielfs13 folded before Flop (didn't bet)



PokerStars Hand #257172777850: Tournament #3912518862, $4.80+$5.00+$1.20 USD Hold'em No Limit - Level V (100/200) - 2025/08/01 15:05:55 BRT [2025/08/01 14:05:55 ET]
Table '3912518862 1' 7-max Seat #2 is the button
Seat 1: KK333HR (7142 in chips, $5 bounty) 
Seat 2: RasmusKarma (11413 in chips, $5 bounty) 
Seat 3: vidal06 (8530 in chips, $5 bounty) 
Seat 4: thxfomoney (19664 in chips, $7.50 bounty) 
Seat 5: PMoulin (12250 in chips, $5 bounty) 
Seat 6: dj mana 81 (19600 in chips, $5 bounty) 
Seat 7: Gabrielfs13 (9552 in chips, $7.50 bounty) 
KK333HR: posts the ante 25
RasmusKarma: posts the ante 25
vidal06: posts the ante 25
thxfomoney: posts the ante 25
PMoulin: posts the ante 25
dj mana 81: posts the ante 25
Gabrielfs13: posts the ante 25
vidal06: posts small blind 100
thxfomoney: posts big blind 200
*** HOLE CARDS ***
Dealt to Gabrielfs13 [6s 3s]
PMoulin: folds 
dj mana 81: folds 
Gabrielfs13: folds 
KK333HR: folds 
RasmusKarma: folds 
vidal06: raises 500 to 700
thxfomoney: folds 
Uncalled bet (500) returned to vidal06
vidal06 collected 575 from pot
vidal06: doesn't show hand 
*** SUMMARY ***
Total pot 575 | Rake 0 
Seat 1: KK333HR folded before Flop (didn't bet)
Seat 2: RasmusKarma (button) folded before Flop (didn't bet)
Seat 3: vidal06 (small blind) collected (575)
Seat 4: thxfomoney (big blind) folded before Flop
Seat 5: PMoulin folded before Flop (didn't bet)
Seat 6: dj mana 81 folded before Flop (didn't bet)
Seat 7: Gabrielfs13 folded before Flop (didn't bet)



PokerStars Hand #257172784291: Tournament #3912518862, $4.80+$5.00+$1.20 USD Hold'em No Limit - Level V (100/200) - 2025/08/01 15:06:26 BRT [2025/08/01 14:06:26 ET]
Table '3912518862 1' 7-max Seat #3 is the button
Seat 1: KK333HR (7117 in chips, $5 bounty) 
Seat 2: RasmusKarma (11388 in chips, $5 bounty) 
Seat 3: vidal06 (8880 in chips, $5 bounty) 
Seat 4: thxfomoney (19439 in chips, $7.50 bounty) 
Seat 5: PMoulin (12225 in chips, $5 bounty) 
Seat 6: dj mana 81 (19575 in chips, $5 bounty) 
Seat 7: Gabrielfs13 (9527 in chips, $7.50 bounty) 
KK333HR: posts the ante 25
RasmusKarma: posts the ante 25
vidal06: posts the ante 25
thxfomoney: posts the ante 25
PMoulin: posts the ante 25
dj mana 81: posts the ante 25
Gabrielfs13: posts the ante 25
thxfomoney: posts small blind 100
PMoulin: posts big blind 200
*** HOLE CARDS ***
Dealt to Gabrielfs13 [Kd Kh]
dj mana 81: folds 
Gabrielfs13: raises 200 to 400
KK333HR: folds 
RasmusKarma: folds 
vidal06: folds 
thxfomoney: folds 
PMoulin: calls 200
*** FLOP *** [Th Ks 3c]
PMoulin: checks 
Gabrielfs13: bets 269
PMoulin: folds 
Uncalled bet (269) returned to Gabrielfs13
Gabrielfs13 collected 1075 from pot
Gabrielfs13: doesn't show hand 
*** SUMMARY ***
Total pot 1075 | Rake 0 
Board [Th Ks 3c]
Seat 1: KK333HR folded before Flop (didn't bet)
Seat 2: RasmusKarma folded before Flop (didn't bet)
Seat 3: vidal06 (button) folded before Flop (didn't bet)
Seat 4: thxfomoney (small blind) folded before Flop
Seat 5: PMoulin (big blind) folded on the Flop
Seat 6: dj mana 81 folded before Flop (didn't bet)
Seat 7: Gabrielfs13 collected (1075)



PokerStars Hand #257172791951: Tournament #3912518862, $4.80+$5.00+$1.20 USD Hold'em No Limit - Level V (100/200) - 2025/08/01 15:07:01 BRT [2025/08/01 14:07:01 ET]
Table '3912518862 1' 7-max Seat #4 is the button
Seat 1: KK333HR (7092 in chips, $5 bounty) 
Seat 2: RasmusKarma (11363 in chips, $5 bounty) 
Seat 3: vidal06 (8855 in chips, $5 bounty) 
Seat 4: thxfomoney (19314 in chips, $7.50 bounty) 
Seat 5: PMoulin (11800 in chips, $5 bounty) 
Seat 6: dj mana 81 (19550 in chips, $5 bounty) 
Seat 7: Gabrielfs13 (10177 in chips, $7.50 bounty) 
KK333HR: posts the ante 25
RasmusKarma: posts the ante 25
vidal06: posts the ante 25
thxfomoney: posts the ante 25
PMoulin: posts the ante 25
dj mana 81: posts the ante 25
Gabrielfs13: posts the ante 25
PMoulin: posts small blind 100
dj mana 81: posts big blind 200
*** HOLE CARDS ***
Dealt to Gabrielfs13 [8s 5c]
Gabrielfs13: folds 
KK333HR: folds 
RasmusKarma: raises 200 to 400
vidal06: folds 
thxfomoney: calls 400
PMoulin: raises 1400 to 1800
dj mana 81: folds 
RasmusKarma: folds 
thxfomoney: folds 
Uncalled bet (1400) returned to PMoulin
PMoulin collected 1575 from pot
PMoulin: doesn't show hand 
*** SUMMARY ***
Total pot 1575 | Rake 0 
Seat 1: KK333HR folded before Flop (didn't bet)
Seat 2: RasmusKarma folded before Flop
Seat 3: vidal06 folded before Flop (didn't bet)
Seat 4: thxfomoney (button) folded before Flop
Seat 5: PMoulin (small blind) collected (1575)
Seat 6: dj mana 81 (big blind) folded before Flop
Seat 7: Gabrielfs13 folded before Flop (didn't bet)



PokerStars Hand #257172803893: Tournament #3912518862, $4.80+$5.00+$1.20 USD Hold'em No Limit - Level VI (120/240) - 2025/08/01 15:07:58 BRT [2025/08/01 14:07:58 ET]
Table '3912518862 1' 7-max Seat #5 is the button
Seat 1: KK333HR (7067 in chips, $5 bounty) 
Seat 2: RasmusKarma (10938 in chips, $5 bounty) 
Seat 3: vidal06 (8830 in chips, $5 bounty) 
Seat 4: thxfomoney (18889 in chips, $7.50 bounty) 
Seat 5: PMoulin (12950 in chips, $5 bounty) 
Seat 6: dj mana 81 (19325 in chips, $5 bounty) 
Seat 7: Gabrielfs13 (10152 in chips, $7.50 bounty) 
KK333HR: posts the ante 30
RasmusKarma: posts the ante 30
vidal06: posts the ante 30
thxfomoney: posts the ante 30
PMoulin: posts the ante 30
dj mana 81: posts the ante 30
Gabrielfs13: posts the ante 30
dj mana 81: posts small blind 120
Gabrielfs13: posts big blind 240
*** HOLE CARDS ***
Dealt to Gabrielfs13 [Qc 4d]
KK333HR: folds 
RasmusKarma: raises 10668 to 10908 and is all-in
vidal06: folds 
thxfomoney: folds 
PMoulin: folds 
dj mana 81: folds 
Gabrielfs13: folds 
Uncalled bet (10668) returned to RasmusKarma
RasmusKarma collected 810 from pot
*** SUMMARY ***
Total pot 810 | Rake 0 
Seat 1: KK333HR folded before Flop (didn't bet)
Seat 2: RasmusKarma collected (810)
Seat 3: vidal06 folded before Flop (didn't bet)
Seat 4: thxfomoney folded before Flop (didn't bet)
Seat 5: PMoulin (button) folded before Flop (didn't bet)
Seat 6: dj mana 81 (small blind) folded before Flop
Seat 7: Gabrielfs13 (big blind) folded before Flop



PokerStars Hand #257172810630: Tournament #3912518862, $4.80+$5.00+$1.20 USD Hold'em No Limit - Level VI (120/240) - 2025/08/01 15:08:30 BRT [2025/08/01 14:08:30 ET]
Table '3912518862 1' 7-max Seat #6 is the button
Seat 1: KK333HR (7037 in chips, $5 bounty) 
Seat 2: RasmusKarma (11478 in chips, $5 bounty) 
Seat 3: vidal06 (8800 in chips, $5 bounty) 
Seat 4: thxfomoney (18859 in chips, $7.50 bounty) 
Seat 5: PMoulin (12920 in chips, $5 bounty) 
Seat 6: dj mana 81 (19175 in chips, $5 bounty) 
Seat 7: Gabrielfs13 (9882 in chips, $7.50 bounty) 
KK333HR: posts the ante 30
RasmusKarma: posts the ante 30
vidal06: posts the ante 30
thxfomoney: posts the ante 30
PMoulin: posts the ante 30
dj mana 81: posts the ante 30
Gabrielfs13: posts the ante 30
Gabrielfs13: posts small blind 120
KK333HR: posts big blind 240
*** HOLE CARDS ***
Dealt to Gabrielfs13 [8s 3c]
RasmusKarma: folds 
vidal06: folds 
thxfomoney: folds 
PMoulin: folds 
dj mana 81: raises 240 to 480
Gabrielfs13: folds 
KK333HR: calls 240
*** FLOP *** [3d Ac Td]
KK333HR: checks 
dj mana 81: bets 645
KK333HR: folds 
Uncalled bet (645) returned to dj mana 81
dj mana 81 collected 1290 from pot
*** SUMMARY ***
Total pot 1290 | Rake 0 
Board [3d Ac Td]
Seat 1: KK333HR (big blind) folded on the Flop
Seat 2: RasmusKarma folded before Flop (didn't bet)
Seat 3: vidal06 folded before Flop (didn't bet)
Seat 4: thxfomoney folded before Flop (didn't bet)
Seat 5: PMoulin folded before Flop (didn't bet)
Seat 6: dj mana 81 (button) collected (1290)
Seat 7: Gabrielfs13 (small blind) folded before Flop



PokerStars Hand #257172820013: Tournament #3912518862, $4.80+$5.00+$1.20 USD Hold'em No Limit - Level VI (120/240) - 2025/08/01 15:09:15 BRT [2025/08/01 14:09:15 ET]
Table '3912518862 1' 7-max Seat #7 is the button
Seat 1: KK333HR (6527 in chips, $5 bounty) 
Seat 2: RasmusKarma (11448 in chips, $5 bounty) 
Seat 3: vidal06 (8770 in chips, $5 bounty) 
Seat 4: thxfomoney (18829 in chips, $7.50 bounty) 
Seat 5: PMoulin (12890 in chips, $5 bounty) 
Seat 6: dj mana 81 (19955 in chips, $5 bounty) 
Seat 7: Gabrielfs13 (9732 in chips, $7.50 bounty) 
KK333HR: posts the ante 30
RasmusKarma: posts the ante 30
vidal06: posts the ante 30
thxfomoney: posts the ante 30
PMoulin: posts the ante 30
dj mana 81: posts the ante 30
Gabrielfs13: posts the ante 30
KK333HR: posts small blind 120
RasmusKarma: posts big blind 240
*** HOLE CARDS ***
Dealt to Gabrielfs13 [5d 6d]
vidal06: folds 
thxfomoney: raises 240 to 480
PMoulin: folds 
dj mana 81: calls 480
Gabrielfs13: calls 480
KK333HR: folds 
RasmusKarma: calls 240
*** FLOP *** [Ac Qh 5s]
RasmusKarma: checks 
thxfomoney: bets 1200
dj mana 81: calls 1200
Gabrielfs13: folds 
RasmusKarma: folds 
*** TURN *** [Ac Qh 5s] [3h]
thxfomoney: checks 
dj mana 81: checks 
*** RIVER *** [Ac Qh 5s 3h] [Ad]
thxfomoney: checks 
dj mana 81: bets 2805
thxfomoney: folds 
Uncalled bet (2805) returned to dj mana 81
dj mana 81 collected 4650 from pot
*** SUMMARY ***
Total pot 4650 | Rake 0 
Board [Ac Qh 5s 3h Ad]
Seat 1: KK333HR (small blind) folded before Flop
Seat 2: RasmusKarma (big blind) folded on the Flop
Seat 3: vidal06 folded before Flop (didn't bet)
Seat 4: thxfomoney folded on the River
Seat 5: PMoulin folded before Flop (didn't bet)
Seat 6: dj mana 81 collected (4650)
Seat 7: Gabrielfs13 (button) folded on the Flop



PokerStars Hand #257172836642: Tournament #3912518862, $4.80+$5.00+$1.20 USD Hold'em No Limit - Level VI (120/240) - 2025/08/01 15:10:34 BRT [2025/08/01 14:10:34 ET]
Table '3912518862 1' 7-max Seat #1 is the button
Seat 1: KK333HR (6377 in chips, $5 bounty) 
Seat 2: RasmusKarma (10938 in chips, $5 bounty) 
Seat 3: vidal06 (8740 in chips, $5 bounty) 
Seat 4: thxfomoney (17119 in chips, $7.50 bounty) 
Seat 5: PMoulin (12860 in chips, $5 bounty) 
Seat 6: dj mana 81 (22895 in chips, $5 bounty) 
Seat 7: Gabrielfs13 (9222 in chips, $7.50 bounty) 
KK333HR: posts the ante 30
RasmusKarma: posts the ante 30
vidal06: posts the ante 30
thxfomoney: posts the ante 30
PMoulin: posts the ante 30
dj mana 81: posts the ante 30
Gabrielfs13: posts the ante 30
RasmusKarma: posts small blind 120
vidal06: posts big blind 240
*** HOLE CARDS ***
Dealt to Gabrielfs13 [3h 5s]
thxfomoney: folds 
PMoulin: folds 
dj mana 81: raises 240 to 480
Gabrielfs13: folds 
KK333HR: folds 
RasmusKarma: folds 
vidal06: calls 240
*** FLOP *** [Ah Th Kd]
vidal06: checks 
dj mana 81: bets 645
vidal06: folds 
Uncalled bet (645) returned to dj mana 81
dj mana 81 collected 1290 from pot
*** SUMMARY ***
Total pot 1290 | Rake 0 
Board [Ah Th Kd]
Seat 1: KK333HR (button) folded before Flop (didn't bet)
Seat 2: RasmusKarma (small blind) folded before Flop
Seat 3: vidal06 (big blind) folded on the Flop
Seat 4: thxfomoney folded before Flop (didn't bet)
Seat 5: PMoulin folded before Flop (didn't bet)
Seat 6: dj mana 81 collected (1290)
Seat 7: Gabrielfs13 folded before Flop (didn't bet)



PokerStars Hand #257172848560: Tournament #3912518862, $4.80+$5.00+$1.20 USD Hold'em No Limit - Level VI (120/240) - 2025/08/01 15:11:30 BRT [2025/08/01 14:11:30 ET]
Table '3912518862 1' 7-max Seat #2 is the button
Seat 1: KK333HR (6347 in chips, $5 bounty) 
Seat 2: RasmusKarma (10788 in chips, $5 bounty) 
Seat 3: vidal06 (8230 in chips, $5 bounty) 
Seat 4: thxfomoney (17089 in chips, $7.50 bounty) 
Seat 5: PMoulin (12830 in chips, $5 bounty) 
Seat 6: dj mana 81 (23675 in chips, $5 bounty) 
Seat 7: Gabrielfs13 (9192 in chips, $7.50 bounty) 
KK333HR: posts the ante 30
RasmusKarma: posts the ante 30
vidal06: posts the ante 30
thxfomoney: posts the ante 30
PMoulin: posts the ante 30
dj mana 81: posts the ante 30
Gabrielfs13: posts the ante 30
vidal06: posts small blind 120
thxfomoney: posts big blind 240
*** HOLE CARDS ***
Dealt to Gabrielfs13 [Js 7h]
PMoulin: folds 
dj mana 81: raises 240 to 480
Gabrielfs13: folds 
KK333HR: folds 
RasmusKarma: folds 
vidal06: folds 
thxfomoney: folds 
Uncalled bet (240) returned to dj mana 81
dj mana 81 collected 810 from pot
*** SUMMARY ***
Total pot 810 | Rake 0 
Seat 1: KK333HR folded before Flop (didn't bet)
Seat 2: RasmusKarma (button) folded before Flop (didn't bet)
Seat 3: vidal06 (small blind) folded before Flop
Seat 4: thxfomoney (big blind) folded before Flop
Seat 5: PMoulin folded before Flop (didn't bet)
Seat 6: dj mana 81 collected (810)
Seat 7: Gabrielfs13 folded before Flop (didn't bet)



PokerStars Hand #257172853260: Tournament #3912518862, $4.80+$5.00+$1.20 USD Hold'em No Limit - Level VI (120/240) - 2025/08/01 15:11:52 BRT [2025/08/01 14:11:52 ET]
Table '3912518862 1' 7-max Seat #3 is the button
Seat 1: KK333HR (6317 in chips, $5 bounty) 
Seat 2: RasmusKarma (10758 in chips, $5 bounty) 
Seat 3: vidal06 (8080 in chips, $5 bounty) 
Seat 4: thxfomoney (16819 in chips, $7.50 bounty) 
Seat 5: PMoulin (12800 in chips, $5 bounty) 
Seat 6: dj mana 81 (24215 in chips, $5 bounty) 
Seat 7: Gabrielfs13 (9162 in chips, $7.50 bounty) 
KK333HR: posts the ante 30
RasmusKarma: posts the ante 30
vidal06: posts the ante 30
thxfomoney: posts the ante 30
PMoulin: posts the ante 30
dj mana 81: posts the ante 30
Gabrielfs13: posts the ante 30
thxfomoney: posts small blind 120
PMoulin: posts big blind 240
*** HOLE CARDS ***
Dealt to Gabrielfs13 [As Td]
dj mana 81: folds 
Gabrielfs13: raises 240 to 480
KK333HR: folds 
RasmusKarma: raises 240 to 720
vidal06: folds 
thxfomoney: folds 
PMoulin: folds 
Gabrielfs13: calls 240
*** FLOP *** [Kd Th Qc]
Gabrielfs13: checks 
RasmusKarma: bets 1005
Gabrielfs13: folds 
Uncalled bet (1005) returned to RasmusKarma
RasmusKarma collected 2010 from pot
*** SUMMARY ***
Total pot 2010 | Rake 0 
Board [Kd Th Qc]
Seat 1: KK333HR folded before Flop (didn't bet)
Seat 2: RasmusKarma collected (2010)
Seat 3: vidal06 (button) folded before Flop (didn't bet)
Seat 4: thxfomoney (small blind) folded before Flop
Seat 5: PMoulin (big blind) folded before Flop
Seat 6: dj mana 81 folded before Flop (didn't bet)
Seat 7: Gabrielfs13 folded on the Flop



PokerStars Hand #257172862743: Tournament #3912518862, $4.80+$5.00+$1.20 USD Hold'em No Limit - Level VI (120/240) - 2025/08/01 15:12:36 BRT [2025/08/01 14:12:36 ET]
Table '3912518862 1' 7-max Seat #4 is the button
Seat 1: KK333HR (6287 in chips, $5 bounty) 
Seat 2: RasmusKarma (12018 in chips, $5 bounty) 
Seat 3: vidal06 (8050 in chips, $5 bounty) 
Seat 4: thxfomoney (16669 in chips, $7.50 bounty) 
Seat 5: PMoulin (12530 in chips, $5 bounty) 
Seat 6: dj mana 81 (24185 in chips, $5 bounty) 
Seat 7: Gabrielfs13 (8412 in chips, $7.50 bounty) 
KK333HR: posts the ante 30
RasmusKarma: posts the ante 30
vidal06: posts the ante 30
thxfomoney: posts the ante 30
PMoulin: posts the ante 30
dj mana 81: posts the ante 30
Gabrielfs13: posts the ante 30
PMoulin: posts small blind 120
dj mana 81: posts big blind 240
*** HOLE CARDS ***
Dealt to Gabrielfs13 [Qc 4h]
Gabrielfs13: folds 
KK333HR: folds 
RasmusKarma: folds 
vidal06: raises 240 to 480
thxfomoney: folds 
PMoulin: folds 
dj mana 81: raises 240 to 720
vidal06: calls 240
*** FLOP *** [4d 3c 6c]
dj mana 81: checks 
vidal06: checks 
*** TURN *** [4d 3c 6c] [9c]
dj mana 81: bets 885
vidal06: calls 885
*** RIVER *** [4d 3c 6c 9c] [5d]
dj mana 81: checks 
vidal06: checks 
*** SHOW DOWN ***
dj mana 81: shows [Ac Td] (high card Ace)
vidal06: shows [Ah Jc] (high card Ace - Jack kicker)
vidal06 collected 3540 from pot
*** SUMMARY ***
Total pot 3540 | Rake 0 
Board [4d 3c 6c 9c 5d]
Seat 1: KK333HR folded before Flop (didn't bet)
Seat 2: RasmusKarma folded before Flop (didn't bet)
Seat 3: vidal06 showed [Ah Jc] and won (3540) with high card Ace
Seat 4: thxfomoney (button) folded before Flop (didn't bet)
Seat 5: PMoulin (small blind) folded before Flop
Seat 6: dj mana 81 (big blind) showed [Ac Td] and lost with high card Ace
Seat 7: Gabrielfs13 folded before Flop (didn't bet)



PokerStars Hand #257172882955: Tournament #3912518862, $4.80+$5.00+$1.20 USD Hold'em No Limit - Level VII (140/280) - 2025/08/01 15:14:10 BRT [2025/08/01 14:14:10 ET]
Table '3912518862 1' 7-max Seat #5 is the button
Seat 1: KK333HR (6257 in chips, $5 bounty) 
Seat 2: RasmusKarma (11988 in chips, $5 bounty) 
Seat 3: vidal06 (9955 in chips, $5 bounty) 
Seat 4: thxfomoney (16639 in chips, $7.50 bounty) 
Seat 5: PMoulin (12380 in chips, $5 bounty) 
Seat 6: dj mana 81 (22550 in chips, $5 bounty) 
Seat 7: Gabrielfs13 (8382 in chips, $7.50 bounty) 
KK333HR: posts the ante 35
RasmusKarma: posts the ante 35
vidal06: posts the ante 35
thxfomoney: posts the ante 35
PMoulin: posts the ante 35
dj mana 81: posts the ante 35
Gabrielfs13: posts the ante 35
dj mana 81: posts small blind 140
Gabrielfs13: posts big blind 280
*** HOLE CARDS ***
Dealt to Gabrielfs13 [6c 7s]
KK333HR: folds 
RasmusKarma: calls 280
vidal06: folds 
thxfomoney: folds 
PMoulin: raises 616 to 896
dj mana 81: folds 
Gabrielfs13: calls 616
RasmusKarma: calls 616
*** FLOP *** [8h 4d 9d]
Gabrielfs13: checks 
RasmusKarma: bets 1537
PMoulin: raises 3503 to 5040
Gabrielfs13: raises 2411 to 7451 and is all-in
RasmusKarma: folds 
PMoulin: calls 2411
*** TURN *** [8h 4d 9d] [7d]
*** RIVER *** [8h 4d 9d 7d] [Ad]
*** SHOW DOWN ***
Gabrielfs13: shows [6c 7s] (a pair of Sevens)
PMoulin: shows [9c Jc] (a pair of Nines)
PMoulin collected 19512 from pot
PMoulin wins $3.75 for eliminating Gabrielfs13 and their own bounty increases by $3.75 to $8.75
Gabrielfs13 finished the tournament
*** SUMMARY ***
Total pot 19512 | Rake 0 
Board [8h 4d 9d 7d Ad]
Seat 1: KK333HR folded before Flop (didn't bet)
Seat 2: RasmusKarma folded on the Flop
Seat 3: vidal06 folded before Flop (didn't bet)
Seat 4: thxfomoney folded before Flop (didn't bet)
Seat 5: PMoulin (button) showed [9c Jc] and won (19512) with a pair of Nines
Seat 6: dj mana 81 (small blind) folded before Flop
Seat 7: Gabrielfs13 (big blind) showed [6c 7s] and lost with a pair of Sevens



PokerStars Hand #257173476569: Tournament #3912518862, $4.80+$5.00+$1.20 USD Hold'em No Limit - Level XIII (300/600) - 2025/08/01 16:01:56 BRT [2025/08/01 15:01:56 ET]
Table '3912518862 13' 7-max Seat #4 is the button
Seat 1: Kaprizov97 (30614 in chips, $11.25 bounty) 
Seat 2: tsikolaou (9830 in chips, $5 bounty) 
Seat 3: Lil_Ony69 (55332 in chips, $17.50 bounty) 
Seat 4: dem855 (37190 in chips, $5 bounty) 
Seat 5: Dyaszi7 (30609 in chips, $7.50 bounty) 
Seat 6: alcatra182 (38529 in chips, $13.75 bounty) 
Seat 7: Gabrielfs13 (4720 in chips, $5 bounty) 
Kaprizov97: posts the ante 80
tsikolaou: posts the ante 80
Lil_Ony69: posts the ante 80
dem855: posts the ante 80
Dyaszi7: posts the ante 80
alcatra182: posts the ante 80
Gabrielfs13: posts the ante 80
Dyaszi7: posts small blind 300
alcatra182: posts big blind 600
*** HOLE CARDS ***
Dealt to Gabrielfs13 [Qd 6c]
Gabrielfs13: folds 
Kaprizov97: folds 
tsikolaou: raises 720 to 1320
Lil_Ony69: folds 
dem855: folds 
Dyaszi7: folds 
alcatra182: calls 720
*** FLOP *** [3h Jc 6d]
alcatra182: checks 
tsikolaou: checks 
*** TURN *** [3h Jc 6d] [Tc]
alcatra182: bets 1925
tsikolaou: calls 1925
*** RIVER *** [3h Jc 6d Tc] [Ah]
alcatra182: bets 6798
tsikolaou: folds 
Uncalled bet (6798) returned to alcatra182
alcatra182 collected 7350 from pot
alcatra182: doesn't show hand 
*** SUMMARY ***
Total pot 7350 | Rake 0 
Board [3h Jc 6d Tc Ah]
Seat 1: Kaprizov97 folded before Flop (didn't bet)
Seat 2: tsikolaou folded on the River
Seat 3: Lil_Ony69 folded before Flop (didn't bet)
Seat 4: dem855 (button) folded before Flop (didn't bet)
Seat 5: Dyaszi7 (small blind) folded before Flop
Seat 6: alcatra182 (big blind) collected (7350)
Seat 7: Gabrielfs13 folded before Flop (didn't bet)



PokerStars Hand #257173497675: Tournament #3912518862, $4.80+$5.00+$1.20 USD Hold'em No Limit - Level XIII (300/600) - 2025/08/01 16:03:34 BRT [2025/08/01 15:03:34 ET]
Table '3912518862 13' 7-max Seat #5 is the button
Seat 1: Kaprizov97 (30534 in chips, $11.25 bounty) 
Seat 2: tsikolaou (6505 in chips, $5 bounty) 
Seat 3: Lil_Ony69 (55252 in chips, $17.50 bounty) 
Seat 4: dem855 (37110 in chips, $5 bounty) 
Seat 5: Dyaszi7 (30229 in chips, $7.50 bounty) 
Seat 6: alcatra182 (42554 in chips, $13.75 bounty) 
Seat 7: Gabrielfs13 (4640 in chips, $5 bounty) 
Kaprizov97: posts the ante 80
tsikolaou: posts the ante 80
Lil_Ony69: posts the ante 80
dem855: posts the ante 80
Dyaszi7: posts the ante 80
alcatra182: posts the ante 80
Gabrielfs13: posts the ante 80
alcatra182: posts small blind 300
Gabrielfs13: posts big blind 600
*** HOLE CARDS ***
Dealt to Gabrielfs13 [3d Kd]
Kaprizov97: folds 
tsikolaou: folds 
Lil_Ony69: raises 600 to 1200
dem855: raises 3000 to 4200
Dyaszi7: calls 4200
alcatra182: folds 
Gabrielfs13: folds 
Lil_Ony69: folds 
*** FLOP *** [Ac 6c Jh]
dem855: bets 3650
Dyaszi7: folds 
Uncalled bet (3650) returned to dem855
dem855 collected 11060 from pot
dem855: doesn't show hand 
*** SUMMARY ***
Total pot 11060 | Rake 0 
Board [Ac 6c Jh]
Seat 1: Kaprizov97 folded before Flop (didn't bet)
Seat 2: tsikolaou folded before Flop (didn't bet)
Seat 3: Lil_Ony69 folded before Flop
Seat 4: dem855 collected (11060)
Seat 5: Dyaszi7 (button) folded on the Flop
Seat 6: alcatra182 (small blind) folded before Flop
Seat 7: Gabrielfs13 (big blind) folded before Flop



PokerStars Hand #257173513275: Tournament #3912518862, $4.80+$5.00+$1.20 USD Hold'em No Limit - Level XIII (300/600) - 2025/08/01 16:04:46 BRT [2025/08/01 15:04:46 ET]
Table '3912518862 13' 7-max Seat #6 is the button
Seat 1: Kaprizov97 (30454 in chips, $11.25 bounty) 
Seat 2: tsikolaou (6425 in chips, $5 bounty) 
Seat 3: Lil_Ony69 (53972 in chips, $17.50 bounty) 
Seat 4: dem855 (43890 in chips, $5 bounty) 
Seat 5: Dyaszi7 (25949 in chips, $7.50 bounty) 
Seat 6: alcatra182 (42174 in chips, $13.75 bounty) 
Seat 7: Gabrielfs13 (3960 in chips, $5 bounty) 
Kaprizov97: posts the ante 80
tsikolaou: posts the ante 80
Lil_Ony69: posts the ante 80
dem855: posts the ante 80
Dyaszi7: posts the ante 80
alcatra182: posts the ante 80
Gabrielfs13: posts the ante 80
Gabrielfs13: posts small blind 300
Kaprizov97: posts big blind 600
*** HOLE CARDS ***
Dealt to Gabrielfs13 [Ac 3h]
tsikolaou: folds 
Lil_Ony69: folds 
dem855: raises 600 to 1200
Dyaszi7: folds 
alcatra182: folds 
Gabrielfs13: folds 
Kaprizov97: folds 
Uncalled bet (600) returned to dem855
dem855 collected 2060 from pot
dem855: doesn't show hand 
*** SUMMARY ***
Total pot 2060 | Rake 0 
Seat 1: Kaprizov97 (big blind) folded before Flop
Seat 2: tsikolaou folded before Flop (didn't bet)
Seat 3: Lil_Ony69 folded before Flop (didn't bet)
Seat 4: dem855 collected (2060)
Seat 5: Dyaszi7 folded before Flop (didn't bet)
Seat 6: alcatra182 (button) folded before Flop (didn't bet)
Seat 7: Gabrielfs13 (small blind) folded before Flop



PokerStars Hand #257173518139: Tournament #3912518862, $4.80+$5.00+$1.20 USD Hold'em No Limit - Level XIII (300/600) - 2025/08/01 16:05:09 BRT [2025/08/01 15:05:09 ET]
Table '3912518862 13' 7-max Seat #7 is the button
Seat 1: Kaprizov97 (29774 in chips, $11.25 bounty) 
Seat 2: tsikolaou (6345 in chips, $5 bounty) 
Seat 3: Lil_Ony69 (53892 in chips, $17.50 bounty) 
Seat 4: dem855 (45270 in chips, $5 bounty) 
Seat 5: Dyaszi7 (25869 in chips, $7.50 bounty) 
Seat 6: alcatra182 (42094 in chips, $13.75 bounty) 
Seat 7: Gabrielfs13 (3580 in chips, $5 bounty) 
Kaprizov97: posts the ante 80
tsikolaou: posts the ante 80
Lil_Ony69: posts the ante 80
dem855: posts the ante 80
Dyaszi7: posts the ante 80
alcatra182: posts the ante 80
Gabrielfs13: posts the ante 80
Kaprizov97: posts small blind 300
tsikolaou: posts big blind 600
*** HOLE CARDS ***
Dealt to Gabrielfs13 [Qs Qd]
Lil_Ony69: raises 600 to 1200
dem855: folds 
Dyaszi7: folds 
alcatra182: folds 
Gabrielfs13: raises 2300 to 3500 and is all-in
Kaprizov97: folds 
tsikolaou: folds 
Lil_Ony69: calls 2300
*** FLOP *** [3s 2d 7c]
*** TURN *** [3s 2d 7c] [Th]
*** RIVER *** [3s 2d 7c Th] [Jd]
*** SHOW DOWN ***
Lil_Ony69: shows [Kh Ad] (high card Ace)
Gabrielfs13: shows [Qs Qd] (a pair of Queens)
Gabrielfs13 collected 8460 from pot
*** SUMMARY ***
Total pot 8460 | Rake 0 
Board [3s 2d 7c Th Jd]
Seat 1: Kaprizov97 (small blind) folded before Flop
Seat 2: tsikolaou (big blind) folded before Flop
Seat 3: Lil_Ony69 showed [Kh Ad] and lost with high card Ace
Seat 4: dem855 folded before Flop (didn't bet)
Seat 5: Dyaszi7 folded before Flop (didn't bet)
Seat 6: alcatra182 folded before Flop (didn't bet)
Seat 7: Gabrielfs13 (button) showed [Qs Qd] and won (8460) with a pair of Queens



PokerStars Hand #257173526472: Tournament #3912518862, $4.80+$5.00+$1.20 USD Hold'em No Limit - Level XIII (300/600) - 2025/08/01 16:05:46 BRT [2025/08/01 15:05:46 ET]
Table '3912518862 13' 7-max Seat #1 is the button
Seat 1: Kaprizov97 (29394 in chips, $11.25 bounty) 
Seat 2: tsikolaou (5665 in chips, $5 bounty) 
Seat 3: Lil_Ony69 (50312 in chips, $17.50 bounty) 
Seat 4: dem855 (45190 in chips, $5 bounty) 
Seat 5: Dyaszi7 (25789 in chips, $7.50 bounty) 
Seat 6: alcatra182 (42014 in chips, $13.75 bounty) 
Seat 7: Gabrielfs13 (8460 in chips, $5 bounty) 
Kaprizov97: posts the ante 80
tsikolaou: posts the ante 80
Lil_Ony69: posts the ante 80
dem855: posts the ante 80
Dyaszi7: posts the ante 80
alcatra182: posts the ante 80
Gabrielfs13: posts the ante 80
tsikolaou: posts small blind 300
Lil_Ony69: posts big blind 600
*** HOLE CARDS ***
Dealt to Gabrielfs13 [Td As]
dem855: folds 
Dyaszi7: folds 
alcatra182: folds 
Gabrielfs13: raises 600 to 1200
Kaprizov97: folds 
tsikolaou: folds 
Lil_Ony69: raises 2060 to 3260
Gabrielfs13: raises 5120 to 8380 and is all-in
Lil_Ony69: calls 5120
*** FLOP *** [4d 6d Jc]
*** TURN *** [4d 6d Jc] [Ah]
*** RIVER *** [4d 6d Jc Ah] [Qh]
*** SHOW DOWN ***
Lil_Ony69: shows [Kh Kd] (a pair of Kings)
Gabrielfs13: shows [Td As] (a pair of Aces)
Gabrielfs13 collected 17620 from pot
*** SUMMARY ***
Total pot 17620 | Rake 0 
Board [4d 6d Jc Ah Qh]
Seat 1: Kaprizov97 (button) folded before Flop (didn't bet)
Seat 2: tsikolaou (small blind) folded before Flop
Seat 3: Lil_Ony69 (big blind) showed [Kh Kd] and lost with a pair of Kings
Seat 4: dem855 folded before Flop (didn't bet)
Seat 5: Dyaszi7 folded before Flop (didn't bet)
Seat 6: alcatra182 folded before Flop (didn't bet)
Seat 7: Gabrielfs13 showed [Td As] and won (17620) with a pair of Aces



PokerStars Hand #257173537956: Tournament #3912518862, $4.80+$5.00+$1.20 USD Hold'em No Limit - Level XIV (400/800) - 2025/08/01 16:06:38 BRT [2025/08/01 15:06:38 ET]
Table '3912518862 13' 7-max Seat #2 is the button
Seat 1: Kaprizov97 (29314 in chips, $11.25 bounty) 
Seat 2: tsikolaou (5285 in chips, $5 bounty) 
Seat 3: Lil_Ony69 (41852 in chips, $17.50 bounty) 
Seat 4: dem855 (45110 in chips, $5 bounty) 
Seat 5: Dyaszi7 (25709 in chips, $7.50 bounty) 
Seat 6: alcatra182 (41934 in chips, $13.75 bounty) 
Seat 7: Gabrielfs13 (17620 in chips, $5 bounty) 
Kaprizov97: posts the ante 100
tsikolaou: posts the ante 100
Lil_Ony69: posts the ante 100
dem855: posts the ante 100
Dyaszi7: posts the ante 100
alcatra182: posts the ante 100
Gabrielfs13: posts the ante 100
Lil_Ony69: posts small blind 400
dem855: posts big blind 800
*** HOLE CARDS ***
Dealt to Gabrielfs13 [Jh 4s]
Dyaszi7: folds 
alcatra182: folds 
Gabrielfs13: folds 
Kaprizov97: folds 
tsikolaou: folds 
Lil_Ony69: calls 400
dem855: raises 3200 to 4000
Lil_Ony69: folds 
Uncalled bet (3200) returned to dem855
dem855 collected 2300 from pot
dem855: doesn't show hand 
*** SUMMARY ***
Total pot 2300 | Rake 0 
Seat 1: Kaprizov97 folded before Flop (didn't bet)
Seat 2: tsikolaou (button) folded before Flop (didn't bet)
Seat 3: Lil_Ony69 (small blind) folded before Flop
Seat 4: dem855 (big blind) collected (2300)
Seat 5: Dyaszi7 folded before Flop (didn't bet)
Seat 6: alcatra182 folded before Flop (didn't bet)
Seat 7: Gabrielfs13 folded before Flop (didn't bet)



PokerStars Hand #257173546891: Tournament #3912518862, $4.80+$5.00+$1.20 USD Hold'em No Limit - Level XIV (400/800) - 2025/08/01 16:07:18 BRT [2025/08/01 15:07:18 ET]
Table '3912518862 13' 7-max Seat #3 is the button
Seat 1: Kaprizov97 (29214 in chips, $11.25 bounty) 
Seat 2: tsikolaou (5185 in chips, $5 bounty) 
Seat 3: Lil_Ony69 (40952 in chips, $17.50 bounty) 
Seat 4: dem855 (46510 in chips, $5 bounty) 
Seat 5: Dyaszi7 (25609 in chips, $7.50 bounty) 
Seat 6: alcatra182 (41834 in chips, $13.75 bounty) 
Seat 7: Gabrielfs13 (17520 in chips, $5 bounty) 
Kaprizov97: posts the ante 100
tsikolaou: posts the ante 100
Lil_Ony69: posts the ante 100
dem855: posts the ante 100
Dyaszi7: posts the ante 100
alcatra182: posts the ante 100
Gabrielfs13: posts the ante 100
dem855: posts small blind 400
Dyaszi7: posts big blind 800
*** HOLE CARDS ***
Dealt to Gabrielfs13 [4d 9s]
alcatra182: folds 
Gabrielfs13: folds 
Kaprizov97: raises 800 to 1600
tsikolaou: folds 
Lil_Ony69: folds 
dem855: folds 
Dyaszi7: folds 
Uncalled bet (800) returned to Kaprizov97
Kaprizov97 collected 2700 from pot
Kaprizov97: doesn't show hand 
*** SUMMARY ***
Total pot 2700 | Rake 0 
Seat 1: Kaprizov97 collected (2700)
Seat 2: tsikolaou folded before Flop (didn't bet)
Seat 3: Lil_Ony69 (button) folded before Flop (didn't bet)
Seat 4: dem855 (small blind) folded before Flop
Seat 5: Dyaszi7 (big blind) folded before Flop
Seat 6: alcatra182 folded before Flop (didn't bet)
Seat 7: Gabrielfs13 folded before Flop (didn't bet)



PokerStars Hand #257173555438: Tournament #3912518862, $4.80+$5.00+$1.20 USD Hold'em No Limit - Level XIV (400/800) - 2025/08/01 16:07:57 BRT [2025/08/01 15:07:57 ET]
Table '3912518862 13' 7-max Seat #4 is the button
Seat 1: Kaprizov97 (31014 in chips, $11.25 bounty) 
Seat 2: tsikolaou (5085 in chips, $5 bounty) 
Seat 3: Lil_Ony69 (40852 in chips, $17.50 bounty) 
Seat 4: dem855 (46010 in chips, $5 bounty) 
Seat 5: Dyaszi7 (24709 in chips, $7.50 bounty) 
Seat 6: alcatra182 (41734 in chips, $13.75 bounty) 
Seat 7: Gabrielfs13 (17420 in chips, $5 bounty) 
Kaprizov97: posts the ante 100
tsikolaou: posts the ante 100
Lil_Ony69: posts the ante 100
dem855: posts the ante 100
Dyaszi7: posts the ante 100
alcatra182: posts the ante 100
Gabrielfs13: posts the ante 100
Dyaszi7: posts small blind 400
alcatra182: posts big blind 800
*** HOLE CARDS ***
Dealt to Gabrielfs13 [3s 4s]
Gabrielfs13: folds 
Kaprizov97: folds 
tsikolaou: folds 
Lil_Ony69: folds 
dem855: raises 800 to 1600
Dyaszi7: folds 
alcatra182: calls 800
*** FLOP *** [4d Jc 3h]
alcatra182 has timed out
alcatra182: checks 
dem855: bets 1419
dem855 is disconnected 
alcatra182: folds 
Uncalled bet (1419) returned to dem855
dem855 collected 4300 from pot
dem855: doesn't show hand 
*** SUMMARY ***
Total pot 4300 | Rake 0 
Board [4d Jc 3h]
Seat 1: Kaprizov97 folded before Flop (didn't bet)
Seat 2: tsikolaou folded before Flop (didn't bet)
Seat 3: Lil_Ony69 folded before Flop (didn't bet)
Seat 4: dem855 (button) collected (4300)
Seat 5: Dyaszi7 (small blind) folded before Flop
Seat 6: alcatra182 (big blind) folded on the Flop
Seat 7: Gabrielfs13 folded before Flop (didn't bet)



PokerStars Hand #257173572858: Tournament #3912518862, $4.80+$5.00+$1.20 USD Hold'em No Limit - Level XIV (400/800) - 2025/08/01 16:09:16 BRT [2025/08/01 15:09:16 ET]
Table '3912518862 13' 7-max Seat #5 is the button
Seat 1: Kaprizov97 (30914 in chips, $11.25 bounty) 
Seat 2: tsikolaou (4985 in chips, $5 bounty) 
Seat 3: Lil_Ony69 (40752 in chips, $17.50 bounty) 
Seat 4: dem855 (48610 in chips, $5 bounty) 
Seat 5: Dyaszi7 (24209 in chips, $7.50 bounty) 
Seat 6: alcatra182 (40034 in chips, $13.75 bounty) 
Seat 7: Gabrielfs13 (17320 in chips, $5 bounty) 
Kaprizov97: posts the ante 100
tsikolaou: posts the ante 100
Lil_Ony69: posts the ante 100
dem855: posts the ante 100
Dyaszi7: posts the ante 100
alcatra182: posts the ante 100
Gabrielfs13: posts the ante 100
alcatra182: posts small blind 400
Gabrielfs13: posts big blind 800
*** HOLE CARDS ***
Dealt to Gabrielfs13 [Ah 7s]
Kaprizov97: folds 
tsikolaou: folds 
Lil_Ony69: raises 800 to 1600
dem855: folds 
Dyaszi7: folds 
alcatra182: folds 
Gabrielfs13: calls 800
*** FLOP *** [Ac 7c 8d]
Gabrielfs13: checks 
Lil_Ony69: bets 1360
Gabrielfs13: raises 2640 to 4000
Lil_Ony69: raises 4240 to 8240
Gabrielfs13: raises 7380 to 15620 and is all-in
Lil_Ony69: calls 7380
*** TURN *** [Ac 7c 8d] [Th]
*** RIVER *** [Ac 7c 8d Th] [2h]
*** SHOW DOWN ***
Gabrielfs13: shows [Ah 7s] (two pair, Aces and Sevens)
Lil_Ony69: shows [Jd As] (a pair of Aces)
Gabrielfs13 collected 35540 from pot
*** SUMMARY ***
Total pot 35540 | Rake 0 
Board [Ac 7c 8d Th 2h]
Seat 1: Kaprizov97 folded before Flop (didn't bet)
Seat 2: tsikolaou folded before Flop (didn't bet)
Seat 3: Lil_Ony69 showed [Jd As] and lost with a pair of Aces
Seat 4: dem855 folded before Flop (didn't bet)
Seat 5: Dyaszi7 (button) folded before Flop (didn't bet)
Seat 6: alcatra182 (small blind) folded before Flop
Seat 7: Gabrielfs13 (big blind) showed [Ah 7s] and won (35540) with two pair, Aces and Sevens



PokerStars Hand #257173592032: Tournament #3912518862, $4.80+$5.00+$1.20 USD Hold'em No Limit - Level XIV (400/800) - 2025/08/01 16:10:42 BRT [2025/08/01 15:10:42 ET]
Table '3912518862 13' 7-max Seat #6 is the button
Seat 1: Kaprizov97 (30814 in chips, $11.25 bounty) 
Seat 2: tsikolaou (4885 in chips, $5 bounty) 
Seat 3: Lil_Ony69 (23432 in chips, $17.50 bounty) 
Seat 4: dem855 (48510 in chips, $5 bounty) 
Seat 5: Dyaszi7 (24109 in chips, $7.50 bounty) 
Seat 6: alcatra182 (39534 in chips, $13.75 bounty) 
Seat 7: Gabrielfs13 (35540 in chips, $5 bounty) 
Kaprizov97: posts the ante 100
tsikolaou: posts the ante 100
Lil_Ony69: posts the ante 100
dem855: posts the ante 100
Dyaszi7: posts the ante 100
alcatra182: posts the ante 100
Gabrielfs13: posts the ante 100
Gabrielfs13: posts small blind 400
Kaprizov97: posts big blind 800
*** HOLE CARDS ***
Dealt to Gabrielfs13 [9c 6s]
tsikolaou: folds 
Lil_Ony69: raises 800 to 1600
dem855: folds 
Dyaszi7: folds 
alcatra182: folds 
Gabrielfs13: folds 
Kaprizov97: folds 
Uncalled bet (800) returned to Lil_Ony69
Lil_Ony69 collected 2700 from pot
Lil_Ony69: doesn't show hand 
*** SUMMARY ***
Total pot 2700 | Rake 0 
Seat 1: Kaprizov97 (big blind) folded before Flop
Seat 2: tsikolaou folded before Flop (didn't bet)
Seat 3: Lil_Ony69 collected (2700)
Seat 4: dem855 folded before Flop (didn't bet)
Seat 5: Dyaszi7 folded before Flop (didn't bet)
Seat 6: alcatra182 (button) folded before Flop (didn't bet)
Seat 7: Gabrielfs13 (small blind) folded before Flop



PokerStars Hand #257173598504: Tournament #3912518862, $4.80+$5.00+$1.20 USD Hold'em No Limit - Level XIV (400/800) - 2025/08/01 16:11:11 BRT [2025/08/01 15:11:11 ET]
Table '3912518862 13' 7-max Seat #7 is the button
Seat 1: Kaprizov97 (29914 in chips, $11.25 bounty) 
Seat 2: tsikolaou (4785 in chips, $5 bounty) 
Seat 3: Lil_Ony69 (25232 in chips, $17.50 bounty) 
Seat 4: dem855 (48410 in chips, $5 bounty) 
Seat 5: Dyaszi7 (24009 in chips, $7.50 bounty) 
Seat 6: alcatra182 (39434 in chips, $13.75 bounty) 
Seat 7: Gabrielfs13 (35040 in chips, $5 bounty) 
Kaprizov97: posts the ante 100
tsikolaou: posts the ante 100
Lil_Ony69: posts the ante 100
dem855: posts the ante 100
Dyaszi7: posts the ante 100
alcatra182: posts the ante 100
Gabrielfs13: posts the ante 100
Kaprizov97: posts small blind 400
tsikolaou: posts big blind 800
*** HOLE CARDS ***
Dealt to Gabrielfs13 [Kc 2d]
Lil_Ony69: folds 
dem855: raises 800 to 1600
Dyaszi7: folds 
alcatra182: folds 
Gabrielfs13: folds 
Kaprizov97: folds 
tsikolaou: folds 
Uncalled bet (800) returned to dem855
dem855 collected 2700 from pot
dem855: doesn't show hand 
*** SUMMARY ***
Total pot 2700 | Rake 0 
Seat 1: Kaprizov97 (small blind) folded before Flop
Seat 2: tsikolaou (big blind) folded before Flop
Seat 3: Lil_Ony69 folded before Flop (didn't bet)
Seat 4: dem855 collected (2700)
Seat 5: Dyaszi7 folded before Flop (didn't bet)
Seat 6: alcatra182 folded before Flop (didn't bet)
Seat 7: Gabrielfs13 (button) folded before Flop (didn't bet)



PokerStars Hand #257173608436: Tournament #3912518862, $4.80+$5.00+$1.20 USD Hold'em No Limit - Level XIV (400/800) - 2025/08/01 16:11:55 BRT [2025/08/01 15:11:55 ET]
Table '3912518862 13' 7-max Seat #1 is the button
Seat 1: Kaprizov97 (29414 in chips, $11.25 bounty) 
Seat 2: tsikolaou (3885 in chips, $5 bounty) 
Seat 3: Lil_Ony69 (25132 in chips, $17.50 bounty) 
Seat 4: dem855 (50210 in chips, $5 bounty) 
Seat 5: Dyaszi7 (23909 in chips, $7.50 bounty) 
Seat 6: alcatra182 (39334 in chips, $13.75 bounty) 
Seat 7: Gabrielfs13 (34940 in chips, $5 bounty) 
Kaprizov97: posts the ante 100
tsikolaou: posts the ante 100
Lil_Ony69: posts the ante 100
dem855: posts the ante 100
Dyaszi7: posts the ante 100
alcatra182: posts the ante 100
Gabrielfs13: posts the ante 100
tsikolaou: posts small blind 400
Lil_Ony69: posts big blind 800
*** HOLE CARDS ***
Dealt to Gabrielfs13 [Tc 7h]
dem855: raises 800 to 1600
Dyaszi7: folds 
alcatra182: calls 1600
Gabrielfs13: folds 
Kaprizov97: folds 
tsikolaou: raises 2185 to 3785 and is all-in
Lil_Ony69: folds 
dem855: raises 46325 to 50110 and is all-in
alcatra182: folds 
Uncalled bet (46325) returned to dem855
*** FLOP *** [9h 4s 8c]
*** TURN *** [9h 4s 8c] [4c]
*** RIVER *** [9h 4s 8c 4c] [Ac]
*** SHOW DOWN ***
tsikolaou: shows [As 9s] (two pair, Aces and Nines)
dem855: shows [Jd Ad] (two pair, Aces and Fours)
tsikolaou collected 10670 from pot
*** SUMMARY ***
Total pot 10670 | Rake 0 
Board [9h 4s 8c 4c Ac]
Seat 1: Kaprizov97 (button) folded before Flop (didn't bet)
Seat 2: tsikolaou (small blind) showed [As 9s] and won (10670) with two pair, Aces and Nines
Seat 3: Lil_Ony69 (big blind) folded before Flop
Seat 4: dem855 showed [Jd Ad] and lost with two pair, Aces and Fours
Seat 5: Dyaszi7 folded before Flop (didn't bet)
Seat 6: alcatra182 folded before Flop
Seat 7: Gabrielfs13 folded before Flop (didn't bet)



PokerStars Hand #257173623857: Tournament #3912518862, $4.80+$5.00+$1.20 USD Hold'em No Limit - Level XIV (400/800) - 2025/08/01 16:13:04 BRT [2025/08/01 15:13:04 ET]
Table '3912518862 13' 7-max Seat #2 is the button
Seat 1: Kaprizov97 (29314 in chips, $11.25 bounty) 
Seat 2: tsikolaou (10670 in chips, $5 bounty) 
Seat 3: Lil_Ony69 (24232 in chips, $17.50 bounty) 
Seat 4: dem855 (46325 in chips, $5 bounty) 
Seat 5: Dyaszi7 (23809 in chips, $7.50 bounty) 
Seat 6: alcatra182 (37634 in chips, $13.75 bounty) 
Seat 7: Gabrielfs13 (34840 in chips, $5 bounty) 
Kaprizov97: posts the ante 100
tsikolaou: posts the ante 100
Lil_Ony69: posts the ante 100
dem855: posts the ante 100
Dyaszi7: posts the ante 100
alcatra182: posts the ante 100
Gabrielfs13: posts the ante 100
Lil_Ony69: posts small blind 400
dem855: posts big blind 800
*** HOLE CARDS ***
Dealt to Gabrielfs13 [6h 8c]
Dyaszi7: folds 
alcatra182: raises 880 to 1680
Gabrielfs13: folds 
Kaprizov97: folds 
tsikolaou: calls 1680
Lil_Ony69: folds 
dem855: raises 44545 to 46225 and is all-in
alcatra182: calls 35854 and is all-in
tsikolaou: folds 
Uncalled bet (8691) returned to dem855
*** FLOP *** [Qc 7c Jh]
*** TURN *** [Qc 7c Jh] [Qd]
*** RIVER *** [Qc 7c Jh Qd] [Ts]
*** SHOW DOWN ***
dem855: shows [As Kh] (a straight, Ten to Ace)
alcatra182: shows [8s 8d] (two pair, Queens and Eights)
dem855 collected 77848 from pot
dem855 wins $6.88 for eliminating alcatra182 and their own bounty increases by $6.87 to $11.87
alcatra182 finished the tournament in 640th place
*** SUMMARY ***
Total pot 77848 | Rake 0 
Board [Qc 7c Jh Qd Ts]
Seat 1: Kaprizov97 folded before Flop (didn't bet)
Seat 2: tsikolaou (button) folded before Flop
Seat 3: Lil_Ony69 (small blind) folded before Flop
Seat 4: dem855 (big blind) showed [As Kh] and won (77848) with a straight, Ten to Ace
Seat 5: Dyaszi7 folded before Flop (didn't bet)
Seat 6: alcatra182 showed [8s 8d] and lost with two pair, Queens and Eights
Seat 7: Gabrielfs13 folded before Flop (didn't bet)



PokerStars Hand #257173638789: Tournament #3912518862, $4.80+$5.00+$1.20 USD Hold'em No Limit - Level XV (500/1000) - 2025/08/01 16:14:11 BRT [2025/08/01 15:14:11 ET]
Table '3912518862 13' 7-max Seat #3 is the button
Seat 1: Kaprizov97 (29214 in chips, $11.25 bounty) 
Seat 2: tsikolaou (8890 in chips, $5 bounty) 
Seat 3: Lil_Ony69 (23732 in chips, $17.50 bounty) 
Seat 4: dem855 (86539 in chips, $11.87 bounty) 
Seat 5: Dyaszi7 (23709 in chips, $7.50 bounty) 
Seat 6: kotev17 (15817 in chips, $10.62 bounty) 
Seat 7: Gabrielfs13 (34740 in chips, $5 bounty) 
Kaprizov97: posts the ante 120
tsikolaou: posts the ante 120
Lil_Ony69: posts the ante 120
dem855: posts the ante 120
Dyaszi7: posts the ante 120
kotev17: posts the ante 120
Gabrielfs13: posts the ante 120
dem855: posts small blind 500
Dyaszi7: posts big blind 1000
*** HOLE CARDS ***
Dealt to Gabrielfs13 [2c Jc]
kotev17 is connected 
kotev17: folds 
Gabrielfs13: folds 
Kaprizov97: folds 
tsikolaou: folds 
Lil_Ony69: raises 22612 to 23612 and is all-in
dem855: raises 22612 to 46224
Dyaszi7: folds 
Uncalled bet (22612) returned to dem855
*** FLOP *** [3c Qc 9d]
*** TURN *** [3c Qc 9d] [Th]
*** RIVER *** [3c Qc 9d Th] [6d]
*** SHOW DOWN ***
dem855: shows [5h 5d] (a pair of Fives)
Lil_Ony69: shows [5c 5s] (a pair of Fives)
dem855 collected 24532 from pot
Lil_Ony69 collected 24532 from pot
*** SUMMARY ***
Total pot 49064 | Rake 0 
Board [3c Qc 9d Th 6d]
Seat 1: Kaprizov97 folded before Flop (didn't bet)
Seat 2: tsikolaou folded before Flop (didn't bet)
Seat 3: Lil_Ony69 (button) showed [5c 5s] and won (24532) with a pair of Fives
Seat 4: dem855 (small blind) showed [5h 5d] and won (24532) with a pair of Fives
Seat 5: Dyaszi7 (big blind) folded before Flop
Seat 6: kotev17 folded before Flop (didn't bet)
Seat 7: Gabrielfs13 folded before Flop (didn't bet)



PokerStars Hand #257173649944: Tournament #3912518862, $4.80+$5.00+$1.20 USD Hold'em No Limit - Level XV (500/1000) - 2025/08/01 16:15:00 BRT [2025/08/01 15:15:00 ET]
Table '3912518862 13' 7-max Seat #4 is the button
Seat 1: Kaprizov97 (29094 in chips, $11.25 bounty) 
Seat 2: tsikolaou (8770 in chips, $5 bounty) 
Seat 3: Lil_Ony69 (24532 in chips, $17.50 bounty) 
Seat 4: dem855 (87339 in chips, $11.87 bounty) 
Seat 5: Dyaszi7 (22589 in chips, $7.50 bounty) 
Seat 6: kotev17 (15697 in chips, $10.62 bounty) 
Seat 7: Gabrielfs13 (34620 in chips, $5 bounty) 
Kaprizov97: posts the ante 120
tsikolaou: posts the ante 120
Lil_Ony69: posts the ante 120
dem855: posts the ante 120
Dyaszi7: posts the ante 120
kotev17: posts the ante 120
Gabrielfs13: posts the ante 120
Dyaszi7: posts small blind 500
kotev17: posts big blind 1000
*** HOLE CARDS ***
Dealt to Gabrielfs13 [7s 5d]
Gabrielfs13: folds 
Kaprizov97: folds 
tsikolaou: folds 
Lil_Ony69: folds 
dem855: raises 1000 to 2000
Dyaszi7: raises 20469 to 22469 and is all-in
kotev17: folds 
dem855: folds 
Uncalled bet (20469) returned to Dyaszi7
Dyaszi7 collected 5840 from pot
Dyaszi7: doesn't show hand 
*** SUMMARY ***
Total pot 5840 | Rake 0 
Seat 1: Kaprizov97 folded before Flop (didn't bet)
Seat 2: tsikolaou folded before Flop (didn't bet)
Seat 3: Lil_Ony69 folded before Flop (didn't bet)
Seat 4: dem855 (button) folded before Flop
Seat 5: Dyaszi7 (small blind) collected (5840)
Seat 6: kotev17 (big blind) folded before Flop
Seat 7: Gabrielfs13 folded before Flop (didn't bet)



PokerStars Hand #257173659502: Tournament #3912518862, $4.80+$5.00+$1.20 USD Hold'em No Limit - Level XV (500/1000) - 2025/08/01 16:15:41 BRT [2025/08/01 15:15:41 ET]
Table '3912518862 13' 7-max Seat #5 is the button
Seat 1: Kaprizov97 (28974 in chips, $11.25 bounty) 
Seat 2: tsikolaou (8650 in chips, $5 bounty) 
Seat 3: Lil_Ony69 (24412 in chips, $17.50 bounty) 
Seat 4: dem855 (85219 in chips, $11.87 bounty) 
Seat 5: Dyaszi7 (26309 in chips, $7.50 bounty) 
Seat 6: kotev17 (14577 in chips, $10.62 bounty) 
Seat 7: Gabrielfs13 (34500 in chips, $5 bounty) 
Kaprizov97: posts the ante 120
tsikolaou: posts the ante 120
Lil_Ony69: posts the ante 120
dem855: posts the ante 120
Dyaszi7: posts the ante 120
kotev17: posts the ante 120
Gabrielfs13: posts the ante 120
kotev17: posts small blind 500
Gabrielfs13: posts big blind 1000
*** HOLE CARDS ***
Dealt to Gabrielfs13 [2h 9c]
Kaprizov97: folds 
tsikolaou: folds 
Lil_Ony69: folds 
dem855: folds 
Dyaszi7: folds 
kotev17: raises 1000 to 2000
Gabrielfs13: folds 
Uncalled bet (1000) returned to kotev17
kotev17 collected 2840 from pot
*** SUMMARY ***
Total pot 2840 | Rake 0 
Seat 1: Kaprizov97 folded before Flop (didn't bet)
Seat 2: tsikolaou folded before Flop (didn't bet)
Seat 3: Lil_Ony69 folded before Flop (didn't bet)
Seat 4: dem855 folded before Flop (didn't bet)
Seat 5: Dyaszi7 (button) folded before Flop (didn't bet)
Seat 6: kotev17 (small blind) collected (2840)
Seat 7: Gabrielfs13 (big blind) folded before Flop



PokerStars Hand #257173665851: Tournament #3912518862, $4.80+$5.00+$1.20 USD Hold'em No Limit - Level XV (500/1000) - 2025/08/01 16:16:09 BRT [2025/08/01 15:16:09 ET]
Table '3912518862 13' 7-max Seat #6 is the button
Seat 1: Kaprizov97 (28854 in chips, $11.25 bounty) 
Seat 2: tsikolaou (8530 in chips, $5 bounty) 
Seat 3: Lil_Ony69 (24292 in chips, $17.50 bounty) 
Seat 4: dem855 (85099 in chips, $11.87 bounty) 
Seat 5: Dyaszi7 (26189 in chips, $7.50 bounty) 
Seat 6: kotev17 (16297 in chips, $10.62 bounty) 
Seat 7: Gabrielfs13 (33380 in chips, $5 bounty) 
Kaprizov97: posts the ante 120
tsikolaou: posts the ante 120
Lil_Ony69: posts the ante 120
dem855: posts the ante 120
Dyaszi7: posts the ante 120
kotev17: posts the ante 120
Gabrielfs13: posts the ante 120
Gabrielfs13: posts small blind 500
Kaprizov97: posts big blind 1000
*** HOLE CARDS ***
Dealt to Gabrielfs13 [2h Th]
tsikolaou: raises 1200 to 2200
Lil_Ony69: folds 
dem855: folds 
Dyaszi7: folds 
kotev17: folds 
Gabrielfs13: folds 
Kaprizov97: folds 
Uncalled bet (1200) returned to tsikolaou
tsikolaou collected 3340 from pot
tsikolaou: doesn't show hand 
*** SUMMARY ***
Total pot 3340 | Rake 0 
Seat 1: Kaprizov97 (big blind) folded before Flop
Seat 2: tsikolaou collected (3340)
Seat 3: Lil_Ony69 folded before Flop (didn't bet)
Seat 4: dem855 folded before Flop (didn't bet)
Seat 5: Dyaszi7 folded before Flop (didn't bet)
Seat 6: kotev17 (button) folded before Flop (didn't bet)
Seat 7: Gabrielfs13 (small blind) folded before Flop



PokerStars Hand #257173676175: Tournament #3912518862, $4.80+$5.00+$1.20 USD Hold'em No Limit - Level XV (500/1000) - 2025/08/01 16:16:54 BRT [2025/08/01 15:16:54 ET]
Table '3912518862 13' 7-max Seat #7 is the button
Seat 1: Kaprizov97 (27734 in chips, $11.25 bounty) 
Seat 2: tsikolaou (10750 in chips, $5 bounty) 
Seat 3: Lil_Ony69 (24172 in chips, $17.50 bounty) 
Seat 4: dem855 (84979 in chips, $11.87 bounty) 
Seat 5: Dyaszi7 (26069 in chips, $7.50 bounty) 
Seat 6: kotev17 (16177 in chips, $10.62 bounty) 
Seat 7: Gabrielfs13 (32760 in chips, $5 bounty) 
Kaprizov97: posts the ante 120
tsikolaou: posts the ante 120
Lil_Ony69: posts the ante 120
dem855: posts the ante 120
Dyaszi7: posts the ante 120
kotev17: posts the ante 120
Gabrielfs13: posts the ante 120
Kaprizov97: posts small blind 500
tsikolaou: posts big blind 1000
*** HOLE CARDS ***
Dealt to Gabrielfs13 [Jh 6c]
Lil_Ony69: folds 
dem855: folds 
Dyaszi7: raises 1000 to 2000
kotev17: folds 
Gabrielfs13: folds 
Kaprizov97: folds 
tsikolaou: folds 
Uncalled bet (1000) returned to Dyaszi7
Dyaszi7 collected 3340 from pot
Dyaszi7: doesn't show hand 
*** SUMMARY ***
Total pot 3340 | Rake 0 
Seat 1: Kaprizov97 (small blind) folded before Flop
Seat 2: tsikolaou (big blind) folded before Flop
Seat 3: Lil_Ony69 folded before Flop (didn't bet)
Seat 4: dem855 folded before Flop (didn't bet)
Seat 5: Dyaszi7 collected (3340)
Seat 6: kotev17 folded before Flop (didn't bet)
Seat 7: Gabrielfs13 (button) folded before Flop (didn't bet)



PokerStars Hand #257173685681: Tournament #3912518862, $4.80+$5.00+$1.20 USD Hold'em No Limit - Level XV (500/1000) - 2025/08/01 16:17:36 BRT [2025/08/01 15:17:36 ET]
Table '3912518862 13' 7-max Seat #1 is the button
Seat 1: Kaprizov97 (27114 in chips, $11.25 bounty) 
Seat 2: tsikolaou (9630 in chips, $5 bounty) 
Seat 3: Lil_Ony69 (24052 in chips, $17.50 bounty) 
Seat 4: dem855 (84859 in chips, $11.87 bounty) 
Seat 5: Dyaszi7 (28289 in chips, $7.50 bounty) 
Seat 6: kotev17 (16057 in chips, $10.62 bounty) 
Seat 7: Gabrielfs13 (32640 in chips, $5 bounty) 
Kaprizov97: posts the ante 120
tsikolaou: posts the ante 120
Lil_Ony69: posts the ante 120
dem855: posts the ante 120
Dyaszi7: posts the ante 120
kotev17: posts the ante 120
Gabrielfs13: posts the ante 120
tsikolaou: posts small blind 500
Lil_Ony69: posts big blind 1000
*** HOLE CARDS ***
Dealt to Gabrielfs13 [Ah As]
dem855: folds 
Dyaszi7: folds 
kotev17: folds 
Gabrielfs13: raises 1000 to 2000
Kaprizov97: folds 
tsikolaou: folds 
Lil_Ony69: calls 1000
*** FLOP *** [5h Tc Ts]
Lil_Ony69: checks 
Gabrielfs13: bets 1500
Lil_Ony69: calls 1500
*** TURN *** [5h Tc Ts] [2c]
Lil_Ony69: checks 
Gabrielfs13: bets 5504
Lil_Ony69: folds 
Uncalled bet (5504) returned to Gabrielfs13
Gabrielfs13 collected 8340 from pot
Gabrielfs13: doesn't show hand 
*** SUMMARY ***
Total pot 8340 | Rake 0 
Board [5h Tc Ts 2c]
Seat 1: Kaprizov97 (button) folded before Flop (didn't bet)
Seat 2: tsikolaou (small blind) folded before Flop
Seat 3: Lil_Ony69 (big blind) folded on the Turn
Seat 4: dem855 folded before Flop (didn't bet)
Seat 5: Dyaszi7 folded before Flop (didn't bet)
Seat 6: kotev17 folded before Flop (didn't bet)
Seat 7: Gabrielfs13 collected (8340)



PokerStars Hand #257173693811: Tournament #3912518862, $4.80+$5.00+$1.20 USD Hold'em No Limit - Level XV (500/1000) - 2025/08/01 16:18:12 BRT [2025/08/01 15:18:12 ET]
Table '3912518862 13' 7-max Seat #2 is the button
Seat 1: Kaprizov97 (26994 in chips, $11.25 bounty) 
Seat 2: tsikolaou (9010 in chips, $5 bounty) 
Seat 3: Lil_Ony69 (20432 in chips, $17.50 bounty) 
Seat 4: dem855 (84739 in chips, $11.87 bounty) 
Seat 5: Dyaszi7 (28169 in chips, $7.50 bounty) 
Seat 6: kotev17 (15937 in chips, $10.62 bounty) 
Seat 7: Gabrielfs13 (37360 in chips, $5 bounty) 
Kaprizov97: posts the ante 120
tsikolaou: posts the ante 120
Lil_Ony69: posts the ante 120
dem855: posts the ante 120
Dyaszi7: posts the ante 120
kotev17: posts the ante 120
Gabrielfs13: posts the ante 120
Lil_Ony69: posts small blind 500
dem855: posts big blind 1000
*** HOLE CARDS ***
Dealt to Gabrielfs13 [Jc Th]
Dyaszi7: folds 
kotev17: folds 
Gabrielfs13: folds 
Kaprizov97: folds 
tsikolaou: raises 7890 to 8890 and is all-in
Lil_Ony69: raises 11422 to 20312 and is all-in
dem855: calls 19312
*** FLOP *** [8c 3d Ad]
*** TURN *** [8c 3d Ad] [3c]
*** RIVER *** [8c 3d Ad 3c] [8h]
*** SHOW DOWN ***
Lil_Ony69: shows [9c Qh] (two pair, Eights and Threes)
dem855: shows [6h 5h] (two pair, Eights and Threes)
Lil_Ony69 collected 11422 from side pot
dem855 collected 11422 from side pot
tsikolaou: shows [Ac 3s] (a full house, Threes full of Aces)
tsikolaou collected 27510 from main pot
*** SUMMARY ***
Total pot 50354 Main pot 27510. Side pot 22844. | Rake 0 
Board [8c 3d Ad 3c 8h]
Seat 1: Kaprizov97 folded before Flop (didn't bet)
Seat 2: tsikolaou (button) showed [Ac 3s] and won (27510) with a full house, Threes full of Aces
Seat 3: Lil_Ony69 (small blind) showed [9c Qh] and won (11422) with two pair, Eights and Threes
Seat 4: dem855 (big blind) showed [6h 5h] and won (11422) with two pair, Eights and Threes
Seat 5: Dyaszi7 folded before Flop (didn't bet)
Seat 6: kotev17 folded before Flop (didn't bet)
Seat 7: Gabrielfs13 folded before Flop (didn't bet)



PokerStars Hand #257173709185: Tournament #3912518862, $4.80+$5.00+$1.20 USD Hold'em No Limit - Level XV (500/1000) - 2025/08/01 16:19:21 BRT [2025/08/01 15:19:21 ET]
Table '3912518862 13' 7-max Seat #3 is the button
Seat 1: Kaprizov97 (26874 in chips, $11.25 bounty) 
Seat 2: tsikolaou (27510 in chips, $5 bounty) 
Seat 3: Lil_Ony69 (11422 in chips, $17.50 bounty) 
Seat 4: dem855 (75729 in chips, $11.87 bounty) 
Seat 5: Dyaszi7 (28049 in chips, $7.50 bounty) 
Seat 6: kotev17 (15817 in chips, $10.62 bounty) 
Seat 7: Gabrielfs13 (37240 in chips, $5 bounty) 
Kaprizov97: posts the ante 120
tsikolaou: posts the ante 120
Lil_Ony69: posts the ante 120
dem855: posts the ante 120
Dyaszi7: posts the ante 120
kotev17: posts the ante 120
Gabrielfs13: posts the ante 120
dem855: posts small blind 500
Dyaszi7: posts big blind 1000
*** HOLE CARDS ***
Dealt to Gabrielfs13 [Qs Ac]
kotev17: folds 
Gabrielfs13: raises 1000 to 2000
Kaprizov97: folds 
tsikolaou: folds 
Lil_Ony69: folds 
dem855: folds 
Dyaszi7: folds 
Uncalled bet (1000) returned to Gabrielfs13
Gabrielfs13 collected 3340 from pot
Gabrielfs13: doesn't show hand 
*** SUMMARY ***
Total pot 3340 | Rake 0 
Seat 1: Kaprizov97 folded before Flop (didn't bet)
Seat 2: tsikolaou folded before Flop (didn't bet)
Seat 3: Lil_Ony69 (button) folded before Flop (didn't bet)
Seat 4: dem855 (small blind) folded before Flop
Seat 5: Dyaszi7 (big blind) folded before Flop
Seat 6: kotev17 folded before Flop (didn't bet)
Seat 7: Gabrielfs13 collected (3340)



PokerStars Hand #257173714947: Tournament #3912518862, $4.80+$5.00+$1.20 USD Hold'em No Limit - Level XV (500/1000) - 2025/08/01 16:19:47 BRT [2025/08/01 15:19:47 ET]
Table '3912518862 13' 7-max Seat #4 is the button
Seat 1: Kaprizov97 (26754 in chips, $11.25 bounty) 
Seat 2: tsikolaou (27390 in chips, $5 bounty) 
Seat 3: Lil_Ony69 (11302 in chips, $17.50 bounty) 
Seat 4: dem855 (75109 in chips, $11.87 bounty) 
Seat 5: Dyaszi7 (26929 in chips, $7.50 bounty) 
Seat 6: kotev17 (15697 in chips, $10.62 bounty) 
Seat 7: Gabrielfs13 (39460 in chips, $5 bounty) 
Kaprizov97: posts the ante 120
tsikolaou: posts the ante 120
Lil_Ony69: posts the ante 120
dem855: posts the ante 120
Dyaszi7: posts the ante 120
kotev17: posts the ante 120
Gabrielfs13: posts the ante 120
Dyaszi7: posts small blind 500
kotev17: posts big blind 1000
*** HOLE CARDS ***
Dealt to Gabrielfs13 [Ah 4s]
Gabrielfs13: folds 
Kaprizov97: folds 
tsikolaou: folds 
Lil_Ony69: folds 
dem855: folds 
Dyaszi7: calls 500
kotev17: checks 
*** FLOP *** [2c Tc 7h]
Dyaszi7: checks 
kotev17: bets 1000
Dyaszi7: folds 
Uncalled bet (1000) returned to kotev17
kotev17 collected 2840 from pot
*** SUMMARY ***
Total pot 2840 | Rake 0 
Board [2c Tc 7h]
Seat 1: Kaprizov97 folded before Flop (didn't bet)
Seat 2: tsikolaou folded before Flop (didn't bet)
Seat 3: Lil_Ony69 folded before Flop (didn't bet)
Seat 4: dem855 (button) folded before Flop (didn't bet)
Seat 5: Dyaszi7 (small blind) folded on the Flop
Seat 6: kotev17 (big blind) collected (2840)
Seat 7: Gabrielfs13 folded before Flop (didn't bet)



PokerStars Hand #257173722633: Tournament #3912518862, $4.80+$5.00+$1.20 USD Hold'em No Limit - Level XVI (600/1200) - 2025/08/01 16:20:21 BRT [2025/08/01 15:20:21 ET]
Table '3912518862 13' 7-max Seat #5 is the button
Seat 1: Kaprizov97 (26634 in chips, $11.25 bounty) 
Seat 2: tsikolaou (27270 in chips, $5 bounty) 
Seat 3: Lil_Ony69 (11182 in chips, $17.50 bounty) 
Seat 4: dem855 (74989 in chips, $11.87 bounty) 
Seat 5: Dyaszi7 (25809 in chips, $7.50 bounty) 
Seat 6: kotev17 (17417 in chips, $10.62 bounty) 
Seat 7: Gabrielfs13 (39340 in chips, $5 bounty) 
Kaprizov97: posts the ante 160
tsikolaou: posts the ante 160
Lil_Ony69: posts the ante 160
dem855: posts the ante 160
Dyaszi7: posts the ante 160
kotev17: posts the ante 160
Gabrielfs13: posts the ante 160
kotev17: posts small blind 600
Gabrielfs13: posts big blind 1200
*** HOLE CARDS ***
Dealt to Gabrielfs13 [Ks 5s]
Kaprizov97: folds 
tsikolaou: folds 
Lil_Ony69: folds 
dem855: folds 
Dyaszi7: raises 1200 to 2400
kotev17: folds 
Gabrielfs13: calls 1200
*** FLOP *** [2c 8s Ah]
Gabrielfs13: checks 
Dyaszi7: bets 1200
Gabrielfs13: folds 
Uncalled bet (1200) returned to Dyaszi7
Dyaszi7 collected 6520 from pot
Dyaszi7: doesn't show hand 
*** SUMMARY ***
Total pot 6520 | Rake 0 
Board [2c 8s Ah]
Seat 1: Kaprizov97 folded before Flop (didn't bet)
Seat 2: tsikolaou folded before Flop (didn't bet)
Seat 3: Lil_Ony69 folded before Flop (didn't bet)
Seat 4: dem855 folded before Flop (didn't bet)
Seat 5: Dyaszi7 (button) collected (6520)
Seat 6: kotev17 (small blind) folded before Flop
Seat 7: Gabrielfs13 (big blind) folded on the Flop



PokerStars Hand #257173730616: Tournament #3912518862, $4.80+$5.00+$1.20 USD Hold'em No Limit - Level XVI (600/1200) - 2025/08/01 16:20:56 BRT [2025/08/01 15:20:56 ET]
Table '3912518862 13' 7-max Seat #6 is the button
Seat 1: Kaprizov97 (26474 in chips, $11.25 bounty) 
Seat 2: tsikolaou (27110 in chips, $5 bounty) 
Seat 3: Lil_Ony69 (11022 in chips, $17.50 bounty) 
Seat 4: dem855 (74829 in chips, $11.87 bounty) 
Seat 5: Dyaszi7 (29769 in chips, $7.50 bounty) 
Seat 6: kotev17 (16657 in chips, $10.62 bounty) 
Seat 7: Gabrielfs13 (36780 in chips, $5 bounty) 
Kaprizov97: posts the ante 160
tsikolaou: posts the ante 160
Lil_Ony69: posts the ante 160
dem855: posts the ante 160
Dyaszi7: posts the ante 160
kotev17: posts the ante 160
Gabrielfs13: posts the ante 160
Gabrielfs13: posts small blind 600
Kaprizov97: posts big blind 1200
*** HOLE CARDS ***
Dealt to Gabrielfs13 [2d 8d]
tsikolaou: folds 
Lil_Ony69: folds 
dem855: folds 
Dyaszi7: folds 
kotev17: folds 
Gabrielfs13: raises 1800 to 3000
Kaprizov97: raises 23314 to 26314 and is all-in
Gabrielfs13: folds 
Uncalled bet (23314) returned to Kaprizov97
Kaprizov97 collected 7120 from pot
Kaprizov97: doesn't show hand 
*** SUMMARY ***
Total pot 7120 | Rake 0 
Seat 1: Kaprizov97 (big blind) collected (7120)
Seat 2: tsikolaou folded before Flop (didn't bet)
Seat 3: Lil_Ony69 folded before Flop (didn't bet)
Seat 4: dem855 folded before Flop (didn't bet)
Seat 5: Dyaszi7 folded before Flop (didn't bet)
Seat 6: kotev17 (button) folded before Flop (didn't bet)
Seat 7: Gabrielfs13 (small blind) folded before Flop



PokerStars Hand #257173741131: Tournament #3912518862, $4.80+$5.00+$1.20 USD Hold'em No Limit - Level XVI (600/1200) - 2025/08/01 16:21:43 BRT [2025/08/01 15:21:43 ET]
Table '3912518862 13' 7-max Seat #7 is the button
Seat 1: Kaprizov97 (30434 in chips, $11.25 bounty) 
Seat 2: tsikolaou (26950 in chips, $5 bounty) 
Seat 3: Lil_Ony69 (10862 in chips, $17.50 bounty) 
Seat 4: dem855 (74669 in chips, $11.87 bounty) 
Seat 5: Dyaszi7 (29609 in chips, $7.50 bounty) 
Seat 6: kotev17 (16497 in chips, $10.62 bounty) 
Seat 7: Gabrielfs13 (33620 in chips, $5 bounty) 
Kaprizov97: posts the ante 160
tsikolaou: posts the ante 160
Lil_Ony69: posts the ante 160
dem855: posts the ante 160
Dyaszi7: posts the ante 160
kotev17: posts the ante 160
Gabrielfs13: posts the ante 160
Kaprizov97: posts small blind 600
tsikolaou: posts big blind 1200
*** HOLE CARDS ***
Dealt to Gabrielfs13 [6h Kc]
Lil_Ony69: raises 9502 to 10702 and is all-in
dem855: folds 
Dyaszi7: folds 
kotev17: folds 
Gabrielfs13: folds 
Kaprizov97: folds 
tsikolaou: folds 
Uncalled bet (9502) returned to Lil_Ony69
Lil_Ony69 collected 4120 from pot
Lil_Ony69: doesn't show hand 
*** SUMMARY ***
Total pot 4120 | Rake 0 
Seat 1: Kaprizov97 (small blind) folded before Flop
Seat 2: tsikolaou (big blind) folded before Flop
Seat 3: Lil_Ony69 collected (4120)
Seat 4: dem855 folded before Flop (didn't bet)
Seat 5: Dyaszi7 folded before Flop (didn't bet)
Seat 6: kotev17 folded before Flop (didn't bet)
Seat 7: Gabrielfs13 (button) folded before Flop (didn't bet)



PokerStars Hand #257173748475: Tournament #3912518862, $4.80+$5.00+$1.20 USD Hold'em No Limit - Level XVI (600/1200) - 2025/08/01 16:22:15 BRT [2025/08/01 15:22:15 ET]
Table '3912518862 13' 7-max Seat #1 is the button
Seat 1: Kaprizov97 (29674 in chips, $11.25 bounty) 
Seat 2: tsikolaou (25590 in chips, $5 bounty) 
Seat 3: Lil_Ony69 (13622 in chips, $17.50 bounty) 
Seat 4: dem855 (74509 in chips, $11.87 bounty) 
Seat 5: Dyaszi7 (29449 in chips, $7.50 bounty) 
Seat 6: kotev17 (16337 in chips, $10.62 bounty) 
Seat 7: Gabrielfs13 (33460 in chips, $5 bounty) 
Kaprizov97: posts the ante 160
tsikolaou: posts the ante 160
Lil_Ony69: posts the ante 160
dem855: posts the ante 160
Dyaszi7: posts the ante 160
kotev17: posts the ante 160
Gabrielfs13: posts the ante 160
tsikolaou: posts small blind 600
Lil_Ony69: posts big blind 1200
*** HOLE CARDS ***
Dealt to Gabrielfs13 [Ah 8h]
dem855: folds 
Dyaszi7: folds 
kotev17: folds 
Gabrielfs13: raises 1200 to 2400
Kaprizov97: folds 
tsikolaou: folds 
Lil_Ony69: calls 1200
*** FLOP *** [2d Tc 4h]
Lil_Ony69: checks 
Gabrielfs13: bets 2152
Lil_Ony69: raises 8910 to 11062 and is all-in
Gabrielfs13: calls 8910
*** TURN *** [2d Tc 4h] [Ad]
*** RIVER *** [2d Tc 4h Ad] [9s]
*** SHOW DOWN ***
Lil_Ony69: shows [7d Ts] (a pair of Tens)
Gabrielfs13: shows [Ah 8h] (a pair of Aces)
Gabrielfs13 collected 28644 from pot
Gabrielfs13 wins $8.75 for eliminating Lil_Ony69 and their own bounty increases by $8.75 to $13.75
Lil_Ony69 finished the tournament in 506th place
mr willmar is disconnected 
*** SUMMARY ***
Total pot 28644 | Rake 0 
Board [2d Tc 4h Ad 9s]
Seat 1: Kaprizov97 (button) folded before Flop (didn't bet)
Seat 2: tsikolaou (small blind) folded before Flop
Seat 3: Lil_Ony69 (big blind) showed [7d Ts] and lost with a pair of Tens
Seat 4: dem855 folded before Flop (didn't bet)
Seat 5: Dyaszi7 folded before Flop (didn't bet)
Seat 6: kotev17 folded before Flop (didn't bet)
Seat 7: Gabrielfs13 showed [Ah 8h] and won (28644) with a pair of Aces



PokerStars Hand #257173757966: Tournament #3912518862, $4.80+$5.00+$1.20 USD Hold'em No Limit - Level XVI (600/1200) - 2025/08/01 16:22:56 BRT [2025/08/01 15:22:56 ET]
Table '3912518862 13' 7-max Seat #2 is the button
Seat 1: Kaprizov97 (29514 in chips, $11.25 bounty) 
Seat 2: tsikolaou (24830 in chips, $5 bounty) 
Seat 3: mr willmar (15750 in chips) out of hand (moved from another table into small blind)
Seat 4: dem855 (74349 in chips, $11.87 bounty) 
Seat 5: Dyaszi7 (29289 in chips, $7.50 bounty) 
Seat 6: kotev17 (16177 in chips, $10.62 bounty) 
Seat 7: Gabrielfs13 (48482 in chips, $13.75 bounty) 
mr willmar will be allowed to play after the button
Kaprizov97: posts the ante 160
tsikolaou: posts the ante 160
dem855: posts the ante 160
Dyaszi7: posts the ante 160
kotev17: posts the ante 160
Gabrielfs13: posts the ante 160
dem855: posts small blind 600
Dyaszi7: posts big blind 1200
*** HOLE CARDS ***
Dealt to Gabrielfs13 [Jd Kc]
kotev17: raises 1200 to 2400
Gabrielfs13: folds 
Kaprizov97: folds 
tsikolaou: folds 
dem855: folds 
Dyaszi7: folds 
Uncalled bet (1200) returned to kotev17
kotev17 collected 3960 from pot
*** SUMMARY ***
Total pot 3960 | Rake 0 
Seat 1: Kaprizov97 folded before Flop (didn't bet)
Seat 2: tsikolaou (button) folded before Flop (didn't bet)
Seat 4: dem855 (small blind) folded before Flop
Seat 5: Dyaszi7 (big blind) folded before Flop
Seat 6: kotev17 collected (3960)
Seat 7: Gabrielfs13 folded before Flop (didn't bet)



PokerStars Hand #257173765359: Tournament #3912518862, $4.80+$5.00+$1.20 USD Hold'em No Limit - Level XVI (600/1200) - 2025/08/01 16:23:29 BRT [2025/08/01 15:23:29 ET]
Table '3912518862 13' 7-max Seat #4 is the button
Seat 1: Kaprizov97 (29354 in chips, $11.25 bounty) 
Seat 2: tsikolaou (24670 in chips, $5 bounty) 
Seat 3: mr willmar (15750 in chips, $5 bounty) 
Seat 4: dem855 (73589 in chips, $11.87 bounty) 
Seat 5: Dyaszi7 (27929 in chips, $7.50 bounty) 
Seat 6: kotev17 (18777 in chips, $10.62 bounty) 
Seat 7: Gabrielfs13 (48322 in chips, $13.75 bounty) 
Kaprizov97: posts the ante 160
tsikolaou: posts the ante 160
mr willmar: posts the ante 160
dem855: posts the ante 160
Dyaszi7: posts the ante 160
kotev17: posts the ante 160
Gabrielfs13: posts the ante 160
Dyaszi7: posts small blind 600
kotev17: posts big blind 1200
*** HOLE CARDS ***
Dealt to Gabrielfs13 [Kc 7s]
Gabrielfs13: folds 
Kaprizov97: raises 1200 to 2400
tsikolaou: folds 
mr willmar: folds 
dem855: folds 
Dyaszi7: folds 
kotev17: calls 1200
*** FLOP *** [As Qs 2d]
kotev17: checks 
Kaprizov97: bets 1630
kotev17: folds 
Uncalled bet (1630) returned to Kaprizov97
Kaprizov97 collected 6520 from pot
Kaprizov97: doesn't show hand 
*** SUMMARY ***
Total pot 6520 | Rake 0 
Board [As Qs 2d]
Seat 1: Kaprizov97 collected (6520)
Seat 2: tsikolaou folded before Flop (didn't bet)
Seat 3: mr willmar folded before Flop (didn't bet)
Seat 4: dem855 (button) folded before Flop (didn't bet)
Seat 5: Dyaszi7 (small blind) folded before Flop
Seat 6: kotev17 (big blind) folded on the Flop
Seat 7: Gabrielfs13 folded before Flop (didn't bet)



PokerStars Hand #257173780264: Tournament #3912518862, $4.80+$5.00+$1.20 USD Hold'em No Limit - Level XVI (600/1200) - 2025/08/01 16:24:34 BRT [2025/08/01 15:24:34 ET]
Table '3912518862 13' 7-max Seat #5 is the button
Seat 1: Kaprizov97 (33314 in chips, $11.25 bounty) 
Seat 2: tsikolaou (24510 in chips, $5 bounty) 
Seat 3: mr willmar (15590 in chips, $5 bounty) 
Seat 4: dem855 (73429 in chips, $11.87 bounty) 
Seat 5: Dyaszi7 (27169 in chips, $7.50 bounty) 
Seat 6: kotev17 (16217 in chips, $10.62 bounty) 
Seat 7: Gabrielfs13 (48162 in chips, $13.75 bounty) 
Kaprizov97: posts the ante 160
tsikolaou: posts the ante 160
mr willmar: posts the ante 160
dem855: posts the ante 160
Dyaszi7: posts the ante 160
kotev17: posts the ante 160
Gabrielfs13: posts the ante 160
kotev17: posts small blind 600
Gabrielfs13: posts big blind 1200
*** HOLE CARDS ***
Dealt to Gabrielfs13 [2h 6h]
Kaprizov97: folds 
tsikolaou: folds 
mr willmar: folds 
dem855: folds 
Dyaszi7: folds 
kotev17: raises 1200 to 2400
Gabrielfs13: calls 1200
*** FLOP *** [Jh 4d 7d]
kotev17: checks 
Gabrielfs13: bets 1800
kotev17: raises 11857 to 13657 and is all-in
Gabrielfs13: folds 
Uncalled bet (11857) returned to kotev17
kotev17 collected 9520 from pot
*** SUMMARY ***
Total pot 9520 | Rake 0 
Board [Jh 4d 7d]
Seat 1: Kaprizov97 folded before Flop (didn't bet)
Seat 2: tsikolaou folded before Flop (didn't bet)
Seat 3: mr willmar folded before Flop (didn't bet)
Seat 4: dem855 folded before Flop (didn't bet)
Seat 5: Dyaszi7 (button) folded before Flop (didn't bet)
Seat 6: kotev17 (small blind) collected (9520)
Seat 7: Gabrielfs13 (big blind) folded on the Flop



PokerStars Hand #257173802179: Tournament #3912518862, $4.80+$5.00+$1.20 USD Hold'em No Limit - Level XVI (600/1200) - 2025/08/01 16:26:08 BRT [2025/08/01 15:26:08 ET]
Table '3912518862 13' 7-max Seat #6 is the button
Seat 1: Kaprizov97 (33154 in chips, $11.25 bounty) 
Seat 2: tsikolaou (24350 in chips, $5 bounty) 
Seat 3: mr willmar (15430 in chips, $5 bounty) 
Seat 4: dem855 (73269 in chips, $11.87 bounty) 
Seat 5: Dyaszi7 (27009 in chips, $7.50 bounty) 
Seat 6: kotev17 (21377 in chips, $10.62 bounty) 
Seat 7: Gabrielfs13 (43802 in chips, $13.75 bounty) 
Kaprizov97: posts the ante 160
tsikolaou: posts the ante 160
mr willmar: posts the ante 160
dem855: posts the ante 160
Dyaszi7: posts the ante 160
kotev17: posts the ante 160
Gabrielfs13: posts the ante 160
Gabrielfs13: posts small blind 600
Kaprizov97: posts big blind 1200
*** HOLE CARDS ***
Dealt to Gabrielfs13 [8d 7d]
tsikolaou: folds 
mr willmar: folds 
dem855: folds 
Dyaszi7: raises 1200 to 2400
kotev17: folds 
Gabrielfs13: calls 1800
Kaprizov97: calls 1200
*** FLOP *** [4d As 8h]
Gabrielfs13: checks 
Kaprizov97: checks 
Dyaszi7: bets 1200
Gabrielfs13: calls 1200
Kaprizov97: calls 1200
*** TURN *** [4d As 8h] [9c]
Gabrielfs13: checks 
Kaprizov97: checks 
Dyaszi7: bets 3600
Gabrielfs13: folds 
Kaprizov97: folds 
Uncalled bet (3600) returned to Dyaszi7
Dyaszi7 collected 11920 from pot
Dyaszi7: doesn't show hand 
*** SUMMARY ***
Total pot 11920 | Rake 0 
Board [4d As 8h 9c]
Seat 1: Kaprizov97 (big blind) folded on the Turn
Seat 2: tsikolaou folded before Flop (didn't bet)
Seat 3: mr willmar folded before Flop (didn't bet)
Seat 4: dem855 folded before Flop (didn't bet)
Seat 5: Dyaszi7 collected (11920)
Seat 6: kotev17 (button) folded before Flop (didn't bet)
Seat 7: Gabrielfs13 (small blind) folded on the Turn



PokerStars Hand #257173831501: Tournament #3912518862, $4.80+$5.00+$1.20 USD Hold'em No Limit - Level XVII (800/1600) - 2025/08/01 16:28:15 BRT [2025/08/01 15:28:15 ET]
Table '3912518862 13' 7-max Seat #7 is the button
Seat 1: Kaprizov97 (29394 in chips, $11.25 bounty) 
Seat 2: tsikolaou (24190 in chips, $5 bounty) 
Seat 3: mr willmar (15270 in chips, $5 bounty) 
Seat 4: dem855 (73109 in chips, $11.87 bounty) 
Seat 5: Dyaszi7 (35169 in chips, $7.50 bounty) 
Seat 6: kotev17 (21217 in chips, $10.62 bounty) 
Seat 7: Gabrielfs13 (40042 in chips, $13.75 bounty) 
Kaprizov97: posts the ante 200
tsikolaou: posts the ante 200
mr willmar: posts the ante 200
dem855: posts the ante 200
Dyaszi7: posts the ante 200
kotev17: posts the ante 200
Gabrielfs13: posts the ante 200
Kaprizov97: posts small blind 800
tsikolaou: posts big blind 1600
*** HOLE CARDS ***
Dealt to Gabrielfs13 [Kh Jh]
mr willmar: folds 
dem855: folds 
Dyaszi7: folds 
kotev17: folds 
Gabrielfs13: raises 1600 to 3200
Kaprizov97: folds 
tsikolaou: folds 
Uncalled bet (1600) returned to Gabrielfs13
Gabrielfs13 collected 5400 from pot
Gabrielfs13: doesn't show hand 
*** SUMMARY ***
Total pot 5400 | Rake 0 
Seat 1: Kaprizov97 (small blind) folded before Flop
Seat 2: tsikolaou (big blind) folded before Flop
Seat 3: mr willmar folded before Flop (didn't bet)
Seat 4: dem855 folded before Flop (didn't bet)
Seat 5: Dyaszi7 folded before Flop (didn't bet)
Seat 6: kotev17 folded before Flop (didn't bet)
Seat 7: Gabrielfs13 (button) collected (5400)



PokerStars Hand #257173841990: Tournament #3912518862, $4.80+$5.00+$1.20 USD Hold'em No Limit - Level XVII (800/1600) - 2025/08/01 16:29:00 BRT [2025/08/01 15:29:00 ET]
Table '3912518862 13' 7-max Seat #1 is the button
Seat 1: Kaprizov97 (28394 in chips, $11.25 bounty) 
Seat 2: tsikolaou (22390 in chips, $5 bounty) 
Seat 3: mr willmar (15070 in chips, $5 bounty) 
Seat 4: dem855 (72909 in chips, $11.87 bounty) 
Seat 5: Dyaszi7 (34969 in chips, $7.50 bounty) 
Seat 6: kotev17 (21017 in chips, $10.62 bounty) 
Seat 7: Gabrielfs13 (43642 in chips, $13.75 bounty) 
Kaprizov97: posts the ante 200
tsikolaou: posts the ante 200
mr willmar: posts the ante 200
dem855: posts the ante 200
Dyaszi7: posts the ante 200
kotev17: posts the ante 200
Gabrielfs13: posts the ante 200
tsikolaou: posts small blind 800
mr willmar: posts big blind 1600
*** HOLE CARDS ***
Dealt to Gabrielfs13 [9s 5d]
dem855: folds 
Dyaszi7: folds 
kotev17: folds 
Gabrielfs13: folds 
Kaprizov97: raises 1600 to 3200
tsikolaou: folds 
mr willmar: folds 
Uncalled bet (1600) returned to Kaprizov97
Kaprizov97 collected 5400 from pot
Kaprizov97: doesn't show hand 
*** SUMMARY ***
Total pot 5400 | Rake 0 
Seat 1: Kaprizov97 (button) collected (5400)
Seat 2: tsikolaou (small blind) folded before Flop
Seat 3: mr willmar (big blind) folded before Flop
Seat 4: dem855 folded before Flop (didn't bet)
Seat 5: Dyaszi7 folded before Flop (didn't bet)
Seat 6: kotev17 folded before Flop (didn't bet)
Seat 7: Gabrielfs13 folded before Flop (didn't bet)



PokerStars Hand #257173854440: Tournament #3912518862, $4.80+$5.00+$1.20 USD Hold'em No Limit - Level XVII (800/1600) - 2025/08/01 16:29:54 BRT [2025/08/01 15:29:54 ET]
Table '3912518862 13' 7-max Seat #2 is the button
Seat 1: Kaprizov97 (31994 in chips, $11.25 bounty) 
Seat 2: tsikolaou (21390 in chips, $5 bounty) 
Seat 3: mr willmar (13270 in chips, $5 bounty) 
Seat 4: dem855 (72709 in chips, $11.87 bounty) 
Seat 5: Dyaszi7 (34769 in chips, $7.50 bounty) 
Seat 6: kotev17 (20817 in chips, $10.62 bounty) 
Seat 7: Gabrielfs13 (43442 in chips, $13.75 bounty) 
Kaprizov97: posts the ante 200
tsikolaou: posts the ante 200
mr willmar: posts the ante 200
dem855: posts the ante 200
Dyaszi7: posts the ante 200
kotev17: posts the ante 200
Gabrielfs13: posts the ante 200
mr willmar: posts small blind 800
dem855: posts big blind 1600
*** HOLE CARDS ***
Dealt to Gabrielfs13 [Qc 6h]
Dyaszi7: folds 
kotev17: folds 
Gabrielfs13: folds 
Kaprizov97: folds 
tsikolaou: folds 
mr willmar: raises 11470 to 13070 and is all-in
dem855: folds 
Uncalled bet (11470) returned to mr willmar
mr willmar collected 4600 from pot
mr willmar: doesn't show hand 
*** SUMMARY ***
Total pot 4600 | Rake 0 
Seat 1: Kaprizov97 folded before Flop (didn't bet)
Seat 2: tsikolaou (button) folded before Flop (didn't bet)
Seat 3: mr willmar (small blind) collected (4600)
Seat 4: dem855 (big blind) folded before Flop
Seat 5: Dyaszi7 folded before Flop (didn't bet)
Seat 6: kotev17 folded before Flop (didn't bet)
Seat 7: Gabrielfs13 folded before Flop (didn't bet)



PokerStars Hand #257173868581: Tournament #3912518862, $4.80+$5.00+$1.20 USD Hold'em No Limit - Level XVII (800/1600) - 2025/08/01 16:30:55 BRT [2025/08/01 15:30:55 ET]
Table '3912518862 13' 7-max Seat #3 is the button
Seat 1: Kaprizov97 (31794 in chips, $11.25 bounty) 
Seat 2: tsikolaou (21190 in chips, $5 bounty) 
Seat 3: mr willmar (16070 in chips, $5 bounty) 
Seat 4: dem855 (70909 in chips, $11.87 bounty) 
Seat 5: Dyaszi7 (34569 in chips, $7.50 bounty) 
Seat 6: kotev17 (20617 in chips, $10.62 bounty) 
Seat 7: Gabrielfs13 (43242 in chips, $13.75 bounty) 
Kaprizov97: posts the ante 200
tsikolaou: posts the ante 200
mr willmar: posts the ante 200
dem855: posts the ante 200
Dyaszi7: posts the ante 200
kotev17: posts the ante 200
Gabrielfs13: posts the ante 200
dem855: posts small blind 800
Dyaszi7: posts big blind 1600
*** HOLE CARDS ***
Dealt to Gabrielfs13 [9s 5d]
kotev17: folds 
Gabrielfs13: folds 
Kaprizov97: folds 
tsikolaou: folds 
mr willmar: folds 
dem855: raises 4000 to 5600
Dyaszi7: folds 
Uncalled bet (4000) returned to dem855
dem855 collected 4600 from pot
dem855: doesn't show hand 
*** SUMMARY ***
Total pot 4600 | Rake 0 
Seat 1: Kaprizov97 folded before Flop (didn't bet)
Seat 2: tsikolaou folded before Flop (didn't bet)
Seat 3: mr willmar (button) folded before Flop (didn't bet)
Seat 4: dem855 (small blind) collected (4600)
Seat 5: Dyaszi7 (big blind) folded before Flop
Seat 6: kotev17 folded before Flop (didn't bet)
Seat 7: Gabrielfs13 folded before Flop (didn't bet)



PokerStars Hand #257173880340: Tournament #3912518862, $4.80+$5.00+$1.20 USD Hold'em No Limit - Level XVII (800/1600) - 2025/08/01 16:31:46 BRT [2025/08/01 15:31:46 ET]
Table '3912518862 13' 7-max Seat #4 is the button
Seat 1: Kaprizov97 (31594 in chips, $11.25 bounty) 
Seat 2: tsikolaou (20990 in chips, $5 bounty) 
Seat 3: mr willmar (15870 in chips, $5 bounty) 
Seat 4: dem855 (73709 in chips, $11.87 bounty) 
Seat 5: Dyaszi7 (32769 in chips, $7.50 bounty) 
Seat 6: kotev17 (20417 in chips, $10.62 bounty) 
Seat 7: Gabrielfs13 (43042 in chips, $13.75 bounty) 
Kaprizov97: posts the ante 200
tsikolaou: posts the ante 200
mr willmar: posts the ante 200
dem855: posts the ante 200
Dyaszi7: posts the ante 200
kotev17: posts the ante 200
Gabrielfs13: posts the ante 200
Dyaszi7: posts small blind 800
kotev17: posts big blind 1600
*** HOLE CARDS ***
Dealt to Gabrielfs13 [2s 3d]
Gabrielfs13: folds 
Kaprizov97: raises 1600 to 3200
tsikolaou: folds 
mr willmar: folds 
dem855: folds 
Dyaszi7: folds 
kotev17: calls 1600
*** FLOP *** [Qd Qs Js]
kotev17: checks 
Kaprizov97: bets 2150
kotev17: calls 2150
*** TURN *** [Qd Qs Js] [Td]
kotev17: checks 
Kaprizov97: bets 26044 and is all-in
kotev17: calls 14867 and is all-in
Uncalled bet (11177) returned to Kaprizov97
*** RIVER *** [Qd Qs Js Td] [Ad]
*** SHOW DOWN ***
kotev17: shows [Ks 9h] (a straight, Ten to Ace)
Kaprizov97: shows [Jd As] (two pair, Aces and Queens)
kotev17 collected 42634 from pot
*** SUMMARY ***
Total pot 42634 | Rake 0 
Board [Qd Qs Js Td Ad]
Seat 1: Kaprizov97 showed [Jd As] and lost with two pair, Aces and Queens
Seat 2: tsikolaou folded before Flop (didn't bet)
Seat 3: mr willmar folded before Flop (didn't bet)
Seat 4: dem855 (button) folded before Flop (didn't bet)
Seat 5: Dyaszi7 (small blind) folded before Flop
Seat 6: kotev17 (big blind) showed [Ks 9h] and won (42634) with a straight, Ten to Ace
Seat 7: Gabrielfs13 folded before Flop (didn't bet)



PokerStars Hand #257173906313: Tournament #3912518862, $4.80+$5.00+$1.20 USD Hold'em No Limit - Level XVII (800/1600) - 2025/08/01 16:33:37 BRT [2025/08/01 15:33:37 ET]
Table '3912518862 13' 7-max Seat #5 is the button
Seat 1: Kaprizov97 (11177 in chips, $11.25 bounty) 
Seat 2: tsikolaou (20790 in chips, $5 bounty) 
Seat 3: mr willmar (15670 in chips, $5 bounty) 
Seat 4: dem855 (73509 in chips, $11.87 bounty) 
Seat 5: Dyaszi7 (31769 in chips, $7.50 bounty) 
Seat 6: kotev17 (42634 in chips, $10.62 bounty) 
Seat 7: Gabrielfs13 (42842 in chips, $13.75 bounty) 
Kaprizov97: posts the ante 200
tsikolaou: posts the ante 200
mr willmar: posts the ante 200
dem855: posts the ante 200
Dyaszi7: posts the ante 200
kotev17: posts the ante 200
Gabrielfs13: posts the ante 200
kotev17: posts small blind 800
Gabrielfs13: posts big blind 1600
*** HOLE CARDS ***
Dealt to Gabrielfs13 [7h 8h]
Kaprizov97: raises 9377 to 10977 and is all-in
tsikolaou: folds 
mr willmar: folds 
dem855: folds 
Dyaszi7: raises 20592 to 31569 and is all-in
kotev17: folds 
Gabrielfs13: folds 
Uncalled bet (20592) returned to Dyaszi7
*** FLOP *** [7c 4h Qc]
*** TURN *** [7c 4h Qc] [Ks]
*** RIVER *** [7c 4h Qc Ks] [3s]
*** SHOW DOWN ***
Kaprizov97: shows [Qd Qh] (three of a kind, Queens)
Dyaszi7: shows [9s 9c] (a pair of Nines)
Kaprizov97 collected 25754 from pot
*** SUMMARY ***
Total pot 25754 | Rake 0 
Board [7c 4h Qc Ks 3s]
Seat 1: Kaprizov97 showed [Qd Qh] and won (25754) with three of a kind, Queens
Seat 2: tsikolaou folded before Flop (didn't bet)
Seat 3: mr willmar folded before Flop (didn't bet)
Seat 4: dem855 folded before Flop (didn't bet)
Seat 5: Dyaszi7 (button) showed [9s 9c] and lost with a pair of Nines
Seat 6: kotev17 (small blind) folded before Flop
Seat 7: Gabrielfs13 (big blind) folded before Flop



PokerStars Hand #257173917756: Tournament #3912518862, $4.80+$5.00+$1.20 USD Hold'em No Limit - Level XVIII (1000/2000) - 2025/08/01 16:34:27 BRT [2025/08/01 15:34:27 ET]
Table '3912518862 13' 7-max Seat #6 is the button
Seat 1: Kaprizov97 (25754 in chips, $11.25 bounty) 
Seat 2: tsikolaou (20590 in chips, $5 bounty) 
Seat 3: mr willmar (15470 in chips, $5 bounty) 
Seat 4: dem855 (73309 in chips, $11.87 bounty) 
Seat 5: Dyaszi7 (20592 in chips, $7.50 bounty) 
Seat 6: kotev17 (41634 in chips, $10.62 bounty) 
Seat 7: Gabrielfs13 (41042 in chips, $13.75 bounty) 
Kaprizov97: posts the ante 240
tsikolaou: posts the ante 240
mr willmar: posts the ante 240
dem855: posts the ante 240
Dyaszi7: posts the ante 240
kotev17: posts the ante 240
Gabrielfs13: posts the ante 240
Gabrielfs13: posts small blind 1000
Kaprizov97: posts big blind 2000
*** HOLE CARDS ***
Dealt to Gabrielfs13 [9d 6d]
tsikolaou: folds 
mr willmar: raises 6680 to 8680
dem855: folds 
Dyaszi7: folds 
kotev17: folds 
Gabrielfs13: folds 
Kaprizov97: folds 
Uncalled bet (6680) returned to mr willmar
mr willmar collected 6680 from pot
mr willmar: doesn't show hand 
*** SUMMARY ***
Total pot 6680 | Rake 0 
Seat 1: Kaprizov97 (big blind) folded before Flop
Seat 2: tsikolaou folded before Flop (didn't bet)
Seat 3: mr willmar collected (6680)
Seat 4: dem855 folded before Flop (didn't bet)
Seat 5: Dyaszi7 folded before Flop (didn't bet)
Seat 6: kotev17 (button) folded before Flop (didn't bet)
Seat 7: Gabrielfs13 (small blind) folded before Flop



PokerStars Hand #257173927487: Tournament #3912518862, $4.80+$5.00+$1.20 USD Hold'em No Limit - Level XVIII (1000/2000) - 2025/08/01 16:35:09 BRT [2025/08/01 15:35:09 ET]
Table '3912518862 13' 7-max Seat #7 is the button
Seat 1: Kaprizov97 (23514 in chips, $11.25 bounty) 
Seat 2: tsikolaou (20350 in chips, $5 bounty) 
Seat 3: mr willmar (19910 in chips, $5 bounty) 
Seat 4: dem855 (73069 in chips, $11.87 bounty) 
Seat 5: Dyaszi7 (20352 in chips, $7.50 bounty) 
Seat 6: kotev17 (41394 in chips, $10.62 bounty) 
Seat 7: Gabrielfs13 (39802 in chips, $13.75 bounty) 
Kaprizov97: posts the ante 240
tsikolaou: posts the ante 240
mr willmar: posts the ante 240
dem855: posts the ante 240
Dyaszi7: posts the ante 240
kotev17: posts the ante 240
Gabrielfs13: posts the ante 240
Kaprizov97: posts small blind 1000
tsikolaou: posts big blind 2000
*** HOLE CARDS ***
Dealt to Gabrielfs13 [6h Jh]
mr willmar: folds 
dem855: raises 2000 to 4000
Dyaszi7: folds 
kotev17: folds 
Gabrielfs13: folds 
Kaprizov97: folds 
tsikolaou: folds 
Uncalled bet (2000) returned to dem855
dem855 collected 6680 from pot
dem855: doesn't show hand 
*** SUMMARY ***
Total pot 6680 | Rake 0 
Seat 1: Kaprizov97 (small blind) folded before Flop
Seat 2: tsikolaou (big blind) folded before Flop
Seat 3: mr willmar folded before Flop (didn't bet)
Seat 4: dem855 collected (6680)
Seat 5: Dyaszi7 folded before Flop (didn't bet)
Seat 6: kotev17 folded before Flop (didn't bet)
Seat 7: Gabrielfs13 (button) folded before Flop (didn't bet)



PokerStars Hand #257173936329: Tournament #3912518862, $4.80+$5.00+$1.20 USD Hold'em No Limit - Level XVIII (1000/2000) - 2025/08/01 16:35:47 BRT [2025/08/01 15:35:47 ET]
Table '3912518862 13' 7-max Seat #1 is the button
Seat 1: Kaprizov97 (22274 in chips, $11.25 bounty) 
Seat 2: tsikolaou (18110 in chips, $5 bounty) 
Seat 3: mr willmar (19670 in chips, $5 bounty) 
Seat 4: dem855 (77509 in chips, $11.87 bounty) 
Seat 5: Dyaszi7 (20112 in chips, $7.50 bounty) 
Seat 6: kotev17 (41154 in chips, $10.62 bounty) 
Seat 7: Gabrielfs13 (39562 in chips, $13.75 bounty) 
Kaprizov97: posts the ante 240
tsikolaou: posts the ante 240
mr willmar: posts the ante 240
dem855: posts the ante 240
Dyaszi7: posts the ante 240
kotev17: posts the ante 240
Gabrielfs13: posts the ante 240
tsikolaou: posts small blind 1000
mr willmar: posts big blind 2000
*** HOLE CARDS ***
Dealt to Gabrielfs13 [8c 4h]
dem855: folds 
Dyaszi7: raises 17872 to 19872 and is all-in
kotev17: folds 
Gabrielfs13: folds 
Kaprizov97: folds 
tsikolaou: folds 
mr willmar: folds 
Uncalled bet (17872) returned to Dyaszi7
Dyaszi7 collected 6680 from pot
Dyaszi7: doesn't show hand 
*** SUMMARY ***
Total pot 6680 | Rake 0 
Seat 1: Kaprizov97 (button) folded before Flop (didn't bet)
Seat 2: tsikolaou (small blind) folded before Flop
Seat 3: mr willmar (big blind) folded before Flop
Seat 4: dem855 folded before Flop (didn't bet)
Seat 5: Dyaszi7 collected (6680)
Seat 6: kotev17 folded before Flop (didn't bet)
Seat 7: Gabrielfs13 folded before Flop (didn't bet)



PokerStars Hand #257173953768: Tournament #3912518862, $4.80+$5.00+$1.20 USD Hold'em No Limit - Level XVIII (1000/2000) - 2025/08/01 16:37:02 BRT [2025/08/01 15:37:02 ET]
Table '3912518862 13' 7-max Seat #2 is the button
Seat 1: Kaprizov97 (22034 in chips, $11.25 bounty) 
Seat 2: tsikolaou (16870 in chips, $5 bounty) 
Seat 3: mr willmar (17430 in chips, $5 bounty) 
Seat 4: dem855 (77269 in chips, $11.87 bounty) 
Seat 5: Dyaszi7 (24552 in chips, $7.50 bounty) 
Seat 6: kotev17 (40914 in chips, $10.62 bounty) 
Seat 7: Gabrielfs13 (39322 in chips, $13.75 bounty) 
Kaprizov97: posts the ante 240
tsikolaou: posts the ante 240
mr willmar: posts the ante 240
dem855: posts the ante 240
Dyaszi7: posts the ante 240
kotev17: posts the ante 240
Gabrielfs13: posts the ante 240
mr willmar: posts small blind 1000
dem855: posts big blind 2000
*** HOLE CARDS ***
Dealt to Gabrielfs13 [Td 9c]
Dyaszi7: folds 
kotev17: folds 
Gabrielfs13: folds 
Kaprizov97: folds 
tsikolaou: raises 14630 to 16630 and is all-in
mr willmar: folds 
dem855: folds 
Uncalled bet (14630) returned to tsikolaou
tsikolaou collected 6680 from pot
tsikolaou: doesn't show hand 
*** SUMMARY ***
Total pot 6680 | Rake 0 
Seat 1: Kaprizov97 folded before Flop (didn't bet)
Seat 2: tsikolaou (button) collected (6680)
Seat 3: mr willmar (small blind) folded before Flop
Seat 4: dem855 (big blind) folded before Flop
Seat 5: Dyaszi7 folded before Flop (didn't bet)
Seat 6: kotev17 folded before Flop (didn't bet)
Seat 7: Gabrielfs13 folded before Flop (didn't bet)



PokerStars Hand #257173963051: Tournament #3912518862, $4.80+$5.00+$1.20 USD Hold'em No Limit - Level XVIII (1000/2000) - 2025/08/01 16:37:42 BRT [2025/08/01 15:37:42 ET]
Table '3912518862 13' 7-max Seat #3 is the button
Seat 1: Kaprizov97 (21794 in chips, $11.25 bounty) 
Seat 2: tsikolaou (21310 in chips, $5 bounty) 
Seat 3: mr willmar (16190 in chips, $5 bounty) 
Seat 4: dem855 (75029 in chips, $11.87 bounty) 
Seat 5: Dyaszi7 (24312 in chips, $7.50 bounty) 
Seat 6: kotev17 (40674 in chips, $10.62 bounty) 
Seat 7: Gabrielfs13 (39082 in chips, $13.75 bounty) 
Kaprizov97: posts the ante 240
tsikolaou: posts the ante 240
mr willmar: posts the ante 240
dem855: posts the ante 240
Dyaszi7: posts the ante 240
kotev17: posts the ante 240
Gabrielfs13: posts the ante 240
dem855: posts small blind 1000
Dyaszi7: posts big blind 2000
*** HOLE CARDS ***
Dealt to Gabrielfs13 [Kc 6s]
kotev17: folds 
Gabrielfs13: folds 
Kaprizov97: folds 
tsikolaou: folds 
mr willmar: folds 
dem855: raises 72789 to 74789 and is all-in
Dyaszi7: folds 
Uncalled bet (72789) returned to dem855
dem855 collected 5680 from pot
dem855: doesn't show hand 
*** SUMMARY ***
Total pot 5680 | Rake 0 
Seat 1: Kaprizov97 folded before Flop (didn't bet)
Seat 2: tsikolaou folded before Flop (didn't bet)
Seat 3: mr willmar (button) folded before Flop (didn't bet)
Seat 4: dem855 (small blind) collected (5680)
Seat 5: Dyaszi7 (big blind) folded before Flop
Seat 6: kotev17 folded before Flop (didn't bet)
Seat 7: Gabrielfs13 folded before Flop (didn't bet)



PokerStars Hand #257173975964: Tournament #3912518862, $4.80+$5.00+$1.20 USD Hold'em No Limit - Level XVIII (1000/2000) - 2025/08/01 16:38:38 BRT [2025/08/01 15:38:38 ET]
Table '3912518862 13' 7-max Seat #4 is the button
Seat 1: Kaprizov97 (21554 in chips, $11.25 bounty) 
Seat 2: tsikolaou (21070 in chips, $5 bounty) 
Seat 3: mr willmar (15950 in chips, $5 bounty) 
Seat 4: dem855 (78469 in chips, $11.87 bounty) 
Seat 5: Dyaszi7 (22072 in chips, $7.50 bounty) 
Seat 6: kotev17 (40434 in chips, $10.62 bounty) 
Seat 7: Gabrielfs13 (38842 in chips, $13.75 bounty) 
Kaprizov97: posts the ante 240
tsikolaou: posts the ante 240
mr willmar: posts the ante 240
dem855: posts the ante 240
Dyaszi7: posts the ante 240
kotev17: posts the ante 240
Gabrielfs13: posts the ante 240
Dyaszi7: posts small blind 1000
kotev17: posts big blind 2000
*** HOLE CARDS ***
Dealt to Gabrielfs13 [Tc 6d]
Gabrielfs13: folds 
Kaprizov97: folds 
tsikolaou: folds 
mr willmar: folds 
dem855: raises 76229 to 78229 and is all-in
Dyaszi7: folds 
kotev17: folds 
Uncalled bet (76229) returned to dem855
dem855 collected 6680 from pot
dem855: doesn't show hand 
*** SUMMARY ***
Total pot 6680 | Rake 0 
Seat 1: Kaprizov97 folded before Flop (didn't bet)
Seat 2: tsikolaou folded before Flop (didn't bet)
Seat 3: mr willmar folded before Flop (didn't bet)
Seat 4: dem855 (button) collected (6680)
Seat 5: Dyaszi7 (small blind) folded before Flop
Seat 6: kotev17 (big blind) folded before Flop
Seat 7: Gabrielfs13 folded before Flop (didn't bet)



PokerStars Hand #257173982809: Tournament #3912518862, $4.80+$5.00+$1.20 USD Hold'em No Limit - Level XVIII (1000/2000) - 2025/08/01 16:39:07 BRT [2025/08/01 15:39:07 ET]
Table '3912518862 13' 7-max Seat #5 is the button
Seat 1: Kaprizov97 (21314 in chips, $11.25 bounty) 
Seat 2: tsikolaou (20830 in chips, $5 bounty) 
Seat 3: mr willmar (15710 in chips, $5 bounty) 
Seat 4: dem855 (82909 in chips, $11.87 bounty) 
Seat 5: Dyaszi7 (20832 in chips, $7.50 bounty) 
Seat 6: kotev17 (38194 in chips, $10.62 bounty) 
Seat 7: Gabrielfs13 (38602 in chips, $13.75 bounty) 
Kaprizov97: posts the ante 240
tsikolaou: posts the ante 240
mr willmar: posts the ante 240
dem855: posts the ante 240
Dyaszi7: posts the ante 240
kotev17: posts the ante 240
Gabrielfs13: posts the ante 240
kotev17: posts small blind 1000
Gabrielfs13: posts big blind 2000
*** HOLE CARDS ***
Dealt to Gabrielfs13 [8s 6d]
Kaprizov97: folds 
tsikolaou: folds 
mr willmar: folds 
dem855: raises 2000 to 4000
Dyaszi7: raises 16592 to 20592 and is all-in
kotev17: folds 
Gabrielfs13: folds 
dem855: folds 
Uncalled bet (16592) returned to Dyaszi7
Dyaszi7 collected 12680 from pot
Dyaszi7: doesn't show hand 
*** SUMMARY ***
Total pot 12680 | Rake 0 
Seat 1: Kaprizov97 folded before Flop (didn't bet)
Seat 2: tsikolaou folded before Flop (didn't bet)
Seat 3: mr willmar folded before Flop (didn't bet)
Seat 4: dem855 folded before Flop
Seat 5: Dyaszi7 (button) collected (12680)
Seat 6: kotev17 (small blind) folded before Flop
Seat 7: Gabrielfs13 (big blind) folded before Flop



PokerStars Hand #257173996627: Tournament #3912518862, $4.80+$5.00+$1.20 USD Hold'em No Limit - Level XVIII (1000/2000) - 2025/08/01 16:40:07 BRT [2025/08/01 15:40:07 ET]
Table '3912518862 13' 7-max Seat #6 is the button
Seat 1: Kaprizov97 (21074 in chips, $11.25 bounty) 
Seat 2: tsikolaou (20590 in chips, $5 bounty) 
Seat 3: mr willmar (15470 in chips, $5 bounty) 
Seat 4: dem855 (78669 in chips, $11.87 bounty) 
Seat 5: Dyaszi7 (29272 in chips, $7.50 bounty) 
Seat 6: kotev17 (36954 in chips, $10.62 bounty) 
Seat 7: Gabrielfs13 (36362 in chips, $13.75 bounty) 
Kaprizov97: posts the ante 240
tsikolaou: posts the ante 240
mr willmar: posts the ante 240
dem855: posts the ante 240
Dyaszi7: posts the ante 240
kotev17: posts the ante 240
Gabrielfs13: posts the ante 240
Gabrielfs13: posts small blind 1000
Kaprizov97: posts big blind 2000
*** HOLE CARDS ***
Dealt to Gabrielfs13 [Kh 6s]
tsikolaou: folds 
mr willmar: folds 
dem855: raises 2000 to 4000
Dyaszi7: folds 
kotev17: folds 
Gabrielfs13: folds 
Kaprizov97: folds 
Uncalled bet (2000) returned to dem855
dem855 collected 6680 from pot
dem855: doesn't show hand 
*** SUMMARY ***
Total pot 6680 | Rake 0 
Seat 1: Kaprizov97 (big blind) folded before Flop
Seat 2: tsikolaou folded before Flop (didn't bet)
Seat 3: mr willmar folded before Flop (didn't bet)
Seat 4: dem855 collected (6680)
Seat 5: Dyaszi7 folded before Flop (didn't bet)
Seat 6: kotev17 (button) folded before Flop (didn't bet)
Seat 7: Gabrielfs13 (small blind) folded before Flop



PokerStars Hand #257174011342: Tournament #3912518862, $4.80+$5.00+$1.20 USD Hold'em No Limit - Level XVIII (1000/2000) - 2025/08/01 16:41:10 BRT [2025/08/01 15:41:10 ET]
Table '3912518862 13' 7-max Seat #7 is the button
Seat 1: Kaprizov97 (18834 in chips, $11.25 bounty) 
Seat 2: tsikolaou (20350 in chips, $5 bounty) 
Seat 3: mr willmar (15230 in chips, $5 bounty) 
Seat 4: dem855 (83109 in chips, $11.87 bounty) 
Seat 5: Dyaszi7 (29032 in chips, $7.50 bounty) 
Seat 6: kotev17 (36714 in chips, $10.62 bounty) 
Seat 7: Gabrielfs13 (35122 in chips, $13.75 bounty) 
Kaprizov97: posts the ante 240
tsikolaou: posts the ante 240
mr willmar: posts the ante 240
dem855: posts the ante 240
Dyaszi7: posts the ante 240
kotev17: posts the ante 240
Gabrielfs13: posts the ante 240
Kaprizov97: posts small blind 1000
tsikolaou: posts big blind 2000
*** HOLE CARDS ***
Dealt to Gabrielfs13 [2s 7d]
mr willmar: raises 2000 to 4000
dem855: folds 
Dyaszi7: folds 
kotev17: folds 
Gabrielfs13: folds 
Kaprizov97: folds 
tsikolaou: raises 16110 to 20110 and is all-in
mr willmar: calls 10990 and is all-in
Uncalled bet (5120) returned to tsikolaou
*** FLOP *** [5h 7c Ks]
*** TURN *** [5h 7c Ks] [8c]
*** RIVER *** [5h 7c Ks 8c] [3d]
*** SHOW DOWN ***
tsikolaou: shows [Qc Qh] (a pair of Queens)
mr willmar: shows [Jd Ad] (high card Ace)
tsikolaou collected 32660 from pot
tsikolaou wins $2.50 for eliminating mr willmar and their own bounty increases by $2.50 to $7.50
*** SUMMARY ***
Total pot 32660 | Rake 0 
Board [5h 7c Ks 8c 3d]
Seat 1: Kaprizov97 (small blind) folded before Flop
Seat 2: tsikolaou (big blind) showed [Qc Qh] and won (32660) with a pair of Queens
Seat 3: mr willmar showed [Jd Ad] and lost with high card Ace
Seat 4: dem855 folded before Flop (didn't bet)
Seat 5: Dyaszi7 folded before Flop (didn't bet)
Seat 6: kotev17 folded before Flop (didn't bet)
Seat 7: Gabrielfs13 (button) folded before Flop (didn't bet)



PokerStars Hand #257174046635: Tournament #3912518862, $4.80+$5.00+$1.20 USD Hold'em No Limit - Level XIX (1250/2500) - 2025/08/01 16:43:42 BRT [2025/08/01 15:43:42 ET]
Table '3912518862 13' 7-max Seat #1 is the button
Seat 1: Kaprizov97 (17594 in chips, $11.25 bounty) 
Seat 2: tsikolaou (37780 in chips, $7.50 bounty) 
Seat 3: KroetederBiker (55109 in chips, $13.12 bounty) 
Seat 4: dem855 (82869 in chips, $11.87 bounty) 
Seat 5: Dyaszi7 (28792 in chips, $7.50 bounty) 
Seat 6: kotev17 (36474 in chips, $10.62 bounty) 
Seat 7: Gabrielfs13 (34882 in chips, $13.75 bounty) 
Kaprizov97: posts the ante 300
tsikolaou: posts the ante 300
KroetederBiker: posts the ante 300
dem855: posts the ante 300
Dyaszi7: posts the ante 300
kotev17: posts the ante 300
Gabrielfs13: posts the ante 300
tsikolaou: posts small blind 1250
KroetederBiker: posts big blind 2500
*** HOLE CARDS ***
Dealt to Gabrielfs13 [9s As]
dem855: folds 
Dyaszi7: folds 
kotev17: folds 
Gabrielfs13: raises 32082 to 34582 and is all-in
Kaprizov97: folds 
tsikolaou: folds 
KroetederBiker: folds 
Uncalled bet (32082) returned to Gabrielfs13
Gabrielfs13 collected 8350 from pot
Gabrielfs13: doesn't show hand 
*** SUMMARY ***
Total pot 8350 | Rake 0 
Seat 1: Kaprizov97 (button) folded before Flop (didn't bet)
Seat 2: tsikolaou (small blind) folded before Flop
Seat 3: KroetederBiker (big blind) folded before Flop
Seat 4: dem855 folded before Flop (didn't bet)
Seat 5: Dyaszi7 folded before Flop (didn't bet)
Seat 6: kotev17 folded before Flop (didn't bet)
Seat 7: Gabrielfs13 collected (8350)



PokerStars Hand #257174053212: Tournament #3912518862, $4.80+$5.00+$1.20 USD Hold'em No Limit - Level XIX (1250/2500) - 2025/08/01 16:44:10 BRT [2025/08/01 15:44:10 ET]
Table '3912518862 13' 7-max Seat #2 is the button
Seat 1: Kaprizov97 (17294 in chips, $11.25 bounty) 
Seat 2: tsikolaou (36230 in chips, $7.50 bounty) 
Seat 3: KroetederBiker (52309 in chips, $13.12 bounty) 
Seat 4: dem855 (82569 in chips, $11.87 bounty) 
Seat 5: Dyaszi7 (28492 in chips, $7.50 bounty) 
Seat 6: kotev17 (36174 in chips, $10.62 bounty) 
Seat 7: Gabrielfs13 (40432 in chips, $13.75 bounty) 
Kaprizov97: posts the ante 300
tsikolaou: posts the ante 300
KroetederBiker: posts the ante 300
dem855: posts the ante 300
Dyaszi7: posts the ante 300
kotev17: posts the ante 300
Gabrielfs13: posts the ante 300
KroetederBiker: posts small blind 1250
dem855: posts big blind 2500
*** HOLE CARDS ***
Dealt to Gabrielfs13 [8d Jc]
Dyaszi7: folds 
kotev17: folds 
Gabrielfs13: folds 
Kaprizov97: folds 
tsikolaou: raises 33430 to 35930 and is all-in
KroetederBiker: folds 
dem855: folds 
Uncalled bet (33430) returned to tsikolaou
tsikolaou collected 8350 from pot
tsikolaou: doesn't show hand 
*** SUMMARY ***
Total pot 8350 | Rake 0 
Seat 1: Kaprizov97 folded before Flop (didn't bet)
Seat 2: tsikolaou (button) collected (8350)
Seat 3: KroetederBiker (small blind) folded before Flop
Seat 4: dem855 (big blind) folded before Flop
Seat 5: Dyaszi7 folded before Flop (didn't bet)
Seat 6: kotev17 folded before Flop (didn't bet)
Seat 7: Gabrielfs13 folded before Flop (didn't bet)



PokerStars Hand #257174059362: Tournament #3912518862, $4.80+$5.00+$1.20 USD Hold'em No Limit - Level XIX (1250/2500) - 2025/08/01 16:44:36 BRT [2025/08/01 15:44:36 ET]
Table '3912518862 13' 7-max Seat #3 is the button
Seat 1: Kaprizov97 (16994 in chips, $11.25 bounty) 
Seat 2: tsikolaou (41780 in chips, $7.50 bounty) 
Seat 3: KroetederBiker (50759 in chips, $13.12 bounty) 
Seat 4: dem855 (79769 in chips, $11.87 bounty) 
Seat 5: Dyaszi7 (28192 in chips, $7.50 bounty) 
Seat 6: kotev17 (35874 in chips, $10.62 bounty) 
Seat 7: Gabrielfs13 (40132 in chips, $13.75 bounty) 
Kaprizov97: posts the ante 300
tsikolaou: posts the ante 300
KroetederBiker: posts the ante 300
dem855: posts the ante 300
Dyaszi7: posts the ante 300
kotev17: posts the ante 300
Gabrielfs13: posts the ante 300
dem855: posts small blind 1250
Dyaszi7: posts big blind 2500
*** HOLE CARDS ***
Dealt to Gabrielfs13 [2c 8c]
kotev17: folds 
Gabrielfs13: folds 
Kaprizov97: folds 
tsikolaou: folds 
KroetederBiker: folds 
dem855: raises 76969 to 79469 and is all-in
Dyaszi7: folds 
Uncalled bet (76969) returned to dem855
dem855 collected 7100 from pot
dem855: doesn't show hand 
*** SUMMARY ***
Total pot 7100 | Rake 0 
Seat 1: Kaprizov97 folded before Flop (didn't bet)
Seat 2: tsikolaou folded before Flop (didn't bet)
Seat 3: KroetederBiker (button) folded before Flop (didn't bet)
Seat 4: dem855 (small blind) collected (7100)
Seat 5: Dyaszi7 (big blind) folded before Flop
Seat 6: kotev17 folded before Flop (didn't bet)
Seat 7: Gabrielfs13 folded before Flop (didn't bet)



PokerStars Hand #257174069439: Tournament #3912518862, $4.80+$5.00+$1.20 USD Hold'em No Limit - Level XIX (1250/2500) - 2025/08/01 16:45:20 BRT [2025/08/01 15:45:20 ET]
Table '3912518862 13' 7-max Seat #4 is the button
Seat 1: Kaprizov97 (16694 in chips, $11.25 bounty) 
Seat 2: tsikolaou (41480 in chips, $7.50 bounty) 
Seat 3: KroetederBiker (50459 in chips, $13.12 bounty) 
Seat 4: dem855 (84069 in chips, $11.87 bounty) 
Seat 5: Dyaszi7 (25392 in chips, $7.50 bounty) 
Seat 6: kotev17 (35574 in chips, $10.62 bounty) 
Seat 7: Gabrielfs13 (39832 in chips, $13.75 bounty) 
Kaprizov97: posts the ante 300
tsikolaou: posts the ante 300
KroetederBiker: posts the ante 300
dem855: posts the ante 300
Dyaszi7: posts the ante 300
kotev17: posts the ante 300
Gabrielfs13: posts the ante 300
Dyaszi7: posts small blind 1250
kotev17: posts big blind 2500
*** HOLE CARDS ***
Dealt to Gabrielfs13 [5d Ts]
Gabrielfs13: folds 
Kaprizov97: folds 
tsikolaou: folds 
KroetederBiker: folds 
dem855: folds 
Dyaszi7: raises 22592 to 25092 and is all-in
kotev17: folds 
Uncalled bet (22592) returned to Dyaszi7
Dyaszi7 collected 7100 from pot
Dyaszi7: doesn't show hand 
*** SUMMARY ***
Total pot 7100 | Rake 0 
Seat 1: Kaprizov97 folded before Flop (didn't bet)
Seat 2: tsikolaou folded before Flop (didn't bet)
Seat 3: KroetederBiker folded before Flop (didn't bet)
Seat 4: dem855 (button) folded before Flop (didn't bet)
Seat 5: Dyaszi7 (small blind) collected (7100)
Seat 6: kotev17 (big blind) folded before Flop
Seat 7: Gabrielfs13 folded before Flop (didn't bet)



PokerStars Hand #257174077329: Tournament #3912518862, $4.80+$5.00+$1.20 USD Hold'em No Limit - Level XIX (1250/2500) - 2025/08/01 16:45:53 BRT [2025/08/01 15:45:53 ET]
Table '3912518862 13' 7-max Seat #5 is the button
Seat 1: Kaprizov97 (16394 in chips, $11.25 bounty) 
Seat 2: tsikolaou (41180 in chips, $7.50 bounty) 
Seat 3: KroetederBiker (50159 in chips, $13.12 bounty) 
Seat 4: dem855 (83769 in chips, $11.87 bounty) 
Seat 5: Dyaszi7 (29692 in chips, $7.50 bounty) 
Seat 6: kotev17 (32774 in chips, $10.62 bounty) 
Seat 7: Gabrielfs13 (39532 in chips, $13.75 bounty) 
Kaprizov97: posts the ante 300
tsikolaou: posts the ante 300
KroetederBiker: posts the ante 300
dem855: posts the ante 300
Dyaszi7: posts the ante 300
kotev17: posts the ante 300
Gabrielfs13: posts the ante 300
kotev17: posts small blind 1250
Gabrielfs13: posts big blind 2500
*** HOLE CARDS ***
Dealt to Gabrielfs13 [Tc 6h]
Kaprizov97: folds 
tsikolaou: folds 
KroetederBiker: folds 
dem855: folds 
Dyaszi7: folds 
kotev17: calls 1250
Gabrielfs13: checks 
*** FLOP *** [5h 6s 6c]
kotev17: checks 
Gabrielfs13: bets 3750
kotev17: folds 
Uncalled bet (3750) returned to Gabrielfs13
Gabrielfs13 collected 7100 from pot
Gabrielfs13: doesn't show hand 
*** SUMMARY ***
Total pot 7100 | Rake 0 
Board [5h 6s 6c]
Seat 1: Kaprizov97 folded before Flop (didn't bet)
Seat 2: tsikolaou folded before Flop (didn't bet)
Seat 3: KroetederBiker folded before Flop (didn't bet)
Seat 4: dem855 folded before Flop (didn't bet)
Seat 5: Dyaszi7 (button) folded before Flop (didn't bet)
Seat 6: kotev17 (small blind) folded on the Flop
Seat 7: Gabrielfs13 (big blind) collected (7100)



PokerStars Hand #257174091664: Tournament #3912518862, $4.80+$5.00+$1.20 USD Hold'em No Limit - Level XIX (1250/2500) - 2025/08/01 16:46:54 BRT [2025/08/01 15:46:54 ET]
Table '3912518862 13' 7-max Seat #6 is the button
Seat 1: Kaprizov97 (16094 in chips, $11.25 bounty) 
Seat 2: tsikolaou (40880 in chips, $7.50 bounty) 
Seat 3: KroetederBiker (49859 in chips, $13.12 bounty) 
Seat 4: dem855 (83469 in chips, $11.87 bounty) 
Seat 5: Dyaszi7 (29392 in chips, $7.50 bounty) 
Seat 6: kotev17 (29974 in chips, $10.62 bounty) 
Seat 7: Gabrielfs13 (43832 in chips, $13.75 bounty) 
Kaprizov97: posts the ante 300
tsikolaou: posts the ante 300
KroetederBiker: posts the ante 300
dem855: posts the ante 300
Dyaszi7: posts the ante 300
kotev17: posts the ante 300
Gabrielfs13: posts the ante 300
Gabrielfs13: posts small blind 1250
Kaprizov97: posts big blind 2500
*** HOLE CARDS ***
Dealt to Gabrielfs13 [8c 5s]
tsikolaou: folds 
KroetederBiker: raises 4250 to 6750
dem855: folds 
Dyaszi7: folds 
kotev17: folds 
Gabrielfs13: folds 
Kaprizov97: folds 
Uncalled bet (4250) returned to KroetederBiker
KroetederBiker collected 8350 from pot
KroetederBiker: doesn't show hand 
*** SUMMARY ***
Total pot 8350 | Rake 0 
Seat 1: Kaprizov97 (big blind) folded before Flop
Seat 2: tsikolaou folded before Flop (didn't bet)
Seat 3: KroetederBiker collected (8350)
Seat 4: dem855 folded before Flop (didn't bet)
Seat 5: Dyaszi7 folded before Flop (didn't bet)
Seat 6: kotev17 (button) folded before Flop (didn't bet)
Seat 7: Gabrielfs13 (small blind) folded before Flop



PokerStars Hand #257174108912: Tournament #3912518862, $4.80+$5.00+$1.20 USD Hold'em No Limit - Level XIX (1250/2500) - 2025/08/01 16:48:08 BRT [2025/08/01 15:48:08 ET]
Table '3912518862 13' 7-max Seat #7 is the button
Seat 1: Kaprizov97 (13294 in chips, $11.25 bounty) 
Seat 2: tsikolaou (40580 in chips, $7.50 bounty) 
Seat 3: KroetederBiker (55409 in chips, $13.12 bounty) 
Seat 4: dem855 (83169 in chips, $11.87 bounty) 
Seat 5: Dyaszi7 (29092 in chips, $7.50 bounty) 
Seat 6: kotev17 (29674 in chips, $10.62 bounty) 
Seat 7: Gabrielfs13 (42282 in chips, $13.75 bounty) 
Kaprizov97: posts the ante 300
tsikolaou: posts the ante 300
KroetederBiker: posts the ante 300
dem855: posts the ante 300
Dyaszi7: posts the ante 300
kotev17: posts the ante 300
Gabrielfs13: posts the ante 300
Kaprizov97: posts small blind 1250
tsikolaou: posts big blind 2500
*** HOLE CARDS ***
Dealt to Gabrielfs13 [9d 5c]
KroetederBiker: folds 
dem855: folds 
Dyaszi7: folds 
kotev17: folds 
Gabrielfs13: folds 
Kaprizov97: folds 
Uncalled bet (1250) returned to tsikolaou
tsikolaou collected 4600 from pot
tsikolaou: doesn't show hand 
*** SUMMARY ***
Total pot 4600 | Rake 0 
Seat 1: Kaprizov97 (small blind) folded before Flop
Seat 2: tsikolaou (big blind) collected (4600)
Seat 3: KroetederBiker folded before Flop (didn't bet)
Seat 4: dem855 folded before Flop (didn't bet)
Seat 5: Dyaszi7 folded before Flop (didn't bet)
Seat 6: kotev17 folded before Flop (didn't bet)
Seat 7: Gabrielfs13 (button) folded before Flop (didn't bet)



PokerStars Hand #257174115317: Tournament #3912518862, $4.80+$5.00+$1.20 USD Hold'em No Limit - Level XX (1500/3000) - 2025/08/01 16:48:36 BRT [2025/08/01 15:48:36 ET]
Table '3912518862 13' 7-max Seat #1 is the button
Seat 1: Kaprizov97 (11744 in chips, $11.25 bounty) 
Seat 2: tsikolaou (43630 in chips, $7.50 bounty) 
Seat 3: KroetederBiker (55109 in chips, $13.12 bounty) 
Seat 4: dem855 (82869 in chips, $11.87 bounty) 
Seat 5: Dyaszi7 (28792 in chips, $7.50 bounty) 
Seat 6: kotev17 (29374 in chips, $10.62 bounty) 
Seat 7: Gabrielfs13 (41982 in chips, $13.75 bounty) 
Kaprizov97: posts the ante 350
tsikolaou: posts the ante 350
KroetederBiker: posts the ante 350
dem855: posts the ante 350
Dyaszi7: posts the ante 350
kotev17: posts the ante 350
Gabrielfs13: posts the ante 350
tsikolaou: posts small blind 1500
KroetederBiker: posts big blind 3000
*** HOLE CARDS ***
Dealt to Gabrielfs13 [Qh 3h]
dem855: folds 
Dyaszi7: folds 
kotev17: folds 
Gabrielfs13: folds 
Kaprizov97: folds 
tsikolaou: raises 40280 to 43280 and is all-in
KroetederBiker: folds 
Uncalled bet (40280) returned to tsikolaou
tsikolaou collected 8450 from pot
tsikolaou: doesn't show hand 
*** SUMMARY ***
Total pot 8450 | Rake 0 
Seat 1: Kaprizov97 (button) folded before Flop (didn't bet)
Seat 2: tsikolaou (small blind) collected (8450)
Seat 3: KroetederBiker (big blind) folded before Flop
Seat 4: dem855 folded before Flop (didn't bet)
Seat 5: Dyaszi7 folded before Flop (didn't bet)
Seat 6: kotev17 folded before Flop (didn't bet)
Seat 7: Gabrielfs13 folded before Flop (didn't bet)



PokerStars Hand #257174125017: Tournament #3912518862, $4.80+$5.00+$1.20 USD Hold'em No Limit - Level XX (1500/3000) - 2025/08/01 16:49:17 BRT [2025/08/01 15:49:17 ET]
Table '3912518862 13' 7-max Seat #2 is the button
Seat 1: Kaprizov97 (11394 in chips, $11.25 bounty) 
Seat 2: tsikolaou (48730 in chips, $7.50 bounty) 
Seat 3: KroetederBiker (51759 in chips, $13.12 bounty) 
Seat 4: dem855 (82519 in chips, $11.87 bounty) 
Seat 5: Dyaszi7 (28442 in chips, $7.50 bounty) 
Seat 6: kotev17 (29024 in chips, $10.62 bounty) 
Seat 7: Gabrielfs13 (41632 in chips, $13.75 bounty) 
Kaprizov97: posts the ante 350
tsikolaou: posts the ante 350
KroetederBiker: posts the ante 350
dem855: posts the ante 350
Dyaszi7: posts the ante 350
kotev17: posts the ante 350
Gabrielfs13: posts the ante 350
KroetederBiker: posts small blind 1500
dem855: posts big blind 3000
*** HOLE CARDS ***
Dealt to Gabrielfs13 [Ac 4c]
Dyaszi7: folds 
kotev17: folds 
Gabrielfs13: raises 38282 to 41282 and is all-in
Kaprizov97: folds 
tsikolaou: folds 
KroetederBiker: folds 
dem855: folds 
Uncalled bet (38282) returned to Gabrielfs13
Gabrielfs13 collected 9950 from pot
Gabrielfs13: doesn't show hand 
*** SUMMARY ***
Total pot 9950 | Rake 0 
Seat 1: Kaprizov97 folded before Flop (didn't bet)
Seat 2: tsikolaou (button) folded before Flop (didn't bet)
Seat 3: KroetederBiker (small blind) folded before Flop
Seat 4: dem855 (big blind) folded before Flop
Seat 5: Dyaszi7 folded before Flop (didn't bet)
Seat 6: kotev17 folded before Flop (didn't bet)
Seat 7: Gabrielfs13 collected (9950)



PokerStars Hand #257174131219: Tournament #3912518862, $4.80+$5.00+$1.20 USD Hold'em No Limit - Level XX (1500/3000) - 2025/08/01 16:49:45 BRT [2025/08/01 15:49:45 ET]
Table '3912518862 13' 7-max Seat #3 is the button
Seat 1: Kaprizov97 (11044 in chips, $11.25 bounty) 
Seat 2: tsikolaou (48380 in chips, $7.50 bounty) 
Seat 3: KroetederBiker (49909 in chips, $13.12 bounty) 
Seat 4: dem855 (79169 in chips, $11.87 bounty) 
Seat 5: Dyaszi7 (28092 in chips, $7.50 bounty) 
Seat 6: kotev17 (28674 in chips, $10.62 bounty) 
Seat 7: Gabrielfs13 (48232 in chips, $13.75 bounty) 
Kaprizov97: posts the ante 350
tsikolaou: posts the ante 350
KroetederBiker: posts the ante 350
dem855: posts the ante 350
Dyaszi7: posts the ante 350
kotev17: posts the ante 350
Gabrielfs13: posts the ante 350
dem855: posts small blind 1500
Dyaszi7: posts big blind 3000
*** HOLE CARDS ***
Dealt to Gabrielfs13 [9d 6d]
kotev17: folds 
Gabrielfs13: folds 
Kaprizov97: folds 
tsikolaou: raises 45030 to 48030 and is all-in
KroetederBiker: folds 
dem855: folds 
Dyaszi7: folds 
Uncalled bet (45030) returned to tsikolaou
tsikolaou collected 9950 from pot
tsikolaou: doesn't show hand 
*** SUMMARY ***
Total pot 9950 | Rake 0 
Seat 1: Kaprizov97 folded before Flop (didn't bet)
Seat 2: tsikolaou collected (9950)
Seat 3: KroetederBiker (button) folded before Flop (didn't bet)
Seat 4: dem855 (small blind) folded before Flop
Seat 5: Dyaszi7 (big blind) folded before Flop
Seat 6: kotev17 folded before Flop (didn't bet)
Seat 7: Gabrielfs13 folded before Flop (didn't bet)



PokerStars Hand #257174138406: Tournament #3912518862, $4.80+$5.00+$1.20 USD Hold'em No Limit - Level XX (1500/3000) - 2025/08/01 16:50:16 BRT [2025/08/01 15:50:16 ET]
Table '3912518862 13' 7-max Seat #4 is the button
Seat 1: Kaprizov97 (10694 in chips, $11.25 bounty) 
Seat 2: tsikolaou (54980 in chips, $7.50 bounty) 
Seat 3: KroetederBiker (49559 in chips, $13.12 bounty) 
Seat 4: dem855 (77319 in chips, $11.87 bounty) 
Seat 5: Dyaszi7 (24742 in chips, $7.50 bounty) 
Seat 6: kotev17 (28324 in chips, $10.62 bounty) 
Seat 7: Gabrielfs13 (47882 in chips, $13.75 bounty) 
Kaprizov97: posts the ante 350
tsikolaou: posts the ante 350
KroetederBiker: posts the ante 350
dem855: posts the ante 350
Dyaszi7: posts the ante 350
kotev17: posts the ante 350
Gabrielfs13: posts the ante 350
Dyaszi7: posts small blind 1500
kotev17: posts big blind 3000
*** HOLE CARDS ***
Dealt to Gabrielfs13 [4d 8s]
Gabrielfs13: folds 
Kaprizov97: raises 7344 to 10344 and is all-in
tsikolaou: folds 
KroetederBiker: folds 
dem855: folds 
Dyaszi7: folds 
kotev17: calls 7344
*** FLOP *** [2c 8d 2s]
*** TURN *** [2c 8d 2s] [9h]
*** RIVER *** [2c 8d 2s 9h] [Th]
*** SHOW DOWN ***
kotev17: shows [2d Ks] (three of a kind, Deuces)
Kaprizov97: shows [7h Kh] (a pair of Deuces)
kotev17 collected 24638 from pot
kotev17 wins $5.63 for eliminating Kaprizov97 and their own bounty increases by $5.62 to $16.24
Kaprizov97 finished the tournament in 241st place and received $11.10.
*** SUMMARY ***
Total pot 24638 | Rake 0 
Board [2c 8d 2s 9h Th]
Seat 1: Kaprizov97 showed [7h Kh] and lost with a pair of Deuces
Seat 2: tsikolaou folded before Flop (didn't bet)
Seat 3: KroetederBiker folded before Flop (didn't bet)
Seat 4: dem855 (button) folded before Flop (didn't bet)
Seat 5: Dyaszi7 (small blind) folded before Flop
Seat 6: kotev17 (big blind) showed [2d Ks] and won (24638) with three of a kind, Deuces
Seat 7: Gabrielfs13 folded before Flop (didn't bet)



PokerStars Hand #257174148115: Tournament #3912518862, $4.80+$5.00+$1.20 USD Hold'em No Limit - Level XX (1500/3000) - 2025/08/01 16:50:58 BRT [2025/08/01 15:50:58 ET]
Table '3912518862 13' 7-max Seat #5 is the button
Seat 2: tsikolaou (54630 in chips, $7.50 bounty) 
Seat 3: KroetederBiker (49209 in chips, $13.12 bounty) 
Seat 4: dem855 (76969 in chips, $11.87 bounty) 
Seat 5: Dyaszi7 (22892 in chips, $7.50 bounty) 
Seat 6: kotev17 (42268 in chips, $16.24 bounty) 
Seat 7: Gabrielfs13 (47532 in chips, $13.75 bounty) 
tsikolaou: posts the ante 350
KroetederBiker: posts the ante 350
dem855: posts the ante 350
Dyaszi7: posts the ante 350
kotev17: posts the ante 350
Gabrielfs13: posts the ante 350
kotev17: posts small blind 1500
Gabrielfs13: posts big blind 3000
*** HOLE CARDS ***
Dealt to Gabrielfs13 [Qd 4c]
bandzulu is disconnected 
tsikolaou: folds 
KroetederBiker: folds 
dem855: folds 
Dyaszi7: raises 19542 to 22542 and is all-in
kotev17: folds 
Gabrielfs13: folds 
Uncalled bet (19542) returned to Dyaszi7
Dyaszi7 collected 9600 from pot
Dyaszi7: doesn't show hand 
*** SUMMARY ***
Total pot 9600 | Rake 0 
Seat 2: tsikolaou folded before Flop (didn't bet)
Seat 3: KroetederBiker folded before Flop (didn't bet)
Seat 4: dem855 folded before Flop (didn't bet)
Seat 5: Dyaszi7 (button) collected (9600)
Seat 6: kotev17 (small blind) folded before Flop
Seat 7: Gabrielfs13 (big blind) folded before Flop



PokerStars Hand #257174155884: Tournament #3912518862, $4.80+$5.00+$1.20 USD Hold'em No Limit - Level XX (1500/3000) - 2025/08/01 16:51:31 BRT [2025/08/01 15:51:31 ET]
Table '3912518862 13' 7-max Seat #6 is the button
Seat 1: bandzulu (285518 in chips, $28.12 bounty) 
Seat 2: tsikolaou (54280 in chips, $7.50 bounty) 
Seat 3: KroetederBiker (48859 in chips, $13.12 bounty) 
Seat 4: dem855 (76619 in chips, $11.87 bounty) 
Seat 5: Dyaszi7 (29142 in chips, $7.50 bounty) 
Seat 6: kotev17 (40418 in chips, $16.24 bounty) 
Seat 7: Gabrielfs13 (44182 in chips, $13.75 bounty) 
bandzulu: posts the ante 350
tsikolaou: posts the ante 350
KroetederBiker: posts the ante 350
dem855: posts the ante 350
Dyaszi7: posts the ante 350
kotev17: posts the ante 350
Gabrielfs13: posts the ante 350
Gabrielfs13: posts small blind 1500
bandzulu: posts big blind 3000
*** HOLE CARDS ***
Dealt to Gabrielfs13 [3d Qc]
tsikolaou: folds 
KroetederBiker: folds 
dem855: folds 
Dyaszi7: folds 
kotev17: folds 
Gabrielfs13: folds 
Uncalled bet (1500) returned to bandzulu
bandzulu collected 5450 from pot
bandzulu: doesn't show hand 
*** SUMMARY ***
Total pot 5450 | Rake 0 
Seat 1: bandzulu (big blind) collected (5450)
Seat 2: tsikolaou folded before Flop (didn't bet)
Seat 3: KroetederBiker folded before Flop (didn't bet)
Seat 4: dem855 folded before Flop (didn't bet)
Seat 5: Dyaszi7 folded before Flop (didn't bet)
Seat 6: kotev17 (button) folded before Flop (didn't bet)
Seat 7: Gabrielfs13 (small blind) folded before Flop



PokerStars Hand #257174163274: Tournament #3912518862, $4.80+$5.00+$1.20 USD Hold'em No Limit - Level XX (1500/3000) - 2025/08/01 16:52:03 BRT [2025/08/01 15:52:03 ET]
Table '3912518862 13' 7-max Seat #7 is the button
Seat 1: bandzulu (289118 in chips, $28.12 bounty) 
Seat 2: tsikolaou (53930 in chips, $7.50 bounty) 
Seat 3: KroetederBiker (48509 in chips, $13.12 bounty) 
Seat 4: dem855 (76269 in chips, $11.87 bounty) 
Seat 5: Dyaszi7 (28792 in chips, $7.50 bounty) 
Seat 6: kotev17 (40068 in chips, $16.24 bounty) 
Seat 7: Gabrielfs13 (42332 in chips, $13.75 bounty) 
bandzulu: posts the ante 350
tsikolaou: posts the ante 350
KroetederBiker: posts the ante 350
dem855: posts the ante 350
Dyaszi7: posts the ante 350
kotev17: posts the ante 350
Gabrielfs13: posts the ante 350
bandzulu: posts small blind 1500
tsikolaou: posts big blind 3000
*** HOLE CARDS ***
Dealt to Gabrielfs13 [7h 5h]
KroetederBiker: folds 
dem855: raises 3000 to 6000
Dyaszi7: folds 
kotev17: folds 
Gabrielfs13: folds 
bandzulu: folds 
tsikolaou: calls 3000
*** FLOP *** [8d Kd 3h]
tsikolaou: checks 
dem855: bets 5264
tsikolaou: calls 5264
*** TURN *** [8d Kd 3h] [4s]
tsikolaou: checks 
dem855: checks 
*** RIVER *** [8d Kd 3h 4s] [5d]
tsikolaou: bets 14475
dem855: folds 
Uncalled bet (14475) returned to tsikolaou
tsikolaou collected 26478 from pot
tsikolaou: doesn't show hand 
*** SUMMARY ***
Total pot 26478 | Rake 0 
Board [8d Kd 3h 4s 5d]
Seat 1: bandzulu (small blind) folded before Flop
Seat 2: tsikolaou (big blind) collected (26478)
Seat 3: KroetederBiker folded before Flop (didn't bet)
Seat 4: dem855 folded on the River
Seat 5: Dyaszi7 folded before Flop (didn't bet)
Seat 6: kotev17 folded before Flop (didn't bet)
Seat 7: Gabrielfs13 (button) folded before Flop (didn't bet)



PokerStars Hand #257174183140: Tournament #3912518862, $4.80+$5.00+$1.20 USD Hold'em No Limit - Level XX (1500/3000) - 2025/08/01 16:53:29 BRT [2025/08/01 15:53:29 ET]
Table '3912518862 13' 7-max Seat #1 is the button
Seat 1: bandzulu (287268 in chips, $28.12 bounty) 
Seat 2: tsikolaou (68794 in chips, $7.50 bounty) 
Seat 3: KroetederBiker (48159 in chips, $13.12 bounty) 
Seat 4: dem855 (64655 in chips, $11.87 bounty) 
Seat 5: Dyaszi7 (28442 in chips, $7.50 bounty) 
Seat 6: kotev17 (39718 in chips, $16.24 bounty) 
Seat 7: Gabrielfs13 (41982 in chips, $13.75 bounty) 
bandzulu: posts the ante 350
tsikolaou: posts the ante 350
KroetederBiker: posts the ante 350
dem855: posts the ante 350
Dyaszi7: posts the ante 350
kotev17: posts the ante 350
Gabrielfs13: posts the ante 350
tsikolaou: posts small blind 1500
KroetederBiker: posts big blind 3000
*** HOLE CARDS ***
Dealt to Gabrielfs13 [7h As]
dem855: folds 
Dyaszi7: folds 
kotev17: folds 
Gabrielfs13: folds 
bandzulu: raises 3300 to 6300
tsikolaou: folds 
KroetederBiker: folds 
Uncalled bet (3300) returned to bandzulu
bandzulu collected 9950 from pot
bandzulu: doesn't show hand 
*** SUMMARY ***
Total pot 9950 | Rake 0 
Seat 1: bandzulu (button) collected (9950)
Seat 2: tsikolaou (small blind) folded before Flop
Seat 3: KroetederBiker (big blind) folded before Flop
Seat 4: dem855 folded before Flop (didn't bet)
Seat 5: Dyaszi7 folded before Flop (didn't bet)
Seat 6: kotev17 folded before Flop (didn't bet)
Seat 7: Gabrielfs13 folded before Flop (didn't bet)



PokerStars Hand #257174189691: Tournament #3912518862, $4.80+$5.00+$1.20 USD Hold'em No Limit - Level XX (1500/3000) - 2025/08/01 16:53:58 BRT [2025/08/01 15:53:58 ET]
Table '3912518862 13' 7-max Seat #2 is the button
Seat 1: bandzulu (293868 in chips, $28.12 bounty) 
Seat 2: tsikolaou (66944 in chips, $7.50 bounty) 
Seat 3: KroetederBiker (44809 in chips, $13.12 bounty) 
Seat 4: dem855 (64305 in chips, $11.87 bounty) 
Seat 5: Dyaszi7 (28092 in chips, $7.50 bounty) 
Seat 6: kotev17 (39368 in chips, $16.24 bounty) 
Seat 7: Gabrielfs13 (41632 in chips, $13.75 bounty) 
bandzulu: posts the ante 350
tsikolaou: posts the ante 350
KroetederBiker: posts the ante 350
dem855: posts the ante 350
Dyaszi7: posts the ante 350
kotev17: posts the ante 350
Gabrielfs13: posts the ante 350
KroetederBiker: posts small blind 1500
dem855: posts big blind 3000
*** HOLE CARDS ***
Dealt to Gabrielfs13 [8h 8s]
Dyaszi7: folds 
kotev17: folds 
Gabrielfs13: raises 38282 to 41282 and is all-in
bandzulu: calls 41282
tsikolaou: folds 
KroetederBiker: folds 
dem855: folds 
*** FLOP *** [2c Jd 7h]
*** TURN *** [2c Jd 7h] [2s]
*** RIVER *** [2c Jd 7h 2s] [3s]
*** SHOW DOWN ***
Gabrielfs13: shows [8h 8s] (two pair, Eights and Deuces)
bandzulu: shows [5h Ah] (a pair of Deuces)
Gabrielfs13 collected 89514 from pot
*** SUMMARY ***
Total pot 89514 | Rake 0 
Board [2c Jd 7h 2s 3s]
Seat 1: bandzulu showed [5h Ah] and lost with a pair of Deuces
Seat 2: tsikolaou (button) folded before Flop (didn't bet)
Seat 3: KroetederBiker (small blind) folded before Flop
Seat 4: dem855 (big blind) folded before Flop
Seat 5: Dyaszi7 folded before Flop (didn't bet)
Seat 6: kotev17 folded before Flop (didn't bet)
Seat 7: Gabrielfs13 showed [8h 8s] and won (89514) with two pair, Eights and Deuces



PokerStars Hand #257174198378: Tournament #3912518862, $4.80+$5.00+$1.20 USD Hold'em No Limit - Level XX (1500/3000) - 2025/08/01 16:54:36 BRT [2025/08/01 15:54:36 ET]
Table '3912518862 13' 7-max Seat #3 is the button
Seat 1: bandzulu (252236 in chips, $28.12 bounty) 
Seat 2: tsikolaou (66594 in chips, $7.50 bounty) 
Seat 3: KroetederBiker (42959 in chips, $13.12 bounty) 
Seat 4: dem855 (60955 in chips, $11.87 bounty) 
Seat 5: Dyaszi7 (27742 in chips, $7.50 bounty) 
Seat 6: kotev17 (39018 in chips, $16.24 bounty) 
Seat 7: Gabrielfs13 (89514 in chips, $13.75 bounty) 
bandzulu: posts the ante 350
tsikolaou: posts the ante 350
KroetederBiker: posts the ante 350
dem855: posts the ante 350
Dyaszi7: posts the ante 350
kotev17: posts the ante 350
Gabrielfs13: posts the ante 350
dem855: posts small blind 1500
Dyaszi7: posts big blind 3000
*** HOLE CARDS ***
Dealt to Gabrielfs13 [Ts 5h]
kotev17: folds 
Gabrielfs13: folds 
bandzulu: raises 3300 to 6300
tsikolaou: folds 
KroetederBiker: calls 6300
dem855: folds 
Dyaszi7: folds 
*** FLOP *** [Ks 4s Jd]
bandzulu: bets 9775
KroetederBiker: raises 26534 to 36309 and is all-in
bandzulu: folds 
Uncalled bet (26534) returned to KroetederBiker
KroetederBiker collected 39100 from pot
KroetederBiker: doesn't show hand 
*** SUMMARY ***
Total pot 39100 | Rake 0 
Board [Ks 4s Jd]
Seat 1: bandzulu folded on the Flop
Seat 2: tsikolaou folded before Flop (didn't bet)
Seat 3: KroetederBiker (button) collected (39100)
Seat 4: dem855 (small blind) folded before Flop
Seat 5: Dyaszi7 (big blind) folded before Flop
Seat 6: kotev17 folded before Flop (didn't bet)
Seat 7: Gabrielfs13 folded before Flop (didn't bet)



PokerStars Hand #257174266486: Tournament #3912518862, $4.80+$5.00+$1.20 USD Hold'em No Limit - Level XX (1500/3000) - 2025/08/01 17:01:15 BRT [2025/08/01 16:01:15 ET]
Table '3912518862 13' 7-max Seat #4 is the button
Seat 1: bandzulu (235811 in chips, $28.12 bounty) 
Seat 2: tsikolaou (66244 in chips, $7.50 bounty) 
Seat 3: KroetederBiker (65634 in chips, $13.12 bounty) 
Seat 4: dem855 (59105 in chips, $11.87 bounty) 
Seat 5: Dyaszi7 (24392 in chips, $7.50 bounty) 
Seat 6: kotev17 (38668 in chips, $16.24 bounty) 
Seat 7: Gabrielfs13 (89164 in chips, $13.75 bounty) 
bandzulu: posts the ante 350
tsikolaou: posts the ante 350
KroetederBiker: posts the ante 350
dem855: posts the ante 350
Dyaszi7: posts the ante 350
kotev17: posts the ante 350
Gabrielfs13: posts the ante 350
Dyaszi7: posts small blind 1500
kotev17: posts big blind 3000
*** HOLE CARDS ***
Dealt to Gabrielfs13 [Qd 4d]
Gabrielfs13: folds 
bandzulu: raises 3300 to 6300
tsikolaou: calls 6300
KroetederBiker: folds 
dem855: folds 
Dyaszi7: folds 
kotev17: calls 3300
*** FLOP *** [9d 7s Jc]
kotev17: checks 
bandzulu: bets 11425
tsikolaou: raises 20108 to 31533
kotev17: folds 
bandzulu: raises 197628 to 229161 and is all-in
tsikolaou: calls 28061 and is all-in
Uncalled bet (169567) returned to bandzulu
*** TURN *** [9d 7s Jc] [8h]
*** RIVER *** [9d 7s Jc 8h] [9s]
*** SHOW DOWN ***
bandzulu: shows [Td Th] (a straight, Seven to Jack)
tsikolaou: shows [Kd Kc] (two pair, Kings and Nines)
bandzulu collected 142038 from pot
bandzulu wins $3.75 for eliminating tsikolaou and their own bounty increases by $3.75 to $31.87
tsikolaou finished the tournament in 195th place and received $12.95.
*** SUMMARY ***
Total pot 142038 | Rake 0 
Board [9d 7s Jc 8h 9s]
Seat 1: bandzulu showed [Td Th] and won (142038) with a straight, Seven to Jack
Seat 2: tsikolaou showed [Kd Kc] and lost with two pair, Kings and Nines
Seat 3: KroetederBiker folded before Flop (didn't bet)
Seat 4: dem855 (button) folded before Flop (didn't bet)
Seat 5: Dyaszi7 (small blind) folded before Flop
Seat 6: kotev17 (big blind) folded on the Flop
Seat 7: Gabrielfs13 folded before Flop (didn't bet)



PokerStars Hand #257174290444: Tournament #3912518862, $4.80+$5.00+$1.20 USD Hold'em No Limit - Level XXI (1750/3500) - 2025/08/01 17:03:01 BRT [2025/08/01 16:03:01 ET]
Table '3912518862 13' 7-max Seat #5 is the button
Seat 1: bandzulu (311605 in chips, $31.87 bounty) 
Seat 3: KroetederBiker (65284 in chips, $13.12 bounty) 
Seat 4: dem855 (58755 in chips, $11.87 bounty) 
Seat 5: Dyaszi7 (22542 in chips, $7.50 bounty) 
Seat 6: kotev17 (32018 in chips, $16.24 bounty) 
Seat 7: Gabrielfs13 (88814 in chips, $13.75 bounty) 
bandzulu: posts the ante 400
KroetederBiker: posts the ante 400
dem855: posts the ante 400
Dyaszi7: posts the ante 400
kotev17: posts the ante 400
Gabrielfs13: posts the ante 400
kotev17: posts small blind 1750
Gabrielfs13: posts big blind 3500
*** HOLE CARDS ***
Dealt to Gabrielfs13 [Qs Qh]
bandzulu: folds 
KroetederBiker: folds 
r3bl4nded is disconnected 
dem855: folds 
Dyaszi7: raises 18642 to 22142 and is all-in
kotev17: folds 
Gabrielfs13: calls 18642
*** FLOP *** [4h Ac As]
*** TURN *** [4h Ac As] [5s]
*** RIVER *** [4h Ac As 5s] [9c]
*** SHOW DOWN ***
Gabrielfs13: shows [Qs Qh] (two pair, Aces and Queens)
Dyaszi7: shows [Jd 9s] (two pair, Aces and Nines)
Gabrielfs13 collected 48434 from pot
Gabrielfs13 wins $3.75 for eliminating Dyaszi7 and their own bounty increases by $3.75 to $17.50
Dyaszi7 finished the tournament in 184th place and received $12.95.
*** SUMMARY ***
Total pot 48434 | Rake 0 
Board [4h Ac As 5s 9c]
Seat 1: bandzulu folded before Flop (didn't bet)
Seat 3: KroetederBiker folded before Flop (didn't bet)
Seat 4: dem855 folded before Flop (didn't bet)
Seat 5: Dyaszi7 (button) showed [Jd 9s] and lost with two pair, Aces and Nines
Seat 6: kotev17 (small blind) folded before Flop
Seat 7: Gabrielfs13 (big blind) showed [Qs Qh] and won (48434) with two pair, Aces and Queens



PokerStars Hand #257174307438: Tournament #3912518862, $4.80+$5.00+$1.20 USD Hold'em No Limit - Level XXI (1750/3500) - 2025/08/01 17:04:15 BRT [2025/08/01 16:04:15 ET]
Table '3912518862 13' 7-max Seat #6 is the button
Seat 1: bandzulu (311205 in chips, $31.87 bounty) 
Seat 2: r3bl4nded (44938 in chips, $13.75 bounty) 
Seat 3: KroetederBiker (64884 in chips, $13.12 bounty) 
Seat 4: dem855 (58355 in chips, $11.87 bounty) 
Seat 6: kotev17 (29868 in chips, $16.24 bounty) 
Seat 7: Gabrielfs13 (114706 in chips, $17.50 bounty) 
bandzulu: posts the ante 400
r3bl4nded: posts the ante 400
KroetederBiker: posts the ante 400
dem855: posts the ante 400
kotev17: posts the ante 400
Gabrielfs13: posts the ante 400
Gabrielfs13: posts small blind 1750
bandzulu: posts big blind 3500
*** HOLE CARDS ***
Dealt to Gabrielfs13 [Ac Kd]
r3bl4nded: raises 41038 to 44538 and is all-in
KroetederBiker: folds 
Vladpiton is disconnected 
dem855: folds 
kotev17: folds 
Gabrielfs13: raises 41038 to 85576
bandzulu: folds 
Uncalled bet (41038) returned to Gabrielfs13
*** FLOP *** [4d Qh 3s]
*** TURN *** [4d Qh 3s] [3h]
*** RIVER *** [4d Qh 3s 3h] [7s]
*** SHOW DOWN ***
Gabrielfs13: shows [Ac Kd] (a pair of Threes)
r3bl4nded: shows [Kc Kh] (two pair, Kings and Threes)
r3bl4nded collected 94976 from pot
*** SUMMARY ***
Total pot 94976 | Rake 0 
Board [4d Qh 3s 3h 7s]
Seat 1: bandzulu (big blind) folded before Flop
Seat 2: r3bl4nded showed [Kc Kh] and won (94976) with two pair, Kings and Threes
Seat 3: KroetederBiker folded before Flop (didn't bet)
Seat 4: dem855 folded before Flop (didn't bet)
Seat 6: kotev17 (button) folded before Flop (didn't bet)
Seat 7: Gabrielfs13 (small blind) showed [Ac Kd] and lost with a pair of Threes



PokerStars Hand #257174320737: Tournament #3912518862, $4.80+$5.00+$1.20 USD Hold'em No Limit - Level XXI (1750/3500) - 2025/08/01 17:05:12 BRT [2025/08/01 16:05:12 ET]
Table '3912518862 13' 7-max Seat #7 is the button
Seat 1: bandzulu (307305 in chips, $31.87 bounty) 
Seat 2: r3bl4nded (94976 in chips, $13.75 bounty) 
Seat 3: KroetederBiker (64484 in chips, $13.12 bounty) 
Seat 4: dem855 (57955 in chips, $11.87 bounty) 
Seat 5: Vladpiton (87308 in chips, $33.12 bounty) 
Seat 6: kotev17 (29468 in chips, $16.24 bounty) 
Seat 7: Gabrielfs13 (69768 in chips, $17.50 bounty) 
bandzulu: posts the ante 400
r3bl4nded: posts the ante 400
KroetederBiker: posts the ante 400
dem855: posts the ante 400
Vladpiton: posts the ante 400
kotev17: posts the ante 400
Gabrielfs13: posts the ante 400
bandzulu: posts small blind 1750
r3bl4nded: posts big blind 3500
*** HOLE CARDS ***
Dealt to Gabrielfs13 [As Th]
KroetederBiker: folds 
dem855: folds 
Vladpiton: folds 
kotev17: folds 
Gabrielfs13: raises 3500 to 7000
bandzulu: calls 5250
r3bl4nded: calls 3500
*** FLOP *** [7d Ad 9s]
bandzulu: checks 
r3bl4nded: checks 
Gabrielfs13: bets 5250
bandzulu: calls 5250
r3bl4nded: calls 5250
*** TURN *** [7d Ad 9s] [6d]
bandzulu: checks 
r3bl4nded: checks 
Gabrielfs13: checks 
*** RIVER *** [7d Ad 9s 6d] [3h]
bandzulu: checks 
r3bl4nded: checks 
Gabrielfs13: checks 
*** SHOW DOWN ***
bandzulu: shows [8s 4s] (high card Ace)
r3bl4nded: shows [7s Ks] (a pair of Sevens)
Gabrielfs13: shows [As Th] (a pair of Aces)
Gabrielfs13 collected 39550 from pot
*** SUMMARY ***
Total pot 39550 | Rake 0 
Board [7d Ad 9s 6d 3h]
Seat 1: bandzulu (small blind) showed [8s 4s] and lost with high card Ace
Seat 2: r3bl4nded (big blind) showed [7s Ks] and lost with a pair of Sevens
Seat 3: KroetederBiker folded before Flop (didn't bet)
Seat 4: dem855 folded before Flop (didn't bet)
Seat 5: Vladpiton folded before Flop (didn't bet)
Seat 6: kotev17 folded before Flop (didn't bet)
Seat 7: Gabrielfs13 (button) showed [As Th] and won (39550) with a pair of Aces



PokerStars Hand #257174338840: Tournament #3912518862, $4.80+$5.00+$1.20 USD Hold'em No Limit - Level XXI (1750/3500) - 2025/08/01 17:06:31 BRT [2025/08/01 16:06:31 ET]
Table '3912518862 13' 7-max Seat #1 is the button
Seat 1: bandzulu (294655 in chips, $31.87 bounty) 
Seat 2: r3bl4nded (82326 in chips, $13.75 bounty) 
Seat 3: KroetederBiker (64084 in chips, $13.12 bounty) 
Seat 4: dem855 (57555 in chips, $11.87 bounty) 
Seat 5: Vladpiton (86908 in chips, $33.12 bounty) 
Seat 6: kotev17 (29068 in chips, $16.24 bounty) 
Seat 7: Gabrielfs13 (96668 in chips, $17.50 bounty) 
bandzulu: posts the ante 400
r3bl4nded: posts the ante 400
KroetederBiker: posts the ante 400
dem855: posts the ante 400
Vladpiton: posts the ante 400
kotev17: posts the ante 400
Gabrielfs13: posts the ante 400
r3bl4nded: posts small blind 1750
KroetederBiker: posts big blind 3500
*** HOLE CARDS ***
Dealt to Gabrielfs13 [4d 8s]
dem855: raises 3500 to 7000
Vladpiton: calls 7000
kotev17: folds 
Gabrielfs13: folds 
bandzulu: calls 7000
r3bl4nded: folds 
KroetederBiker: folds 
*** FLOP *** [Ad Kd 5s]
dem855: bets 9587
Vladpiton: calls 9587
bandzulu: folds 
*** TURN *** [Ad Kd 5s] [2d]
dem855: bets 40568 and is all-in
Vladpiton: folds 
Uncalled bet (40568) returned to dem855
dem855 collected 48224 from pot
dem855: doesn't show hand 
*** SUMMARY ***
Total pot 48224 | Rake 0 
Board [Ad Kd 5s 2d]
Seat 1: bandzulu (button) folded on the Flop
Seat 2: r3bl4nded (small blind) folded before Flop
Seat 3: KroetederBiker (big blind) folded before Flop
Seat 4: dem855 collected (48224)
Seat 5: Vladpiton folded on the Turn
Seat 6: kotev17 folded before Flop (didn't bet)
Seat 7: Gabrielfs13 folded before Flop (didn't bet)



PokerStars Hand #257174348682: Tournament #3912518862, $4.80+$5.00+$1.20 USD Hold'em No Limit - Level XXI (1750/3500) - 2025/08/01 17:07:14 BRT [2025/08/01 16:07:14 ET]
Table '3912518862 13' 7-max Seat #2 is the button
Seat 1: bandzulu (287255 in chips, $31.87 bounty) 
Seat 2: r3bl4nded (80176 in chips, $13.75 bounty) 
Seat 3: KroetederBiker (60184 in chips, $13.12 bounty) 
Seat 4: dem855 (88792 in chips, $11.87 bounty) 
Seat 5: Vladpiton (69921 in chips, $33.12 bounty) 
Seat 6: kotev17 (28668 in chips, $16.24 bounty) 
Seat 7: Gabrielfs13 (96268 in chips, $17.50 bounty) 
bandzulu: posts the ante 400
r3bl4nded: posts the ante 400
KroetederBiker: posts the ante 400
dem855: posts the ante 400
Vladpiton: posts the ante 400
kotev17: posts the ante 400
Gabrielfs13: posts the ante 400
KroetederBiker: posts small blind 1750
dem855: posts big blind 3500
*** HOLE CARDS ***
Dealt to Gabrielfs13 [7h 6c]
Vladpiton: folds 
kotev17: folds 
Gabrielfs13: folds 
bandzulu: raises 3500 to 7000
r3bl4nded: folds 
KroetederBiker: folds 
dem855: raises 81392 to 88392 and is all-in
bandzulu: folds 
Uncalled bet (81392) returned to dem855
dem855 collected 18550 from pot
dem855: doesn't show hand 
*** SUMMARY ***
Total pot 18550 | Rake 0 
Seat 1: bandzulu folded before Flop
Seat 2: r3bl4nded (button) folded before Flop (didn't bet)
Seat 3: KroetederBiker (small blind) folded before Flop
Seat 4: dem855 (big blind) collected (18550)
Seat 5: Vladpiton folded before Flop (didn't bet)
Seat 6: kotev17 folded before Flop (didn't bet)
Seat 7: Gabrielfs13 folded before Flop (didn't bet)



PokerStars Hand #257174356175: Tournament #3912518862, $4.80+$5.00+$1.20 USD Hold'em No Limit - Level XXI (1750/3500) - 2025/08/01 17:07:46 BRT [2025/08/01 16:07:46 ET]
Table '3912518862 13' 7-max Seat #3 is the button
Seat 1: bandzulu (279855 in chips, $31.87 bounty) 
Seat 2: r3bl4nded (79776 in chips, $13.75 bounty) 
Seat 3: KroetederBiker (58034 in chips, $13.12 bounty) 
Seat 4: dem855 (99942 in chips, $11.87 bounty) 
Seat 5: Vladpiton (69521 in chips, $33.12 bounty) 
Seat 6: kotev17 (28268 in chips, $16.24 bounty) 
Seat 7: Gabrielfs13 (95868 in chips, $17.50 bounty) 
bandzulu: posts the ante 400
r3bl4nded: posts the ante 400
KroetederBiker: posts the ante 400
dem855: posts the ante 400
Vladpiton: posts the ante 400
kotev17: posts the ante 400
Gabrielfs13: posts the ante 400
dem855: posts small blind 1750
Vladpiton: posts big blind 3500
*** HOLE CARDS ***
Dealt to Gabrielfs13 [Kc Td]
kotev17: folds 
Gabrielfs13: raises 3500 to 7000
bandzulu: folds 
r3bl4nded: raises 72376 to 79376 and is all-in
KroetederBiker: folds 
dem855: folds 
Vladpiton: folds 
Gabrielfs13: folds 
Uncalled bet (72376) returned to r3bl4nded
r3bl4nded collected 22050 from pot
r3bl4nded: doesn't show hand 
*** SUMMARY ***
Total pot 22050 | Rake 0 
Seat 1: bandzulu folded before Flop (didn't bet)
Seat 2: r3bl4nded collected (22050)
Seat 3: KroetederBiker (button) folded before Flop (didn't bet)
Seat 4: dem855 (small blind) folded before Flop
Seat 5: Vladpiton (big blind) folded before Flop
Seat 6: kotev17 folded before Flop (didn't bet)
Seat 7: Gabrielfs13 folded before Flop



PokerStars Hand #257174367440: Tournament #3912518862, $4.80+$5.00+$1.20 USD Hold'em No Limit - Level XXII (2000/4000) - 2025/08/01 17:08:35 BRT [2025/08/01 16:08:35 ET]
Table '3912518862 13' 7-max Seat #4 is the button
Seat 1: bandzulu (279455 in chips, $31.87 bounty) 
Seat 2: r3bl4nded (94426 in chips, $13.75 bounty) 
Seat 3: KroetederBiker (57634 in chips, $13.12 bounty) 
Seat 4: dem855 (97792 in chips, $11.87 bounty) 
Seat 5: Vladpiton (65621 in chips, $33.12 bounty) 
Seat 6: kotev17 (27868 in chips, $16.24 bounty) 
Seat 7: Gabrielfs13 (88468 in chips, $17.50 bounty) 
bandzulu: posts the ante 500
r3bl4nded: posts the ante 500
KroetederBiker: posts the ante 500
dem855: posts the ante 500
Vladpiton: posts the ante 500
kotev17: posts the ante 500
Gabrielfs13: posts the ante 500
Vladpiton: posts small blind 2000
kotev17: posts big blind 4000
*** HOLE CARDS ***
Dealt to Gabrielfs13 [Jh 4h]
Gabrielfs13: folds 
bandzulu: raises 4400 to 8400
r3bl4nded: folds 
KroetederBiker: folds 
dem855: folds 
Vladpiton: raises 56721 to 65121 and is all-in
kotev17: folds 
bandzulu: calls 56721
*** FLOP *** [8c 2s Ks]
*** TURN *** [8c 2s Ks] [8s]
*** RIVER *** [8c 2s Ks 8s] [2c]
*** SHOW DOWN ***
Vladpiton: shows [Jd Ah] (two pair, Eights and Deuces)
bandzulu: shows [Qs Kd] (two pair, Kings and Eights)
bandzulu collected 137742 from pot
bandzulu wins $16.56 for eliminating Vladpiton and their own bounty increases by $16.56 to $48.43
Vladpiton finished the tournament in 167th place and received $12.95.
*** SUMMARY ***
Total pot 137742 | Rake 0 
Board [8c 2s Ks 8s 2c]
Seat 1: bandzulu showed [Qs Kd] and won (137742) with two pair, Kings and Eights
Seat 2: r3bl4nded folded before Flop (didn't bet)
Seat 3: KroetederBiker folded before Flop (didn't bet)
Seat 4: dem855 (button) folded before Flop (didn't bet)
Seat 5: Vladpiton (small blind) showed [Jd Ah] and lost with two pair, Eights and Deuces
Seat 6: kotev17 (big blind) folded before Flop
Seat 7: Gabrielfs13 folded before Flop (didn't bet)



PokerStars Hand #257174378371: Tournament #3912518862, $4.80+$5.00+$1.20 USD Hold'em No Limit - Level XXII (2000/4000) - 2025/08/01 17:09:23 BRT [2025/08/01 16:09:23 ET]
Table '3912518862 13' 7-max Seat #6 is the button
Seat 1: bandzulu (351576 in chips, $48.43 bounty) 
Seat 2: r3bl4nded (93926 in chips, $13.75 bounty) 
Seat 3: KroetederBiker (57134 in chips, $13.12 bounty) 
Seat 4: dem855 (97292 in chips, $11.87 bounty) 
Seat 6: kotev17 (23368 in chips, $16.24 bounty) 
Seat 7: Gabrielfs13 (87968 in chips, $17.50 bounty) 
bandzulu: posts the ante 500
r3bl4nded: posts the ante 500
KroetederBiker: posts the ante 500
dem855: posts the ante 500
kotev17: posts the ante 500
Gabrielfs13: posts the ante 500
Gabrielfs13: posts small blind 2000
bandzulu: posts big blind 4000
*** HOLE CARDS ***
Dealt to Gabrielfs13 [As 5c]
r3bl4nded: folds 
KroetederBiker: folds 
dem855: raises 4000 to 8000
kotev17: folds 
Gabrielfs13: folds 
bandzulu: raises 12000 to 20000
dem855: folds 
Uncalled bet (12000) returned to bandzulu
bandzulu collected 21000 from pot
bandzulu: doesn't show hand 
*** SUMMARY ***
Total pot 21000 | Rake 0 
Seat 1: bandzulu (big blind) collected (21000)
Seat 2: r3bl4nded folded before Flop (didn't bet)
Seat 3: KroetederBiker folded before Flop (didn't bet)
Seat 4: dem855 folded before Flop
Seat 6: kotev17 (button) folded before Flop (didn't bet)
Seat 7: Gabrielfs13 (small blind) folded before Flop



PokerStars Hand #257174385919: Tournament #3912518862, $4.80+$5.00+$1.20 USD Hold'em No Limit - Level XXII (2000/4000) - 2025/08/01 17:09:56 BRT [2025/08/01 16:09:56 ET]
Table '3912518862 13' 7-max Seat #7 is the button
Seat 1: bandzulu (364076 in chips, $48.43 bounty) 
Seat 2: r3bl4nded (93426 in chips, $13.75 bounty) 
Seat 3: KroetederBiker (56634 in chips, $13.12 bounty) 
Seat 4: dem855 (88792 in chips, $11.87 bounty) 
Seat 6: kotev17 (22868 in chips, $16.24 bounty) 
Seat 7: Gabrielfs13 (85468 in chips, $17.50 bounty) 
bandzulu: posts the ante 500
r3bl4nded: posts the ante 500
KroetederBiker: posts the ante 500
dem855: posts the ante 500
kotev17: posts the ante 500
Gabrielfs13: posts the ante 500
bandzulu: posts small blind 2000
r3bl4nded: posts big blind 4000
*** HOLE CARDS ***
Dealt to Gabrielfs13 [Kc 8d]
KroetederBiker: folds 
dem855: raises 4000 to 8000
kotev17: folds 
Gabrielfs13: folds 
bandzulu: folds 
r3bl4nded: calls 4000
*** FLOP *** [4c 3s Ts]
r3bl4nded: checks 
dem855: bets 6930
r3bl4nded: folds 
Uncalled bet (6930) returned to dem855
dem855 collected 21000 from pot
dem855: doesn't show hand 
*** SUMMARY ***
Total pot 21000 | Rake 0 
Board [4c 3s Ts]
Seat 1: bandzulu (small blind) folded before Flop
Seat 2: r3bl4nded (big blind) folded on the Flop
Seat 3: KroetederBiker folded before Flop (didn't bet)
Seat 4: dem855 collected (21000)
Seat 6: kotev17 folded before Flop (didn't bet)
Seat 7: Gabrielfs13 (button) folded before Flop (didn't bet)



PokerStars Hand #257174395531: Tournament #3912518862, $4.80+$5.00+$1.20 USD Hold'em No Limit - Level XXII (2000/4000) - 2025/08/01 17:10:38 BRT [2025/08/01 16:10:38 ET]
Table '3912518862 13' 7-max Seat #1 is the button
Seat 1: bandzulu (361576 in chips, $48.43 bounty) 
Seat 2: r3bl4nded (84926 in chips, $13.75 bounty) 
Seat 3: KroetederBiker (56134 in chips, $13.12 bounty) 
Seat 4: dem855 (101292 in chips, $11.87 bounty) 
Seat 6: kotev17 (22368 in chips, $16.24 bounty) 
Seat 7: Gabrielfs13 (84968 in chips, $17.50 bounty) 
bandzulu: posts the ante 500
r3bl4nded: posts the ante 500
KroetederBiker: posts the ante 500
dem855: posts the ante 500
kotev17: posts the ante 500
Gabrielfs13: posts the ante 500
r3bl4nded: posts small blind 2000
KroetederBiker: posts big blind 4000
*** HOLE CARDS ***
Dealt to Gabrielfs13 [4s 6d]
dem855: folds 
kotev17: folds 
Gabrielfs13: folds 
bandzulu: raises 4400 to 8400
r3bl4nded: folds 
KroetederBiker: folds 
Uncalled bet (4400) returned to bandzulu
bandzulu collected 13000 from pot
bandzulu: doesn't show hand 
ABs 69 NZ is disconnected 
*** SUMMARY ***
Total pot 13000 | Rake 0 
Seat 1: bandzulu (button) collected (13000)
Seat 2: r3bl4nded (small blind) folded before Flop
Seat 3: KroetederBiker (big blind) folded before Flop
Seat 4: dem855 folded before Flop (didn't bet)
Seat 6: kotev17 folded before Flop (didn't bet)
Seat 7: Gabrielfs13 folded before Flop (didn't bet)



PokerStars Hand #257174400592: Tournament #3912518862, $4.80+$5.00+$1.20 USD Hold'em No Limit - Level XXII (2000/4000) - 2025/08/01 17:11:00 BRT [2025/08/01 16:11:00 ET]
Table '3912518862 13' 7-max Seat #2 is the button
Seat 1: bandzulu (370076 in chips, $48.43 bounty) 
Seat 2: r3bl4nded (82426 in chips, $13.75 bounty) 
Seat 3: KroetederBiker (51634 in chips, $13.12 bounty) 
Seat 4: dem855 (100792 in chips, $11.87 bounty) 
Seat 5: ABs 69 NZ (93590 in chips, $7.50 bounty) 
Seat 6: kotev17 (21868 in chips, $16.24 bounty) 
Seat 7: Gabrielfs13 (84468 in chips, $17.50 bounty) 
bandzulu: posts the ante 500
r3bl4nded: posts the ante 500
KroetederBiker: posts the ante 500
dem855: posts the ante 500
ABs 69 NZ: posts the ante 500
kotev17: posts the ante 500
Gabrielfs13: posts the ante 500
KroetederBiker: posts small blind 2000
dem855: posts big blind 4000
*** HOLE CARDS ***
Dealt to Gabrielfs13 [2c 5h]
ABs 69 NZ: raises 4000 to 8000
kotev17: raises 13368 to 21368 and is all-in
Gabrielfs13: folds 
bandzulu: folds 
r3bl4nded: calls 21368
KroetederBiker: folds 
dem855: folds 
ABs 69 NZ: folds 
*** FLOP *** [4c 2h 8s]
*** TURN *** [4c 2h 8s] [4h]
*** RIVER *** [4c 2h 8s 4h] [6d]
*** SHOW DOWN ***
kotev17: shows [Tc 9c] (a pair of Fours)
r3bl4nded: shows [Jd Kh] (a pair of Fours - King kicker)
r3bl4nded collected 60236 from pot
r3bl4nded wins $8.12 for eliminating kotev17 and their own bounty increases by $8.12 to $21.87
kotev17 finished the tournament in 156th place and received $15.13.
*** SUMMARY ***
Total pot 60236 | Rake 0 
Board [4c 2h 8s 4h 6d]
Seat 1: bandzulu folded before Flop (didn't bet)
Seat 2: r3bl4nded (button) showed [Jd Kh] and won (60236) with a pair of Fours
Seat 3: KroetederBiker (small blind) folded before Flop
Seat 4: dem855 (big blind) folded before Flop
Seat 5: ABs 69 NZ folded before Flop
Seat 6: kotev17 showed [Tc 9c] and lost with a pair of Fours
Seat 7: Gabrielfs13 folded before Flop (didn't bet)



PokerStars Hand #257174417493: Tournament #3912518862, $4.80+$5.00+$1.20 USD Hold'em No Limit - Level XXII (2000/4000) - 2025/08/01 17:12:14 BRT [2025/08/01 16:12:14 ET]
Table '3912518862 13' 7-max Seat #3 is the button
Seat 1: bandzulu (369576 in chips, $48.43 bounty) 
Seat 2: r3bl4nded (120794 in chips, $21.87 bounty) 
Seat 3: KroetederBiker (49134 in chips, $13.12 bounty) 
Seat 4: dem855 (96292 in chips, $11.87 bounty) 
Seat 5: ABs 69 NZ (85090 in chips, $7.50 bounty) 
Seat 6: jeferson425 (102811 in chips, $35.93 bounty) 
Seat 7: Gabrielfs13 (83968 in chips, $17.50 bounty) 
bandzulu: posts the ante 500
r3bl4nded: posts the ante 500
KroetederBiker: posts the ante 500
dem855: posts the ante 500
ABs 69 NZ: posts the ante 500
jeferson425: posts the ante 500
Gabrielfs13: posts the ante 500
dem855: posts small blind 2000
ABs 69 NZ: posts big blind 4000
*** HOLE CARDS ***
Dealt to Gabrielfs13 [4c Qs]
jeferson425: calls 4000
Gabrielfs13: folds 
bandzulu: calls 4000
r3bl4nded: folds 
KroetederBiker: folds 
dem855: raises 91792 to 95792 and is all-in
ABs 69 NZ: folds 
jeferson425: folds 
bandzulu: folds 
Uncalled bet (91792) returned to dem855
dem855 collected 19500 from pot
dem855: doesn't show hand 
*** SUMMARY ***
Total pot 19500 | Rake 0 
Seat 1: bandzulu folded before Flop
Seat 2: r3bl4nded folded before Flop (didn't bet)
Seat 3: KroetederBiker (button) folded before Flop (didn't bet)
Seat 4: dem855 (small blind) collected (19500)
Seat 5: ABs 69 NZ (big blind) folded before Flop
Seat 6: jeferson425 folded before Flop
Seat 7: Gabrielfs13 folded before Flop (didn't bet)



PokerStars Hand #257174429121: Tournament #3912518862, $4.80+$5.00+$1.20 USD Hold'em No Limit - Level XXII (2000/4000) - 2025/08/01 17:13:04 BRT [2025/08/01 16:13:04 ET]
Table '3912518862 13' 7-max Seat #4 is the button
Seat 1: bandzulu (365076 in chips, $48.43 bounty) 
Seat 2: r3bl4nded (120294 in chips, $21.87 bounty) 
Seat 3: KroetederBiker (48634 in chips, $13.12 bounty) 
Seat 4: dem855 (111292 in chips, $11.87 bounty) 
Seat 5: ABs 69 NZ (80590 in chips, $7.50 bounty) 
Seat 6: jeferson425 (98311 in chips, $35.93 bounty) 
Seat 7: Gabrielfs13 (83468 in chips, $17.50 bounty) 
bandzulu: posts the ante 500
r3bl4nded: posts the ante 500
KroetederBiker: posts the ante 500
dem855: posts the ante 500
ABs 69 NZ: posts the ante 500
jeferson425: posts the ante 500
Gabrielfs13: posts the ante 500
ABs 69 NZ: posts small blind 2000
jeferson425: posts big blind 4000
*** HOLE CARDS ***
Dealt to Gabrielfs13 [3s 9c]
Gabrielfs13: folds 
bandzulu: folds 
r3bl4nded: folds 
KroetederBiker: raises 8000 to 12000
dem855: folds 
ABs 69 NZ: folds 
jeferson425: folds 
Uncalled bet (8000) returned to KroetederBiker
KroetederBiker collected 13500 from pot
KroetederBiker: doesn't show hand 
*** SUMMARY ***
Total pot 13500 | Rake 0 
Seat 1: bandzulu folded before Flop (didn't bet)
Seat 2: r3bl4nded folded before Flop (didn't bet)
Seat 3: KroetederBiker collected (13500)
Seat 4: dem855 (button) folded before Flop (didn't bet)
Seat 5: ABs 69 NZ (small blind) folded before Flop
Seat 6: jeferson425 (big blind) folded before Flop
Seat 7: Gabrielfs13 folded before Flop (didn't bet)



PokerStars Hand #257174436326: Tournament #3912518862, $4.80+$5.00+$1.20 USD Hold'em No Limit - Level XXII (2000/4000) - 2025/08/01 17:13:35 BRT [2025/08/01 16:13:35 ET]
Table '3912518862 13' 7-max Seat #5 is the button
Seat 1: bandzulu (364576 in chips, $48.43 bounty) 
Seat 2: r3bl4nded (119794 in chips, $21.87 bounty) 
Seat 3: KroetederBiker (57634 in chips, $13.12 bounty) 
Seat 4: dem855 (110792 in chips, $11.87 bounty) 
Seat 5: ABs 69 NZ (78090 in chips, $7.50 bounty) 
Seat 6: jeferson425 (93811 in chips, $35.93 bounty) 
Seat 7: Gabrielfs13 (82968 in chips, $17.50 bounty) 
bandzulu: posts the ante 500
r3bl4nded: posts the ante 500
KroetederBiker: posts the ante 500
dem855: posts the ante 500
ABs 69 NZ: posts the ante 500
jeferson425: posts the ante 500
Gabrielfs13: posts the ante 500
jeferson425: posts small blind 2000
Gabrielfs13: posts big blind 4000
*** HOLE CARDS ***
Dealt to Gabrielfs13 [Th Ac]
bandzulu: folds 
r3bl4nded: folds 
KroetederBiker: folds 
dem855: folds 
ABs 69 NZ: raises 4000 to 8000
jeferson425: folds 
Gabrielfs13: raises 74468 to 82468 and is all-in
ABs 69 NZ: calls 69590 and is all-in
Uncalled bet (4878) returned to Gabrielfs13
*** FLOP *** [3c Qc Qd]
*** TURN *** [3c Qc Qd] [3s]
*** RIVER *** [3c Qc Qd 3s] [Jh]
*** SHOW DOWN ***
Gabrielfs13: shows [Th Ac] (two pair, Queens and Threes)
ABs 69 NZ: shows [Jd Td] (two pair, Queens and Jacks)
ABs 69 NZ collected 160680 from pot
*** SUMMARY ***
Total pot 160680 | Rake 0 
Board [3c Qc Qd 3s Jh]
Seat 1: bandzulu folded before Flop (didn't bet)
Seat 2: r3bl4nded folded before Flop (didn't bet)
Seat 3: KroetederBiker folded before Flop (didn't bet)
Seat 4: dem855 folded before Flop (didn't bet)
Seat 5: ABs 69 NZ (button) showed [Jd Td] and won (160680) with two pair, Queens and Jacks
Seat 6: jeferson425 (small blind) folded before Flop
Seat 7: Gabrielfs13 (big blind) showed [Th Ac] and lost with two pair, Queens and Threes



PokerStars Hand #257174448620: Tournament #3912518862, $4.80+$5.00+$1.20 USD Hold'em No Limit - Level XXII (2000/4000) - 2025/08/01 17:14:28 BRT [2025/08/01 16:14:28 ET]
Table '3912518862 13' 7-max Seat #6 is the button
Seat 1: bandzulu (364076 in chips, $48.43 bounty) 
Seat 2: r3bl4nded (119294 in chips, $21.87 bounty) 
Seat 3: KroetederBiker (57134 in chips, $13.12 bounty) 
Seat 4: dem855 (110292 in chips, $11.87 bounty) 
Seat 5: ABs 69 NZ (160680 in chips, $7.50 bounty) 
Seat 6: jeferson425 (91311 in chips, $35.93 bounty) 
Seat 7: Gabrielfs13 (4878 in chips, $17.50 bounty) 
bandzulu: posts the ante 500
r3bl4nded: posts the ante 500
KroetederBiker: posts the ante 500
dem855: posts the ante 500
ABs 69 NZ: posts the ante 500
jeferson425: posts the ante 500
Gabrielfs13: posts the ante 500
Gabrielfs13: posts small blind 2000
bandzulu: posts big blind 4000
*** HOLE CARDS ***
Dealt to Gabrielfs13 [9s 3d]
r3bl4nded: folds 
KroetederBiker: folds 
dem855: folds 
ABs 69 NZ: calls 4000
jeferson425: calls 4000
Gabrielfs13: folds 
bandzulu: checks 
*** FLOP *** [4s 6h 7h]
bandzulu: checks 
ABs 69 NZ: checks 
jeferson425: checks 
*** TURN *** [4s 6h 7h] [5d]
bandzulu: bets 17500
ABs 69 NZ: folds 
jeferson425: calls 17500
*** RIVER *** [4s 6h 7h 5d] [4h]
bandzulu: bets 342076 and is all-in
jeferson425: calls 69311 and is all-in
Uncalled bet (272765) returned to bandzulu
*** SHOW DOWN ***
bandzulu: shows [Kh 8s] (a straight, Four to Eight)
jeferson425: shows [8d Ks] (a straight, Four to Eight)
bandzulu collected 95561 from pot
jeferson425 collected 95561 from pot
*** SUMMARY ***
Total pot 191122 | Rake 0 
Board [4s 6h 7h 5d 4h]
Seat 1: bandzulu (big blind) showed [Kh 8s] and won (95561) with a straight, Four to Eight
Seat 2: r3bl4nded folded before Flop (didn't bet)
Seat 3: KroetederBiker folded before Flop (didn't bet)
Seat 4: dem855 folded before Flop (didn't bet)
Seat 5: ABs 69 NZ folded on the Turn
Seat 6: jeferson425 (button) showed [8d Ks] and won (95561) with a straight, Four to Eight
Seat 7: Gabrielfs13 (small blind) folded before Flop



PokerStars Hand #257174475303: Tournament #3912518862, $4.80+$5.00+$1.20 USD Hold'em No Limit - Level XXIII (2500/5000) - 2025/08/01 17:16:23 BRT [2025/08/01 16:16:23 ET]
Table '3912518862 13' 7-max Seat #7 is the button
Seat 1: bandzulu (368326 in chips, $48.43 bounty) 
Seat 2: r3bl4nded (118794 in chips, $21.87 bounty) 
Seat 3: KroetederBiker (56634 in chips, $13.12 bounty) 
Seat 4: dem855 (109792 in chips, $11.87 bounty) 
Seat 5: ABs 69 NZ (156180 in chips, $7.50 bounty) 
Seat 6: jeferson425 (95561 in chips, $35.93 bounty) 
Seat 7: Gabrielfs13 (2378 in chips, $17.50 bounty) 
bandzulu: posts the ante 600
r3bl4nded: posts the ante 600
KroetederBiker: posts the ante 600
dem855: posts the ante 600
ABs 69 NZ: posts the ante 600
jeferson425: posts the ante 600
Gabrielfs13: posts the ante 600
bandzulu: posts small blind 2500
r3bl4nded: posts big blind 5000
*** HOLE CARDS ***
Dealt to Gabrielfs13 [5d 6h]
KroetederBiker: folds 
dem855: folds 
ABs 69 NZ: folds 
jeferson425: folds 
Gabrielfs13: calls 1778 and is all-in
bandzulu: calls 2500
r3bl4nded: checks 
*** FLOP *** [Tc 8s 4h]
bandzulu: bets 15000
r3bl4nded: folds 
Uncalled bet (15000) returned to bandzulu
*** TURN *** [Tc 8s 4h] [As]
*** RIVER *** [Tc 8s 4h As] [Qd]
*** SHOW DOWN ***
bandzulu: shows [8d 2s] (a pair of Eights)
bandzulu collected 6444 from side pot
Gabrielfs13: shows [5d 6h] (high card Ace)
bandzulu collected 9534 from main pot
bandzulu wins $8.75 for eliminating Gabrielfs13 and their own bounty increases by $8.75 to $57.18
Gabrielfs13 finished the tournament in 131st place and received $15.13.
*** SUMMARY ***
Total pot 15978 Main pot 9534. Side pot 6444. | Rake 0 
Board [Tc 8s 4h As Qd]
Seat 1: bandzulu (small blind) showed [8d 2s] and won (15978) with a pair of Eights
Seat 2: r3bl4nded (big blind) folded on the Flop
Seat 3: KroetederBiker folded before Flop (didn't bet)
Seat 4: dem855 folded before Flop (didn't bet)
Seat 5: ABs 69 NZ folded before Flop (didn't bet)
Seat 6: jeferson425 folded before Flop (didn't bet)
Seat 7: Gabrielfs13 (button) showed [5d 6h] and lost with high card Ace



