PokerStars Hand #248980712959: Tournament #3714753516, €9+€9+€2 EUR Hold'em No Limit - Level XXV (10000/20000) - 2024/02/19 20:22:05 BRT [2024/02/19 18:22:05 ET]
Table '3714753516 28' 8-max Seat #2 is the button
Seat 1: KKretli (850106 in chips, €78.18 bounty) 
Seat 2: Nakaa1260 (386108 in chips, €38.25 bounty) 
Seat 3: Shovirol (815736 in chips, €21.37 bounty) 
Seat 4: No Skill Needed (581950 in chips, €9 bounty) 
Seat 5: nacam77 (497217 in chips, €40.50 bounty) 
Seat 6: Tlitado (1044997 in chips, €91.11 bounty) 
Seat 7: pablogreim (498926 in chips, €18 bounty) 
Seat 8: deiraisetonuts (342040 in chips, €78.18 bounty) 
KKretli: posts the ante 2500
Nakaa1260: posts the ante 2500
Shovirol: posts the ante 2500
No Skill Needed: posts the ante 2500
nacam77: posts the ante 2500
Tlitado: posts the ante 2500
pablogreim: posts the ante 2500
deiraisetonuts: posts the ante 2500
Shovirol: posts small blind 10000
No Skill Needed: posts big blind 20000
*** HOLE CARDS ***
Dealt to deiraisetonuts [Th 7d]
nacam77: folds 
Tlitado: folds 
pablogreim: folds 
deiraisetonuts: folds 
KKretli: raises 20000 to 40000
Nakaa1260: folds 
Shovirol: calls 30000
No Skill Needed: folds 
*** FLOP *** [7s As 6c]
Shovirol: checks 
KKretli: bets 39600
Shovirol: folds 
Uncalled bet (39600) returned to KKretli
KKretli collected 120000 from pot
KKretli: doesn't show hand 
*** SUMMARY ***
Total pot 120000 | Rake 0 
Board [7s As 6c]
Seat 1: KKretli collected (120000)
Seat 2: Nakaa1260 (button) folded before Flop (didn't bet)
Seat 3: Shovirol (small blind) folded on the Flop
Seat 4: No Skill Needed (big blind) folded before Flop
Seat 5: nacam77 folded before Flop (didn't bet)
Seat 6: Tlitado folded before Flop (didn't bet)
Seat 7: pablogreim folded before Flop (didn't bet)
Seat 8: deiraisetonuts folded before Flop (didn't bet)



PokerStars Hand #248980726088: Tournament #3714753516, €9+€9+€2 EUR Hold'em No Limit - Level XXV (10000/20000) - 2024/02/19 20:22:49 BRT [2024/02/19 18:22:49 ET]
Table '3714753516 28' 8-max Seat #3 is the button
Seat 1: KKretli (927606 in chips, €78.18 bounty) 
Seat 2: Nakaa1260 (383608 in chips, €38.25 bounty) 
Seat 3: Shovirol (773236 in chips, €21.37 bounty) 
Seat 4: No Skill Needed (559450 in chips, €9 bounty) 
Seat 5: nacam77 (494717 in chips, €40.50 bounty) 
Seat 6: Tlitado (1042497 in chips, €91.11 bounty) 
Seat 7: pablogreim (496426 in chips, €18 bounty) 
Seat 8: deiraisetonuts (339540 in chips, €78.18 bounty) 
KKretli: posts the ante 2500
Nakaa1260: posts the ante 2500
Shovirol: posts the ante 2500
No Skill Needed: posts the ante 2500
nacam77: posts the ante 2500
Tlitado: posts the ante 2500
pablogreim: posts the ante 2500
deiraisetonuts: posts the ante 2500
No Skill Needed: posts small blind 10000
nacam77: posts big blind 20000
*** HOLE CARDS ***
Dealt to deiraisetonuts [Kc Ad]
Tlitado: folds 
pablogreim: folds 
deiraisetonuts: raises 20000 to 40000
KKretli: folds 
Nakaa1260: folds 
Shovirol: calls 40000
No Skill Needed: folds 
nacam77: calls 20000
*** FLOP *** [Ts 9h 4h]
nacam77: checks 
deiraisetonuts: checks 
Shovirol: bets 50000
nacam77: folds 
deiraisetonuts: folds 
Uncalled bet (50000) returned to Shovirol
Shovirol collected 150000 from pot
Shovirol: doesn't show hand 
*** SUMMARY ***
Total pot 150000 | Rake 0 
Board [Ts 9h 4h]
Seat 1: KKretli folded before Flop (didn't bet)
Seat 2: Nakaa1260 folded before Flop (didn't bet)
Seat 3: Shovirol (button) collected (150000)
Seat 4: No Skill Needed (small blind) folded before Flop
Seat 5: nacam77 (big blind) folded on the Flop
Seat 6: Tlitado folded before Flop (didn't bet)
Seat 7: pablogreim folded before Flop (didn't bet)
Seat 8: deiraisetonuts folded on the Flop



PokerStars Hand #248980745343: Tournament #3714753516, €9+€9+€2 EUR Hold'em No Limit - Level XXV (10000/20000) - 2024/02/19 20:23:53 BRT [2024/02/19 18:23:53 ET]
Table '3714753516 28' 8-max Seat #4 is the button
Seat 1: KKretli (925106 in chips, €78.18 bounty) 
Seat 2: Nakaa1260 (381108 in chips, €38.25 bounty) 
Seat 3: Shovirol (880736 in chips, €21.37 bounty) 
Seat 4: No Skill Needed (546950 in chips, €9 bounty) 
Seat 5: nacam77 (452217 in chips, €40.50 bounty) 
Seat 6: Tlitado (1039997 in chips, €91.11 bounty) 
Seat 7: pablogreim (493926 in chips, €18 bounty) 
Seat 8: deiraisetonuts (297040 in chips, €78.18 bounty) 
KKretli: posts the ante 2500
Nakaa1260: posts the ante 2500
Shovirol: posts the ante 2500
No Skill Needed: posts the ante 2500
nacam77: posts the ante 2500
Tlitado: posts the ante 2500
pablogreim: posts the ante 2500
deiraisetonuts: posts the ante 2500
nacam77: posts small blind 10000
Tlitado: posts big blind 20000
*** HOLE CARDS ***
Dealt to deiraisetonuts [Ac 4h]
pablogreim: folds 
deiraisetonuts: folds 
KKretli: raises 20000 to 40000
Nakaa1260: folds 
Shovirol: folds 
No Skill Needed: folds 
nacam77: raises 120000 to 160000
Tlitado: folds 
KKretli: folds 
Uncalled bet (120000) returned to nacam77
nacam77 collected 120000 from pot
*** SUMMARY ***
Total pot 120000 | Rake 0 
Seat 1: KKretli folded before Flop
Seat 2: Nakaa1260 folded before Flop (didn't bet)
Seat 3: Shovirol folded before Flop (didn't bet)
Seat 4: No Skill Needed (button) folded before Flop (didn't bet)
Seat 5: nacam77 (small blind) collected (120000)
Seat 6: Tlitado (big blind) folded before Flop
Seat 7: pablogreim folded before Flop (didn't bet)
Seat 8: deiraisetonuts folded before Flop (didn't bet)



PokerStars Hand #248980757318: Tournament #3714753516, €9+€9+€2 EUR Hold'em No Limit - Level XXV (10000/20000) - 2024/02/19 20:24:33 BRT [2024/02/19 18:24:33 ET]
Table '3714753516 28' 8-max Seat #5 is the button
Seat 1: KKretli (882606 in chips, €78.18 bounty) 
Seat 2: Nakaa1260 (378608 in chips, €38.25 bounty) 
Seat 3: Shovirol (878236 in chips, €21.37 bounty) 
Seat 4: No Skill Needed (544450 in chips, €9 bounty) 
Seat 5: nacam77 (529717 in chips, €40.50 bounty) 
Seat 6: Tlitado (1017497 in chips, €91.11 bounty) 
Seat 7: pablogreim (491426 in chips, €18 bounty) 
Seat 8: deiraisetonuts (294540 in chips, €78.18 bounty) 
KKretli: posts the ante 2500
Nakaa1260: posts the ante 2500
Shovirol: posts the ante 2500
No Skill Needed: posts the ante 2500
nacam77: posts the ante 2500
Tlitado: posts the ante 2500
pablogreim: posts the ante 2500
deiraisetonuts: posts the ante 2500
Tlitado: posts small blind 10000
pablogreim: posts big blind 20000
*** HOLE CARDS ***
Dealt to deiraisetonuts [Ac Jh]
deiraisetonuts: raises 272040 to 292040 and is all-in
KKretli: folds 
Nakaa1260: folds 
Shovirol: folds 
No Skill Needed: folds 
nacam77: folds 
Tlitado: folds 
pablogreim: folds 
Uncalled bet (272040) returned to deiraisetonuts
deiraisetonuts collected 70000 from pot
deiraisetonuts: doesn't show hand 
*** SUMMARY ***
Total pot 70000 | Rake 0 
Seat 1: KKretli folded before Flop (didn't bet)
Seat 2: Nakaa1260 folded before Flop (didn't bet)
Seat 3: Shovirol folded before Flop (didn't bet)
Seat 4: No Skill Needed folded before Flop (didn't bet)
Seat 5: nacam77 (button) folded before Flop (didn't bet)
Seat 6: Tlitado (small blind) folded before Flop
Seat 7: pablogreim (big blind) folded before Flop
Seat 8: deiraisetonuts collected (70000)



PokerStars Hand #248980765548: Tournament #3714753516, €9+€9+€2 EUR Hold'em No Limit - Level XXVI (12500/25000) - 2024/02/19 20:25:00 BRT [2024/02/19 18:25:00 ET]
Table '3714753516 28' 8-max Seat #6 is the button
Seat 1: KKretli (880106 in chips, €78.18 bounty) 
Seat 2: Nakaa1260 (376108 in chips, €38.25 bounty) 
Seat 3: Shovirol (875736 in chips, €21.37 bounty) 
Seat 4: No Skill Needed (541950 in chips, €9 bounty) 
Seat 5: nacam77 (527217 in chips, €40.50 bounty) 
Seat 6: Tlitado (1004997 in chips, €91.11 bounty) 
Seat 7: pablogreim (468926 in chips, €18 bounty) 
Seat 8: deiraisetonuts (342040 in chips, €78.18 bounty) 
KKretli: posts the ante 3250
Nakaa1260: posts the ante 3250
Shovirol: posts the ante 3250
No Skill Needed: posts the ante 3250
nacam77: posts the ante 3250
Tlitado: posts the ante 3250
pablogreim: posts the ante 3250
deiraisetonuts: posts the ante 3250
pablogreim: posts small blind 12500
deiraisetonuts: posts big blind 25000
*** HOLE CARDS ***
Dealt to deiraisetonuts [4d 2s]
KKretli: folds 
Nakaa1260: folds 
Shovirol: folds 
No Skill Needed: raises 75000 to 100000
nacam77: folds 
Tlitado: folds 
pablogreim: calls 87500
deiraisetonuts: folds 
*** FLOP *** [8c 9d 4s]
pablogreim: checks 
No Skill Needed: bets 100000
pablogreim: raises 265676 to 365676 and is all-in
No Skill Needed: calls 265676
*** TURN *** [8c 9d 4s] [7c]
*** RIVER *** [8c 9d 4s 7c] [8h]
*** SHOW DOWN ***
pablogreim: shows [7d 7s] (a full house, Sevens full of Eights)
No Skill Needed: shows [Ad As] (two pair, Aces and Eights)
pablogreim collected 982352 from pot
*** SUMMARY ***
Total pot 982352 | Rake 0 
Board [8c 9d 4s 7c 8h]
Seat 1: KKretli folded before Flop (didn't bet)
Seat 2: Nakaa1260 folded before Flop (didn't bet)
Seat 3: Shovirol folded before Flop (didn't bet)
Seat 4: No Skill Needed showed [Ad As] and lost with two pair, Aces and Eights
Seat 5: nacam77 folded before Flop (didn't bet)
Seat 6: Tlitado (button) folded before Flop (didn't bet)
Seat 7: pablogreim (small blind) showed [7d 7s] and won (982352) with a full house, Sevens full of Eights
Seat 8: deiraisetonuts (big blind) folded before Flop



PokerStars Hand #248980787585: Tournament #3714753516, €9+€9+€2 EUR Hold'em No Limit - Level XXVI (12500/25000) - 2024/02/19 20:26:15 BRT [2024/02/19 18:26:15 ET]
Table '3714753516 28' 8-max Seat #7 is the button
Seat 1: KKretli (876856 in chips, €78.18 bounty) 
Seat 2: Nakaa1260 (372858 in chips, €38.25 bounty) 
Seat 3: Shovirol (872486 in chips, €21.37 bounty) 
Seat 4: No Skill Needed (73024 in chips, €9 bounty) 
Seat 5: nacam77 (523967 in chips, €40.50 bounty) 
Seat 6: Tlitado (1001747 in chips, €91.11 bounty) 
Seat 7: pablogreim (982352 in chips, €18 bounty) 
Seat 8: deiraisetonuts (313790 in chips, €78.18 bounty) 
KKretli: posts the ante 3250
Nakaa1260: posts the ante 3250
Shovirol: posts the ante 3250
No Skill Needed: posts the ante 3250
nacam77: posts the ante 3250
Tlitado: posts the ante 3250
pablogreim: posts the ante 3250
deiraisetonuts: posts the ante 3250
deiraisetonuts: posts small blind 12500
KKretli: posts big blind 25000
*** HOLE CARDS ***
Dealt to deiraisetonuts [3h Qc]
Nakaa1260: folds 
Shovirol: raises 25000 to 50000
No Skill Needed: folds 
nacam77: folds 
Tlitado: folds 
pablogreim: folds 
deiraisetonuts: folds 
KKretli: calls 25000
*** FLOP *** [4s Ts 6c]
KKretli: checks 
Shovirol: checks 
*** TURN *** [4s Ts 6c] [9h]
KKretli: bets 45705
Shovirol: calls 45705
*** RIVER *** [4s Ts 6c 9h] [8c]
KKretli: checks 
Shovirol: bets 92000
KKretli: calls 92000
*** SHOW DOWN ***
Shovirol: shows [Ad 7d] (a straight, Six to Ten)
KKretli: mucks hand 
Shovirol collected 413910 from pot
*** SUMMARY ***
Total pot 413910 | Rake 0 
Board [4s Ts 6c 9h 8c]
Seat 1: KKretli (big blind) mucked [2d 9d]
Seat 2: Nakaa1260 folded before Flop (didn't bet)
Seat 3: Shovirol showed [Ad 7d] and won (413910) with a straight, Six to Ten
Seat 4: No Skill Needed folded before Flop (didn't bet)
Seat 5: nacam77 folded before Flop (didn't bet)
Seat 6: Tlitado folded before Flop (didn't bet)
Seat 7: pablogreim (button) folded before Flop (didn't bet)
Seat 8: deiraisetonuts (small blind) folded before Flop



PokerStars Hand #248980811847: Tournament #3714753516, €9+€9+€2 EUR Hold'em No Limit - Level XXVI (12500/25000) - 2024/02/19 20:27:37 BRT [2024/02/19 18:27:37 ET]
Table '3714753516 28' 8-max Seat #8 is the button
Seat 1: KKretli (685901 in chips, €78.18 bounty) 
Seat 2: Nakaa1260 (369608 in chips, €38.25 bounty) 
Seat 3: Shovirol (1095441 in chips, €21.37 bounty) 
Seat 4: No Skill Needed (69774 in chips, €9 bounty) 
Seat 5: nacam77 (520717 in chips, €40.50 bounty) 
Seat 6: Tlitado (998497 in chips, €91.11 bounty) 
Seat 7: pablogreim (979102 in chips, €18 bounty) 
Seat 8: deiraisetonuts (298040 in chips, €78.18 bounty) 
KKretli: posts the ante 3250
Nakaa1260: posts the ante 3250
Shovirol: posts the ante 3250
No Skill Needed: posts the ante 3250
nacam77: posts the ante 3250
Tlitado: posts the ante 3250
pablogreim: posts the ante 3250
deiraisetonuts: posts the ante 3250
KKretli: posts small blind 12500
Nakaa1260: posts big blind 25000
*** HOLE CARDS ***
Dealt to deiraisetonuts [Ks Jc]
Shovirol: folds 
No Skill Needed: folds 
nacam77: folds 
Tlitado: folds 
pablogreim: raises 25000 to 50000
deiraisetonuts: calls 50000
KKretli: folds 
Nakaa1260: folds 
*** FLOP *** [Jh 2s Qc]
pablogreim: checks 
deiraisetonuts: checks 
*** TURN *** [Jh 2s Qc] [Qs]
pablogreim: bets 81750
deiraisetonuts: calls 81750
*** RIVER *** [Jh 2s Qc Qs] [5h]
pablogreim: checks 
deiraisetonuts: bets 163040 and is all-in
pablogreim: calls 163040
*** SHOW DOWN ***
deiraisetonuts: shows [Ks Jc] (two pair, Queens and Jacks)
pablogreim: shows [5s Ah] (two pair, Queens and Fives)
deiraisetonuts collected 653080 from pot
*** SUMMARY ***
Total pot 653080 | Rake 0 
Board [Jh 2s Qc Qs 5h]
Seat 1: KKretli (small blind) folded before Flop
Seat 2: Nakaa1260 (big blind) folded before Flop
Seat 3: Shovirol folded before Flop (didn't bet)
Seat 4: No Skill Needed folded before Flop (didn't bet)
Seat 5: nacam77 folded before Flop (didn't bet)
Seat 6: Tlitado folded before Flop (didn't bet)
Seat 7: pablogreim showed [5s Ah] and lost with two pair, Queens and Fives
Seat 8: deiraisetonuts (button) showed [Ks Jc] and won (653080) with two pair, Queens and Jacks



PokerStars Hand #248980837427: Tournament #3714753516, €9+€9+€2 EUR Hold'em No Limit - Level XXVI (12500/25000) - 2024/02/19 20:29:04 BRT [2024/02/19 18:29:04 ET]
Table '3714753516 28' 8-max Seat #1 is the button
Seat 1: KKretli (670151 in chips, €78.18 bounty) 
Seat 2: Nakaa1260 (341358 in chips, €38.25 bounty) 
Seat 3: Shovirol (1092191 in chips, €21.37 bounty) 
Seat 4: No Skill Needed (66524 in chips, €9 bounty) 
Seat 5: nacam77 (517467 in chips, €40.50 bounty) 
Seat 6: Tlitado (995247 in chips, €91.11 bounty) 
Seat 7: pablogreim (681062 in chips, €18 bounty) 
Seat 8: deiraisetonuts (653080 in chips, €78.18 bounty) 
KKretli: posts the ante 3250
Nakaa1260: posts the ante 3250
Shovirol: posts the ante 3250
No Skill Needed: posts the ante 3250
nacam77: posts the ante 3250
Tlitado: posts the ante 3250
pablogreim: posts the ante 3250
deiraisetonuts: posts the ante 3250
Nakaa1260: posts small blind 12500
Shovirol: posts big blind 25000
*** HOLE CARDS ***
Dealt to deiraisetonuts [7s 4s]
No Skill Needed: raises 38274 to 63274 and is all-in
nacam77: folds 
Tlitado: folds 
pablogreim: calls 63274
deiraisetonuts: folds 
KKretli: calls 63274
Nakaa1260: folds 
Shovirol: calls 38274
*** FLOP *** [2d Jh 2c]
Shovirol: checks 
pablogreim: checks 
KKretli: checks 
*** TURN *** [2d Jh 2c] [5c]
Shovirol: checks 
pablogreim: bets 120798
KKretli: calls 120798
Shovirol: folds 
*** RIVER *** [2d Jh 2c 5c] [6d]
pablogreim: checks 
KKretli: checks 
*** SHOW DOWN ***
pablogreim: shows [7h Ac] (a pair of Deuces)
KKretli: mucks hand 
pablogreim collected 241596 from side pot
No Skill Needed: shows [As Tc] (a pair of Deuces - Ace+Jack+Ten kicker)
No Skill Needed collected 291596 from main pot
*** SUMMARY ***
Total pot 533192 Main pot 291596. Side pot 241596. | Rake 0 
Board [2d Jh 2c 5c 6d]
Seat 1: KKretli (button) mucked [Qc 9c]
Seat 2: Nakaa1260 (small blind) folded before Flop
Seat 3: Shovirol (big blind) folded on the Turn
Seat 4: No Skill Needed showed [As Tc] and won (291596) with a pair of Deuces
Seat 5: nacam77 folded before Flop (didn't bet)
Seat 6: Tlitado folded before Flop (didn't bet)
Seat 7: pablogreim showed [7h Ac] and won (241596) with a pair of Deuces
Seat 8: deiraisetonuts folded before Flop (didn't bet)



PokerStars Hand #248980859227: Tournament #3714753516, €9+€9+€2 EUR Hold'em No Limit - Level XXVI (12500/25000) - 2024/02/19 20:30:19 BRT [2024/02/19 18:30:19 ET]
Table '3714753516 28' 8-max Seat #2 is the button
Seat 1: KKretli (482829 in chips, €78.18 bounty) 
Seat 2: Nakaa1260 (325608 in chips, €38.25 bounty) 
Seat 3: Shovirol (1025667 in chips, €21.37 bounty) 
Seat 4: No Skill Needed (291596 in chips, €9 bounty) 
Seat 5: nacam77 (514217 in chips, €40.50 bounty) 
Seat 6: Tlitado (991997 in chips, €91.11 bounty) 
Seat 7: pablogreim (735336 in chips, €18 bounty) 
Seat 8: deiraisetonuts (649830 in chips, €78.18 bounty) 
KKretli: posts the ante 3250
Nakaa1260: posts the ante 3250
Shovirol: posts the ante 3250
No Skill Needed: posts the ante 3250
nacam77: posts the ante 3250
Tlitado: posts the ante 3250
pablogreim: posts the ante 3250
deiraisetonuts: posts the ante 3250
Shovirol: posts small blind 12500
No Skill Needed: posts big blind 25000
*** HOLE CARDS ***
Dealt to deiraisetonuts [6d 5h]
nacam77: folds 
Tlitado: folds 
pablogreim: raises 25000 to 50000
deiraisetonuts: folds 
KKretli: folds 
Nakaa1260: folds 
Shovirol: calls 37500
No Skill Needed: folds 
*** FLOP *** [6s 7h Kh]
Shovirol: checks 
pablogreim: checks 
*** TURN *** [6s 7h Kh] [Ah]
Shovirol: checks 
pablogreim: bets 50500
Shovirol: calls 50500
*** RIVER *** [6s 7h Kh Ah] [3c]
Shovirol: checks 
pablogreim: bets 126000
Shovirol: folds 
Uncalled bet (126000) returned to pablogreim
pablogreim collected 252000 from pot
*** SUMMARY ***
Total pot 252000 | Rake 0 
Board [6s 7h Kh Ah 3c]
Seat 1: KKretli folded before Flop (didn't bet)
Seat 2: Nakaa1260 (button) folded before Flop (didn't bet)
Seat 3: Shovirol (small blind) folded on the River
Seat 4: No Skill Needed (big blind) folded before Flop
Seat 5: nacam77 folded before Flop (didn't bet)
Seat 6: Tlitado folded before Flop (didn't bet)
Seat 7: pablogreim collected (252000)
Seat 8: deiraisetonuts folded before Flop (didn't bet)



PokerStars Hand #248980886240: Tournament #3714753516, €9+€9+€2 EUR Hold'em No Limit - Level XXVI (12500/25000) - 2024/02/19 20:31:51 BRT [2024/02/19 18:31:51 ET]
Table '3714753516 28' 8-max Seat #3 is the button
Seat 1: KKretli (479579 in chips, €78.18 bounty) 
Seat 2: Nakaa1260 (322358 in chips, €38.25 bounty) 
Seat 3: Shovirol (921917 in chips, €21.37 bounty) 
Seat 4: No Skill Needed (263346 in chips, €9 bounty) 
Seat 5: nacam77 (510967 in chips, €40.50 bounty) 
Seat 6: Tlitado (988747 in chips, €91.11 bounty) 
Seat 7: pablogreim (883586 in chips, €18 bounty) 
Seat 8: deiraisetonuts (646580 in chips, €78.18 bounty) 
KKretli: posts the ante 3250
Nakaa1260: posts the ante 3250
Shovirol: posts the ante 3250
No Skill Needed: posts the ante 3250
nacam77: posts the ante 3250
Tlitado: posts the ante 3250
pablogreim: posts the ante 3250
deiraisetonuts: posts the ante 3250
No Skill Needed: posts small blind 12500
nacam77: posts big blind 25000
*** HOLE CARDS ***
Dealt to deiraisetonuts [Qc 6d]
Tlitado: folds 
pablogreim: raises 25000 to 50000
deiraisetonuts: folds 
KKretli: folds 
Nakaa1260: folds 
Shovirol: folds 
No Skill Needed: folds 
nacam77: calls 25000
*** FLOP *** [Qs 2c Ah]
nacam77: checks 
pablogreim: bets 44250
nacam77: folds 
Uncalled bet (44250) returned to pablogreim
pablogreim collected 138500 from pot
*** SUMMARY ***
Total pot 138500 | Rake 0 
Board [Qs 2c Ah]
Seat 1: KKretli folded before Flop (didn't bet)
Seat 2: Nakaa1260 folded before Flop (didn't bet)
Seat 3: Shovirol (button) folded before Flop (didn't bet)
Seat 4: No Skill Needed (small blind) folded before Flop
Seat 5: nacam77 (big blind) folded on the Flop
Seat 6: Tlitado folded before Flop (didn't bet)
Seat 7: pablogreim collected (138500)
Seat 8: deiraisetonuts folded before Flop (didn't bet)



PokerStars Hand #248980898004: Tournament #3714753516, €9+€9+€2 EUR Hold'em No Limit - Level XXVI (12500/25000) - 2024/02/19 20:32:32 BRT [2024/02/19 18:32:32 ET]
Table '3714753516 28' 8-max Seat #4 is the button
Seat 1: KKretli (476329 in chips, €78.18 bounty) 
Seat 2: Nakaa1260 (319108 in chips, €38.25 bounty) 
Seat 3: Shovirol (918667 in chips, €21.37 bounty) 
Seat 4: No Skill Needed (247596 in chips, €9 bounty) 
Seat 5: nacam77 (457717 in chips, €40.50 bounty) 
Seat 6: Tlitado (985497 in chips, €91.11 bounty) 
Seat 7: pablogreim (968836 in chips, €18 bounty) 
Seat 8: deiraisetonuts (643330 in chips, €78.18 bounty) 
KKretli: posts the ante 3250
Nakaa1260: posts the ante 3250
Shovirol: posts the ante 3250
No Skill Needed: posts the ante 3250
nacam77: posts the ante 3250
Tlitado: posts the ante 3250
pablogreim: posts the ante 3250
deiraisetonuts: posts the ante 3250
nacam77: posts small blind 12500
Tlitado: posts big blind 25000
*** HOLE CARDS ***
Dealt to deiraisetonuts [Qd 7s]
pablogreim: raises 25000 to 50000
deiraisetonuts: folds 
KKretli: folds 
Nakaa1260: folds 
Shovirol: folds 
No Skill Needed: folds 
nacam77: raises 404467 to 454467 and is all-in
Tlitado: folds 
pablogreim: calls 404467
*** FLOP *** [Kh 4d 8h]
*** TURN *** [Kh 4d 8h] [4s]
*** RIVER *** [Kh 4d 8h 4s] [Ks]
*** SHOW DOWN ***
nacam77: shows [Ac Qh] (two pair, Kings and Fours)
pablogreim: shows [Jd Jh] (two pair, Kings and Jacks)
pablogreim collected 959934 from pot
pablogreim wins €20.25 for eliminating nacam77 and their own bounty increases by €20.25 to €38.25
nacam77 finished the tournament in 139th place and received €29.31.
*** SUMMARY ***
Total pot 959934 | Rake 0 
Board [Kh 4d 8h 4s Ks]
Seat 1: KKretli folded before Flop (didn't bet)
Seat 2: Nakaa1260 folded before Flop (didn't bet)
Seat 3: Shovirol folded before Flop (didn't bet)
Seat 4: No Skill Needed (button) folded before Flop (didn't bet)
Seat 5: nacam77 (small blind) showed [Ac Qh] and lost with two pair, Kings and Fours
Seat 6: Tlitado (big blind) folded before Flop
Seat 7: pablogreim showed [Jd Jh] and won (959934) with two pair, Kings and Jacks
Seat 8: deiraisetonuts folded before Flop (didn't bet)



PokerStars Hand #248980916828: Tournament #3714753516, €9+€9+€2 EUR Hold'em No Limit - Level XXVII (15000/30000) - 2024/02/19 20:33:37 BRT [2024/02/19 18:33:37 ET]
Table '3714753516 28' 8-max Seat #6 is the button
Seat 1: KKretli (473079 in chips, €78.18 bounty) 
Seat 2: Nakaa1260 (315858 in chips, €38.25 bounty) 
Seat 3: Shovirol (915417 in chips, €21.37 bounty) 
Seat 4: No Skill Needed (244346 in chips, €9 bounty) 
Seat 6: Tlitado (957247 in chips, €91.11 bounty) 
Seat 7: pablogreim (1471053 in chips, €38.25 bounty) 
Seat 8: deiraisetonuts (640080 in chips, €78.18 bounty) 
KKretli: posts the ante 3750
Nakaa1260: posts the ante 3750
Shovirol: posts the ante 3750
No Skill Needed: posts the ante 3750
Tlitado: posts the ante 3750
pablogreim: posts the ante 3750
deiraisetonuts: posts the ante 3750
pablogreim: posts small blind 15000
deiraisetonuts: posts big blind 30000
*** HOLE CARDS ***
Dealt to deiraisetonuts [Qc 2s]
KKretli: folds 
Nakaa1260: folds 
Shovirol: folds 
No Skill Needed: folds 
Tlitado: raises 33000 to 63000
pablogreim: folds 
deiraisetonuts: raises 135000 to 198000
Tlitado: folds 
Uncalled bet (135000) returned to deiraisetonuts
deiraisetonuts collected 167250 from pot
deiraisetonuts: doesn't show hand 
*** SUMMARY ***
Total pot 167250 | Rake 0 
Seat 1: KKretli folded before Flop (didn't bet)
Seat 2: Nakaa1260 folded before Flop (didn't bet)
Seat 3: Shovirol folded before Flop (didn't bet)
Seat 4: No Skill Needed folded before Flop (didn't bet)
Seat 6: Tlitado (button) folded before Flop
Seat 7: pablogreim (small blind) folded before Flop
Seat 8: deiraisetonuts (big blind) collected (167250)



PokerStars Hand #248980929597: Tournament #3714753516, €9+€9+€2 EUR Hold'em No Limit - Level XXVII (15000/30000) - 2024/02/19 20:34:21 BRT [2024/02/19 18:34:21 ET]
Table '3714753516 28' 8-max Seat #7 is the button
Seat 1: KKretli (469329 in chips, €78.18 bounty) 
Seat 2: Nakaa1260 (312108 in chips, €38.25 bounty) 
Seat 3: Shovirol (911667 in chips, €21.37 bounty) 
Seat 4: No Skill Needed (240596 in chips, €9 bounty) 
Seat 6: Tlitado (890497 in chips, €91.11 bounty) 
Seat 7: pablogreim (1452303 in chips, €38.25 bounty) 
Seat 8: deiraisetonuts (740580 in chips, €78.18 bounty) 
KKretli: posts the ante 3750
Nakaa1260: posts the ante 3750
Shovirol: posts the ante 3750
No Skill Needed: posts the ante 3750
Tlitado: posts the ante 3750
pablogreim: posts the ante 3750
deiraisetonuts: posts the ante 3750
deiraisetonuts: posts small blind 15000
KKretli: posts big blind 30000
*** HOLE CARDS ***
Dealt to deiraisetonuts [3s Jc]
Nakaa1260: folds 
Shovirol: folds 
No Skill Needed: folds 
Tlitado: raises 33000 to 63000
pablogreim: folds 
deiraisetonuts: folds 
KKretli: calls 33000
*** FLOP *** [8c 3c Jd]
KKretli: checks 
Tlitado: bets 97500
KKretli: folds 
Uncalled bet (97500) returned to Tlitado
Tlitado collected 167250 from pot
Tlitado: doesn't show hand 
*** SUMMARY ***
Total pot 167250 | Rake 0 
Board [8c 3c Jd]
Seat 1: KKretli (big blind) folded on the Flop
Seat 2: Nakaa1260 folded before Flop (didn't bet)
Seat 3: Shovirol folded before Flop (didn't bet)
Seat 4: No Skill Needed folded before Flop (didn't bet)
Seat 6: Tlitado collected (167250)
Seat 7: pablogreim (button) folded before Flop (didn't bet)
Seat 8: deiraisetonuts (small blind) folded before Flop



PokerStars Hand #248980944523: Tournament #3714753516, €9+€9+€2 EUR Hold'em No Limit - Level XXVII (15000/30000) - 2024/02/19 20:35:12 BRT [2024/02/19 18:35:12 ET]
Table '3714753516 28' 8-max Seat #8 is the button
Seat 1: KKretli (402579 in chips, €78.18 bounty) 
Seat 2: Nakaa1260 (308358 in chips, €38.25 bounty) 
Seat 3: Shovirol (907917 in chips, €21.37 bounty) 
Seat 4: No Skill Needed (236846 in chips, €9 bounty) 
Seat 5: moxie 26 (401826 in chips, €55.12 bounty) 
Seat 6: Tlitado (990997 in chips, €91.11 bounty) 
Seat 7: pablogreim (1448553 in chips, €38.25 bounty) 
Seat 8: deiraisetonuts (721830 in chips, €78.18 bounty) 
KKretli: posts the ante 3750
Nakaa1260: posts the ante 3750
Shovirol: posts the ante 3750
No Skill Needed: posts the ante 3750
moxie 26: posts the ante 3750
Tlitado: posts the ante 3750
pablogreim: posts the ante 3750
deiraisetonuts: posts the ante 3750
KKretli: posts small blind 15000
Nakaa1260: posts big blind 30000
*** HOLE CARDS ***
Dealt to deiraisetonuts [8c Ac]
Shovirol: folds 
No Skill Needed: folds 
moxie 26: folds 
Tlitado: folds 
pablogreim: folds 
deiraisetonuts: raises 688080 to 718080 and is all-in
KKretli: folds 
Nakaa1260: folds 
Uncalled bet (688080) returned to deiraisetonuts
deiraisetonuts collected 105000 from pot
deiraisetonuts: doesn't show hand 
*** SUMMARY ***
Total pot 105000 | Rake 0 
Seat 1: KKretli (small blind) folded before Flop
Seat 2: Nakaa1260 (big blind) folded before Flop
Seat 3: Shovirol folded before Flop (didn't bet)
Seat 4: No Skill Needed folded before Flop (didn't bet)
Seat 5: moxie 26 folded before Flop (didn't bet)
Seat 6: Tlitado folded before Flop (didn't bet)
Seat 7: pablogreim folded before Flop (didn't bet)
Seat 8: deiraisetonuts (button) collected (105000)



PokerStars Hand #248980956770: Tournament #3714753516, €9+€9+€2 EUR Hold'em No Limit - Level XXVII (15000/30000) - 2024/02/19 20:35:55 BRT [2024/02/19 18:35:55 ET]
Table '3714753516 28' 8-max Seat #1 is the button
Seat 1: KKretli (383829 in chips, €78.18 bounty) 
Seat 2: Nakaa1260 (274608 in chips, €38.25 bounty) 
Seat 3: Shovirol (904167 in chips, €21.37 bounty) 
Seat 4: No Skill Needed (233096 in chips, €9 bounty) 
Seat 5: moxie 26 (398076 in chips, €55.12 bounty) 
Seat 6: Tlitado (987247 in chips, €91.11 bounty) 
Seat 7: pablogreim (1444803 in chips, €38.25 bounty) 
Seat 8: deiraisetonuts (793080 in chips, €78.18 bounty) 
KKretli: posts the ante 3750
Nakaa1260: posts the ante 3750
Shovirol: posts the ante 3750
No Skill Needed: posts the ante 3750
moxie 26: posts the ante 3750
Tlitado: posts the ante 3750
pablogreim: posts the ante 3750
deiraisetonuts: posts the ante 3750
Nakaa1260: posts small blind 15000
Shovirol: posts big blind 30000
*** HOLE CARDS ***
Dealt to deiraisetonuts [4c As]
No Skill Needed: folds 
moxie 26: folds 
Tlitado: folds 
pablogreim: folds 
deiraisetonuts: raises 30000 to 60000
KKretli: folds 
Nakaa1260: raises 210858 to 270858 and is all-in
Shovirol: folds 
deiraisetonuts: calls 210858
*** FLOP *** [4h Ac Ah]
*** TURN *** [4h Ac Ah] [4d]
*** RIVER *** [4h Ac Ah 4d] [2s]
*** SHOW DOWN ***
Nakaa1260: shows [Qc Qd] (two pair, Aces and Queens)
deiraisetonuts: shows [4c As] (a full house, Aces full of Fours)
deiraisetonuts collected 601716 from pot
deiraisetonuts wins €19.13 for eliminating Nakaa1260 and their own bounty increases by €19.12 to €97.30
Nakaa1260 finished the tournament in 125th place and received €29.31.
*** SUMMARY ***
Total pot 601716 | Rake 0 
Board [4h Ac Ah 4d 2s]
Seat 1: KKretli (button) folded before Flop (didn't bet)
Seat 2: Nakaa1260 (small blind) showed [Qc Qd] and lost with two pair, Aces and Queens
Seat 3: Shovirol (big blind) folded before Flop
Seat 4: No Skill Needed folded before Flop (didn't bet)
Seat 5: moxie 26 folded before Flop (didn't bet)
Seat 6: Tlitado folded before Flop (didn't bet)
Seat 7: pablogreim folded before Flop (didn't bet)
Seat 8: deiraisetonuts showed [4c As] and won (601716) with a full house, Aces full of Fours



PokerStars Hand #248980981847: Tournament #3714753516, €9+€9+€2 EUR Hold'em No Limit - Level XXVII (15000/30000) - 2024/02/19 20:37:22 BRT [2024/02/19 18:37:22 ET]
Table '3714753516 28' 8-max Seat #3 is the button
Seat 1: KKretli (380079 in chips, €78.18 bounty) 
Seat 3: Shovirol (870417 in chips, €21.37 bounty) 
Seat 4: No Skill Needed (229346 in chips, €9 bounty) 
Seat 5: moxie 26 (394326 in chips, €55.12 bounty) 
Seat 6: Tlitado (983497 in chips, €91.11 bounty) 
Seat 7: pablogreim (1441053 in chips, €38.25 bounty) 
Seat 8: deiraisetonuts (1120188 in chips, €97.30 bounty) 
KKretli: posts the ante 3750
Shovirol: posts the ante 3750
No Skill Needed: posts the ante 3750
moxie 26: posts the ante 3750
Tlitado: posts the ante 3750
pablogreim: posts the ante 3750
deiraisetonuts: posts the ante 3750
No Skill Needed: posts small blind 15000
moxie 26: posts big blind 30000
*** HOLE CARDS ***
Dealt to deiraisetonuts [8s 9d]
Tlitado: folds 
pablogreim: folds 
deiraisetonuts: folds 
KKretli: folds 
Shovirol: folds 
No Skill Needed: folds 
Uncalled bet (15000) returned to moxie 26
moxie 26 collected 56250 from pot
moxie 26: doesn't show hand 
*** SUMMARY ***
Total pot 56250 | Rake 0 
Seat 1: KKretli folded before Flop (didn't bet)
Seat 3: Shovirol (button) folded before Flop (didn't bet)
Seat 4: No Skill Needed (small blind) folded before Flop
Seat 5: moxie 26 (big blind) collected (56250)
Seat 6: Tlitado folded before Flop (didn't bet)
Seat 7: pablogreim folded before Flop (didn't bet)
Seat 8: deiraisetonuts folded before Flop (didn't bet)



PokerStars Hand #248980991043: Tournament #3714753516, €9+€9+€2 EUR Hold'em No Limit - Level XXVII (15000/30000) - 2024/02/19 20:37:54 BRT [2024/02/19 18:37:54 ET]
Table '3714753516 28' 8-max Seat #4 is the button
Seat 1: KKretli (376329 in chips, €78.18 bounty) 
Seat 3: Shovirol (866667 in chips, €21.37 bounty) 
Seat 4: No Skill Needed (210596 in chips, €9 bounty) 
Seat 5: moxie 26 (431826 in chips, €55.12 bounty) 
Seat 6: Tlitado (979747 in chips, €91.11 bounty) 
Seat 7: pablogreim (1437303 in chips, €38.25 bounty) 
Seat 8: deiraisetonuts (1116438 in chips, €97.30 bounty) 
KKretli: posts the ante 3750
Shovirol: posts the ante 3750
No Skill Needed: posts the ante 3750
moxie 26: posts the ante 3750
Tlitado: posts the ante 3750
pablogreim: posts the ante 3750
deiraisetonuts: posts the ante 3750
moxie 26: posts small blind 15000
Tlitado: posts big blind 30000
*** HOLE CARDS ***
Dealt to deiraisetonuts [2d Kc]
pablogreim: folds 
deiraisetonuts: folds 
KKretli: raises 342579 to 372579 and is all-in
Shovirol: folds 
No Skill Needed: folds 
moxie 26: folds 
Tlitado: calls 342579
*** FLOP *** [Jh 4s 2s]
*** TURN *** [Jh 4s 2s] [6d]
*** RIVER *** [Jh 4s 2s 6d] [4d]
*** SHOW DOWN ***
Tlitado: shows [Js Td] (two pair, Jacks and Fours)
KKretli: shows [Ad 9s] (a pair of Fours)
Tlitado collected 786408 from pot
Tlitado wins €39.09 for eliminating KKretli and their own bounty increases by €39.09 to €130.20
KKretli finished the tournament in 121st place and received €29.31.
*** SUMMARY ***
Total pot 786408 | Rake 0 
Board [Jh 4s 2s 6d 4d]
Seat 1: KKretli showed [Ad 9s] and lost with a pair of Fours
Seat 3: Shovirol folded before Flop (didn't bet)
Seat 4: No Skill Needed (button) folded before Flop (didn't bet)
Seat 5: moxie 26 (small blind) folded before Flop
Seat 6: Tlitado (big blind) showed [Js Td] and won (786408) with two pair, Jacks and Fours
Seat 7: pablogreim folded before Flop (didn't bet)
Seat 8: deiraisetonuts folded before Flop (didn't bet)



PokerStars Hand #248981008184: Tournament #3714753516, €9+€9+€2 EUR Hold'em No Limit - Level XXVII (15000/30000) - 2024/02/19 20:38:54 BRT [2024/02/19 18:38:54 ET]
Table '3714753516 65' 8-max Seat #2 is the button
Seat 1: flushEnQ (992876 in chips, €22.50 bounty) 
Seat 2: so3asy (283512 in chips, €45 bounty) 
Seat 3: ArijneK (1263241 in chips, €24.75 bounty) 
Seat 4: TivesteAzar (1060897 in chips, €48.64 bounty) 
Seat 5: xfall59 (343468 in chips, €31.50 bounty) 
Seat 6: deiraisetonuts (1112688 in chips, €97.30 bounty) 
Seat 7: Eclair88 (991661 in chips, €53.43 bounty) 
Seat 8: VamoooRico (493328 in chips, €27 bounty) 
flushEnQ: posts the ante 3750
so3asy: posts the ante 3750
ArijneK: posts the ante 3750
TivesteAzar: posts the ante 3750
xfall59: posts the ante 3750
deiraisetonuts: posts the ante 3750
Eclair88: posts the ante 3750
VamoooRico: posts the ante 3750
ArijneK: posts small blind 15000
TivesteAzar: posts big blind 30000
*** HOLE CARDS ***
Dealt to deiraisetonuts [Jc 3d]
xfall59: folds 
deiraisetonuts: folds 
Eclair88: folds 
VamoooRico: folds 
flushEnQ: raises 30000 to 60000
so3asy: folds 
ArijneK: raises 181500 to 241500
TivesteAzar: folds 
flushEnQ: folds 
Uncalled bet (181500) returned to ArijneK
ArijneK collected 180000 from pot
ArijneK: doesn't show hand 
*** SUMMARY ***
Total pot 180000 | Rake 0 
Seat 1: flushEnQ folded before Flop
Seat 2: so3asy (button) folded before Flop (didn't bet)
Seat 3: ArijneK (small blind) collected (180000)
Seat 4: TivesteAzar (big blind) folded before Flop
Seat 5: xfall59 folded before Flop (didn't bet)
Seat 6: deiraisetonuts folded before Flop (didn't bet)
Seat 7: Eclair88 folded before Flop (didn't bet)
Seat 8: VamoooRico folded before Flop (didn't bet)



PokerStars Hand #248981020145: Tournament #3714753516, €9+€9+€2 EUR Hold'em No Limit - Level XXVII (15000/30000) - 2024/02/19 20:39:36 BRT [2024/02/19 18:39:36 ET]
Table '3714753516 65' 8-max Seat #3 is the button
Seat 1: flushEnQ (929126 in chips, €22.50 bounty) 
Seat 2: so3asy (279762 in chips, €45 bounty) 
Seat 3: ArijneK (1379491 in chips, €24.75 bounty) 
Seat 4: TivesteAzar (1027147 in chips, €48.64 bounty) 
Seat 5: xfall59 (339718 in chips, €31.50 bounty) 
Seat 6: deiraisetonuts (1108938 in chips, €97.30 bounty) 
Seat 7: Eclair88 (987911 in chips, €53.43 bounty) 
Seat 8: VamoooRico (489578 in chips, €27 bounty) 
flushEnQ: posts the ante 3750
so3asy: posts the ante 3750
ArijneK: posts the ante 3750
TivesteAzar: posts the ante 3750
xfall59: posts the ante 3750
deiraisetonuts: posts the ante 3750
Eclair88: posts the ante 3750
VamoooRico: posts the ante 3750
TivesteAzar: posts small blind 15000
xfall59: posts big blind 30000
*** HOLE CARDS ***
Dealt to deiraisetonuts [3h 7c]
deiraisetonuts: folds 
Eclair88: folds 
VamoooRico: raises 30000 to 60000
flushEnQ: folds 
so3asy: folds 
ArijneK: calls 60000
TivesteAzar: folds 
xfall59: calls 30000
*** FLOP *** [Td 8c 4d]
xfall59: checks 
VamoooRico: checks 
ArijneK: bets 68151
xfall59: folds 
VamoooRico: folds 
Uncalled bet (68151) returned to ArijneK
ArijneK collected 225000 from pot
ArijneK: doesn't show hand 
*** SUMMARY ***
Total pot 225000 | Rake 0 
Board [Td 8c 4d]
Seat 1: flushEnQ folded before Flop (didn't bet)
Seat 2: so3asy folded before Flop (didn't bet)
Seat 3: ArijneK (button) collected (225000)
Seat 4: TivesteAzar (small blind) folded before Flop
Seat 5: xfall59 (big blind) folded on the Flop
Seat 6: deiraisetonuts folded before Flop (didn't bet)
Seat 7: Eclair88 folded before Flop (didn't bet)
Seat 8: VamoooRico folded on the Flop



PokerStars Hand #248981037183: Tournament #3714753516, €9+€9+€2 EUR Hold'em No Limit - Level XXVII (15000/30000) - 2024/02/19 20:40:35 BRT [2024/02/19 18:40:35 ET]
Table '3714753516 65' 8-max Seat #4 is the button
Seat 1: flushEnQ (925376 in chips, €22.50 bounty) 
Seat 2: so3asy (276012 in chips, €45 bounty) 
Seat 3: ArijneK (1540741 in chips, €24.75 bounty) 
Seat 4: TivesteAzar (1008397 in chips, €48.64 bounty) 
Seat 5: xfall59 (275968 in chips, €31.50 bounty) 
Seat 6: deiraisetonuts (1105188 in chips, €97.30 bounty) 
Seat 7: Eclair88 (984161 in chips, €53.43 bounty) 
Seat 8: VamoooRico (425828 in chips, €27 bounty) 
flushEnQ: posts the ante 3750
so3asy: posts the ante 3750
ArijneK: posts the ante 3750
TivesteAzar: posts the ante 3750
xfall59: posts the ante 3750
deiraisetonuts: posts the ante 3750
Eclair88: posts the ante 3750
VamoooRico: posts the ante 3750
xfall59: posts small blind 15000
deiraisetonuts: posts big blind 30000
*** HOLE CARDS ***
Dealt to deiraisetonuts [5s 6h]
Eclair88: folds 
VamoooRico: folds 
flushEnQ: raises 30000 to 60000
so3asy: folds 
ArijneK: folds 
TivesteAzar: folds 
xfall59: folds 
deiraisetonuts: calls 30000
*** FLOP *** [Td 2h Ks]
deiraisetonuts: checks 
flushEnQ: bets 45000
deiraisetonuts: folds 
Uncalled bet (45000) returned to flushEnQ
flushEnQ collected 165000 from pot
flushEnQ: doesn't show hand 
*** SUMMARY ***
Total pot 165000 | Rake 0 
Board [Td 2h Ks]
Seat 1: flushEnQ collected (165000)
Seat 2: so3asy folded before Flop (didn't bet)
Seat 3: ArijneK folded before Flop (didn't bet)
Seat 4: TivesteAzar (button) folded before Flop (didn't bet)
Seat 5: xfall59 (small blind) folded before Flop
Seat 6: deiraisetonuts (big blind) folded on the Flop
Seat 7: Eclair88 folded before Flop (didn't bet)
Seat 8: VamoooRico folded before Flop (didn't bet)



PokerStars Hand #248981056795: Tournament #3714753516, €9+€9+€2 EUR Hold'em No Limit - Level XXVIII (17500/35000) - 2024/02/19 20:41:45 BRT [2024/02/19 18:41:45 ET]
Table '3714753516 65' 8-max Seat #5 is the button
Seat 1: flushEnQ (1026626 in chips, €22.50 bounty) 
Seat 2: so3asy (272262 in chips, €45 bounty) 
Seat 3: ArijneK (1536991 in chips, €24.75 bounty) 
Seat 4: TivesteAzar (1004647 in chips, €48.64 bounty) 
Seat 5: xfall59 (257218 in chips, €31.50 bounty) 
Seat 6: deiraisetonuts (1041438 in chips, €97.30 bounty) 
Seat 7: Eclair88 (980411 in chips, €53.43 bounty) 
Seat 8: VamoooRico (422078 in chips, €27 bounty) 
flushEnQ: posts the ante 4500
so3asy: posts the ante 4500
ArijneK: posts the ante 4500
TivesteAzar: posts the ante 4500
xfall59: posts the ante 4500
deiraisetonuts: posts the ante 4500
Eclair88: posts the ante 4500
VamoooRico: posts the ante 4500
deiraisetonuts: posts small blind 17500
Eclair88: posts big blind 35000
*** HOLE CARDS ***
Dealt to deiraisetonuts [2h 4s]
VamoooRico: folds 
flushEnQ: folds 
so3asy: folds 
ArijneK: raises 35000 to 70000
TivesteAzar: folds 
xfall59: folds 
deiraisetonuts: folds 
Eclair88: calls 35000
*** FLOP *** [7d Ad 6s]
Eclair88: checks 
ArijneK: bets 52500
Eclair88: raises 149250 to 201750
ArijneK: folds 
Uncalled bet (149250) returned to Eclair88
Eclair88 collected 298500 from pot
Eclair88: doesn't show hand 
*** SUMMARY ***
Total pot 298500 | Rake 0 
Board [7d Ad 6s]
Seat 1: flushEnQ folded before Flop (didn't bet)
Seat 2: so3asy folded before Flop (didn't bet)
Seat 3: ArijneK folded on the Flop
Seat 4: TivesteAzar folded before Flop (didn't bet)
Seat 5: xfall59 (button) folded before Flop (didn't bet)
Seat 6: deiraisetonuts (small blind) folded before Flop
Seat 7: Eclair88 (big blind) collected (298500)
Seat 8: VamoooRico folded before Flop (didn't bet)



PokerStars Hand #248981075378: Tournament #3714753516, €9+€9+€2 EUR Hold'em No Limit - Level XXVIII (17500/35000) - 2024/02/19 20:42:51 BRT [2024/02/19 18:42:51 ET]
Table '3714753516 65' 8-max Seat #6 is the button
Seat 1: flushEnQ (1022126 in chips, €22.50 bounty) 
Seat 2: so3asy (267762 in chips, €45 bounty) 
Seat 3: ArijneK (1409991 in chips, €24.75 bounty) 
Seat 4: TivesteAzar (1000147 in chips, €48.64 bounty) 
Seat 5: xfall59 (252718 in chips, €31.50 bounty) 
Seat 6: deiraisetonuts (1019438 in chips, €97.30 bounty) 
Seat 7: Eclair88 (1151911 in chips, €53.43 bounty) 
Seat 8: VamoooRico (417578 in chips, €27 bounty) 
flushEnQ: posts the ante 4500
so3asy: posts the ante 4500
ArijneK: posts the ante 4500
TivesteAzar: posts the ante 4500
xfall59: posts the ante 4500
deiraisetonuts: posts the ante 4500
Eclair88: posts the ante 4500
VamoooRico: posts the ante 4500
Eclair88: posts small blind 17500
VamoooRico: posts big blind 35000
*** HOLE CARDS ***
Dealt to deiraisetonuts [8c 4h]
flushEnQ: folds 
so3asy: folds 
ArijneK: folds 
TivesteAzar: raises 35000 to 70000
xfall59: folds 
deiraisetonuts: folds 
Eclair88: folds 
VamoooRico: raises 343078 to 413078 and is all-in
TivesteAzar: calls 343078
*** FLOP *** [7h 6s 4c]
*** TURN *** [7h 6s 4c] [2d]
*** RIVER *** [7h 6s 4c 2d] [6d]
*** SHOW DOWN ***
VamoooRico: shows [Ac Kh] (a pair of Sixes)
TivesteAzar: shows [Qd Qc] (two pair, Queens and Sixes)
TivesteAzar collected 879656 from pot
TivesteAzar wins €13.50 for eliminating VamoooRico and their own bounty increases by €13.50 to €62.14
VamoooRico finished the tournament in 111th place and received €34.16.
*** SUMMARY ***
Total pot 879656 | Rake 0 
Board [7h 6s 4c 2d 6d]
Seat 1: flushEnQ folded before Flop (didn't bet)
Seat 2: so3asy folded before Flop (didn't bet)
Seat 3: ArijneK folded before Flop (didn't bet)
Seat 4: TivesteAzar showed [Qd Qc] and won (879656) with two pair, Queens and Sixes
Seat 5: xfall59 folded before Flop (didn't bet)
Seat 6: deiraisetonuts (button) folded before Flop (didn't bet)
Seat 7: Eclair88 (small blind) folded before Flop
Seat 8: VamoooRico (big blind) showed [Ac Kh] and lost with a pair of Sixes



PokerStars Hand #248981082880: Tournament #3714753516, €9+€9+€2 EUR Hold'em No Limit - Level XXVIII (17500/35000) - 2024/02/19 20:43:17 BRT [2024/02/19 18:43:17 ET]
Table '3714753516 65' 8-max Seat #7 is the button
Seat 1: flushEnQ (1017626 in chips, €22.50 bounty) 
Seat 2: so3asy (263262 in chips, €45 bounty) 
Seat 3: ArijneK (1405491 in chips, €24.75 bounty) 
Seat 4: TivesteAzar (1462225 in chips, €62.14 bounty) 
Seat 5: xfall59 (248218 in chips, €31.50 bounty) 
Seat 6: deiraisetonuts (1014938 in chips, €97.30 bounty) 
Seat 7: Eclair88 (1129911 in chips, €53.43 bounty) 
flushEnQ: posts the ante 4500
so3asy: posts the ante 4500
ArijneK: posts the ante 4500
TivesteAzar: posts the ante 4500
xfall59: posts the ante 4500
deiraisetonuts: posts the ante 4500
Eclair88: posts the ante 4500
flushEnQ: posts small blind 17500
so3asy: posts big blind 35000
*** HOLE CARDS ***
Dealt to deiraisetonuts [2s Kc]
ArijneK: folds 
TivesteAzar: folds 
xfall59: raises 175000 to 210000
deiraisetonuts: folds 
Eclair88: folds 
flushEnQ: folds 
so3asy: folds 
Uncalled bet (175000) returned to xfall59
xfall59 collected 119000 from pot
*** SUMMARY ***
Total pot 119000 | Rake 0 
Seat 1: flushEnQ (small blind) folded before Flop
Seat 2: so3asy (big blind) folded before Flop
Seat 3: ArijneK folded before Flop (didn't bet)
Seat 4: TivesteAzar folded before Flop (didn't bet)
Seat 5: xfall59 collected (119000)
Seat 6: deiraisetonuts folded before Flop (didn't bet)
Seat 7: Eclair88 (button) folded before Flop (didn't bet)



PokerStars Hand #248981094614: Tournament #3714753516, €9+€9+€2 EUR Hold'em No Limit - Level XXVIII (17500/35000) - 2024/02/19 20:43:59 BRT [2024/02/19 18:43:59 ET]
Table '3714753516 65' 8-max Seat #1 is the button
Seat 1: flushEnQ (995626 in chips, €22.50 bounty) 
Seat 2: so3asy (223762 in chips, €45 bounty) 
Seat 3: ArijneK (1400991 in chips, €24.75 bounty) 
Seat 4: TivesteAzar (1457725 in chips, €62.14 bounty) 
Seat 5: xfall59 (327718 in chips, €31.50 bounty) 
Seat 6: deiraisetonuts (1010438 in chips, €97.30 bounty) 
Seat 7: Eclair88 (1125411 in chips, €53.43 bounty) 
flushEnQ: posts the ante 4500
so3asy: posts the ante 4500
ArijneK: posts the ante 4500
TivesteAzar: posts the ante 4500
xfall59: posts the ante 4500
deiraisetonuts: posts the ante 4500
Eclair88: posts the ante 4500
so3asy: posts small blind 17500
ArijneK: posts big blind 35000
*** HOLE CARDS ***
Dealt to deiraisetonuts [Td Tc]
TivesteAzar: raises 35000 to 70000
xfall59: folds 
deiraisetonuts: calls 70000
Eclair88: folds 
flushEnQ: folds 
so3asy: folds 
ArijneK: calls 35000
*** FLOP *** [2h 3s 5d]
ArijneK: bets 85470
TivesteAzar: calls 85470
sol&prai is disconnected 
deiraisetonuts: raises 850468 to 935938 and is all-in
ArijneK: raises 390553 to 1326491 and is all-in
TivesteAzar: calls 1241021
*** TURN *** [2h 3s 5d] [Ts]
*** RIVER *** [2h 3s 5d Ts] [6s]
*** SHOW DOWN ***
ArijneK: shows [5h 5s] (three of a kind, Fives)
TivesteAzar: shows [Ad 4s] (a straight, Deuce to Six)
TivesteAzar collected 781106 from side pot
deiraisetonuts: shows [Td Tc] (three of a kind, Tens)
TivesteAzar collected 3066814 from main pot
TivesteAzar wins €12.38 for eliminating ArijneK and their own bounty increases by €12.37 to €74.51
TivesteAzar wins €48.65 for eliminating deiraisetonuts and their own bounty increases by €48.65 to €123.16
ArijneK finished the tournament in 103rd place and received €34.16.
deiraisetonuts finished the tournament in 104th place and received €34.16.
*** SUMMARY ***
Total pot 3847920 Main pot 3066814. Side pot 781106. | Rake 0 
Board [2h 3s 5d Ts 6s]
Seat 1: flushEnQ (button) folded before Flop (didn't bet)
Seat 2: so3asy (small blind) folded before Flop
Seat 3: ArijneK (big blind) showed [5h 5s] and lost with three of a kind, Fives
Seat 4: TivesteAzar showed [Ad 4s] and won (3847920) with a straight, Deuce to Six
Seat 5: xfall59 folded before Flop (didn't bet)
Seat 6: deiraisetonuts showed [Td Tc] and lost with three of a kind, Tens
Seat 7: Eclair88 folded before Flop (didn't bet)



