PokerStars Hand #248974908366: Tournament #3714753509, €9+€9+€2 EUR Hold'em No Limit - Level VI (350/700) - 2024/02/19 15:44:45 BRT [2024/02/19 13:44:45 ET]
Table '3714753509 131' 8-max Seat #1 is the button
Seat 1: Blmc75 (60314 in chips, €13.50 bounty) 
Seat 2: LeVietSou (63086 in chips, €9 bounty) 
Seat 3: Scum45 (55180 in chips, €9 bounty) 
Seat 4: peruano veje (43710 in chips, €9 bounty) 
Seat 5: HAKRAN (48016 in chips, €9 bounty) 
Seat 6: bolo rei304 (29368 in chips, €9 bounty) 
Seat 7: KKioKK (81240 in chips, €13.50 bounty) 
Seat 8: deiraisetonuts (50000 in chips, €9 bounty) 
Blmc75: posts the ante 90
LeVietSou: posts the ante 90
Scum45: posts the ante 90
peruano veje: posts the ante 90
HAKRAN: posts the ante 90
bolo rei304: posts the ante 90
KKioKK: posts the ante 90
deiraisetonuts: posts the ante 90
LeVietSou: posts small blind 350
Scum45: posts big blind 700
*** HOLE CARDS ***
Dealt to deiraisetonuts [3d 9s]
peruano veje: folds 
HAKRAN: folds 
bolo rei304: folds 
KKioKK: raises 700 to 1400
deiraisetonuts: folds 
Blmc75: raises 4570 to 5970
LeVietSou: folds 
Scum45: folds 
KKioKK: folds 
Uncalled bet (4570) returned to Blmc75
Blmc75 collected 4570 from pot
*** SUMMARY ***
Total pot 4570 | Rake 0 
Seat 1: Blmc75 (button) collected (4570)
Seat 2: LeVietSou (small blind) folded before Flop
Seat 3: Scum45 (big blind) folded before Flop
Seat 4: peruano veje folded before Flop (didn't bet)
Seat 5: HAKRAN folded before Flop (didn't bet)
Seat 6: bolo rei304 folded before Flop (didn't bet)
Seat 7: KKioKK folded before Flop
Seat 8: deiraisetonuts folded before Flop (didn't bet)



