Poker Hand #TM2948115476: Tournament #126665507, Saturday Session: Bounty Six Shooter $21.60 [6-Max] Hold'em No Limit - Level6(150/300) - 2024/02/10 17:38:11
Table '5' 6-max Seat #6 is the button
Seat 1: Hero (5,427 in chips)
Seat 2: 19ce3da (7,911 in chips)
Seat 3: 44f1b8b7 (6,433 in chips)
Seat 4: 8875380a (29,788 in chips)
Seat 5: 478ee4bf (4,494 in chips)
Seat 6: 2e57bca6 (13,502 in chips)
2e57bca6: posts the ante 45
19ce3da: posts the ante 45
Hero: posts the ante 45
8875380a: posts the ante 45
44f1b8b7: posts the ante 45
478ee4bf: posts the ante 45
Hero: posts small blind 150
19ce3da: posts big blind 300
*** HOLE CARDS ***
Dealt to Hero [9d 9s]
Dealt to 19ce3da 
Dealt to 44f1b8b7 
Dealt to 8875380a 
Dealt to 478ee4bf 
Dealt to 2e57bca6 
44f1b8b7: folds
8875380a: raises 300 to 600
478ee4bf: folds
2e57bca6: folds
Hero: raises 4,782 to 5,382 and is all-in
19ce3da: folds
8875380a: calls 4,782
Hero: shows [9d 9s]
8875380a: shows [9c Jc]
*** FLOP *** [5s Js Ah]
*** TURN *** [5s Js Ah] [8d]
*** RIVER *** [5s Js Ah 8d] [Tc]
*** SHOWDOWN ***
8875380a collected 11,334 from pot
*** SUMMARY ***
Total pot 11,334 | Rake 0 | Jackpot 0 | Bingo 0 | Fortune 0 | Tax 0
Board [5s Js Ah 8d Tc]
Seat 1: Hero (small blind) showed [9d 9s] and lost with Pair of Nines
Seat 2: 19ce3da (big blind) folded before Flop
Seat 3: 44f1b8b7 folded before Flop
Seat 4: 8875380a showed [9c Jc] and won (11,334) with Pair of Jacks
Seat 5: 478ee4bf folded before Flop
Seat 6: 2e57bca6 (button) folded before Flop


Poker Hand #TM2948115433: Tournament #126665507, Saturday Session: Bounty Six Shooter $21.60 [6-Max] Hold'em No Limit - Level6(150/300) - 2024/02/10 17:37:37
Table '5' 6-max Seat #5 is the button
Seat 1: Hero (5,772 in chips)
Seat 2: 19ce3da (7,956 in chips)
Seat 3: 44f1b8b7 (6,478 in chips)
Seat 4: 8875380a (29,833 in chips)
Seat 5: 478ee4bf (4,539 in chips)
Seat 6: 2e57bca6 (12,977 in chips)
2e57bca6: posts the ante 45
19ce3da: posts the ante 45
Hero: posts the ante 45
8875380a: posts the ante 45
44f1b8b7: posts the ante 45
478ee4bf: posts the ante 45
2e57bca6: posts small blind 150
Hero: posts big blind 300
*** HOLE CARDS ***
Dealt to Hero [3s 4d]
Dealt to 19ce3da 
Dealt to 44f1b8b7 
Dealt to 8875380a 
Dealt to 478ee4bf 
Dealt to 2e57bca6 
19ce3da: folds
44f1b8b7: folds
8875380a: folds
478ee4bf: folds
2e57bca6: raises 12,632 to 12,932 and is all-in
Hero: folds
Uncalled bet (12,632) returned to 2e57bca6
*** SHOWDOWN ***
2e57bca6 collected 870 from pot
*** SUMMARY ***
Total pot 870 | Rake 0 | Jackpot 0 | Bingo 0 | Fortune 0 | Tax 0
Seat 1: Hero (big blind) folded before Flop
Seat 2: 19ce3da folded before Flop
Seat 3: 44f1b8b7 folded before Flop
Seat 4: 8875380a folded before Flop
Seat 5: 478ee4bf (button) folded before Flop
Seat 6: 2e57bca6 (small blind) collected (870)


Poker Hand #TM2948115375: Tournament #126665507, Saturday Session: Bounty Six Shooter $21.60 [6-Max] Hold'em No Limit - Level6(150/300) - 2024/02/10 17:36:56
Table '5' 6-max Seat #4 is the button
Seat 1: Hero (5,817 in chips)
Seat 2: 19ce3da (3,813 in chips)
Seat 3: 44f1b8b7 (6,523 in chips)
Seat 4: 8875380a (29,878 in chips)
Seat 5: 478ee4bf (4,734 in chips)
Seat 6: 2e57bca6 (16,790 in chips)
2e57bca6: posts the ante 45
19ce3da: posts the ante 45
Hero: posts the ante 45
8875380a: posts the ante 45
44f1b8b7: posts the ante 45
478ee4bf: posts the ante 45
478ee4bf: posts small blind 150
2e57bca6: posts big blind 300
*** HOLE CARDS ***
Dealt to Hero [Ad 5c]
Dealt to 19ce3da 
Dealt to 44f1b8b7 
Dealt to 8875380a 
Dealt to 478ee4bf 
Dealt to 2e57bca6 
Hero: folds
19ce3da: raises 3,468 to 3,768 and is all-in
44f1b8b7: folds
8875380a: folds
478ee4bf: folds
2e57bca6: calls 3,468
19ce3da: shows [7d 7c]
2e57bca6: shows [9d Ah]
*** FLOP *** [6d Th 3c]
*** TURN *** [6d Th 3c] [7s]
*** RIVER *** [6d Th 3c 7s] [5d]
*** SHOWDOWN ***
19ce3da collected 7,956 from pot
*** SUMMARY ***
Total pot 7,956 | Rake 0 | Jackpot 0 | Bingo 0 | Fortune 0 | Tax 0
Board [6d Th 3c 7s 5d]
Seat 1: Hero folded before Flop
Seat 2: 19ce3da showed [7d 7c] and won (7,956) with Three Sevens
Seat 3: 44f1b8b7 folded before Flop
Seat 4: 8875380a (button) folded before Flop
Seat 5: 478ee4bf (small blind) folded before Flop
Seat 6: 2e57bca6 (big blind) showed [9d Ah] and lost with Ace-High


Poker Hand #TM2948115327: Tournament #126665507, Saturday Session: Bounty Six Shooter $21.60 [6-Max] Hold'em No Limit - Level6(150/300) - 2024/02/10 17:36:19
Table '5' 6-max Seat #3 is the button
Seat 1: Hero (5,862 in chips)
Seat 2: 19ce3da (3,858 in chips)
Seat 3: 44f1b8b7 (6,568 in chips)
Seat 4: 8875380a (30,073 in chips)
Seat 5: 478ee4bf (3,759 in chips)
Seat 6: 2e57bca6 (17,435 in chips)
2e57bca6: posts the ante 45
19ce3da: posts the ante 45
Hero: posts the ante 45
8875380a: posts the ante 45
44f1b8b7: posts the ante 45
478ee4bf: posts the ante 45
8875380a: posts small blind 150
478ee4bf: posts big blind 300
*** HOLE CARDS ***
Dealt to Hero [Qc 9h]
Dealt to 19ce3da 
Dealt to 44f1b8b7 
Dealt to 8875380a 
Dealt to 478ee4bf 
Dealt to 2e57bca6 
2e57bca6: raises 300 to 600
Hero: folds
19ce3da: folds
44f1b8b7: folds
8875380a: folds
478ee4bf: raises 3,114 to 3,714 and is all-in
2e57bca6: folds
Uncalled bet (3,114) returned to 478ee4bf
*** SHOWDOWN ***
478ee4bf collected 1,620 from pot
*** SUMMARY ***
Total pot 1,620 | Rake 0 | Jackpot 0 | Bingo 0 | Fortune 0 | Tax 0
Seat 1: Hero folded before Flop
Seat 2: 19ce3da folded before Flop
Seat 3: 44f1b8b7 (button) folded before Flop
Seat 4: 8875380a (small blind) folded before Flop
Seat 5: 478ee4bf (big blind) collected (1,620)
Seat 6: 2e57bca6 folded before Flop


Poker Hand #TM2948115260: Tournament #126665507, Saturday Session: Bounty Six Shooter $21.60 [6-Max] Hold'em No Limit - Level6(150/300) - 2024/02/10 17:35:37
Table '5' 6-max Seat #2 is the button
Seat 1: Hero (5,907 in chips)
Seat 2: 19ce3da (3,903 in chips)
Seat 3: 44f1b8b7 (6,763 in chips)
Seat 4: 8875380a (27,091 in chips)
Seat 5: 478ee4bf (3,804 in chips)
Seat 6: 2e57bca6 (20,087 in chips)
2e57bca6: posts the ante 45
19ce3da: posts the ante 45
Hero: posts the ante 45
8875380a: posts the ante 45
44f1b8b7: posts the ante 45
478ee4bf: posts the ante 45
44f1b8b7: posts small blind 150
8875380a: posts big blind 300
*** HOLE CARDS ***
Dealt to Hero [Ts Jd]
Dealt to 19ce3da 
Dealt to 44f1b8b7 
Dealt to 8875380a 
Dealt to 478ee4bf 
Dealt to 2e57bca6 
478ee4bf: folds
2e57bca6: raises 300 to 600
Hero: folds
19ce3da: folds
44f1b8b7: folds
8875380a: calls 300
*** FLOP *** [Ad 5h 7h]
8875380a: checks
2e57bca6: bets 357
8875380a: calls 357
*** TURN *** [Ad 5h 7h] [Td]
8875380a: bets 1,650
2e57bca6: calls 1,650
*** RIVER *** [Ad 5h 7h Td] [6h]
8875380a: bets 4,339
2e57bca6: folds
Uncalled bet (4,339) returned to 8875380a
*** SHOWDOWN ***
8875380a collected 5,634 from pot
*** SUMMARY ***
Total pot 5,634 | Rake 0 | Jackpot 0 | Bingo 0 | Fortune 0 | Tax 0
Board [Ad 5h 7h Td 6h]
Seat 1: Hero folded before Flop
Seat 2: 19ce3da (button) folded before Flop
Seat 3: 44f1b8b7 (small blind) folded before Flop
Seat 4: 8875380a (big blind) won (5,634)
Seat 5: 478ee4bf folded before Flop
Seat 6: 2e57bca6 folded on the River


Poker Hand #TM2948115230: Tournament #126665507, Saturday Session: Bounty Six Shooter $21.60 [6-Max] Hold'em No Limit - Level6(150/300) - 2024/02/10 17:35:09
Table '5' 6-max Seat #1 is the button
Seat 1: Hero (5,952 in chips)
Seat 2: 19ce3da (4,098 in chips)
Seat 3: 44f1b8b7 (7,108 in chips)
Seat 4: 8875380a (27,136 in chips)
Seat 5: 478ee4bf (3,849 in chips)
Seat 6: 2e57bca6 (19,412 in chips)
2e57bca6: posts the ante 45
Hero: posts the ante 45
19ce3da: posts the ante 45
8875380a: posts the ante 45
44f1b8b7: posts the ante 45
478ee4bf: posts the ante 45
19ce3da: posts small blind 150
44f1b8b7: posts big blind 300
*** HOLE CARDS ***
Dealt to Hero [Ah 8d]
Dealt to 19ce3da 
Dealt to 44f1b8b7 
Dealt to 8875380a 
Dealt to 478ee4bf 
Dealt to 2e57bca6 
8875380a: folds
478ee4bf: folds
2e57bca6: raises 19,067 to 19,367 and is all-in
Hero: folds
19ce3da: folds
44f1b8b7: folds
Uncalled bet (19,067) returned to 2e57bca6
*** SHOWDOWN ***
2e57bca6 collected 1,020 from pot
*** SUMMARY ***
Total pot 1,020 | Rake 0 | Jackpot 0 | Bingo 0 | Fortune 0 | Tax 0
Seat 1: Hero (button) folded before Flop
Seat 2: 19ce3da (small blind) folded before Flop
Seat 3: 44f1b8b7 (big blind) folded before Flop
Seat 4: 8875380a folded before Flop
Seat 5: 478ee4bf folded before Flop
Seat 6: 2e57bca6 collected (1,020)


Poker Hand #TM2948115135: Tournament #126665507, Saturday Session: Bounty Six Shooter $21.60 [6-Max] Hold'em No Limit - Level6(150/300) - 2024/02/10 17:33:52
Table '5' 6-max Seat #6 is the button
Seat 1: Hero (6,597 in chips)
Seat 2: 19ce3da (2,673 in chips)
Seat 3: 44f1b8b7 (7,153 in chips)
Seat 4: 8875380a (27,181 in chips)
Seat 5: 478ee4bf (3,894 in chips)
Seat 6: 2e57bca6 (20,057 in chips)
2e57bca6: posts the ante 45
19ce3da: posts the ante 45
Hero: posts the ante 45
8875380a: posts the ante 45
44f1b8b7: posts the ante 45
478ee4bf: posts the ante 45
Hero: posts small blind 150
19ce3da: posts big blind 300
*** HOLE CARDS ***
Dealt to Hero [8h 9s]
Dealt to 19ce3da 
Dealt to 44f1b8b7 
Dealt to 8875380a 
Dealt to 478ee4bf 
Dealt to 2e57bca6 
44f1b8b7: folds
8875380a: folds
478ee4bf: folds
2e57bca6: raises 300 to 600
Hero: calls 450
19ce3da: calls 300
*** FLOP *** [7h 2h Qc]
Hero: checks
19ce3da: bets 2,028 and is all-in
2e57bca6: folds
Hero: folds
Uncalled bet (2,028) returned to 19ce3da
*** SHOWDOWN ***
19ce3da collected 2,070 from pot
*** SUMMARY ***
Total pot 2,070 | Rake 0 | Jackpot 0 | Bingo 0 | Fortune 0 | Tax 0
Board [7h 2h Qc]
Seat 1: Hero (small blind) folded on the Flop
Seat 2: 19ce3da (big blind) won (2,070)
Seat 3: 44f1b8b7 folded before Flop
Seat 4: 8875380a folded before Flop
Seat 5: 478ee4bf folded before Flop
Seat 6: 2e57bca6 (button) folded on the Flop


Poker Hand #TM2948115025: Tournament #126665507, Saturday Session: Bounty Six Shooter $21.60 [6-Max] Hold'em No Limit - Level6(150/300) - 2024/02/10 17:32:35
Table '5' 6-max Seat #5 is the button
Seat 1: Hero (7,242 in chips)
Seat 2: 19ce3da (2,718 in chips)
Seat 3: 44f1b8b7 (5,578 in chips)
Seat 4: 8875380a (27,826 in chips)
Seat 5: 478ee4bf (3,939 in chips)
Seat 6: 2e57bca6 (20,252 in chips)
2e57bca6: posts the ante 45
19ce3da: posts the ante 45
Hero: posts the ante 45
8875380a: posts the ante 45
44f1b8b7: posts the ante 45
478ee4bf: posts the ante 45
2e57bca6: posts small blind 150
Hero: posts big blind 300
*** HOLE CARDS ***
Dealt to Hero [Jc 8h]
Dealt to 19ce3da 
Dealt to 44f1b8b7 
Dealt to 8875380a 
Dealt to 478ee4bf 
Dealt to 2e57bca6 
19ce3da: folds
44f1b8b7: raises 300 to 600
8875380a: calls 600
478ee4bf: folds
2e57bca6: folds
Hero: calls 300
*** FLOP *** [7d 7s 7h]
Hero: checks
44f1b8b7: bets 911
8875380a: folds
Hero: folds
Uncalled bet (911) returned to 44f1b8b7
*** SHOWDOWN ***
44f1b8b7 collected 2,220 from pot
*** SUMMARY ***
Total pot 2,220 | Rake 0 | Jackpot 0 | Bingo 0 | Fortune 0 | Tax 0
Board [7d 7s 7h]
Seat 1: Hero (big blind) folded on the Flop
Seat 2: 19ce3da folded before Flop
Seat 3: 44f1b8b7 won (2,220)
Seat 4: 8875380a folded on the Flop
Seat 5: 478ee4bf (button) folded before Flop
Seat 6: 2e57bca6 (small blind) folded before Flop


Poker Hand #TM2948114986: Tournament #126665507, Saturday Session: Bounty Six Shooter $21.60 [6-Max] Hold'em No Limit - Level5(125/250) - 2024/02/10 17:31:55
Table '5' 6-max Seat #4 is the button
Seat 1: Hero (7,277 in chips)
Seat 2: 19ce3da (2,753 in chips)
Seat 3: 44f1b8b7 (6,113 in chips)
Seat 4: 8875380a (26,526 in chips)
Seat 5: 478ee4bf (4,099 in chips)
Seat 6: 2e57bca6 (20,787 in chips)
2e57bca6: posts the ante 35
19ce3da: posts the ante 35
Hero: posts the ante 35
8875380a: posts the ante 35
44f1b8b7: posts the ante 35
478ee4bf: posts the ante 35
478ee4bf: posts small blind 125
2e57bca6: posts big blind 250
*** HOLE CARDS ***
Dealt to Hero [2c Jc]
Dealt to 19ce3da 
Dealt to 44f1b8b7 
Dealt to 8875380a 
Dealt to 478ee4bf 
Dealt to 2e57bca6 
Hero: folds
19ce3da: folds
44f1b8b7: raises 250 to 500
8875380a: calls 500
478ee4bf: folds
2e57bca6: calls 250
*** FLOP *** [2h Js 5h]
2e57bca6: checks
44f1b8b7: checks
8875380a: bets 1,125
2e57bca6: folds
44f1b8b7: folds
Uncalled bet (1,125) returned to 8875380a
*** SHOWDOWN ***
8875380a collected 1,835 from pot
*** SUMMARY ***
Total pot 1,835 | Rake 0 | Jackpot 0 | Bingo 0 | Fortune 0 | Tax 0
Board [2h Js 5h]
Seat 1: Hero folded before Flop
Seat 2: 19ce3da folded before Flop
Seat 3: 44f1b8b7 folded on the Flop
Seat 4: 8875380a (button) won (1,835)
Seat 5: 478ee4bf (small blind) folded before Flop
Seat 6: 2e57bca6 (big blind) folded on the Flop


Poker Hand #TM2948114948: Tournament #126665507, Saturday Session: Bounty Six Shooter $21.60 [6-Max] Hold'em No Limit - Level5(125/250) - 2024/02/10 17:31:30
Table '5' 6-max Seat #3 is the button
Seat 1: Hero (7,312 in chips)
Seat 2: 19ce3da (2,788 in chips)
Seat 3: 44f1b8b7 (6,648 in chips)
Seat 4: 8875380a (25,601 in chips)
Seat 5: 478ee4bf (4,384 in chips)
Seat 6: 2e57bca6 (20,822 in chips)
2e57bca6: posts the ante 35
19ce3da: posts the ante 35
Hero: posts the ante 35
8875380a: posts the ante 35
44f1b8b7: posts the ante 35
478ee4bf: posts the ante 35
8875380a: posts small blind 125
478ee4bf: posts big blind 250
*** HOLE CARDS ***
Dealt to Hero [4c 8c]
Dealt to 19ce3da 
Dealt to 44f1b8b7 
Dealt to 8875380a 
Dealt to 478ee4bf 
Dealt to 2e57bca6 
2e57bca6: folds
Hero: folds
19ce3da: folds
44f1b8b7: raises 250 to 500
8875380a: raises 25,066 to 25,566 and is all-in
478ee4bf: folds
44f1b8b7: folds
Uncalled bet (25,066) returned to 8875380a
*** SHOWDOWN ***
8875380a collected 1,460 from pot
*** SUMMARY ***
Total pot 1,460 | Rake 0 | Jackpot 0 | Bingo 0 | Fortune 0 | Tax 0
Seat 1: Hero folded before Flop
Seat 2: 19ce3da folded before Flop
Seat 3: 44f1b8b7 (button) folded before Flop
Seat 4: 8875380a (small blind) collected (1,460)
Seat 5: 478ee4bf (big blind) folded before Flop
Seat 6: 2e57bca6 folded before Flop


Poker Hand #TM2948114841: Tournament #126665507, Saturday Session: Bounty Six Shooter $21.60 [6-Max] Hold'em No Limit - Level5(125/250) - 2024/02/10 17:30:01
Table '5' 6-max Seat #2 is the button
Seat 1: Hero (19,980 in chips)
Seat 2: 19ce3da (2,823 in chips)
Seat 3: 44f1b8b7 (6,808 in chips)
Seat 4: 8875380a (12,668 in chips)
Seat 5: 478ee4bf (4,419 in chips)
Seat 6: 2e57bca6 (20,857 in chips)
2e57bca6: posts the ante 35
19ce3da: posts the ante 35
Hero: posts the ante 35
8875380a: posts the ante 35
44f1b8b7: posts the ante 35
478ee4bf: posts the ante 35
44f1b8b7: posts small blind 125
8875380a: posts big blind 250
*** HOLE CARDS ***
Dealt to Hero [Jd Ts]
Dealt to 19ce3da 
Dealt to 44f1b8b7 
Dealt to 8875380a 
Dealt to 478ee4bf 
Dealt to 2e57bca6 
478ee4bf: folds
2e57bca6: folds
Hero: raises 275 to 525
19ce3da: folds
44f1b8b7: folds
8875380a: calls 275
*** FLOP *** [2c 9d 7s]
8875380a: checks
Hero: bets 347
8875380a: raises 1,144 to 1,491
Hero: raises 1,644 to 3,135
8875380a: calls 1,644
*** TURN *** [2c 9d 7s] [7h]
8875380a: checks
Hero: bets 9,569
8875380a: calls 8,973 and is all-in
Uncalled bet (596) returned to Hero
Hero: shows [Jd Ts] (Pair of Sevens)
8875380a: shows [9h As] (Pair of Nines and Pair of Sevens)
*** RIVER *** [2c 9d 7s 7h] [Kd]
*** SHOWDOWN ***
8875380a collected 25,601 from pot
*** SUMMARY ***
Total pot 25,601 | Rake 0 | Jackpot 0 | Bingo 0 | Fortune 0 | Tax 0
Board [2c 9d 7s 7h Kd]
Seat 1: Hero showed [Jd Ts] and lost with Pair of Sevens
Seat 2: 19ce3da (button) folded before Flop
Seat 3: 44f1b8b7 (small blind) folded before Flop
Seat 4: 8875380a (big blind) showed [9h As] and won (25,601) with Pair of Nines and Pair of Sevens
Seat 5: 478ee4bf folded before Flop
Seat 6: 2e57bca6 folded before Flop


Poker Hand #TM2948114763: Tournament #126665507, Saturday Session: Bounty Six Shooter $21.60 [6-Max] Hold'em No Limit - Level5(125/250) - 2024/02/10 17:29:00
Table '5' 6-max Seat #1 is the button
Seat 1: Hero (20,015 in chips)
Seat 2: 19ce3da (6,157 in chips)
Seat 3: 44f1b8b7 (3,334 in chips)
Seat 4: 8875380a (12,703 in chips)
Seat 5: 478ee4bf (4,454 in chips)
Seat 6: 2e57bca6 (20,892 in chips)
2e57bca6: posts the ante 35
Hero: posts the ante 35
19ce3da: posts the ante 35
8875380a: posts the ante 35
44f1b8b7: posts the ante 35
478ee4bf: posts the ante 35
19ce3da: posts small blind 125
44f1b8b7: posts big blind 250
*** HOLE CARDS ***
Dealt to Hero [9h 6s]
Dealt to 19ce3da 
Dealt to 44f1b8b7 
Dealt to 8875380a 
Dealt to 478ee4bf 
Dealt to 2e57bca6 
8875380a: folds
478ee4bf: folds
2e57bca6: folds
Hero: folds
19ce3da: raises 5,872 to 6,122 and is all-in
44f1b8b7: calls 3,049 and is all-in
Uncalled bet (2,823) returned to 19ce3da
19ce3da: shows [Ah 5c]
44f1b8b7: shows [Kh Jh]
*** FLOP *** [7c 2s 6h]
*** TURN *** [7c 2s 6h] [7s]
*** RIVER *** [7c 2s 6h 7s] [Ks]
*** SHOWDOWN ***
44f1b8b7 collected 6,808 from pot
*** SUMMARY ***
Total pot 6,808 | Rake 0 | Jackpot 0 | Bingo 0 | Fortune 0 | Tax 0
Board [7c 2s 6h 7s Ks]
Seat 1: Hero (button) folded before Flop
Seat 2: 19ce3da (small blind) showed [Ah 5c] and lost with Pair of Sevens
Seat 3: 44f1b8b7 (big blind) showed [Kh Jh] and won (6,808) with Pair of Kings and Pair of Sevens
Seat 4: 8875380a folded before Flop
Seat 5: 478ee4bf folded before Flop
Seat 6: 2e57bca6 folded before Flop


Poker Hand #TM2948114631: Tournament #126665507, Saturday Session: Bounty Six Shooter $21.60 [6-Max] Hold'em No Limit - Level5(125/250) - 2024/02/10 17:27:24
Table '5' 6-max Seat #6 is the button
Seat 1: Hero (21,491 in chips)
Seat 2: 19ce3da (6,692 in chips)
Seat 3: 44f1b8b7 (3,369 in chips)
Seat 4: 8875380a (12,738 in chips)
Seat 5: 478ee4bf (4,489 in chips)
Seat 6: 2e57bca6 (18,776 in chips)
2e57bca6: posts the ante 35
19ce3da: posts the ante 35
Hero: posts the ante 35
8875380a: posts the ante 35
44f1b8b7: posts the ante 35
478ee4bf: posts the ante 35
Hero: posts small blind 125
19ce3da: posts big blind 250
*** HOLE CARDS ***
Dealt to Hero [Ah 2h]
Dealt to 19ce3da 
Dealt to 44f1b8b7 
Dealt to 8875380a 
Dealt to 478ee4bf 
Dealt to 2e57bca6 
44f1b8b7: folds
8875380a: folds
478ee4bf: folds
2e57bca6: raises 250 to 500
Hero: calls 375
19ce3da: calls 250
*** FLOP *** [3s 3c 9c]
Hero: checks
19ce3da: checks
2e57bca6: checks
*** TURN *** [3s 3c 9c] [2c]
Hero: checks
19ce3da: checks
2e57bca6: bets 941
Hero: calls 941
19ce3da: folds
*** RIVER *** [3s 3c 9c 2c] [Qc]
Hero: checks
2e57bca6: checks
Hero: shows [Ah 2h] (Pair of Treys and Pair of Twos)
2e57bca6: shows [8c 8s] (Queen High Flush)
*** SHOWDOWN ***
2e57bca6 collected 3,592 from pot
*** SUMMARY ***
Total pot 3,592 | Rake 0 | Jackpot 0 | Bingo 0 | Fortune 0 | Tax 0
Board [3s 3c 9c 2c Qc]
Seat 1: Hero (small blind) showed [Ah 2h] and lost with Pair of Treys and Pair of Twos
Seat 2: 19ce3da (big blind) folded on the Turn
Seat 3: 44f1b8b7 folded before Flop
Seat 4: 8875380a folded before Flop
Seat 5: 478ee4bf folded before Flop
Seat 6: 2e57bca6 (button) showed [8c 8s] and won (3,592) with Queen High Flush


Poker Hand #TM2948114519: Tournament #126665507, Saturday Session: Bounty Six Shooter $21.60 [6-Max] Hold'em No Limit - Level5(125/250) - 2024/02/10 17:25:59
Table '5' 6-max Seat #5 is the button
Seat 1: Hero (23,635 in chips)
Seat 2: 19ce3da (6,727 in chips)
Seat 3: 44f1b8b7 (3,404 in chips)
Seat 4: 8875380a (12,773 in chips)
Seat 5: 478ee4bf (4,524 in chips)
Seat 6: 2e57bca6 (16,492 in chips)
2e57bca6: posts the ante 35
19ce3da: posts the ante 35
Hero: posts the ante 35
8875380a: posts the ante 35
44f1b8b7: posts the ante 35
478ee4bf: posts the ante 35
2e57bca6: posts small blind 125
Hero: posts big blind 250
*** HOLE CARDS ***
Dealt to Hero [5s Kh]
Dealt to 19ce3da 
Dealt to 44f1b8b7 
Dealt to 8875380a 
Dealt to 478ee4bf 
Dealt to 2e57bca6 
19ce3da: folds
44f1b8b7: folds
8875380a: folds
478ee4bf: folds
2e57bca6: calls 125
Hero: raises 604 to 854
2e57bca6: calls 604
*** FLOP *** [Jd As Kd]
2e57bca6: checks
Hero: bets 480
2e57bca6: calls 480
*** TURN *** [Jd As Kd] [Jh]
2e57bca6: checks
Hero: checks
*** RIVER *** [Jd As Kd Jh] [Ah]
2e57bca6: bets 775
Hero: calls 775
2e57bca6: shows [Qh Js] (Jacks Full over Aces)
Hero: shows [5s Kh] (Pair of Aces and Pair of Kings)
*** SHOWDOWN ***
2e57bca6 collected 4,428 from pot
*** SUMMARY ***
Total pot 4,428 | Rake 0 | Jackpot 0 | Bingo 0 | Fortune 0 | Tax 0
Board [Jd As Kd Jh Ah]
Seat 1: Hero (big blind) showed [5s Kh] and lost with Pair of Aces and Pair of Kings
Seat 2: 19ce3da folded before Flop
Seat 3: 44f1b8b7 folded before Flop
Seat 4: 8875380a folded before Flop
Seat 5: 478ee4bf (button) folded before Flop
Seat 6: 2e57bca6 (small blind) showed [Qh Js] and won (4,428) with Jacks Full over Aces


Poker Hand #TM2948114429: Tournament #126665507, Saturday Session: Bounty Six Shooter $21.60 [6-Max] Hold'em No Limit - Level5(125/250) - 2024/02/10 17:24:56
Table '5' 6-max Seat #4 is the button
Seat 1: Hero (23,085 in chips)
Seat 2: 19ce3da (6,762 in chips)
Seat 3: 44f1b8b7 (3,439 in chips)
Seat 4: 8875380a (12,808 in chips)
Seat 5: 478ee4bf (4,684 in chips)
Seat 6: 2e57bca6 (16,777 in chips)
2e57bca6: posts the ante 35
19ce3da: posts the ante 35
Hero: posts the ante 35
8875380a: posts the ante 35
44f1b8b7: posts the ante 35
478ee4bf: posts the ante 35
478ee4bf: posts small blind 125
2e57bca6: posts big blind 250
*** HOLE CARDS ***
Dealt to Hero [6c Ac]
Dealt to 19ce3da 
Dealt to 44f1b8b7 
Dealt to 8875380a 
Dealt to 478ee4bf 
Dealt to 2e57bca6 
Hero: raises 275 to 525
19ce3da: folds
44f1b8b7: folds
8875380a: folds
478ee4bf: folds
2e57bca6: folds
Uncalled bet (275) returned to Hero
*** SHOWDOWN ***
Hero collected 835 from pot
*** SUMMARY ***
Total pot 835 | Rake 0 | Jackpot 0 | Bingo 0 | Fortune 0 | Tax 0
Seat 1: Hero collected (835)
Seat 2: 19ce3da folded before Flop
Seat 3: 44f1b8b7 folded before Flop
Seat 4: 8875380a (button) folded before Flop
Seat 5: 478ee4bf (small blind) folded before Flop
Seat 6: 2e57bca6 (big blind) folded before Flop


Poker Hand #TM2948114404: Tournament #126665507, Saturday Session: Bounty Six Shooter $21.60 [6-Max] Hold'em No Limit - Level5(125/250) - 2024/02/10 17:24:36
Table '5' 6-max Seat #3 is the button
Seat 1: Hero (23,120 in chips)
Seat 2: 19ce3da (6,797 in chips)
Seat 3: 44f1b8b7 (3,474 in chips)
Seat 4: 8875380a (12,383 in chips)
Seat 5: 478ee4bf (4,969 in chips)
Seat 6: 2e57bca6 (16,812 in chips)
2e57bca6: posts the ante 35
19ce3da: posts the ante 35
Hero: posts the ante 35
8875380a: posts the ante 35
44f1b8b7: posts the ante 35
478ee4bf: posts the ante 35
8875380a: posts small blind 125
478ee4bf: posts big blind 250
*** HOLE CARDS ***
Dealt to Hero [Kc 3s]
Dealt to 19ce3da 
Dealt to 44f1b8b7 
Dealt to 8875380a 
Dealt to 478ee4bf 
Dealt to 2e57bca6 
2e57bca6: folds
Hero: folds
19ce3da: folds
44f1b8b7: folds
8875380a: raises 12,098 to 12,348 and is all-in
478ee4bf: folds
Uncalled bet (12,098) returned to 8875380a
*** SHOWDOWN ***
8875380a collected 710 from pot
*** SUMMARY ***
Total pot 710 | Rake 0 | Jackpot 0 | Bingo 0 | Fortune 0 | Tax 0
Seat 1: Hero folded before Flop
Seat 2: 19ce3da folded before Flop
Seat 3: 44f1b8b7 (button) folded before Flop
Seat 4: 8875380a (small blind) collected (710)
Seat 5: 478ee4bf (big blind) folded before Flop
Seat 6: 2e57bca6 folded before Flop


Poker Hand #TM2948114327: Tournament #126665507, Saturday Session: Bounty Six Shooter $21.60 [6-Max] Hold'em No Limit - Level5(125/250) - 2024/02/10 17:23:37
Table '5' 6-max Seat #2 is the button
Seat 1: Hero (23,155 in chips)
Seat 2: 19ce3da (6,832 in chips)
Seat 3: 44f1b8b7 (1,417 in chips)
Seat 4: 8875380a (13,800 in chips)
Seat 5: 478ee4bf (5,004 in chips)
Seat 6: 2e57bca6 (17,347 in chips)
2e57bca6: posts the ante 35
19ce3da: posts the ante 35
Hero: posts the ante 35
8875380a: posts the ante 35
44f1b8b7: posts the ante 35
478ee4bf: posts the ante 35
44f1b8b7: posts small blind 125
8875380a: posts big blind 250
*** HOLE CARDS ***
Dealt to Hero [Kd 5h]
Dealt to 19ce3da 
Dealt to 44f1b8b7 
Dealt to 8875380a 
Dealt to 478ee4bf 
Dealt to 2e57bca6 
478ee4bf: folds
2e57bca6: raises 250 to 500
Hero: folds
19ce3da: folds
44f1b8b7: raises 882 to 1,382 and is all-in
8875380a: raises 3,618 to 5,000
2e57bca6: folds
Uncalled bet (3,618) returned to 8875380a
8875380a: shows [As Ks]
44f1b8b7: shows [8c 8s]
*** FLOP *** [8h 4h 6d]
*** TURN *** [8h 4h 6d] [Ad]
*** RIVER *** [8h 4h 6d Ad] [Ac]
*** SHOWDOWN ***
44f1b8b7 collected 3,474 from pot
*** SUMMARY ***
Total pot 3,474 | Rake 0 | Jackpot 0 | Bingo 0 | Fortune 0 | Tax 0
Board [8h 4h 6d Ad Ac]
Seat 1: Hero folded before Flop
Seat 2: 19ce3da (button) folded before Flop
Seat 3: 44f1b8b7 (small blind) showed [8c 8s] and won (3,474) with Eights Full over Aces
Seat 4: 8875380a (big blind) showed [As Ks] and lost with Three Aces
Seat 5: 478ee4bf folded before Flop
Seat 6: 2e57bca6 folded before Flop


Poker Hand #TM2948114191: Tournament #126665507, Saturday Session: Bounty Six Shooter $21.60 [6-Max] Hold'em No Limit - Level5(125/250) - 2024/02/10 17:21:59
Table '5' 6-max Seat #1 is the button
Seat 1: Hero (11,445 in chips)
Seat 2: 19ce3da (6,992 in chips)
Seat 3: 44f1b8b7 (12,862 in chips)
Seat 4: 8875380a (13,835 in chips)
Seat 5: 478ee4bf (5,039 in chips)
Seat 6: 2e57bca6 (17,382 in chips)
2e57bca6: posts the ante 35
Hero: posts the ante 35
19ce3da: posts the ante 35
8875380a: posts the ante 35
44f1b8b7: posts the ante 35
478ee4bf: posts the ante 35
19ce3da: posts small blind 125
44f1b8b7: posts big blind 250
*** HOLE CARDS ***
Dealt to Hero [7c 6c]
Dealt to 19ce3da 
Dealt to 44f1b8b7 
Dealt to 8875380a 
Dealt to 478ee4bf 
Dealt to 2e57bca6 
8875380a: folds
478ee4bf: folds
2e57bca6: folds
Hero: raises 275 to 525
19ce3da: folds
44f1b8b7: calls 275
*** FLOP *** [Th 5c 4d]
44f1b8b7: checks
Hero: bets 347
44f1b8b7: raises 1,028 to 1,375
Hero: raises 1,278 to 2,653
44f1b8b7: raises 9,649 to 12,302 and is all-in
Hero: calls 8,232 and is all-in
Uncalled bet (1,417) returned to 44f1b8b7
44f1b8b7: shows [9d 6h] (Ten-High)
Hero: shows [7c 6c] (Ten-High)
*** TURN *** [Th 5c 4d] [8h]
*** RIVER *** [Th 5c 4d 8h] [5s]
*** SHOWDOWN ***
Hero collected 23,155 from pot
*** SUMMARY ***
Total pot 23,155 | Rake 0 | Jackpot 0 | Bingo 0 | Fortune 0 | Tax 0
Board [Th 5c 4d 8h 5s]
Seat 1: Hero (button) showed [7c 6c] and won (23,155) with Eights-High Straight
Seat 2: 19ce3da (small blind) folded before Flop
Seat 3: 44f1b8b7 (big blind) showed [9d 6h] and lost with Pair of Fives
Seat 4: 8875380a folded before Flop
Seat 5: 478ee4bf folded before Flop
Seat 6: 2e57bca6 folded before Flop


Poker Hand #TM2948114128: Tournament #126665507, Saturday Session: Bounty Six Shooter $21.60 [6-Max] Hold'em No Limit - Level5(125/250) - 2024/02/10 17:21:13
Table '5' 6-max Seat #6 is the button
Seat 1: Hero (11,605 in chips)
Seat 2: 19ce3da (7,527 in chips)
Seat 3: 44f1b8b7 (12,897 in chips)
Seat 4: 8875380a (13,035 in chips)
Seat 5: 478ee4bf (5,074 in chips)
Seat 6: 2e57bca6 (17,417 in chips)
2e57bca6: posts the ante 35
19ce3da: posts the ante 35
Hero: posts the ante 35
8875380a: posts the ante 35
44f1b8b7: posts the ante 35
478ee4bf: posts the ante 35
Hero: posts small blind 125
19ce3da: posts big blind 250
*** HOLE CARDS ***
Dealt to Hero [2c 3d]
Dealt to 19ce3da 
Dealt to 44f1b8b7 
Dealt to 8875380a 
Dealt to 478ee4bf 
Dealt to 2e57bca6 
44f1b8b7: folds
8875380a: raises 250 to 500
478ee4bf: folds
2e57bca6: folds
Hero: folds
19ce3da: calls 250
*** FLOP *** [Jc Qs 5h]
19ce3da: checks
8875380a: bets 348
19ce3da: folds
Uncalled bet (348) returned to 8875380a
*** SHOWDOWN ***
8875380a collected 1,335 from pot
*** SUMMARY ***
Total pot 1,335 | Rake 0 | Jackpot 0 | Bingo 0 | Fortune 0 | Tax 0
Board [Jc Qs 5h]
Seat 1: Hero (small blind) folded before Flop
Seat 2: 19ce3da (big blind) folded on the Flop
Seat 3: 44f1b8b7 folded before Flop
Seat 4: 8875380a won (1,335)
Seat 5: 478ee4bf folded before Flop
Seat 6: 2e57bca6 (button) folded before Flop


Poker Hand #TM2948114088: Tournament #126665507, Saturday Session: Bounty Six Shooter $21.60 [6-Max] Hold'em No Limit - Level5(125/250) - 2024/02/10 17:20:46
Table '5' 6-max Seat #5 is the button
Seat 1: Hero (11,305 in chips)
Seat 2: 19ce3da (7,562 in chips)
Seat 3: 44f1b8b7 (12,932 in chips)
Seat 4: 8875380a (13,070 in chips)
Seat 5: 478ee4bf (5,109 in chips)
Seat 6: 2e57bca6 (17,577 in chips)
2e57bca6: posts the ante 35
19ce3da: posts the ante 35
Hero: posts the ante 35
8875380a: posts the ante 35
44f1b8b7: posts the ante 35
478ee4bf: posts the ante 35
2e57bca6: posts small blind 125
Hero: posts big blind 250
*** HOLE CARDS ***
Dealt to Hero [Js Tc]
Dealt to 19ce3da 
Dealt to 44f1b8b7 
Dealt to 8875380a 
Dealt to 478ee4bf 
Dealt to 2e57bca6 
19ce3da: folds
44f1b8b7: folds
8875380a: folds
478ee4bf: folds
2e57bca6: folds
Uncalled bet (125) returned to Hero
*** SHOWDOWN ***
Hero collected 460 from pot
*** SUMMARY ***
Total pot 460 | Rake 0 | Jackpot 0 | Bingo 0 | Fortune 0 | Tax 0
Seat 1: Hero (big blind) collected (460)
Seat 2: 19ce3da folded before Flop
Seat 3: 44f1b8b7 folded before Flop
Seat 4: 8875380a folded before Flop
Seat 5: 478ee4bf (button) folded before Flop
Seat 6: 2e57bca6 (small blind) folded before Flop


Poker Hand #TM2948114009: Tournament #126665507, Saturday Session: Bounty Six Shooter $21.60 [6-Max] Hold'em No Limit - Level4(100/200) - 2024/02/10 17:19:46
Table '5' 6-max Seat #4 is the button
Seat 1: Hero (11,335 in chips)
Seat 2: 19ce3da (7,592 in chips)
Seat 3: 44f1b8b7 (13,805 in chips)
Seat 4: 8875380a (13,100 in chips)
Seat 5: 478ee4bf (5,239 in chips)
Seat 6: 2e57bca6 (16,484 in chips)
2e57bca6: posts the ante 30
19ce3da: posts the ante 30
Hero: posts the ante 30
8875380a: posts the ante 30
44f1b8b7: posts the ante 30
478ee4bf: posts the ante 30
478ee4bf: posts small blind 100
2e57bca6: posts big blind 200
*** HOLE CARDS ***
Dealt to Hero [2c 7c]
Dealt to 19ce3da 
Dealt to 44f1b8b7 
Dealt to 8875380a 
Dealt to 478ee4bf 
Dealt to 2e57bca6 
Hero: folds
19ce3da: folds
44f1b8b7: raises 200 to 400
8875380a: folds
478ee4bf: folds
2e57bca6: calls 200
*** FLOP *** [Qh Ts 5d]
2e57bca6: checks
44f1b8b7: bets 443
2e57bca6: calls 443
*** TURN *** [Qh Ts 5d] [4c]
2e57bca6: checks
44f1b8b7: checks
*** RIVER *** [Qh Ts 5d 4c] [3s]
2e57bca6: bets 1,082
44f1b8b7: folds
Uncalled bet (1,082) returned to 2e57bca6
*** SHOWDOWN ***
2e57bca6 collected 1,966 from pot
*** SUMMARY ***
Total pot 1,966 | Rake 0 | Jackpot 0 | Bingo 0 | Fortune 0 | Tax 0
Board [Qh Ts 5d 4c 3s]
Seat 1: Hero folded before Flop
Seat 2: 19ce3da folded before Flop
Seat 3: 44f1b8b7 folded on the River
Seat 4: 8875380a (button) folded before Flop
Seat 5: 478ee4bf (small blind) folded before Flop
Seat 6: 2e57bca6 (big blind) won (1,966)


Poker Hand #TM2948113963: Tournament #126665507, Saturday Session: Bounty Six Shooter $21.60 [6-Max] Hold'em No Limit - Level4(100/200) - 2024/02/10 17:19:15
Table '5' 6-max Seat #3 is the button
Seat 1: Hero (11,365 in chips)
Seat 2: 19ce3da (7,622 in chips)
Seat 3: 44f1b8b7 (13,835 in chips)
Seat 4: 8875380a (12,750 in chips)
Seat 5: 478ee4bf (5,469 in chips)
Seat 6: 2e57bca6 (16,514 in chips)
2e57bca6: posts the ante 30
19ce3da: posts the ante 30
Hero: posts the ante 30
8875380a: posts the ante 30
44f1b8b7: posts the ante 30
478ee4bf: posts the ante 30
8875380a: posts small blind 100
478ee4bf: posts big blind 200
*** HOLE CARDS ***
Dealt to Hero [3h Qh]
Dealt to 19ce3da 
Dealt to 44f1b8b7 
Dealt to 8875380a 
Dealt to 478ee4bf 
Dealt to 2e57bca6 
2e57bca6: folds
Hero: folds
19ce3da: folds
44f1b8b7: folds
8875380a: raises 420 to 620
478ee4bf: folds
Uncalled bet (420) returned to 8875380a
*** SHOWDOWN ***
8875380a collected 580 from pot
*** SUMMARY ***
Total pot 580 | Rake 0 | Jackpot 0 | Bingo 0 | Fortune 0 | Tax 0
Seat 1: Hero folded before Flop
Seat 2: 19ce3da folded before Flop
Seat 3: 44f1b8b7 (button) folded before Flop
Seat 4: 8875380a (small blind) collected (580)
Seat 5: 478ee4bf (big blind) folded before Flop
Seat 6: 2e57bca6 folded before Flop


Poker Hand #TM2948113903: Tournament #126665507, Saturday Session: Bounty Six Shooter $21.60 [6-Max] Hold'em No Limit - Level4(100/200) - 2024/02/10 17:18:32
Table '5' 6-max Seat #2 is the button
Seat 1: Hero (11,395 in chips)
Seat 2: 19ce3da (6,972 in chips)
Seat 3: 44f1b8b7 (13,965 in chips)
Seat 4: 8875380a (13,180 in chips)
Seat 5: 478ee4bf (5,499 in chips)
Seat 6: 2e57bca6 (16,544 in chips)
2e57bca6: posts the ante 30
19ce3da: posts the ante 30
Hero: posts the ante 30
8875380a: posts the ante 30
44f1b8b7: posts the ante 30
478ee4bf: posts the ante 30
44f1b8b7: posts small blind 100
8875380a: posts big blind 200
*** HOLE CARDS ***
Dealt to Hero [4h 5c]
Dealt to 19ce3da 
Dealt to 44f1b8b7 
Dealt to 8875380a 
Dealt to 478ee4bf 
Dealt to 2e57bca6 
478ee4bf: folds
2e57bca6: folds
Hero: folds
19ce3da: raises 200 to 400
44f1b8b7: folds
8875380a: calls 200
*** FLOP *** [8s 8c 4d]
8875380a: checks
19ce3da: checks
*** TURN *** [8s 8c 4d] [2s]
8875380a: checks
19ce3da: bets 357
8875380a: folds
Uncalled bet (357) returned to 19ce3da
*** SHOWDOWN ***
19ce3da collected 1,080 from pot
*** SUMMARY ***
Total pot 1,080 | Rake 0 | Jackpot 0 | Bingo 0 | Fortune 0 | Tax 0
Board [8s 8c 4d 2s]
Seat 1: Hero folded before Flop
Seat 2: 19ce3da (button) won (1,080)
Seat 3: 44f1b8b7 (small blind) folded before Flop
Seat 4: 8875380a (big blind) folded on the Turn
Seat 5: 478ee4bf folded before Flop
Seat 6: 2e57bca6 folded before Flop


Poker Hand #TM2948113799: Tournament #126665507, Saturday Session: Bounty Six Shooter $21.60 [6-Max] Hold'em No Limit - Level4(100/200) - 2024/02/10 17:17:25
Table '5' 6-max Seat #1 is the button
Seat 1: Hero (11,425 in chips)
Seat 2: 19ce3da (7,102 in chips)
Seat 3: 44f1b8b7 (15,147 in chips)
Seat 4: 8875380a (13,210 in chips)
Seat 5: 478ee4bf (5,529 in chips)
Seat 6: 2e57bca6 (15,142 in chips)
2e57bca6: posts the ante 30
Hero: posts the ante 30
19ce3da: posts the ante 30
8875380a: posts the ante 30
44f1b8b7: posts the ante 30
478ee4bf: posts the ante 30
19ce3da: posts small blind 100
44f1b8b7: posts big blind 200
*** HOLE CARDS ***
Dealt to Hero [4h 8d]
Dealt to 19ce3da 
Dealt to 44f1b8b7 
Dealt to 8875380a 
Dealt to 478ee4bf 
Dealt to 2e57bca6 
8875380a: folds
478ee4bf: folds
2e57bca6: raises 200 to 400
Hero: folds
19ce3da: folds
44f1b8b7: calls 200
*** FLOP *** [Tc 7d Kc]
44f1b8b7: checks
2e57bca6: bets 238
44f1b8b7: calls 238
*** TURN *** [Tc 7d Kc] [Ac]
44f1b8b7: checks
2e57bca6: bets 514
44f1b8b7: calls 514
*** RIVER *** [Tc 7d Kc Ac] [6s]
44f1b8b7: checks
2e57bca6: checks
44f1b8b7: shows [9h 9d] (Pair of Nines)
2e57bca6: shows [8s Ks] (Pair of Kings)
*** SHOWDOWN ***
2e57bca6 collected 2,584 from pot
*** SUMMARY ***
Total pot 2,584 | Rake 0 | Jackpot 0 | Bingo 0 | Fortune 0 | Tax 0
Board [Tc 7d Kc Ac 6s]
Seat 1: Hero (button) folded before Flop
Seat 2: 19ce3da (small blind) folded before Flop
Seat 3: 44f1b8b7 (big blind) showed [9h 9d] and lost with Pair of Nines
Seat 4: 8875380a folded before Flop
Seat 5: 478ee4bf folded before Flop
Seat 6: 2e57bca6 showed [8s Ks] and won (2,584) with Pair of Kings


Poker Hand #TM2948113745: Tournament #126665507, Saturday Session: Bounty Six Shooter $21.60 [6-Max] Hold'em No Limit - Level4(100/200) - 2024/02/10 17:16:50
Table '5' 6-max Seat #6 is the button
Seat 1: Hero (11,555 in chips)
Seat 2: 19ce3da (7,332 in chips)
Seat 3: 44f1b8b7 (14,297 in chips)
Seat 4: 8875380a (13,240 in chips)
Seat 5: 478ee4bf (5,559 in chips)
Seat 6: 2e57bca6 (15,572 in chips)
2e57bca6: posts the ante 30
19ce3da: posts the ante 30
Hero: posts the ante 30
8875380a: posts the ante 30
44f1b8b7: posts the ante 30
478ee4bf: posts the ante 30
Hero: posts small blind 100
19ce3da: posts big blind 200
*** HOLE CARDS ***
Dealt to Hero [4s 8c]
Dealt to 19ce3da 
Dealt to 44f1b8b7 
Dealt to 8875380a 
Dealt to 478ee4bf 
Dealt to 2e57bca6 
44f1b8b7: raises 200 to 400
8875380a: folds
478ee4bf: folds
2e57bca6: calls 400
Hero: folds
19ce3da: folds
*** FLOP *** [5c Kh 9s]
44f1b8b7: bets 900
2e57bca6: folds
Uncalled bet (900) returned to 44f1b8b7
*** SHOWDOWN ***
44f1b8b7 collected 1,280 from pot
*** SUMMARY ***
Total pot 1,280 | Rake 0 | Jackpot 0 | Bingo 0 | Fortune 0 | Tax 0
Board [5c Kh 9s]
Seat 1: Hero (small blind) folded before Flop
Seat 2: 19ce3da (big blind) folded before Flop
Seat 3: 44f1b8b7 won (1,280)
Seat 4: 8875380a folded before Flop
Seat 5: 478ee4bf folded before Flop
Seat 6: 2e57bca6 (button) folded on the Flop


Poker Hand #TM2948113630: Tournament #126665507, Saturday Session: Bounty Six Shooter $21.60 [6-Max] Hold'em No Limit - Level4(100/200) - 2024/02/10 17:15:40
Table '5' 6-max Seat #5 is the button
Seat 1: Hero (11,785 in chips)
Seat 2: 19ce3da (7,362 in chips)
Seat 3: 44f1b8b7 (13,024 in chips)
Seat 4: 8875380a (14,093 in chips)
Seat 5: 478ee4bf (5,589 in chips)
Seat 6: 2e57bca6 (15,702 in chips)
2e57bca6: posts the ante 30
19ce3da: posts the ante 30
Hero: posts the ante 30
8875380a: posts the ante 30
44f1b8b7: posts the ante 30
478ee4bf: posts the ante 30
2e57bca6: posts small blind 100
Hero: posts big blind 200
*** HOLE CARDS ***
Dealt to Hero [Ad 2h]
Dealt to 19ce3da 
Dealt to 44f1b8b7 
Dealt to 8875380a 
Dealt to 478ee4bf 
Dealt to 2e57bca6 
19ce3da: folds
44f1b8b7: raises 200 to 400
8875380a: calls 400
478ee4bf: folds
2e57bca6: folds
Hero: folds
*** FLOP *** [9d Kh Jd]
44f1b8b7: checks
8875380a: bets 423
44f1b8b7: calls 423
*** TURN *** [9d Kh Jd] [Kd]
44f1b8b7: checks
8875380a: checks
*** RIVER *** [9d Kh Jd Kd] [Tc]
44f1b8b7: bets 1,500
8875380a: folds
Uncalled bet (1,500) returned to 44f1b8b7
*** SHOWDOWN ***
44f1b8b7 collected 2,126 from pot
*** SUMMARY ***
Total pot 2,126 | Rake 0 | Jackpot 0 | Bingo 0 | Fortune 0 | Tax 0
Board [9d Kh Jd Kd Tc]
Seat 1: Hero (big blind) folded before Flop
Seat 2: 19ce3da folded before Flop
Seat 3: 44f1b8b7 won (2,126)
Seat 4: 8875380a folded on the River
Seat 5: 478ee4bf (button) folded before Flop
Seat 6: 2e57bca6 (small blind) folded before Flop


Poker Hand #TM2948113537: Tournament #126665507, Saturday Session: Bounty Six Shooter $21.60 [6-Max] Hold'em No Limit - Level4(100/200) - 2024/02/10 17:14:36
Table '5' 6-max Seat #4 is the button
Seat 1: Hero (11,815 in chips)
Seat 2: 19ce3da (7,392 in chips)
Seat 3: 44f1b8b7 (13,454 in chips)
Seat 4: 8875380a (14,123 in chips)
Seat 5: 478ee4bf (5,719 in chips)
Seat 6: 2e57bca6 (15,052 in chips)
2e57bca6: posts the ante 30
19ce3da: posts the ante 30
Hero: posts the ante 30
8875380a: posts the ante 30
44f1b8b7: posts the ante 30
478ee4bf: posts the ante 30
478ee4bf: posts small blind 100
2e57bca6: posts big blind 200
*** HOLE CARDS ***
Dealt to Hero [Ah 5s]
Dealt to 19ce3da 
Dealt to 44f1b8b7 
Dealt to 8875380a 
Dealt to 478ee4bf 
Dealt to 2e57bca6 
Hero: folds
19ce3da: folds
44f1b8b7: raises 200 to 400
8875380a: folds
478ee4bf: folds
2e57bca6: calls 200
*** FLOP *** [Th 6c 7d]
2e57bca6: checks
44f1b8b7: checks
*** TURN *** [Th 6c 7d] [4s]
2e57bca6: bets 810
44f1b8b7: folds
Uncalled bet (810) returned to 2e57bca6
*** SHOWDOWN ***
2e57bca6 collected 1,080 from pot
*** SUMMARY ***
Total pot 1,080 | Rake 0 | Jackpot 0 | Bingo 0 | Fortune 0 | Tax 0
Board [Th 6c 7d 4s]
Seat 1: Hero folded before Flop
Seat 2: 19ce3da folded before Flop
Seat 3: 44f1b8b7 folded on the Turn
Seat 4: 8875380a (button) folded before Flop
Seat 5: 478ee4bf (small blind) folded before Flop
Seat 6: 2e57bca6 (big blind) won (1,080)


Poker Hand #TM2948113456: Tournament #126665507, Saturday Session: Bounty Six Shooter $21.60 [6-Max] Hold'em No Limit - Level4(100/200) - 2024/02/10 17:13:46
Table '5' 6-max Seat #3 is the button
Seat 1: Hero (11,845 in chips)
Seat 2: 19ce3da (7,422 in chips)
Seat 3: 44f1b8b7 (13,884 in chips)
Seat 4: 8875380a (13,373 in chips)
Seat 5: 478ee4bf (5,949 in chips)
Seat 6: 2e57bca6 (15,082 in chips)
2e57bca6: posts the ante 30
19ce3da: posts the ante 30
Hero: posts the ante 30
8875380a: posts the ante 30
44f1b8b7: posts the ante 30
478ee4bf: posts the ante 30
8875380a: posts small blind 100
478ee4bf: posts big blind 200
*** HOLE CARDS ***
Dealt to Hero [3d Kc]
Dealt to 19ce3da 
Dealt to 44f1b8b7 
Dealt to 8875380a 
Dealt to 478ee4bf 
Dealt to 2e57bca6 
2e57bca6: folds
Hero: folds
19ce3da: folds
44f1b8b7: raises 200 to 400
8875380a: raises 1,000 to 1,400
478ee4bf: folds
44f1b8b7: folds
Uncalled bet (1,000) returned to 8875380a
*** SHOWDOWN ***
8875380a collected 1,180 from pot
*** SUMMARY ***
Total pot 1,180 | Rake 0 | Jackpot 0 | Bingo 0 | Fortune 0 | Tax 0
Seat 1: Hero folded before Flop
Seat 2: 19ce3da folded before Flop
Seat 3: 44f1b8b7 (button) folded before Flop
Seat 4: 8875380a (small blind) collected (1,180)
Seat 5: 478ee4bf (big blind) folded before Flop
Seat 6: 2e57bca6 folded before Flop


Poker Hand #TM2948113374: Tournament #126665507, Saturday Session: Bounty Six Shooter $21.60 [6-Max] Hold'em No Limit - Level4(100/200) - 2024/02/10 17:12:46
Table '5' 6-max Seat #2 is the button
Seat 1: Hero (11,875 in chips)
Seat 2: 19ce3da (7,452 in chips)
Seat 3: 44f1b8b7 (14,114 in chips)
Seat 4: 8875380a (13,023 in chips)
Seat 5: 478ee4bf (5,979 in chips)
Seat 6: 2e57bca6 (15,112 in chips)
2e57bca6: posts the ante 30
19ce3da: posts the ante 30
Hero: posts the ante 30
8875380a: posts the ante 30
44f1b8b7: posts the ante 30
478ee4bf: posts the ante 30
44f1b8b7: posts small blind 100
8875380a: posts big blind 200
*** HOLE CARDS ***
Dealt to Hero [6s 3s]
Dealt to 19ce3da 
Dealt to 44f1b8b7 
Dealt to 8875380a 
Dealt to 478ee4bf 
Dealt to 2e57bca6 
478ee4bf: folds
2e57bca6: folds
Hero: folds
19ce3da: folds
44f1b8b7: calls 100
8875380a: checks
*** FLOP *** [3c 5s Kc]
44f1b8b7: checks
8875380a: bets 200
44f1b8b7: folds
Uncalled bet (200) returned to 8875380a
*** SHOWDOWN ***
8875380a collected 580 from pot
*** SUMMARY ***
Total pot 580 | Rake 0 | Jackpot 0 | Bingo 0 | Fortune 0 | Tax 0
Board [3c 5s Kc]
Seat 1: Hero folded before Flop
Seat 2: 19ce3da (button) folded before Flop
Seat 3: 44f1b8b7 (small blind) folded on the Flop
Seat 4: 8875380a (big blind) won (580)
Seat 5: 478ee4bf folded before Flop
Seat 6: 2e57bca6 folded before Flop


Poker Hand #TM2948113222: Tournament #126665507, Saturday Session: Bounty Six Shooter $21.60 [6-Max] Hold'em No Limit - Level4(100/200) - 2024/02/10 17:11:06
Table '5' 6-max Seat #1 is the button
Seat 1: Hero (11,905 in chips)
Seat 2: 19ce3da (3,466 in chips)
Seat 3: 44f1b8b7 (14,544 in chips)
Seat 4: 8875380a (13,053 in chips)
Seat 5: 478ee4bf (9,445 in chips)
Seat 6: 2e57bca6 (15,142 in chips)
2e57bca6: posts the ante 30
Hero: posts the ante 30
19ce3da: posts the ante 30
8875380a: posts the ante 30
44f1b8b7: posts the ante 30
478ee4bf: posts the ante 30
19ce3da: posts small blind 100
44f1b8b7: posts big blind 200
*** HOLE CARDS ***
Dealt to Hero [As 9d]
Dealt to 19ce3da 
Dealt to 44f1b8b7 
Dealt to 8875380a 
Dealt to 478ee4bf 
Dealt to 2e57bca6 
8875380a: folds
478ee4bf: raises 200 to 400
2e57bca6: folds
Hero: folds
19ce3da: calls 300
44f1b8b7: calls 200
*** FLOP *** [8d 6h Js]
19ce3da: checks
44f1b8b7: checks
478ee4bf: bets 456
19ce3da: raises 2,580 to 3,036 and is all-in
44f1b8b7: folds
478ee4bf: calls 2,580
19ce3da: shows [Ks Jd] (Pair of Jacks)
478ee4bf: shows [Qd Jh] (Pair of Jacks)
*** TURN *** [8d 6h Js] [2c]
*** RIVER *** [8d 6h Js 2c] [4c]
*** SHOWDOWN ***
19ce3da collected 7,452 from pot
*** SUMMARY ***
Total pot 7,452 | Rake 0 | Jackpot 0 | Bingo 0 | Fortune 0 | Tax 0
Board [8d 6h Js 2c 4c]
Seat 1: Hero (button) folded before Flop
Seat 2: 19ce3da (small blind) showed [Ks Jd] and won (7,452) with Pair of Jacks
Seat 3: 44f1b8b7 (big blind) folded on the Flop
Seat 4: 8875380a folded before Flop
Seat 5: 478ee4bf showed [Qd Jh] and lost with Pair of Jacks
Seat 6: 2e57bca6 folded before Flop


Poker Hand #TM2948113178: Tournament #126665507, Saturday Session: Bounty Six Shooter $21.60 [6-Max] Hold'em No Limit - Level4(100/200) - 2024/02/10 17:10:37
Table '5' 6-max Seat #6 is the button
Seat 1: Hero (12,035 in chips)
Seat 2: 19ce3da (3,696 in chips)
Seat 3: 44f1b8b7 (14,574 in chips)
Seat 4: 8875380a (13,083 in chips)
Seat 5: 478ee4bf (8,995 in chips)
Seat 6: 2e57bca6 (15,172 in chips)
2e57bca6: posts the ante 30
19ce3da: posts the ante 30
Hero: posts the ante 30
8875380a: posts the ante 30
44f1b8b7: posts the ante 30
478ee4bf: posts the ante 30
Hero: posts small blind 100
19ce3da: posts big blind 200
*** HOLE CARDS ***
Dealt to Hero [8h Js]
Dealt to 19ce3da 
Dealt to 44f1b8b7 
Dealt to 8875380a 
Dealt to 478ee4bf 
Dealt to 2e57bca6 
44f1b8b7: folds
8875380a: folds
478ee4bf: raises 200 to 400
2e57bca6: folds
Hero: folds
19ce3da: folds
Uncalled bet (200) returned to 478ee4bf
*** SHOWDOWN ***
478ee4bf collected 680 from pot
*** SUMMARY ***
Total pot 680 | Rake 0 | Jackpot 0 | Bingo 0 | Fortune 0 | Tax 0
Seat 1: Hero (small blind) folded before Flop
Seat 2: 19ce3da (big blind) folded before Flop
Seat 3: 44f1b8b7 folded before Flop
Seat 4: 8875380a folded before Flop
Seat 5: 478ee4bf collected (680)
Seat 6: 2e57bca6 (button) folded before Flop


Poker Hand #TM2948113132: Tournament #126665507, Saturday Session: Bounty Six Shooter $21.60 [6-Max] Hold'em No Limit - Level4(100/200) - 2024/02/10 17:10:10
Table '5' 6-max Seat #5 is the button
Seat 1: Hero (12,265 in chips)
Seat 2: 19ce3da (4,126 in chips)
Seat 3: 44f1b8b7 (14,604 in chips)
Seat 4: 8875380a (12,233 in chips)
Seat 5: 478ee4bf (9,025 in chips)
Seat 6: 2e57bca6 (15,302 in chips)
2e57bca6: posts the ante 30
19ce3da: posts the ante 30
Hero: posts the ante 30
8875380a: posts the ante 30
44f1b8b7: posts the ante 30
478ee4bf: posts the ante 30
2e57bca6: posts small blind 100
Hero: posts big blind 200
*** HOLE CARDS ***
Dealt to Hero [8h Js]
Dealt to 19ce3da 
Dealt to 44f1b8b7 
Dealt to 8875380a 
Dealt to 478ee4bf 
Dealt to 2e57bca6 
19ce3da: raises 200 to 400
44f1b8b7: folds
8875380a: raises 704 to 1,104
478ee4bf: folds
2e57bca6: folds
Hero: folds
19ce3da: folds
Uncalled bet (704) returned to 8875380a
*** SHOWDOWN ***
8875380a collected 1,280 from pot
*** SUMMARY ***
Total pot 1,280 | Rake 0 | Jackpot 0 | Bingo 0 | Fortune 0 | Tax 0
Seat 1: Hero (big blind) folded before Flop
Seat 2: 19ce3da folded before Flop
Seat 3: 44f1b8b7 folded before Flop
Seat 4: 8875380a collected (1,280)
Seat 5: 478ee4bf (button) folded before Flop
Seat 6: 2e57bca6 (small blind) folded before Flop


Poker Hand #TM2948113005: Tournament #126665507, Saturday Session: Bounty Six Shooter $21.60 [6-Max] Hold'em No Limit - Level4(100/200) - 2024/02/10 17:08:58
Table '5' 6-max Seat #4 is the button
Seat 1: Hero (12,295 in chips)
Seat 2: 19ce3da (4,156 in chips)
Seat 3: 44f1b8b7 (14,634 in chips)
Seat 4: 8875380a (12,263 in chips)
Seat 5: 478ee4bf (9,755 in chips)
Seat 6: 2e57bca6 (14,452 in chips)
2e57bca6: posts the ante 30
19ce3da: posts the ante 30
Hero: posts the ante 30
8875380a: posts the ante 30
44f1b8b7: posts the ante 30
478ee4bf: posts the ante 30
478ee4bf: posts small blind 100
2e57bca6: posts big blind 200
*** HOLE CARDS ***
Dealt to Hero [8d 9h]
Dealt to 19ce3da 
Dealt to 44f1b8b7 
Dealt to 8875380a 
Dealt to 478ee4bf 
Dealt to 2e57bca6 
Hero: folds
19ce3da: folds
44f1b8b7: folds
8875380a: folds
478ee4bf: calls 100
2e57bca6: raises 500 to 700
478ee4bf: calls 500
*** FLOP *** [Kc 3c 7h]
478ee4bf: checks
2e57bca6: bets 522
478ee4bf: folds
Uncalled bet (522) returned to 2e57bca6
*** SHOWDOWN ***
2e57bca6 collected 1,580 from pot
*** SUMMARY ***
Total pot 1,580 | Rake 0 | Jackpot 0 | Bingo 0 | Fortune 0 | Tax 0
Board [Kc 3c 7h]
Seat 1: Hero folded before Flop
Seat 2: 19ce3da folded before Flop
Seat 3: 44f1b8b7 folded before Flop
Seat 4: 8875380a (button) folded before Flop
Seat 5: 478ee4bf (small blind) folded on the Flop
Seat 6: 2e57bca6 (big blind) won (1,580)


Poker Hand #TM2948112969: Tournament #126665507, Saturday Session: Bounty Six Shooter $21.60 [6-Max] Hold'em No Limit - Level4(100/200) - 2024/02/10 17:08:33
Table '5' 6-max Seat #3 is the button
Seat 1: Hero (12,325 in chips)
Seat 2: 19ce3da (4,186 in chips)
Seat 3: 44f1b8b7 (14,664 in chips)
Seat 4: 8875380a (12,393 in chips)
Seat 5: 478ee4bf (9,505 in chips)
Seat 6: 2e57bca6 (14,482 in chips)
2e57bca6: posts the ante 30
19ce3da: posts the ante 30
Hero: posts the ante 30
8875380a: posts the ante 30
44f1b8b7: posts the ante 30
478ee4bf: posts the ante 30
8875380a: posts small blind 100
478ee4bf: posts big blind 200
*** HOLE CARDS ***
Dealt to Hero [Js 6d]
Dealt to 19ce3da 
Dealt to 44f1b8b7 
Dealt to 8875380a 
Dealt to 478ee4bf 
Dealt to 2e57bca6 
2e57bca6: folds
Hero: folds
19ce3da: folds
44f1b8b7: folds
8875380a: folds
Uncalled bet (100) returned to 478ee4bf
*** SHOWDOWN ***
478ee4bf collected 380 from pot
*** SUMMARY ***
Total pot 380 | Rake 0 | Jackpot 0 | Bingo 0 | Fortune 0 | Tax 0
Seat 1: Hero folded before Flop
Seat 2: 19ce3da folded before Flop
Seat 3: 44f1b8b7 (button) folded before Flop
Seat 4: 8875380a (small blind) folded before Flop
Seat 5: 478ee4bf (big blind) collected (380)
Seat 6: 2e57bca6 folded before Flop


Poker Hand #TM2948112865: Tournament #126665507, Saturday Session: Bounty Six Shooter $21.60 [6-Max] Hold'em No Limit - Level3(75/150) - 2024/02/10 17:07:31
Table '5' 6-max Seat #2 is the button
Seat 1: Hero (12,345 in chips)
Seat 2: 19ce3da (4,656 in chips)
Seat 3: 44f1b8b7 (14,759 in chips)
Seat 4: 8875380a (12,713 in chips)
Seat 5: 478ee4bf (9,525 in chips)
Seat 6: 2e57bca6 (13,557 in chips)
2e57bca6: posts the ante 20
19ce3da: posts the ante 20
Hero: posts the ante 20
8875380a: posts the ante 20
44f1b8b7: posts the ante 20
478ee4bf: posts the ante 20
44f1b8b7: posts small blind 75
8875380a: posts big blind 150
*** HOLE CARDS ***
Dealt to Hero [5c 2h]
Dealt to 19ce3da 
Dealt to 44f1b8b7 
Dealt to 8875380a 
Dealt to 478ee4bf 
Dealt to 2e57bca6 
478ee4bf: folds
2e57bca6: raises 150 to 300
Hero: folds
19ce3da: calls 300
44f1b8b7: folds
8875380a: calls 150
*** FLOP *** [4s 6d 6h]
8875380a: checks
2e57bca6: checks
19ce3da: checks
*** TURN *** [4s 6d 6h] [Kh]
8875380a: checks
2e57bca6: checks
19ce3da: bets 150
8875380a: folds
2e57bca6: calls 150
*** RIVER *** [4s 6d 6h Kh] [9h]
2e57bca6: checks
19ce3da: checks
2e57bca6: shows [3c 3h] (Pair of Sixes and Pair of Treys)
19ce3da: shows [3s As] (Pair of Sixes)
*** SHOWDOWN ***
2e57bca6 collected 1,395 from pot
*** SUMMARY ***
Total pot 1,395 | Rake 0 | Jackpot 0 | Bingo 0 | Fortune 0 | Tax 0
Board [4s 6d 6h Kh 9h]
Seat 1: Hero folded before Flop
Seat 2: 19ce3da (button) showed [3s As] and lost with Pair of Sixes
Seat 3: 44f1b8b7 (small blind) folded before Flop
Seat 4: 8875380a (big blind) folded on the Turn
Seat 5: 478ee4bf folded before Flop
Seat 6: 2e57bca6 showed [3c 3h] and won (1,395) with Pair of Sixes and Pair of Treys


Poker Hand #TM2948112796: Tournament #126665507, Saturday Session: Bounty Six Shooter $21.60 [6-Max] Hold'em No Limit - Level3(75/150) - 2024/02/10 17:06:47
Table '5' 6-max Seat #1 is the button
Seat 1: Hero (12,365 in chips)
Seat 2: 19ce3da (4,276 in chips)
Seat 3: 44f1b8b7 (15,079 in chips)
Seat 5: 478ee4bf (9,545 in chips)
Seat 6: 2e57bca6 (13,577 in chips)
2e57bca6: posts the ante 20
Hero: posts the ante 20
19ce3da: posts the ante 20
44f1b8b7: posts the ante 20
478ee4bf: posts the ante 20
19ce3da: posts small blind 75
44f1b8b7: posts big blind 150
*** HOLE CARDS ***
Dealt to Hero [9d 2c]
Dealt to 19ce3da 
Dealt to 44f1b8b7 
Dealt to 478ee4bf 
Dealt to 2e57bca6 
478ee4bf: folds
2e57bca6: folds
Hero: folds
19ce3da: raises 150 to 300
44f1b8b7: calls 150
*** FLOP *** [Qc Tc Qd]
19ce3da: bets 300
44f1b8b7: folds
Uncalled bet (300) returned to 19ce3da
*** SHOWDOWN ***
19ce3da collected 700 from pot
*** SUMMARY ***
Total pot 700 | Rake 0 | Jackpot 0 | Bingo 0 | Fortune 0 | Tax 0
Board [Qc Tc Qd]
Seat 1: Hero (button) folded before Flop
Seat 2: 19ce3da (small blind) won (700)
Seat 3: 44f1b8b7 (big blind) folded on the Flop
Seat 5: 478ee4bf folded before Flop
Seat 6: 2e57bca6 folded before Flop


Poker Hand #TM2948112652: Tournament #126665507, Saturday Session: Bounty Six Shooter $21.60 [6-Max] Hold'em No Limit - Level3(75/150) - 2024/02/10 17:05:22
Table '5' 6-max Seat #6 is the button
Seat 1: Hero (7,231 in chips)
Seat 2: 19ce3da (4,596 in chips)
Seat 3: 44f1b8b7 (15,099 in chips)
Seat 4: b858cb18 (4,754 in chips)
Seat 5: 478ee4bf (9,565 in chips)
Seat 6: 2e57bca6 (13,597 in chips)
2e57bca6: posts the ante 20
b858cb18: posts the ante 20
19ce3da: posts the ante 20
Hero: posts the ante 20
44f1b8b7: posts the ante 20
478ee4bf: posts the ante 20
Hero: posts small blind 75
19ce3da: posts big blind 150
*** HOLE CARDS ***
Dealt to Hero [7s Js]
Dealt to 19ce3da 
Dealt to 44f1b8b7 
Dealt to b858cb18 
Dealt to 478ee4bf 
Dealt to 2e57bca6 
44f1b8b7: folds
b858cb18: raises 150 to 300
478ee4bf: folds
2e57bca6: folds
Hero: calls 225
19ce3da: calls 150
*** FLOP *** [7c Jc 9d]
Hero: checks
19ce3da: checks
b858cb18: bets 449
Hero: raises 6,462 to 6,911 and is all-in
19ce3da: folds
b858cb18: calls 3,985 and is all-in
Uncalled bet (2,477) returned to Hero
Hero: shows [7s Js] (Pair of Jacks and Pair of Sevens)
b858cb18: shows [9s Ts] (Pair of Nines)
*** TURN *** [7c Jc 9d] [Qh]
*** RIVER *** [7c Jc 9d Qh] [3c]
*** SHOWDOWN ***
Hero collected 9,888 from pot
*** SUMMARY ***
Total pot 9,888 | Rake 0 | Jackpot 0 | Bingo 0 | Fortune 0 | Tax 0
Board [7c Jc 9d Qh 3c]
Seat 1: Hero (small blind) showed [7s Js] and won (9,888) with Pair of Jacks and Pair of Sevens
Seat 2: 19ce3da (big blind) folded on the Flop
Seat 3: 44f1b8b7 folded before Flop
Seat 4: b858cb18 showed [9s Ts] and lost with Pair of Nines
Seat 5: 478ee4bf folded before Flop
Seat 6: 2e57bca6 (button) folded before Flop


Poker Hand #TM2948112543: Tournament #126665507, Saturday Session: Bounty Six Shooter $21.60 [6-Max] Hold'em No Limit - Level3(75/150) - 2024/02/10 17:04:11
Table '5' 6-max Seat #5 is the button
Seat 1: Hero (7,401 in chips)
Seat 2: 19ce3da (4,271 in chips)
Seat 3: 44f1b8b7 (15,119 in chips)
Seat 4: b858cb18 (4,774 in chips)
Seat 5: 478ee4bf (9,585 in chips)
Seat 6: 2e57bca6 (13,692 in chips)
2e57bca6: posts the ante 20
b858cb18: posts the ante 20
19ce3da: posts the ante 20
Hero: posts the ante 20
44f1b8b7: posts the ante 20
478ee4bf: posts the ante 20
2e57bca6: posts small blind 75
Hero: posts big blind 150
*** HOLE CARDS ***
Dealt to Hero [5c Kc]
Dealt to 19ce3da 
Dealt to 44f1b8b7 
Dealt to b858cb18 
Dealt to 478ee4bf 
Dealt to 2e57bca6 
19ce3da: calls 150
44f1b8b7: folds
b858cb18: folds
478ee4bf: folds
2e57bca6: folds
Hero: checks
*** FLOP *** [As 9c Qs]
Hero: checks
19ce3da: bets 248
Hero: folds
Uncalled bet (248) returned to 19ce3da
*** SHOWDOWN ***
19ce3da collected 495 from pot
*** SUMMARY ***
Total pot 495 | Rake 0 | Jackpot 0 | Bingo 0 | Fortune 0 | Tax 0
Board [As 9c Qs]
Seat 1: Hero (big blind) folded on the Flop
Seat 2: 19ce3da won (495)
Seat 3: 44f1b8b7 folded before Flop
Seat 4: b858cb18 folded before Flop
Seat 5: 478ee4bf (button) folded before Flop
Seat 6: 2e57bca6 (small blind) folded before Flop


Poker Hand #TM2948112453: Tournament #126665507, Saturday Session: Bounty Six Shooter $21.60 [6-Max] Hold'em No Limit - Level3(75/150) - 2024/02/10 17:03:14
Table '5' 6-max Seat #4 is the button
Seat 1: Hero (7,421 in chips)
Seat 2: 19ce3da (4,291 in chips)
Seat 3: 44f1b8b7 (15,139 in chips)
Seat 4: b858cb18 (5,642 in chips)
Seat 5: 478ee4bf (9,680 in chips)
Seat 6: 2e57bca6 (12,669 in chips)
2e57bca6: posts the ante 20
b858cb18: posts the ante 20
19ce3da: posts the ante 20
Hero: posts the ante 20
44f1b8b7: posts the ante 20
478ee4bf: posts the ante 20
478ee4bf: posts small blind 75
2e57bca6: posts big blind 150
*** HOLE CARDS ***
Dealt to Hero [5s 6c]
Dealt to 19ce3da 
Dealt to 44f1b8b7 
Dealt to b858cb18 
Dealt to 478ee4bf 
Dealt to 2e57bca6 
Hero: folds
19ce3da: folds
44f1b8b7: folds
b858cb18: raises 150 to 300
478ee4bf: folds
2e57bca6: calls 150
*** FLOP *** [Ac Jh 4d]
2e57bca6: checks
b858cb18: bets 199
2e57bca6: raises 349 to 548
b858cb18: calls 349
*** TURN *** [Ac Jh 4d] [8h]
2e57bca6: bets 625
b858cb18: folds
Uncalled bet (625) returned to 2e57bca6
*** SHOWDOWN ***
2e57bca6 collected 1,891 from pot
*** SUMMARY ***
Total pot 1,891 | Rake 0 | Jackpot 0 | Bingo 0 | Fortune 0 | Tax 0
Board [Ac Jh 4d 8h]
Seat 1: Hero folded before Flop
Seat 2: 19ce3da folded before Flop
Seat 3: 44f1b8b7 folded before Flop
Seat 4: b858cb18 (button) folded on the Turn
Seat 5: 478ee4bf (small blind) folded before Flop
Seat 6: 2e57bca6 (big blind) won (1,891)


Poker Hand #TM2948112407: Tournament #126665507, Saturday Session: Bounty Six Shooter $21.60 [6-Max] Hold'em No Limit - Level3(75/150) - 2024/02/10 17:02:30
Table '5' 6-max Seat #3 is the button
Seat 1: Hero (7,441 in chips)
Seat 2: 19ce3da (3,816 in chips)
Seat 3: 44f1b8b7 (15,159 in chips)
Seat 4: b858cb18 (5,737 in chips)
Seat 5: 478ee4bf (10,000 in chips)
Seat 6: 2e57bca6 (12,689 in chips)
2e57bca6: posts the ante 20
b858cb18: posts the ante 20
19ce3da: posts the ante 20
Hero: posts the ante 20
44f1b8b7: posts the ante 20
478ee4bf: posts the ante 20
b858cb18: posts small blind 75
478ee4bf: posts big blind 150
*** HOLE CARDS ***
Dealt to Hero [8d Qs]
Dealt to 19ce3da 
Dealt to 44f1b8b7 
Dealt to b858cb18 
Dealt to 478ee4bf 
Dealt to 2e57bca6 
2e57bca6: folds
Hero: folds
19ce3da: raises 150 to 300
44f1b8b7: folds
b858cb18: folds
478ee4bf: calls 150
*** FLOP *** [3s Tc Js]
478ee4bf: checks
19ce3da: bets 450
478ee4bf: folds
Uncalled bet (450) returned to 19ce3da
*** SHOWDOWN ***
19ce3da collected 795 from pot
*** SUMMARY ***
Total pot 795 | Rake 0 | Jackpot 0 | Bingo 0 | Fortune 0 | Tax 0
Board [3s Tc Js]
Seat 1: Hero folded before Flop
Seat 2: 19ce3da won (795)
Seat 3: 44f1b8b7 (button) folded before Flop
Seat 4: b858cb18 (small blind) folded before Flop
Seat 5: 478ee4bf (big blind) folded on the Flop
Seat 6: 2e57bca6 folded before Flop


Poker Hand #TM2948112335: Tournament #126665507, Saturday Session: Bounty Six Shooter $21.60 [6-Max] Hold'em No Limit - Level3(75/150) - 2024/02/10 16:54:57
Table '5' 6-max Seat #2 is the button
Seat 1: Hero (10,000 in chips)
Seat 2: 19ce3da (3,836 in chips)
Seat 3: 44f1b8b7 (15,254 in chips)
Seat 4: b858cb18 (5,907 in chips)
Seat 5: d476c5b0 (12,818 in chips)
Seat 6: 2e57bca6 (9,825 in chips)
2e57bca6: posts the ante 20
d476c5b0: posts the ante 20
b858cb18: posts the ante 20
19ce3da: posts the ante 20
Hero: posts the ante 20
44f1b8b7: posts the ante 20
44f1b8b7: posts small blind 75
b858cb18: posts big blind 150
*** HOLE CARDS ***
Dealt to Hero [8s 8d]
Dealt to 19ce3da 
Dealt to 44f1b8b7 
Dealt to b858cb18 
Dealt to d476c5b0 
Dealt to 2e57bca6 
d476c5b0: folds
2e57bca6: raises 150 to 300
Hero: calls 300
19ce3da: folds
44f1b8b7: folds
b858cb18: folds
*** FLOP *** [4h Th 2d]
2e57bca6: bets 612
Hero: calls 612
*** TURN *** [4h Th 2d] [5s]
2e57bca6: bets 1,627
Hero: calls 1,627
*** RIVER *** [4h Th 2d 5s] [Kd]
2e57bca6: bets 7,266 and is all-in
Hero: folds
Uncalled bet (7,266) returned to 2e57bca6
*** SHOWDOWN ***
2e57bca6 collected 5,423 from pot
*** SUMMARY ***
Total pot 5,423 | Rake 0 | Jackpot 0 | Bingo 0 | Fortune 0 | Tax 0
Board [4h Th 2d 5s Kd]
Seat 1: Hero folded on the River
Seat 2: 19ce3da (button) folded before Flop
Seat 3: 44f1b8b7 (small blind) folded before Flop
Seat 4: b858cb18 (big blind) folded before Flop
Seat 5: d476c5b0 folded before Flop
Seat 6: 2e57bca6 won (5,423)


