Poker Hand #TM2990865931: Tournament #127845775, Bounty Hunters Special $15 [Mystery Edition] Hold'em No Limit - Level13(500/1,000) - 2024/02/21 19:16:19
Table '543' 8-max Seat #3 is the button
Seat 1: 408c4af9 (5,720 in chips)
Seat 2: Hero (10,360 in chips)
Seat 3: e08b70ad (21,260 in chips)
Seat 4: 59cb77eb (13,050 in chips)
Seat 5: 3b2ae25b (25,788 in chips)
Seat 6: 4abcb232 (30,520 in chips)
Seat 7: 7f4e04bd (84,092 in chips)
Seat 8: 97533102 (43,194 in chips)
3b2ae25b: posts the ante 150
97533102: posts the ante 150
Hero: posts the ante 150
59cb77eb: posts the ante 150
7f4e04bd: posts the ante 150
4abcb232: posts the ante 150
e08b70ad: posts the ante 150
408c4af9: posts the ante 150
59cb77eb: posts small blind 500
3b2ae25b: posts big blind 1,000
*** HOLE CARDS ***
Dealt to 408c4af9 
Dealt to Hero [7h 7c]
Dealt to e08b70ad 
Dealt to 59cb77eb 
Dealt to 3b2ae25b 
Dealt to 4abcb232 
Dealt to 7f4e04bd 
Dealt to 97533102 
4abcb232: folds
7f4e04bd: folds
97533102: raises 1,000 to 2,000
408c4af9: raises 3,000 to 5,000
Hero: raises 5,210 to 10,210 and is all-in
e08b70ad: folds
59cb77eb: raises 2,690 to 12,900 and is all-in
3b2ae25b: folds
97533102: calls 10,900
408c4af9: calls 570 and is all-in
59cb77eb: shows [Js Qs]
97533102: shows [Qc Kd]
408c4af9: shows [Ah Ks]
Hero: shows [7h 7c]
*** FLOP *** [As 6s Kc]
*** TURN *** [As 6s Kc] [Jh]
*** RIVER *** [As 6s Kc Jh] [6h]
7f4e04bd: shows [Ad] (Pair of Aces and Pair of Sixes)
*** SHOWDOWN ***
408c4af9 collected 24,480 from pot
97533102 collected 13,920 from pot
97533102 collected 5,380 from pot
*** SUMMARY ***
Total pot 43,780 | Rake 0 | Jackpot 0 | Bingo 0 | Fortune 0 | Tax 0
Board [As 6s Kc Jh 6h]
Seat 1: 408c4af9 showed [Ah Ks] and won (24,480) with Pair of Aces and Pair of Kings
Seat 2: Hero showed [7h 7c] and lost with Pair of Sevens and Pair of Sixes
Seat 3: e08b70ad (button) folded before Flop
Seat 4: 59cb77eb (small blind) showed [Js Qs] and lost with Pair of Jacks and Pair of Sixes
Seat 5: 3b2ae25b (big blind) folded before Flop
Seat 6: 4abcb232 folded before Flop
Seat 7: 7f4e04bd folded before Flop
Seat 8: 97533102 showed [Qc Kd] and won (19,300) with Pair of Kings and Pair of Sixes


Poker Hand #TM2990865788: Tournament #127845775, Bounty Hunters Special $15 [Mystery Edition] Hold'em No Limit - Level12(400/800) - 2024/02/21 19:14:47
Table '543' 8-max Seat #2 is the button
Seat 1: 408c4af9 (5,840 in chips)
Seat 2: Hero (10,480 in chips)
Seat 3: e08b70ad (22,980 in chips)
Seat 4: 59cb77eb (14,770 in chips)
Seat 5: 3b2ae25b (25,908 in chips)
Seat 6: 4abcb232 (30,640 in chips)
Seat 7: 7f4e04bd (78,452 in chips)
Seat 8: 97533102 (44,914 in chips)
3b2ae25b: posts the ante 120
97533102: posts the ante 120
Hero: posts the ante 120
59cb77eb: posts the ante 120
7f4e04bd: posts the ante 120
4abcb232: posts the ante 120
e08b70ad: posts the ante 120
408c4af9: posts the ante 120
e08b70ad: posts small blind 400
59cb77eb: posts big blind 800
*** HOLE CARDS ***
Dealt to 408c4af9 
Dealt to Hero [8c 7c]
Dealt to e08b70ad 
Dealt to 59cb77eb 
Dealt to 3b2ae25b 
Dealt to 4abcb232 
Dealt to 7f4e04bd 
Dealt to 97533102 
3b2ae25b: folds
4abcb232: folds
7f4e04bd: raises 800 to 1,600
97533102: calls 1,600
408c4af9: folds
Hero: folds
e08b70ad: calls 1,200
59cb77eb: calls 800
*** FLOP *** [Kh 4c As]
e08b70ad: checks
59cb77eb: checks
7f4e04bd: checks
97533102: checks
*** TURN *** [Kh 4c As] [Tc]
e08b70ad: checks
59cb77eb: checks
7f4e04bd: checks
97533102: checks
*** RIVER *** [Kh 4c As Tc] [7h]
e08b70ad: checks
59cb77eb: checks
7f4e04bd: checks
97533102: checks
e08b70ad: shows [Js 9s] (Ace-High)
59cb77eb: shows [3h Jh] (Ace-High)
7f4e04bd: shows [Ad 9h] (Pair of Aces)
97533102: shows [6d 6c] (Pair of Sixes)
*** SHOWDOWN ***
7f4e04bd collected 7,360 from pot
*** SUMMARY ***
Total pot 7,360 | Rake 0 | Jackpot 0 | Bingo 0 | Fortune 0 | Tax 0
Board [Kh 4c As Tc 7h]
Seat 1: 408c4af9 folded before Flop
Seat 2: Hero (button) folded before Flop
Seat 3: e08b70ad (small blind) showed [Js 9s] and lost with Ace-High
Seat 4: 59cb77eb (big blind) showed [3h Jh] and lost with Ace-High
Seat 5: 3b2ae25b folded before Flop
Seat 6: 4abcb232 folded before Flop
Seat 7: 7f4e04bd showed [Ad 9h] and won (7,360) with Pair of Aces
Seat 8: 97533102 showed [6d 6c] and lost with Pair of Sixes


Poker Hand #TM2990865608: Tournament #127845775, Bounty Hunters Special $15 [Mystery Edition] Hold'em No Limit - Level12(400/800) - 2024/02/21 19:12:55
Table '543' 8-max Seat #1 is the button
Seat 1: 408c4af9 (5,960 in chips)
Seat 2: Hero (11,000 in chips)
Seat 3: e08b70ad (30,240 in chips)
Seat 4: 59cb77eb (27,270 in chips)
Seat 5: 3b2ae25b (26,028 in chips)
Seat 6: 4abcb232 (9,880 in chips)
Seat 7: 7f4e04bd (78,572 in chips)
Seat 8: 97533102 (45,034 in chips)
3b2ae25b: posts the ante 120
97533102: posts the ante 120
Hero: posts the ante 120
59cb77eb: posts the ante 120
7f4e04bd: posts the ante 120
4abcb232: posts the ante 120
e08b70ad: posts the ante 120
408c4af9: posts the ante 120
Hero: posts small blind 400
e08b70ad: posts big blind 800
*** HOLE CARDS ***
Dealt to 408c4af9 
Dealt to Hero [7h 3d]
Dealt to e08b70ad 
Dealt to 59cb77eb 
Dealt to 3b2ae25b 
Dealt to 4abcb232 
Dealt to 7f4e04bd 
Dealt to 97533102 
59cb77eb: calls 800
3b2ae25b: folds
4abcb232: raises 800 to 1,600
7f4e04bd: folds
97533102: folds
408c4af9: folds
Hero: folds
e08b70ad: calls 800
59cb77eb: calls 800
*** FLOP *** [Jh 6c 5d]
e08b70ad: checks
59cb77eb: bets 3,080
4abcb232: calls 3,080
e08b70ad: calls 3,080
*** TURN *** [Jh 6c 5d] [2s]
e08b70ad: checks
59cb77eb: bets 7,700
4abcb232: calls 5,080 and is all-in
e08b70ad: calls 7,700
*** RIVER *** [Jh 6c 5d 2s] [4h]
e08b70ad: checks
59cb77eb: checks
e08b70ad: shows [Jd Kc] (Pair of Jacks)
59cb77eb: shows [Js 8s] (Pair of Jacks)
4abcb232: shows [Ad As] (Pair of Aces)
*** SHOWDOWN ***
4abcb232 collected 30,640 from pot
e08b70ad collected 5,240 from pot
*** SUMMARY ***
Total pot 35,880 | Rake 0 | Jackpot 0 | Bingo 0 | Fortune 0 | Tax 0
Board [Jh 6c 5d 2s 4h]
Seat 1: 408c4af9 (button) folded before Flop
Seat 2: Hero (small blind) folded before Flop
Seat 3: e08b70ad (big blind) showed [Jd Kc] and won (5,240) with Pair of Jacks
Seat 4: 59cb77eb showed [Js 8s] and lost with Pair of Jacks
Seat 5: 3b2ae25b folded before Flop
Seat 6: 4abcb232 showed [Ad As] and won (30,640) with Pair of Aces
Seat 7: 7f4e04bd folded before Flop
Seat 8: 97533102 folded before Flop


Poker Hand #TM2990865579: Tournament #127845775, Bounty Hunters Special $15 [Mystery Edition] Hold'em No Limit - Level12(400/800) - 2024/02/21 19:12:34
Table '543' 8-max Seat #8 is the button
Seat 1: 408c4af9 (6,480 in chips)
Seat 2: Hero (9,760 in chips)
Seat 3: e08b70ad (30,360 in chips)
Seat 4: 59cb77eb (27,390 in chips)
Seat 5: 3b2ae25b (26,148 in chips)
Seat 6: 4abcb232 (10,000 in chips)
Seat 7: 7f4e04bd (78,692 in chips)
Seat 8: 97533102 (45,154 in chips)
3b2ae25b: posts the ante 120
97533102: posts the ante 120
Hero: posts the ante 120
59cb77eb: posts the ante 120
7f4e04bd: posts the ante 120
4abcb232: posts the ante 120
e08b70ad: posts the ante 120
408c4af9: posts the ante 120
408c4af9: posts small blind 400
Hero: posts big blind 800
*** HOLE CARDS ***
Dealt to 408c4af9 
Dealt to Hero [7d Qs]
Dealt to e08b70ad 
Dealt to 59cb77eb 
Dealt to 3b2ae25b 
Dealt to 4abcb232 
Dealt to 7f4e04bd 
Dealt to 97533102 
e08b70ad: folds
59cb77eb: folds
3b2ae25b: folds
4abcb232: folds
7f4e04bd: folds
97533102: folds
408c4af9: folds
Uncalled bet (400) returned to Hero
97533102: shows [9c]
*** SHOWDOWN ***
Hero collected 1,760 from pot
*** SUMMARY ***
Total pot 1,760 | Rake 0 | Jackpot 0 | Bingo 0 | Fortune 0 | Tax 0
Seat 1: 408c4af9 (small blind) folded before Flop
Seat 2: Hero (big blind) collected (1,760)
Seat 3: e08b70ad folded before Flop
Seat 4: 59cb77eb folded before Flop
Seat 5: 3b2ae25b folded before Flop
Seat 6: 4abcb232 folded before Flop
Seat 7: 7f4e04bd folded before Flop
Seat 8: 97533102 (button) folded before Flop


Poker Hand #TM2990865470: Tournament #127845775, Bounty Hunters Special $15 [Mystery Edition] Hold'em No Limit - Level12(400/800) - 2024/02/21 19:11:25
Table '543' 8-max Seat #7 is the button
Seat 1: 408c4af9 (7,400 in chips)
Seat 2: Hero (9,880 in chips)
Seat 3: e08b70ad (33,810 in chips)
Seat 4: 59cb77eb (27,510 in chips)
Seat 5: 3b2ae25b (26,268 in chips)
Seat 7: 7f4e04bd (73,442 in chips)
Seat 8: 97533102 (45,674 in chips)
3b2ae25b: posts the ante 120
97533102: posts the ante 120
Hero: posts the ante 120
59cb77eb: posts the ante 120
7f4e04bd: posts the ante 120
e08b70ad: posts the ante 120
408c4af9: posts the ante 120
97533102: posts small blind 400
408c4af9: posts big blind 800
*** HOLE CARDS ***
Dealt to 408c4af9 
Dealt to Hero [Jc 2c]
Dealt to e08b70ad 
Dealt to 59cb77eb 
Dealt to 3b2ae25b 
Dealt to 7f4e04bd 
Dealt to 97533102 
Hero: folds
e08b70ad: raises 800 to 1,600
59cb77eb: folds
3b2ae25b: folds
7f4e04bd: calls 1,600
97533102: folds
408c4af9: folds
*** FLOP *** [7c 8h 6h]
e08b70ad: checks
7f4e04bd: checks
*** TURN *** [7c 8h 6h] [6c]
e08b70ad: bets 1,730
7f4e04bd: calls 1,730
*** RIVER *** [7c 8h 6h 6c] [Th]
e08b70ad: checks
7f4e04bd: checks
e08b70ad: shows [Js 7s] (Pair of Sevens and Pair of Sixes)
7f4e04bd: shows [Ad Tc] (Pair of Tens and Pair of Sixes)
*** SHOWDOWN ***
7f4e04bd collected 8,700 from pot
*** SUMMARY ***
Total pot 8,700 | Rake 0 | Jackpot 0 | Bingo 0 | Fortune 0 | Tax 0
Board [7c 8h 6h 6c Th]
Seat 1: 408c4af9 (big blind) folded before Flop
Seat 2: Hero folded before Flop
Seat 3: e08b70ad showed [Js 7s] and lost with Pair of Sevens and Pair of Sixes
Seat 4: 59cb77eb folded before Flop
Seat 5: 3b2ae25b folded before Flop
Seat 7: 7f4e04bd (button) showed [Ad Tc] and won (8,700) with Pair of Tens and Pair of Sixes
Seat 8: 97533102 (small blind) folded before Flop


Poker Hand #TM2990865377: Tournament #127845775, Bounty Hunters Special $15 [Mystery Edition] Hold'em No Limit - Level12(400/800) - 2024/02/21 19:10:18
Table '543' 8-max Seat #5 is the button
Seat 1: 408c4af9 (7,520 in chips)
Seat 2: Hero (10,000 in chips)
Seat 3: e08b70ad (33,930 in chips)
Seat 4: 59cb77eb (34,420 in chips)
Seat 5: 3b2ae25b (26,388 in chips)
Seat 6: 2ea82bb8 (6,910 in chips)
Seat 7: 7f4e04bd (59,022 in chips)
Seat 8: 97533102 (45,794 in chips)
3b2ae25b: posts the ante 120
97533102: posts the ante 120
Hero: posts the ante 120
59cb77eb: posts the ante 120
7f4e04bd: posts the ante 120
e08b70ad: posts the ante 120
408c4af9: posts the ante 120
2ea82bb8: posts the ante 120
2ea82bb8: posts small blind 400
7f4e04bd: posts big blind 800
*** HOLE CARDS ***
Dealt to 408c4af9 
Dealt to Hero [9h 6c]
Dealt to e08b70ad 
Dealt to 59cb77eb 
Dealt to 3b2ae25b 
Dealt to 2ea82bb8 
Dealt to 7f4e04bd 
Dealt to 97533102 
97533102: folds
408c4af9: folds
Hero: folds
e08b70ad: folds
59cb77eb: raises 800 to 1,600
3b2ae25b: folds
2ea82bb8: raises 5,190 to 6,790 and is all-in
7f4e04bd: calls 5,990
59cb77eb: calls 5,190
*** FLOP *** [9d 2d 9c]
7f4e04bd: bets 7,039
59cb77eb: folds
Uncalled bet (7,039) returned to 7f4e04bd
7f4e04bd: shows [7c 7d] (Pair of Nines and Pair of Sevens)
2ea82bb8: shows [As 3s] (Pair of Nines)
*** TURN *** [9d 2d 9c] [Kd]
*** RIVER *** [9d 2d 9c Kd] [Ts]
*** SHOWDOWN ***
7f4e04bd collected 21,330 from pot
*** SUMMARY ***
Total pot 21,330 | Rake 0 | Jackpot 0 | Bingo 0 | Fortune 0 | Tax 0
Board [9d 2d 9c Kd Ts]
Seat 1: 408c4af9 folded before Flop
Seat 2: Hero folded before Flop
Seat 3: e08b70ad folded before Flop
Seat 4: 59cb77eb folded on the Flop
Seat 5: 3b2ae25b (button) folded before Flop
Seat 6: 2ea82bb8 (small blind) showed [As 3s] and lost with Pair of Nines
Seat 7: 7f4e04bd (big blind) showed [7c 7d] and won (21,330) with Pair of Nines and Pair of Sevens
Seat 8: 97533102 folded before Flop


