Poker Hand #TM2996656024: Tournament #128208230, Bounty Hunters Big Game $21.60 Hold'em No Limit - Level10(2,500/5,000) - 2024/02/23 16:41:21
Table '30' 8-max Seat #3 is the button
Seat 1: 4d4bccc7 (277,470 in chips)
Seat 2: Hero (52,785 in chips)
Seat 3: 35626720 (100,996 in chips)
Seat 4: e76eaa32 (107,557 in chips)
Seat 5: 67d2f333 (449,644 in chips)
Seat 6: 2357cd10 (138,701 in chips)
Seat 7: 1e5304a8 (181,471 in chips)
Seat 8: ea36112f (279,709 in chips)
67d2f333: posts the ante 750
Hero: posts the ante 750
ea36112f: posts the ante 750
1e5304a8: posts the ante 750
e76eaa32: posts the ante 750
4d4bccc7: posts the ante 750
2357cd10: posts the ante 750
35626720: posts the ante 750
e76eaa32: posts small blind 2,500
67d2f333: posts big blind 5,000
*** HOLE CARDS ***
Dealt to 4d4bccc7 
Dealt to Hero [Qh Th]
Dealt to 35626720 
Dealt to e76eaa32 
Dealt to 67d2f333 
Dealt to 2357cd10 
Dealt to 1e5304a8 
Dealt to ea36112f 
2357cd10: folds
1e5304a8: raises 5,000 to 10,000
ea36112f: folds
4d4bccc7: folds
Hero: calls 10,000
35626720: raises 90,246 to 100,246 and is all-in
e76eaa32: folds
67d2f333: folds
1e5304a8: folds
Hero: calls 42,035 and is all-in
Uncalled bet (48,211) returned to 35626720
35626720: shows [Qs Ah]
Hero: shows [Qh Th]
*** FLOP *** [Jd 8d 8s]
*** TURN *** [Jd 8d 8s] [3c]
*** RIVER *** [Jd 8d 8s 3c] [2s]
*** SHOWDOWN ***
35626720 collected 127,570 from pot
*** SUMMARY ***
Total pot 127,570 | Rake 0 | Jackpot 0 | Bingo 0 | Fortune 0 | Tax 0
Board [Jd 8d 8s 3c 2s]
Seat 1: 4d4bccc7 folded before Flop
Seat 2: Hero showed [Qh Th] and lost with Pair of Eights
Seat 3: 35626720 (button) showed [Qs Ah] and won (127,570) with Pair of Eights
Seat 4: e76eaa32 (small blind) folded before Flop
Seat 5: 67d2f333 (big blind) folded before Flop
Seat 6: 2357cd10 folded before Flop
Seat 7: 1e5304a8 folded before Flop
Seat 8: ea36112f folded before Flop


Poker Hand #TM2996655973: Tournament #128208230, Bounty Hunters Big Game $21.60 Hold'em No Limit - Level10(2,500/5,000) - 2024/02/23 16:40:48
Table '30' 8-max Seat #2 is the button
Seat 1: 4d4bccc7 (278,220 in chips)
Seat 2: Hero (40,035 in chips)
Seat 3: 35626720 (104,246 in chips)
Seat 4: e76eaa32 (113,307 in chips)
Seat 5: 67d2f333 (450,394 in chips)
Seat 6: 2357cd10 (139,451 in chips)
Seat 7: 1e5304a8 (182,221 in chips)
Seat 8: ea36112f (280,459 in chips)
67d2f333: posts the ante 750
Hero: posts the ante 750
ea36112f: posts the ante 750
1e5304a8: posts the ante 750
e76eaa32: posts the ante 750
4d4bccc7: posts the ante 750
2357cd10: posts the ante 750
35626720: posts the ante 750
35626720: posts small blind 2,500
e76eaa32: posts big blind 5,000
*** HOLE CARDS ***
Dealt to 4d4bccc7 
Dealt to Hero [Ks Ah]
Dealt to 35626720 
Dealt to e76eaa32 
Dealt to 67d2f333 
Dealt to 2357cd10 
Dealt to 1e5304a8 
Dealt to ea36112f 
67d2f333: folds
2357cd10: folds
1e5304a8: folds
ea36112f: folds
4d4bccc7: folds
Hero: raises 34,285 to 39,285 and is all-in
35626720: folds
e76eaa32: folds
Uncalled bet (34,285) returned to Hero
*** SHOWDOWN ***
Hero collected 18,500 from pot
*** SUMMARY ***
Total pot 18,500 | Rake 0 | Jackpot 0 | Bingo 0 | Fortune 0 | Tax 0
Seat 1: 4d4bccc7 folded before Flop
Seat 2: Hero (button) collected (18,500)
Seat 3: 35626720 (small blind) folded before Flop
Seat 4: e76eaa32 (big blind) folded before Flop
Seat 5: 67d2f333 folded before Flop
Seat 6: 2357cd10 folded before Flop
Seat 7: 1e5304a8 folded before Flop
Seat 8: ea36112f folded before Flop


Poker Hand #TM2996655838: Tournament #128208230, Bounty Hunters Big Game $21.60 Hold'em No Limit - Level10(2,500/5,000) - 2024/02/23 16:39:21
Table '30' 8-max Seat #1 is the button
Seat 1: 4d4bccc7 (278,970 in chips)
Seat 2: Hero (60,035 in chips)
Seat 3: 35626720 (109,996 in chips)
Seat 4: e76eaa32 (114,057 in chips)
Seat 5: 67d2f333 (420,894 in chips)
Seat 6: 2357cd10 (140,201 in chips)
Seat 7: 1e5304a8 (182,971 in chips)
Seat 8: ea36112f (281,209 in chips)
67d2f333: posts the ante 750
ea36112f: posts the ante 750
1e5304a8: posts the ante 750
Hero: posts the ante 750
e76eaa32: posts the ante 750
4d4bccc7: posts the ante 750
2357cd10: posts the ante 750
35626720: posts the ante 750
Hero: posts small blind 2,500
35626720: posts big blind 5,000
*** HOLE CARDS ***
Dealt to 4d4bccc7 
Dealt to Hero [Ts Js]
Dealt to 35626720 
Dealt to e76eaa32 
Dealt to 67d2f333 
Dealt to 2357cd10 
Dealt to 1e5304a8 
Dealt to ea36112f 
e76eaa32: folds
67d2f333: raises 6,000 to 11,000
2357cd10: folds
1e5304a8: folds
ea36112f: folds
4d4bccc7: folds
Hero: calls 8,500
35626720: folds
*** FLOP *** [Kc 4s 7h]
Hero: checks
67d2f333: checks
*** TURN *** [Kc 4s 7h] [5s]
Hero: bets 8,250
67d2f333: calls 8,250
*** RIVER *** [Kc 4s 7h 5s] [9c]
Hero: checks
67d2f333: bets 400,894 and is all-in
Hero: folds
Uncalled bet (400,894) returned to 67d2f333
*** SHOWDOWN ***
67d2f333 collected 49,500 from pot
*** SUMMARY ***
Total pot 49,500 | Rake 0 | Jackpot 0 | Bingo 0 | Fortune 0 | Tax 0
Board [Kc 4s 7h 5s 9c]
Seat 1: 4d4bccc7 (button) folded before Flop
Seat 2: Hero (small blind) folded on the River
Seat 3: 35626720 (big blind) folded before Flop
Seat 4: e76eaa32 folded before Flop
Seat 5: 67d2f333 won (49,500)
Seat 6: 2357cd10 folded before Flop
Seat 7: 1e5304a8 folded before Flop
Seat 8: ea36112f folded before Flop


Poker Hand #TM2996655765: Tournament #128208230, Bounty Hunters Big Game $21.60 Hold'em No Limit - Level10(2,500/5,000) - 2024/02/23 16:38:34
Table '30' 8-max Seat #8 is the button
Seat 1: 4d4bccc7 (282,220 in chips)
Seat 2: Hero (70,785 in chips)
Seat 3: 35626720 (110,746 in chips)
Seat 4: e76eaa32 (114,807 in chips)
Seat 5: 67d2f333 (421,644 in chips)
Seat 6: 2357cd10 (140,951 in chips)
Seat 7: 1e5304a8 (183,721 in chips)
Seat 8: ea36112f (263,459 in chips)
67d2f333: posts the ante 750
ea36112f: posts the ante 750
1e5304a8: posts the ante 750
Hero: posts the ante 750
e76eaa32: posts the ante 750
4d4bccc7: posts the ante 750
2357cd10: posts the ante 750
35626720: posts the ante 750
4d4bccc7: posts small blind 2,500
Hero: posts big blind 5,000
*** HOLE CARDS ***
Dealt to 4d4bccc7 
Dealt to Hero [3c 9c]
Dealt to 35626720 
Dealt to e76eaa32 
Dealt to 67d2f333 
Dealt to 2357cd10 
Dealt to 1e5304a8 
Dealt to ea36112f 
35626720: folds
e76eaa32: folds
67d2f333: folds
2357cd10: folds
1e5304a8: folds
ea36112f: raises 5,000 to 10,000
4d4bccc7: folds
Hero: calls 5,000
*** FLOP *** [Qh 5s 2s]
Hero: checks
ea36112f: bets 6,000
Hero: folds
Uncalled bet (6,000) returned to ea36112f
*** SHOWDOWN ***
ea36112f collected 28,500 from pot
*** SUMMARY ***
Total pot 28,500 | Rake 0 | Jackpot 0 | Bingo 0 | Fortune 0 | Tax 0
Board [Qh 5s 2s]
Seat 1: 4d4bccc7 (small blind) folded before Flop
Seat 2: Hero (big blind) folded on the Flop
Seat 3: 35626720 folded before Flop
Seat 4: e76eaa32 folded before Flop
Seat 5: 67d2f333 folded before Flop
Seat 6: 2357cd10 folded before Flop
Seat 7: 1e5304a8 folded before Flop
Seat 8: ea36112f (button) won (28,500)


Poker Hand #TM2996655657: Tournament #128208230, Bounty Hunters Big Game $21.60 Hold'em No Limit - Level10(2,500/5,000) - 2024/02/23 16:37:22
Table '30' 8-max Seat #7 is the button
Seat 1: 4d4bccc7 (287,970 in chips)
Seat 2: Hero (71,535 in chips)
Seat 3: 35626720 (111,496 in chips)
Seat 4: e76eaa32 (115,557 in chips)
Seat 5: 67d2f333 (385,824 in chips)
Seat 6: 2357cd10 (141,701 in chips)
Seat 7: 1e5304a8 (207,541 in chips)
Seat 8: ea36112f (266,709 in chips)
67d2f333: posts the ante 750
1e5304a8: posts the ante 750
Hero: posts the ante 750
ea36112f: posts the ante 750
e76eaa32: posts the ante 750
4d4bccc7: posts the ante 750
2357cd10: posts the ante 750
35626720: posts the ante 750
ea36112f: posts small blind 2,500
4d4bccc7: posts big blind 5,000
*** HOLE CARDS ***
Dealt to 4d4bccc7 
Dealt to Hero [2c Js]
Dealt to 35626720 
Dealt to e76eaa32 
Dealt to 67d2f333 
Dealt to 2357cd10 
Dealt to 1e5304a8 
Dealt to ea36112f 
Hero: folds
35626720: folds
e76eaa32: folds
67d2f333: raises 6,000 to 11,000
2357cd10: folds
1e5304a8: calls 11,000
ea36112f: folds
4d4bccc7: folds
*** FLOP *** [Qh 6s 3s]
67d2f333: checks
1e5304a8: bets 12,070
67d2f333: raises 35,430 to 47,500
1e5304a8: folds
Uncalled bet (35,430) returned to 67d2f333
*** SHOWDOWN ***
67d2f333 collected 59,640 from pot
*** SUMMARY ***
Total pot 59,640 | Rake 0 | Jackpot 0 | Bingo 0 | Fortune 0 | Tax 0
Board [Qh 6s 3s]
Seat 1: 4d4bccc7 (big blind) folded before Flop
Seat 2: Hero folded before Flop
Seat 3: 35626720 folded before Flop
Seat 4: e76eaa32 folded before Flop
Seat 5: 67d2f333 won (59,640)
Seat 6: 2357cd10 folded before Flop
Seat 7: 1e5304a8 (button) folded on the Flop
Seat 8: ea36112f (small blind) folded before Flop


Poker Hand #TM2996655472: Tournament #128208230, Bounty Hunters Big Game $21.60 Hold'em No Limit - Level10(2,500/5,000) - 2024/02/23 16:35:32
Table '30' 8-max Seat #6 is the button
Seat 1: 4d4bccc7 (288,720 in chips)
Seat 2: Hero (72,285 in chips)
Seat 3: 35626720 (112,246 in chips)
Seat 4: e76eaa32 (116,307 in chips)
Seat 5: 67d2f333 (332,784 in chips)
Seat 6: 2357cd10 (142,451 in chips)
Seat 7: 1e5304a8 (210,791 in chips)
Seat 8: ea36112f (312,749 in chips)
67d2f333: posts the ante 750
Hero: posts the ante 750
ea36112f: posts the ante 750
1e5304a8: posts the ante 750
e76eaa32: posts the ante 750
4d4bccc7: posts the ante 750
2357cd10: posts the ante 750
35626720: posts the ante 750
1e5304a8: posts small blind 2,500
ea36112f: posts big blind 5,000
*** HOLE CARDS ***
Dealt to 4d4bccc7 
Dealt to Hero [6s 7d]
Dealt to 35626720 
Dealt to e76eaa32 
Dealt to 67d2f333 
Dealt to 2357cd10 
Dealt to 1e5304a8 
Dealt to ea36112f 
4d4bccc7: folds
Hero: folds
35626720: folds
e76eaa32: folds
67d2f333: raises 6,000 to 11,000
2357cd10: folds
1e5304a8: folds
ea36112f: calls 6,000
*** FLOP *** [3c Kc Js]
ea36112f: checks
67d2f333: bets 14,150
ea36112f: calls 14,150
*** TURN *** [3c Kc Js] [Ad]
ea36112f: checks
67d2f333: bets 20,140
ea36112f: calls 20,140
*** RIVER *** [3c Kc Js Ad] [7s]
ea36112f: checks
67d2f333: bets 82,500
ea36112f: folds
Uncalled bet (82,500) returned to 67d2f333
*** SHOWDOWN ***
67d2f333 collected 99,080 from pot
*** SUMMARY ***
Total pot 99,080 | Rake 0 | Jackpot 0 | Bingo 0 | Fortune 0 | Tax 0
Board [3c Kc Js Ad 7s]
Seat 1: 4d4bccc7 folded before Flop
Seat 2: Hero folded before Flop
Seat 3: 35626720 folded before Flop
Seat 4: e76eaa32 folded before Flop
Seat 5: 67d2f333 won (99,080)
Seat 6: 2357cd10 (button) folded before Flop
Seat 7: 1e5304a8 (small blind) folded before Flop
Seat 8: ea36112f (big blind) folded on the River


Poker Hand #TM2996655399: Tournament #128208230, Bounty Hunters Big Game $21.60 Hold'em No Limit - Level10(2,500/5,000) - 2024/02/23 16:34:48
Table '30' 8-max Seat #5 is the button
Seat 1: 4d4bccc7 (275,970 in chips)
Seat 2: Hero (73,035 in chips)
Seat 3: 35626720 (112,996 in chips)
Seat 4: e76eaa32 (117,057 in chips)
Seat 5: 67d2f333 (333,534 in chips)
Seat 6: 2357cd10 (145,701 in chips)
Seat 7: 1e5304a8 (216,541 in chips)
Seat 8: ea36112f (313,499 in chips)
67d2f333: posts the ante 750
Hero: posts the ante 750
ea36112f: posts the ante 750
1e5304a8: posts the ante 750
e76eaa32: posts the ante 750
4d4bccc7: posts the ante 750
2357cd10: posts the ante 750
35626720: posts the ante 750
2357cd10: posts small blind 2,500
1e5304a8: posts big blind 5,000
*** HOLE CARDS ***
Dealt to 4d4bccc7 
Dealt to Hero [8s Js]
Dealt to 35626720 
Dealt to e76eaa32 
Dealt to 67d2f333 
Dealt to 2357cd10 
Dealt to 1e5304a8 
Dealt to ea36112f 
ea36112f: folds
4d4bccc7: raises 5,500 to 10,500
Hero: folds
35626720: folds
e76eaa32: folds
67d2f333: folds
2357cd10: folds
1e5304a8: folds
Uncalled bet (5,500) returned to 4d4bccc7
*** SHOWDOWN ***
4d4bccc7 collected 18,500 from pot
*** SUMMARY ***
Total pot 18,500 | Rake 0 | Jackpot 0 | Bingo 0 | Fortune 0 | Tax 0
Seat 1: 4d4bccc7 collected (18,500)
Seat 2: Hero folded before Flop
Seat 3: 35626720 folded before Flop
Seat 4: e76eaa32 folded before Flop
Seat 5: 67d2f333 (button) folded before Flop
Seat 6: 2357cd10 (small blind) folded before Flop
Seat 7: 1e5304a8 (big blind) folded before Flop
Seat 8: ea36112f folded before Flop


Poker Hand #TM2996655349: Tournament #128208230, Bounty Hunters Big Game $21.60 Hold'em No Limit - Level10(2,500/5,000) - 2024/02/23 16:34:21
Table '30' 8-max Seat #4 is the button
Seat 1: 4d4bccc7 (276,720 in chips)
Seat 2: Hero (73,785 in chips)
Seat 3: 35626720 (113,746 in chips)
Seat 4: e76eaa32 (117,807 in chips)
Seat 5: 67d2f333 (351,784 in chips)
Seat 6: 2357cd10 (122,951 in chips)
Seat 7: 1e5304a8 (217,291 in chips)
Seat 8: ea36112f (314,249 in chips)
67d2f333: posts the ante 750
Hero: posts the ante 750
ea36112f: posts the ante 750
1e5304a8: posts the ante 750
e76eaa32: posts the ante 750
4d4bccc7: posts the ante 750
2357cd10: posts the ante 750
35626720: posts the ante 750
67d2f333: posts small blind 2,500
2357cd10: posts big blind 5,000
*** HOLE CARDS ***
Dealt to 4d4bccc7 
Dealt to Hero [7h 5c]
Dealt to 35626720 
Dealt to e76eaa32 
Dealt to 67d2f333 
Dealt to 2357cd10 
Dealt to 1e5304a8 
Dealt to ea36112f 
1e5304a8: folds
ea36112f: folds
4d4bccc7: folds
Hero: folds
35626720: folds
e76eaa32: folds
67d2f333: raises 12,500 to 17,500
2357cd10: raises 104,701 to 122,201 and is all-in
67d2f333: folds
Uncalled bet (104,701) returned to 2357cd10
*** SHOWDOWN ***
2357cd10 collected 41,000 from pot
*** SUMMARY ***
Total pot 41,000 | Rake 0 | Jackpot 0 | Bingo 0 | Fortune 0 | Tax 0
Seat 1: 4d4bccc7 folded before Flop
Seat 2: Hero folded before Flop
Seat 3: 35626720 folded before Flop
Seat 4: e76eaa32 (button) folded before Flop
Seat 5: 67d2f333 (small blind) folded before Flop
Seat 6: 2357cd10 (big blind) collected (41,000)
Seat 7: 1e5304a8 folded before Flop
Seat 8: ea36112f folded before Flop


Poker Hand #TM2996655180: Tournament #128208230, Bounty Hunters Big Game $21.60 Hold'em No Limit - Level10(2,500/5,000) - 2024/02/23 16:32:44
Table '30' 8-max Seat #3 is the button
Seat 1: 4d4bccc7 (277,470 in chips)
Seat 2: Hero (74,535 in chips)
Seat 3: 35626720 (114,496 in chips)
Seat 4: e76eaa32 (150,632 in chips)
Seat 5: 67d2f333 (315,209 in chips)
Seat 6: 2357cd10 (123,701 in chips)
Seat 7: 1e5304a8 (218,041 in chips)
67d2f333: posts the ante 750
Hero: posts the ante 750
1e5304a8: posts the ante 750
e76eaa32: posts the ante 750
4d4bccc7: posts the ante 750
2357cd10: posts the ante 750
35626720: posts the ante 750
e76eaa32: posts small blind 2,500
67d2f333: posts big blind 5,000
*** HOLE CARDS ***
Dealt to 4d4bccc7 
Dealt to Hero [Td 3c]
Dealt to 35626720 
Dealt to e76eaa32 
Dealt to 67d2f333 
Dealt to 2357cd10 
Dealt to 1e5304a8 
2357cd10: folds
1e5304a8: folds
4d4bccc7: folds
Hero: folds
35626720: folds
e76eaa32: raises 12,500 to 17,500
67d2f333: calls 12,500
*** FLOP *** [2c 7c 6c]
e76eaa32: checks
67d2f333: bets 14,575
e76eaa32: calls 14,575
*** TURN *** [2c 7c 6c] [Th]
e76eaa32: checks
67d2f333: bets 20,820
e76eaa32: folds
Uncalled bet (20,820) returned to 67d2f333
*** SHOWDOWN ***
67d2f333 collected 69,400 from pot
*** SUMMARY ***
Total pot 69,400 | Rake 0 | Jackpot 0 | Bingo 0 | Fortune 0 | Tax 0
Board [2c 7c 6c Th]
Seat 1: 4d4bccc7 folded before Flop
Seat 2: Hero folded before Flop
Seat 3: 35626720 (button) folded before Flop
Seat 4: e76eaa32 (small blind) folded on the Turn
Seat 5: 67d2f333 (big blind) won (69,400)
Seat 6: 2357cd10 folded before Flop
Seat 7: 1e5304a8 folded before Flop


Poker Hand #TM2996655064: Tournament #128208230, Bounty Hunters Big Game $21.60 Hold'em No Limit - Level9(2,000/4,000) - 2024/02/23 16:31:40
Table '30' 8-max Seat #2 is the button
Seat 1: 4d4bccc7 (278,070 in chips)
Seat 2: Hero (75,135 in chips)
Seat 3: 35626720 (117,096 in chips)
Seat 4: e76eaa32 (91,800 in chips)
Seat 5: 67d2f333 (315,809 in chips)
Seat 6: 2357cd10 (124,301 in chips)
Seat 7: 1e5304a8 (218,641 in chips)
Seat 8: 669cf6b (53,232 in chips)
67d2f333: posts the ante 600
Hero: posts the ante 600
1e5304a8: posts the ante 600
e76eaa32: posts the ante 600
4d4bccc7: posts the ante 600
2357cd10: posts the ante 600
669cf6b: posts the ante 600
35626720: posts the ante 600
35626720: posts small blind 2,000
e76eaa32: posts big blind 4,000
*** HOLE CARDS ***
Dealt to 4d4bccc7 
Dealt to Hero [6c 9s]
Dealt to 35626720 
Dealt to e76eaa32 
Dealt to 67d2f333 
Dealt to 2357cd10 
Dealt to 1e5304a8 
Dealt to 669cf6b 
67d2f333: folds
2357cd10: folds
1e5304a8: folds
669cf6b: raises 4,000 to 8,000
4d4bccc7: folds
Hero: folds
35626720: folds
e76eaa32: raises 83,200 to 91,200 and is all-in
669cf6b: calls 44,632 and is all-in
Uncalled bet (38,568) returned to e76eaa32
e76eaa32: shows [Ah Qh]
669cf6b: shows [Ad Jc]
*** FLOP *** [Kc 9c Tc]
*** TURN *** [Kc 9c Tc] [6s]
*** RIVER *** [Kc 9c Tc 6s] [Ks]
*** SHOWDOWN ***
e76eaa32 collected 112,064 from pot
*** SUMMARY ***
Total pot 112,064 | Rake 0 | Jackpot 0 | Bingo 0 | Fortune 0 | Tax 0
Board [Kc 9c Tc 6s Ks]
Seat 1: 4d4bccc7 folded before Flop
Seat 2: Hero (button) folded before Flop
Seat 3: 35626720 (small blind) folded before Flop
Seat 4: e76eaa32 (big blind) showed [Ah Qh] and won (112,064) with Pair of Kings
Seat 5: 67d2f333 folded before Flop
Seat 6: 2357cd10 folded before Flop
Seat 7: 1e5304a8 folded before Flop
Seat 8: 669cf6b showed [Ad Jc] and lost with Pair of Kings


Poker Hand #TM2996654966: Tournament #128208230, Bounty Hunters Big Game $21.60 Hold'em No Limit - Level9(2,000/4,000) - 2024/02/23 16:30:48
Table '30' 8-max Seat #1 is the button
Seat 1: 4d4bccc7 (278,670 in chips)
Seat 2: Hero (77,735 in chips)
Seat 3: 35626720 (126,496 in chips)
Seat 4: e76eaa32 (92,400 in chips)
Seat 5: 67d2f333 (300,809 in chips)
Seat 6: 2357cd10 (124,901 in chips)
Seat 7: 1e5304a8 (219,241 in chips)
Seat 8: 669cf6b (53,832 in chips)
67d2f333: posts the ante 600
1e5304a8: posts the ante 600
Hero: posts the ante 600
e76eaa32: posts the ante 600
4d4bccc7: posts the ante 600
2357cd10: posts the ante 600
669cf6b: posts the ante 600
35626720: posts the ante 600
Hero: posts small blind 2,000
35626720: posts big blind 4,000
*** HOLE CARDS ***
Dealt to 4d4bccc7 
Dealt to Hero [Ah 9c]
Dealt to 35626720 
Dealt to e76eaa32 
Dealt to 67d2f333 
Dealt to 2357cd10 
Dealt to 1e5304a8 
Dealt to 669cf6b 
e76eaa32: folds
67d2f333: raises 4,800 to 8,800
2357cd10: folds
1e5304a8: folds
669cf6b: folds
4d4bccc7: folds
Hero: folds
35626720: calls 4,800
*** FLOP *** [Kh Jd Qc]
35626720: checks
67d2f333: bets 4,000
35626720: folds
Uncalled bet (4,000) returned to 67d2f333
*** SHOWDOWN ***
67d2f333 collected 24,400 from pot
*** SUMMARY ***
Total pot 24,400 | Rake 0 | Jackpot 0 | Bingo 0 | Fortune 0 | Tax 0
Board [Kh Jd Qc]
Seat 1: 4d4bccc7 (button) folded before Flop
Seat 2: Hero (small blind) folded before Flop
Seat 3: 35626720 (big blind) folded on the Flop
Seat 4: e76eaa32 folded before Flop
Seat 5: 67d2f333 won (24,400)
Seat 6: 2357cd10 folded before Flop
Seat 7: 1e5304a8 folded before Flop
Seat 8: 669cf6b folded before Flop


Poker Hand #TM2996654841: Tournament #128208230, Bounty Hunters Big Game $21.60 Hold'em No Limit - Level9(2,000/4,000) - 2024/02/23 16:29:42
Table '30' 8-max Seat #8 is the button
Seat 1: 4d4bccc7 (291,270 in chips)
Seat 2: Hero (61,535 in chips)
Seat 3: 35626720 (127,096 in chips)
Seat 4: e76eaa32 (93,000 in chips)
Seat 5: 67d2f333 (301,409 in chips)
Seat 6: 2357cd10 (125,501 in chips)
Seat 7: 1e5304a8 (219,841 in chips)
Seat 8: 669cf6b (54,432 in chips)
67d2f333: posts the ante 600
1e5304a8: posts the ante 600
Hero: posts the ante 600
e76eaa32: posts the ante 600
4d4bccc7: posts the ante 600
2357cd10: posts the ante 600
669cf6b: posts the ante 600
35626720: posts the ante 600
4d4bccc7: posts small blind 2,000
Hero: posts big blind 4,000
*** HOLE CARDS ***
Dealt to 4d4bccc7 
Dealt to Hero [5h Ah]
Dealt to 35626720 
Dealt to e76eaa32 
Dealt to 67d2f333 
Dealt to 2357cd10 
Dealt to 1e5304a8 
Dealt to 669cf6b 
35626720: folds
e76eaa32: folds
67d2f333: folds
2357cd10: folds
1e5304a8: folds
669cf6b: folds
4d4bccc7: raises 8,000 to 12,000
Hero: raises 48,935 to 60,935 and is all-in
4d4bccc7: folds
Uncalled bet (48,935) returned to Hero
*** SHOWDOWN ***
Hero collected 28,800 from pot
*** SUMMARY ***
Total pot 28,800 | Rake 0 | Jackpot 0 | Bingo 0 | Fortune 0 | Tax 0
Seat 1: 4d4bccc7 (small blind) folded before Flop
Seat 2: Hero (big blind) collected (28,800)
Seat 3: 35626720 folded before Flop
Seat 4: e76eaa32 folded before Flop
Seat 5: 67d2f333 folded before Flop
Seat 6: 2357cd10 folded before Flop
Seat 7: 1e5304a8 folded before Flop
Seat 8: 669cf6b (button) folded before Flop


Poker Hand #TM2996654694: Tournament #128208230, Bounty Hunters Big Game $21.60 Hold'em No Limit - Level9(2,000/4,000) - 2024/02/23 16:28:23
Table '30' 8-max Seat #7 is the button
Seat 1: 4d4bccc7 (240,894 in chips)
Seat 2: Hero (62,135 in chips)
Seat 3: 35626720 (127,696 in chips)
Seat 4: e76eaa32 (93,600 in chips)
Seat 5: 67d2f333 (330,185 in chips)
Seat 6: 2357cd10 (134,101 in chips)
Seat 7: 1e5304a8 (228,441 in chips)
Seat 8: 669cf6b (57,032 in chips)
67d2f333: posts the ante 600
1e5304a8: posts the ante 600
Hero: posts the ante 600
e76eaa32: posts the ante 600
4d4bccc7: posts the ante 600
2357cd10: posts the ante 600
669cf6b: posts the ante 600
35626720: posts the ante 600
669cf6b: posts small blind 2,000
4d4bccc7: posts big blind 4,000
*** HOLE CARDS ***
Dealt to 4d4bccc7 
Dealt to Hero [Kd 6h]
Dealt to 35626720 
Dealt to e76eaa32 
Dealt to 67d2f333 
Dealt to 2357cd10 
Dealt to 1e5304a8 
Dealt to 669cf6b 
Hero: folds
35626720: folds
e76eaa32: folds
67d2f333: raises 4,000 to 8,000
2357cd10: calls 8,000
1e5304a8: calls 8,000
669cf6b: folds
4d4bccc7: calls 4,000
*** FLOP *** [5d Jh Qh]
4d4bccc7: checks
67d2f333: checks
2357cd10: checks
1e5304a8: checks
*** TURN *** [5d Jh Qh] [3s]
4d4bccc7: bets 20,176
67d2f333: calls 20,176
2357cd10: folds
1e5304a8: folds
*** RIVER *** [5d Jh Qh 3s] [Jc]
4d4bccc7: checks
67d2f333: checks
4d4bccc7: shows [Tc Qd] (Pair of Queens and Pair of Jacks)
67d2f333: shows [4h Ah] (Pair of Jacks)
*** SHOWDOWN ***
4d4bccc7 collected 79,152 from pot
*** SUMMARY ***
Total pot 79,152 | Rake 0 | Jackpot 0 | Bingo 0 | Fortune 0 | Tax 0
Board [5d Jh Qh 3s Jc]
Seat 1: 4d4bccc7 (big blind) showed [Tc Qd] and won (79,152) with Pair of Queens and Pair of Jacks
Seat 2: Hero folded before Flop
Seat 3: 35626720 folded before Flop
Seat 4: e76eaa32 folded before Flop
Seat 5: 67d2f333 showed [4h Ah] and lost with Pair of Jacks
Seat 6: 2357cd10 folded on the Turn
Seat 7: 1e5304a8 (button) folded on the Turn
Seat 8: 669cf6b (small blind) folded before Flop


Poker Hand #TM2996654643: Tournament #128208230, Bounty Hunters Big Game $21.60 Hold'em No Limit - Level9(2,000/4,000) - 2024/02/23 16:27:53
Table '30' 8-max Seat #6 is the button
Seat 1: 4d4bccc7 (241,494 in chips)
Seat 2: Hero (62,735 in chips)
Seat 3: 35626720 (128,296 in chips)
Seat 4: e76eaa32 (94,200 in chips)
Seat 5: 67d2f333 (330,785 in chips)
Seat 6: 2357cd10 (123,901 in chips)
Seat 7: 1e5304a8 (231,041 in chips)
Seat 8: 669cf6b (61,632 in chips)
67d2f333: posts the ante 600
Hero: posts the ante 600
1e5304a8: posts the ante 600
e76eaa32: posts the ante 600
4d4bccc7: posts the ante 600
2357cd10: posts the ante 600
669cf6b: posts the ante 600
35626720: posts the ante 600
1e5304a8: posts small blind 2,000
669cf6b: posts big blind 4,000
*** HOLE CARDS ***
Dealt to 4d4bccc7 
Dealt to Hero [5d 2h]
Dealt to 35626720 
Dealt to e76eaa32 
Dealt to 67d2f333 
Dealt to 2357cd10 
Dealt to 1e5304a8 
Dealt to 669cf6b 
4d4bccc7: folds
Hero: folds
35626720: folds
e76eaa32: folds
67d2f333: folds
2357cd10: raises 119,301 to 123,301 and is all-in
1e5304a8: folds
669cf6b: folds
Uncalled bet (119,301) returned to 2357cd10
*** SHOWDOWN ***
2357cd10 collected 14,800 from pot
*** SUMMARY ***
Total pot 14,800 | Rake 0 | Jackpot 0 | Bingo 0 | Fortune 0 | Tax 0
Seat 1: 4d4bccc7 folded before Flop
Seat 2: Hero folded before Flop
Seat 3: 35626720 folded before Flop
Seat 4: e76eaa32 folded before Flop
Seat 5: 67d2f333 folded before Flop
Seat 6: 2357cd10 (button) collected (14,800)
Seat 7: 1e5304a8 (small blind) folded before Flop
Seat 8: 669cf6b (big blind) folded before Flop


Poker Hand #TM2996654569: Tournament #128208230, Bounty Hunters Big Game $21.60 Hold'em No Limit - Level9(2,000/4,000) - 2024/02/23 16:27:13
Table '30' 8-max Seat #5 is the button
Seat 1: 4d4bccc7 (242,094 in chips)
Seat 2: Hero (63,335 in chips)
Seat 3: 35626720 (128,896 in chips)
Seat 4: e76eaa32 (94,800 in chips)
Seat 5: 67d2f333 (315,785 in chips)
Seat 6: 2357cd10 (126,501 in chips)
Seat 7: 1e5304a8 (240,441 in chips)
Seat 8: 669cf6b (62,232 in chips)
67d2f333: posts the ante 600
Hero: posts the ante 600
1e5304a8: posts the ante 600
e76eaa32: posts the ante 600
4d4bccc7: posts the ante 600
2357cd10: posts the ante 600
669cf6b: posts the ante 600
35626720: posts the ante 600
2357cd10: posts small blind 2,000
1e5304a8: posts big blind 4,000
*** HOLE CARDS ***
Dealt to 4d4bccc7 
Dealt to Hero [8d Qc]
Dealt to 35626720 
Dealt to e76eaa32 
Dealt to 67d2f333 
Dealt to 2357cd10 
Dealt to 1e5304a8 
Dealt to 669cf6b 
669cf6b: folds
4d4bccc7: folds
Hero: folds
35626720: folds
e76eaa32: folds
67d2f333: raises 4,800 to 8,800
2357cd10: folds
1e5304a8: calls 4,800
*** FLOP *** [3c 2s 5d]
1e5304a8: checks
67d2f333: bets 14,640
1e5304a8: folds
Uncalled bet (14,640) returned to 67d2f333
*** SHOWDOWN ***
67d2f333 collected 24,400 from pot
*** SUMMARY ***
Total pot 24,400 | Rake 0 | Jackpot 0 | Bingo 0 | Fortune 0 | Tax 0
Board [3c 2s 5d]
Seat 1: 4d4bccc7 folded before Flop
Seat 2: Hero folded before Flop
Seat 3: 35626720 folded before Flop
Seat 4: e76eaa32 folded before Flop
Seat 5: 67d2f333 (button) won (24,400)
Seat 6: 2357cd10 (small blind) folded before Flop
Seat 7: 1e5304a8 (big blind) folded on the Flop
Seat 8: 669cf6b folded before Flop


Poker Hand #TM2996654479: Tournament #128208230, Bounty Hunters Big Game $21.60 Hold'em No Limit - Level9(2,000/4,000) - 2024/02/23 16:26:23
Table '30' 8-max Seat #4 is the button
Seat 1: 4d4bccc7 (242,694 in chips)
Seat 2: Hero (63,935 in chips)
Seat 3: 35626720 (129,496 in chips)
Seat 4: e76eaa32 (95,400 in chips)
Seat 5: 67d2f333 (318,385 in chips)
Seat 6: 2357cd10 (135,101 in chips)
Seat 7: 1e5304a8 (226,241 in chips)
Seat 8: 669cf6b (62,832 in chips)
67d2f333: posts the ante 600
Hero: posts the ante 600
1e5304a8: posts the ante 600
e76eaa32: posts the ante 600
4d4bccc7: posts the ante 600
2357cd10: posts the ante 600
669cf6b: posts the ante 600
35626720: posts the ante 600
67d2f333: posts small blind 2,000
2357cd10: posts big blind 4,000
*** HOLE CARDS ***
Dealt to 4d4bccc7 
Dealt to Hero [3s 4c]
Dealt to 35626720 
Dealt to e76eaa32 
Dealt to 67d2f333 
Dealt to 2357cd10 
Dealt to 1e5304a8 
Dealt to 669cf6b 
1e5304a8: raises 4,000 to 8,000
669cf6b: folds
4d4bccc7: folds
Hero: folds
35626720: folds
e76eaa32: folds
67d2f333: folds
2357cd10: calls 4,000
*** FLOP *** [3c 9c 7s]
2357cd10: checks
1e5304a8: bets 6,156
2357cd10: folds
Uncalled bet (6,156) returned to 1e5304a8
*** SHOWDOWN ***
1e5304a8 collected 22,800 from pot
*** SUMMARY ***
Total pot 22,800 | Rake 0 | Jackpot 0 | Bingo 0 | Fortune 0 | Tax 0
Board [3c 9c 7s]
Seat 1: 4d4bccc7 folded before Flop
Seat 2: Hero folded before Flop
Seat 3: 35626720 folded before Flop
Seat 4: e76eaa32 (button) folded before Flop
Seat 5: 67d2f333 (small blind) folded before Flop
Seat 6: 2357cd10 (big blind) folded on the Flop
Seat 7: 1e5304a8 won (22,800)
Seat 8: 669cf6b folded before Flop


Poker Hand #TM2996654377: Tournament #128208230, Bounty Hunters Big Game $21.60 Hold'em No Limit - Level9(2,000/4,000) - 2024/02/23 16:25:26
Table '30' 8-max Seat #3 is the button
Seat 1: 4d4bccc7 (243,294 in chips)
Seat 2: Hero (64,535 in chips)
Seat 3: 35626720 (130,096 in chips)
Seat 4: e76eaa32 (100,000 in chips)
Seat 5: 67d2f333 (310,185 in chips)
Seat 6: 2357cd10 (135,701 in chips)
Seat 7: 1e5304a8 (226,841 in chips)
Seat 8: 669cf6b (63,432 in chips)
67d2f333: posts the ante 600
Hero: posts the ante 600
1e5304a8: posts the ante 600
e76eaa32: posts the ante 600
4d4bccc7: posts the ante 600
2357cd10: posts the ante 600
669cf6b: posts the ante 600
35626720: posts the ante 600
e76eaa32: posts small blind 2,000
67d2f333: posts big blind 4,000
*** HOLE CARDS ***
Dealt to 4d4bccc7 
Dealt to Hero [6s Th]
Dealt to 35626720 
Dealt to e76eaa32 
Dealt to 67d2f333 
Dealt to 2357cd10 
Dealt to 1e5304a8 
Dealt to 669cf6b 
2357cd10: folds
1e5304a8: folds
669cf6b: folds
4d4bccc7: folds
Hero: folds
35626720: folds
e76eaa32: calls 2,000
67d2f333: checks
*** FLOP *** [Jh Js 9s]
e76eaa32: checks
67d2f333: bets 4,000
e76eaa32: folds
Uncalled bet (4,000) returned to 67d2f333
*** SHOWDOWN ***
67d2f333 collected 12,800 from pot
*** SUMMARY ***
Total pot 12,800 | Rake 0 | Jackpot 0 | Bingo 0 | Fortune 0 | Tax 0
Board [Jh Js 9s]
Seat 1: 4d4bccc7 folded before Flop
Seat 2: Hero folded before Flop
Seat 3: 35626720 (button) folded before Flop
Seat 4: e76eaa32 (small blind) folded on the Flop
Seat 5: 67d2f333 (big blind) won (12,800)
Seat 6: 2357cd10 folded before Flop
Seat 7: 1e5304a8 folded before Flop
Seat 8: 669cf6b folded before Flop


Poker Hand #TM2996654303: Tournament #128208230, Bounty Hunters Big Game $21.60 Hold'em No Limit - Level9(2,000/4,000) - 2024/02/23 16:24:44
Table '30' 8-max Seat #2 is the button
Seat 1: 4d4bccc7 (243,894 in chips)
Seat 2: Hero (65,135 in chips)
Seat 3: 35626720 (121,896 in chips)
Seat 4: e76eaa32 (104,600 in chips)
Seat 5: d3940121 (261,343 in chips)
Seat 6: 2357cd10 (136,301 in chips)
Seat 7: 1e5304a8 (227,441 in chips)
Seat 8: 669cf6b (64,032 in chips)
d3940121: posts the ante 600
Hero: posts the ante 600
1e5304a8: posts the ante 600
e76eaa32: posts the ante 600
4d4bccc7: posts the ante 600
2357cd10: posts the ante 600
669cf6b: posts the ante 600
35626720: posts the ante 600
35626720: posts small blind 2,000
e76eaa32: posts big blind 4,000
*** HOLE CARDS ***
Dealt to 4d4bccc7 
Dealt to Hero [5d Tc]
Dealt to 35626720 
Dealt to e76eaa32 
Dealt to d3940121 
Dealt to 2357cd10 
Dealt to 1e5304a8 
Dealt to 669cf6b 
d3940121: folds
2357cd10: folds
1e5304a8: folds
669cf6b: folds
4d4bccc7: folds
Hero: folds
35626720: raises 8,000 to 12,000
e76eaa32: folds
Uncalled bet (8,000) returned to 35626720
*** SHOWDOWN ***
35626720 collected 12,800 from pot
*** SUMMARY ***
Total pot 12,800 | Rake 0 | Jackpot 0 | Bingo 0 | Fortune 0 | Tax 0
Seat 1: 4d4bccc7 folded before Flop
Seat 2: Hero (button) folded before Flop
Seat 3: 35626720 (small blind) collected (12,800)
Seat 4: e76eaa32 (big blind) folded before Flop
Seat 5: d3940121 folded before Flop
Seat 6: 2357cd10 folded before Flop
Seat 7: 1e5304a8 folded before Flop
Seat 8: 669cf6b folded before Flop


Poker Hand #TM2996654200: Tournament #128208230, Bounty Hunters Big Game $21.60 Hold'em No Limit - Level9(2,000/4,000) - 2024/02/23 16:23:45
Table '30' 8-max Seat #1 is the button
Seat 1: 4d4bccc7 (244,494 in chips)
Seat 2: Hero (67,735 in chips)
Seat 3: 35626720 (107,696 in chips)
Seat 4: e76eaa32 (105,200 in chips)
Seat 5: d3940121 (261,943 in chips)
Seat 6: 2357cd10 (136,901 in chips)
Seat 7: 1e5304a8 (236,041 in chips)
Seat 8: 669cf6b (64,632 in chips)
d3940121: posts the ante 600
1e5304a8: posts the ante 600
Hero: posts the ante 600
e76eaa32: posts the ante 600
4d4bccc7: posts the ante 600
2357cd10: posts the ante 600
669cf6b: posts the ante 600
35626720: posts the ante 600
Hero: posts small blind 2,000
35626720: posts big blind 4,000
*** HOLE CARDS ***
Dealt to 4d4bccc7 
Dealt to Hero [2c Qs]
Dealt to 35626720 
Dealt to e76eaa32 
Dealt to d3940121 
Dealt to 2357cd10 
Dealt to 1e5304a8 
Dealt to 669cf6b 
e76eaa32: folds
d3940121: folds
2357cd10: folds
1e5304a8: raises 4,000 to 8,000
669cf6b: folds
4d4bccc7: folds
Hero: folds
35626720: calls 4,000
*** FLOP *** [6s Jh 6h]
35626720: checks
1e5304a8: checks
*** TURN *** [6s Jh 6h] [Jd]
35626720: checks
1e5304a8: checks
*** RIVER *** [6s Jh 6h Jd] [As]
35626720: checks
1e5304a8: checks
35626720: shows [3c Ac] (Pair of Aces and Pair of Jacks)
1e5304a8: shows [Qc 9c] (Pair of Jacks and Pair of Sixes)
*** SHOWDOWN ***
35626720 collected 22,800 from pot
*** SUMMARY ***
Total pot 22,800 | Rake 0 | Jackpot 0 | Bingo 0 | Fortune 0 | Tax 0
Board [6s Jh 6h Jd As]
Seat 1: 4d4bccc7 (button) folded before Flop
Seat 2: Hero (small blind) folded before Flop
Seat 3: 35626720 (big blind) showed [3c Ac] and won (22,800) with Pair of Aces and Pair of Jacks
Seat 4: e76eaa32 folded before Flop
Seat 5: d3940121 folded before Flop
Seat 6: 2357cd10 folded before Flop
Seat 7: 1e5304a8 showed [Qc 9c] and lost with Pair of Jacks and Pair of Sixes
Seat 8: 669cf6b folded before Flop


Poker Hand #TM2996653846: Tournament #128208230, Bounty Hunters Big Game $21.60 Hold'em No Limit - Level9(2,000/4,000) - 2024/02/23 16:20:42
Table '30' 8-max Seat #8 is the button
Seat 1: 4d4bccc7 (247,094 in chips)
Seat 2: Hero (114,535 in chips)
Seat 3: 35626720 (108,296 in chips)
Seat 4: e76eaa32 (105,800 in chips)
Seat 5: d3940121 (209,543 in chips)
Seat 6: 2357cd10 (137,501 in chips)
Seat 7: 1e5304a8 (236,641 in chips)
Seat 8: 669cf6b (65,232 in chips)
d3940121: posts the ante 600
1e5304a8: posts the ante 600
Hero: posts the ante 600
e76eaa32: posts the ante 600
4d4bccc7: posts the ante 600
2357cd10: posts the ante 600
669cf6b: posts the ante 600
35626720: posts the ante 600
4d4bccc7: posts small blind 2,000
Hero: posts big blind 4,000
*** HOLE CARDS ***
Dealt to 4d4bccc7 
Dealt to Hero [Ks 7d]
Dealt to 35626720 
Dealt to e76eaa32 
Dealt to d3940121 
Dealt to 2357cd10 
Dealt to 1e5304a8 
Dealt to 669cf6b 
35626720: folds
e76eaa32: folds
d3940121: raises 4,000 to 8,000
2357cd10: folds
1e5304a8: folds
669cf6b: folds
4d4bccc7: folds
Hero: calls 4,000
*** FLOP *** [Kd 8c Js]
Hero: checks
d3940121: bets 13,400
Hero: calls 13,400
*** TURN *** [Kd 8c Js] [Jd]
Hero: checks
d3940121: checks
*** RIVER *** [Kd 8c Js Jd] [2h]
Hero: checks
d3940121: bets 24,800
Hero: calls 24,800
d3940121: shows [Kh Ac] (Pair of Kings and Pair of Jacks)
Hero: shows [Ks 7d] (Pair of Kings and Pair of Jacks)
*** SHOWDOWN ***
d3940121 collected 99,200 from pot
*** SUMMARY ***
Total pot 99,200 | Rake 0 | Jackpot 0 | Bingo 0 | Fortune 0 | Tax 0
Board [Kd 8c Js Jd 2h]
Seat 1: 4d4bccc7 (small blind) folded before Flop
Seat 2: Hero (big blind) showed [Ks 7d] and lost with Pair of Kings and Pair of Jacks
Seat 3: 35626720 folded before Flop
Seat 4: e76eaa32 folded before Flop
Seat 5: d3940121 showed [Kh Ac] and won (99,200) with Pair of Kings and Pair of Jacks
Seat 6: 2357cd10 folded before Flop
Seat 7: 1e5304a8 folded before Flop
Seat 8: 669cf6b (button) folded before Flop


Poker Hand #TM2996653747: Tournament #128208230, Bounty Hunters Big Game $21.60 Hold'em No Limit - Level8(1,500/3,000) - 2024/02/23 16:19:43
Table '30' 8-max Seat #7 is the button
Seat 1: 4d4bccc7 (250,544 in chips)
Seat 2: Hero (114,985 in chips)
Seat 3: 35626720 (108,746 in chips)
Seat 4: e76eaa32 (106,250 in chips)
Seat 5: d3940121 (222,023 in chips)
Seat 6: 2357cd10 (137,951 in chips)
Seat 7: 1e5304a8 (216,961 in chips)
Seat 8: 669cf6b (67,182 in chips)
d3940121: posts the ante 450
1e5304a8: posts the ante 450
Hero: posts the ante 450
e76eaa32: posts the ante 450
4d4bccc7: posts the ante 450
2357cd10: posts the ante 450
669cf6b: posts the ante 450
35626720: posts the ante 450
669cf6b: posts small blind 1,500
4d4bccc7: posts big blind 3,000
*** HOLE CARDS ***
Dealt to 4d4bccc7 
Dealt to Hero [2h 4h]
Dealt to 35626720 
Dealt to e76eaa32 
Dealt to d3940121 
Dealt to 2357cd10 
Dealt to 1e5304a8 
Dealt to 669cf6b 
Hero: folds
35626720: folds
e76eaa32: folds
d3940121: raises 3,000 to 6,000
2357cd10: folds
1e5304a8: calls 6,000
669cf6b: folds
4d4bccc7: folds
*** FLOP *** [6h 5h 4d]
d3940121: bets 6,030
1e5304a8: calls 6,030
*** TURN *** [6h 5h 4d] [7s]
d3940121: checks
1e5304a8: bets 13,935
d3940121: folds
Uncalled bet (13,935) returned to 1e5304a8
*** SHOWDOWN ***
1e5304a8 collected 32,160 from pot
*** SUMMARY ***
Total pot 32,160 | Rake 0 | Jackpot 0 | Bingo 0 | Fortune 0 | Tax 0
Board [6h 5h 4d 7s]
Seat 1: 4d4bccc7 (big blind) folded before Flop
Seat 2: Hero folded before Flop
Seat 3: 35626720 folded before Flop
Seat 4: e76eaa32 folded before Flop
Seat 5: d3940121 folded on the Turn
Seat 6: 2357cd10 folded before Flop
Seat 7: 1e5304a8 (button) won (32,160)
Seat 8: 669cf6b (small blind) folded before Flop


Poker Hand #TM2996653633: Tournament #128208230, Bounty Hunters Big Game $21.60 Hold'em No Limit - Level8(1,500/3,000) - 2024/02/23 16:18:42
Table '30' 8-max Seat #6 is the button
Seat 1: 4d4bccc7 (250,994 in chips)
Seat 2: Hero (115,435 in chips)
Seat 3: 35626720 (121,832 in chips)
Seat 4: e76eaa32 (106,700 in chips)
Seat 5: d3940121 (222,473 in chips)
Seat 6: 2357cd10 (138,401 in chips)
Seat 7: 1e5304a8 (198,175 in chips)
Seat 8: 669cf6b (70,632 in chips)
d3940121: posts the ante 450
Hero: posts the ante 450
1e5304a8: posts the ante 450
e76eaa32: posts the ante 450
4d4bccc7: posts the ante 450
2357cd10: posts the ante 450
669cf6b: posts the ante 450
35626720: posts the ante 450
1e5304a8: posts small blind 1,500
669cf6b: posts big blind 3,000
*** HOLE CARDS ***
Dealt to 4d4bccc7 
Dealt to Hero [5h 7d]
Dealt to 35626720 
Dealt to e76eaa32 
Dealt to d3940121 
Dealt to 2357cd10 
Dealt to 1e5304a8 
Dealt to 669cf6b 
4d4bccc7: folds
Hero: folds
35626720: raises 3,300 to 6,300
e76eaa32: folds
d3940121: folds
2357cd10: folds
1e5304a8: calls 4,800
669cf6b: folds
*** FLOP *** [9h 5s 3h]
1e5304a8: checks
35626720: checks
*** TURN *** [9h 5s 3h] [Kd]
1e5304a8: checks
35626720: bets 6,336
1e5304a8: calls 6,336
*** RIVER *** [9h 5s 3h Kd] [2s]
1e5304a8: checks
35626720: checks
1e5304a8: shows [8c 8d] (Pair of Eights)
35626720: shows [Qc Ah] (Ace-High)
*** SHOWDOWN ***
1e5304a8 collected 31,872 from pot
*** SUMMARY ***
Total pot 31,872 | Rake 0 | Jackpot 0 | Bingo 0 | Fortune 0 | Tax 0
Board [9h 5s 3h Kd 2s]
Seat 1: 4d4bccc7 folded before Flop
Seat 2: Hero folded before Flop
Seat 3: 35626720 showed [Qc Ah] and lost with Ace-High
Seat 4: e76eaa32 folded before Flop
Seat 5: d3940121 folded before Flop
Seat 6: 2357cd10 (button) folded before Flop
Seat 7: 1e5304a8 (small blind) showed [8c 8d] and won (31,872) with Pair of Eights
Seat 8: 669cf6b (big blind) folded before Flop


Poker Hand #TM2996653534: Tournament #128208230, Bounty Hunters Big Game $21.60 Hold'em No Limit - Level8(1,500/3,000) - 2024/02/23 16:17:55
Table '30' 8-max Seat #5 is the button
Seat 1: 4d4bccc7 (251,444 in chips)
Seat 2: Hero (115,885 in chips)
Seat 3: 35626720 (122,282 in chips)
Seat 4: e76eaa32 (99,050 in chips)
Seat 5: d3940121 (222,923 in chips)
Seat 6: 2357cd10 (140,351 in chips)
Seat 7: 1e5304a8 (201,625 in chips)
Seat 8: 669cf6b (71,082 in chips)
d3940121: posts the ante 450
Hero: posts the ante 450
1e5304a8: posts the ante 450
e76eaa32: posts the ante 450
4d4bccc7: posts the ante 450
2357cd10: posts the ante 450
669cf6b: posts the ante 450
35626720: posts the ante 450
2357cd10: posts small blind 1,500
1e5304a8: posts big blind 3,000
*** HOLE CARDS ***
Dealt to 4d4bccc7 
Dealt to Hero [7h Td]
Dealt to 35626720 
Dealt to e76eaa32 
Dealt to d3940121 
Dealt to 2357cd10 
Dealt to 1e5304a8 
Dealt to 669cf6b 
669cf6b: folds
4d4bccc7: folds
Hero: folds
35626720: folds
e76eaa32: raises 3,600 to 6,600
d3940121: folds
2357cd10: folds
1e5304a8: folds
Uncalled bet (3,600) returned to e76eaa32
*** SHOWDOWN ***
e76eaa32 collected 11,100 from pot
*** SUMMARY ***
Total pot 11,100 | Rake 0 | Jackpot 0 | Bingo 0 | Fortune 0 | Tax 0
Seat 1: 4d4bccc7 folded before Flop
Seat 2: Hero folded before Flop
Seat 3: 35626720 folded before Flop
Seat 4: e76eaa32 collected (11,100)
Seat 5: d3940121 (button) folded before Flop
Seat 6: 2357cd10 (small blind) folded before Flop
Seat 7: 1e5304a8 (big blind) folded before Flop
Seat 8: 669cf6b folded before Flop


Poker Hand #TM2996653383: Tournament #128208230, Bounty Hunters Big Game $21.60 Hold'em No Limit - Level8(1,500/3,000) - 2024/02/23 16:16:42
Table '30' 8-max Seat #4 is the button
Seat 2: Hero (101,522 in chips)
Seat 3: 35626720 (122,732 in chips)
Seat 4: e76eaa32 (99,500 in chips)
Seat 5: d3940121 (224,873 in chips)
Seat 6: 2357cd10 (150,964 in chips)
Seat 7: 1e5304a8 (202,075 in chips)
Seat 8: 669cf6b (71,532 in chips)
d3940121: posts the ante 450
Hero: posts the ante 450
1e5304a8: posts the ante 450
e76eaa32: posts the ante 450
2357cd10: posts the ante 450
669cf6b: posts the ante 450
35626720: posts the ante 450
d3940121: posts small blind 1,500
2357cd10: posts big blind 3,000
*** HOLE CARDS ***
Dealt to Hero [Qc 8c]
Dealt to 35626720 
Dealt to e76eaa32 
Dealt to d3940121 
Dealt to 2357cd10 
Dealt to 1e5304a8 
Dealt to 669cf6b 
1e5304a8: folds
669cf6b: folds
Hero: raises 3,000 to 6,000
35626720: folds
e76eaa32: folds
d3940121: folds
2357cd10: calls 3,000
*** FLOP *** [6h Qd Td]
2357cd10: checks
Hero: bets 4,163
2357cd10: calls 4,163
*** TURN *** [6h Qd Td] [Ac]
2357cd10: checks
Hero: bets 9,000
2357cd10: folds
Uncalled bet (9,000) returned to Hero
*** SHOWDOWN ***
Hero collected 24,976 from pot
*** SUMMARY ***
Total pot 24,976 | Rake 0 | Jackpot 0 | Bingo 0 | Fortune 0 | Tax 0
Board [6h Qd Td Ac]
Seat 2: Hero won (24,976)
Seat 3: 35626720 folded before Flop
Seat 4: e76eaa32 (button) folded before Flop
Seat 5: d3940121 (small blind) folded before Flop
Seat 6: 2357cd10 (big blind) folded on the Turn
Seat 7: 1e5304a8 folded before Flop
Seat 8: 669cf6b folded before Flop


Poker Hand #TM2996653172: Tournament #128208230, Bounty Hunters Big Game $21.60 Hold'em No Limit - Level8(1,500/3,000) - 2024/02/23 16:14:55
Table '30' 8-max Seat #3 is the button
Seat 1: 7cb4b392 (97,865 in chips)
Seat 2: Hero (101,972 in chips)
Seat 3: 35626720 (123,182 in chips)
Seat 4: e76eaa32 (101,450 in chips)
Seat 5: d3940121 (116,808 in chips)
Seat 6: 2357cd10 (151,414 in chips)
Seat 7: 1e5304a8 (208,525 in chips)
Seat 8: 669cf6b (71,982 in chips)
7cb4b392: posts the ante 450
d3940121: posts the ante 450
Hero: posts the ante 450
1e5304a8: posts the ante 450
e76eaa32: posts small blind 1,500
e76eaa32: posts the ante 450
2357cd10: posts the ante 450
669cf6b: posts the ante 450
35626720: posts the ante 450
d3940121: posts big blind 3,000
*** HOLE CARDS ***
Dealt to 7cb4b392 
Dealt to Hero [2c 7h]
Dealt to 35626720 
Dealt to e76eaa32 
Dealt to d3940121 
Dealt to 2357cd10 
Dealt to 1e5304a8 
Dealt to 669cf6b 
2357cd10: folds
1e5304a8: raises 3,000 to 6,000
669cf6b: folds
7cb4b392: calls 6,000
Hero: folds
35626720: folds
e76eaa32: folds
d3940121: raises 22,170 to 28,170
1e5304a8: folds
7cb4b392: calls 22,170
*** FLOP *** [6s 3c 5d]
d3940121: checks
7cb4b392: bets 67,440
d3940121: raises 20,748 to 88,188 and is all-in
7cb4b392: calls 1,805 and is all-in
Uncalled bet (18,943) returned to d3940121
d3940121: shows [Qh Ah] (Ace-High)
7cb4b392: shows [9s 9c] (Pair of Nines)
*** TURN *** [6s 3c 5d] [Ac]
*** RIVER *** [6s 3c 5d Ac] [Js]
*** SHOWDOWN ***
d3940121 collected 205,930 from pot
*** SUMMARY ***
Total pot 205,930 | Rake 0 | Jackpot 0 | Bingo 0 | Fortune 0 | Tax 0
Board [6s 3c 5d Ac Js]
Seat 1: 7cb4b392 showed [9s 9c] and lost with Pair of Nines
Seat 2: Hero folded before Flop
Seat 3: 35626720 (button) folded before Flop
Seat 4: e76eaa32 (small blind) folded before Flop
Seat 5: d3940121 (big blind) showed [Qh Ah] and won (205,930) with Pair of Aces
Seat 6: 2357cd10 folded before Flop
Seat 7: 1e5304a8 folded before Flop
Seat 8: 669cf6b folded before Flop


Poker Hand #TM2996653139: Tournament #128208230, Bounty Hunters Big Game $21.60 Hold'em No Limit - Level8(1,500/3,000) - 2024/02/23 16:14:37
Table '30' 8-max Seat #2 is the button
Seat 1: 7cb4b392 (98,315 in chips)
Seat 2: Hero (102,422 in chips)
Seat 3: 35626720 (125,132 in chips)
Seat 4: e76eaa32 (96,800 in chips)
Seat 5: d3940121 (117,258 in chips)
Seat 6: 2357cd10 (151,864 in chips)
Seat 7: 1e5304a8 (208,975 in chips)
Seat 8: 669cf6b (72,432 in chips)
7cb4b392: posts the ante 450
d3940121: posts the ante 450
Hero: posts the ante 450
1e5304a8: posts the ante 450
e76eaa32: posts the ante 450
2357cd10: posts the ante 450
669cf6b: posts the ante 450
35626720: posts the ante 450
35626720: posts small blind 1,500
e76eaa32: posts big blind 3,000
*** HOLE CARDS ***
Dealt to 7cb4b392 
Dealt to Hero [2s 4c]
Dealt to 35626720 
Dealt to e76eaa32 
Dealt to d3940121 
Dealt to 2357cd10 
Dealt to 1e5304a8 
Dealt to 669cf6b 
d3940121: folds
2357cd10: folds
1e5304a8: folds
669cf6b: folds
7cb4b392: folds
Hero: folds
35626720: folds
Uncalled bet (1,500) returned to e76eaa32
*** SHOWDOWN ***
e76eaa32 collected 6,600 from pot
*** SUMMARY ***
Total pot 6,600 | Rake 0 | Jackpot 0 | Bingo 0 | Fortune 0 | Tax 0
Seat 1: 7cb4b392 folded before Flop
Seat 2: Hero (button) folded before Flop
Seat 3: 35626720 (small blind) folded before Flop
Seat 4: e76eaa32 (big blind) collected (6,600)
Seat 5: d3940121 folded before Flop
Seat 6: 2357cd10 folded before Flop
Seat 7: 1e5304a8 folded before Flop
Seat 8: 669cf6b folded before Flop


Poker Hand #TM2996653072: Tournament #128208230, Bounty Hunters Big Game $21.60 Hold'em No Limit - Level8(1,500/3,000) - 2024/02/23 16:14:01
Table '30' 8-max Seat #1 is the button
Seat 1: 7cb4b392 (98,765 in chips)
Seat 2: Hero (104,372 in chips)
Seat 3: 35626720 (128,582 in chips)
Seat 4: e76eaa32 (97,250 in chips)
Seat 5: d3940121 (117,708 in chips)
Seat 6: 2357cd10 (152,314 in chips)
Seat 7: 1e5304a8 (209,425 in chips)
Seat 8: 669cf6b (64,782 in chips)
7cb4b392: posts the ante 450
d3940121: posts the ante 450
1e5304a8: posts the ante 450
Hero: posts the ante 450
e76eaa32: posts the ante 450
2357cd10: posts the ante 450
669cf6b: posts the ante 450
35626720: posts the ante 450
Hero: posts small blind 1,500
35626720: posts big blind 3,000
*** HOLE CARDS ***
Dealt to 7cb4b392 
Dealt to Hero [Ah 8d]
Dealt to 35626720 
Dealt to e76eaa32 
Dealt to d3940121 
Dealt to 2357cd10 
Dealt to 1e5304a8 
Dealt to 669cf6b 
e76eaa32: folds
d3940121: folds
2357cd10: folds
1e5304a8: folds
669cf6b: raises 11,100 to 14,100
7cb4b392: folds
Hero: folds
35626720: folds
Uncalled bet (11,100) returned to 669cf6b
*** SHOWDOWN ***
669cf6b collected 11,100 from pot
*** SUMMARY ***
Total pot 11,100 | Rake 0 | Jackpot 0 | Bingo 0 | Fortune 0 | Tax 0
Seat 1: 7cb4b392 (button) folded before Flop
Seat 2: Hero (small blind) folded before Flop
Seat 3: 35626720 (big blind) folded before Flop
Seat 4: e76eaa32 folded before Flop
Seat 5: d3940121 folded before Flop
Seat 6: 2357cd10 folded before Flop
Seat 7: 1e5304a8 folded before Flop
Seat 8: 669cf6b collected (11,100)


Poker Hand #TM2996652896: Tournament #128208230, Bounty Hunters Big Game $21.60 Hold'em No Limit - Level8(1,500/3,000) - 2024/02/23 16:12:26
Table '30' 8-max Seat #8 is the button
Seat 1: 7cb4b392 (100,715 in chips)
Seat 2: Hero (110,822 in chips)
Seat 3: 35626720 (129,032 in chips)
Seat 4: e76eaa32 (97,700 in chips)
Seat 5: d3940121 (101,058 in chips)
Seat 6: 2357cd10 (158,764 in chips)
Seat 7: 1e5304a8 (209,875 in chips)
Seat 8: 669cf6b (65,232 in chips)
d3940121: posts the ante 450
7cb4b392: posts the ante 450
1e5304a8: posts the ante 450
Hero: posts the ante 450
e76eaa32: posts the ante 450
2357cd10: posts the ante 450
669cf6b: posts the ante 450
35626720: posts the ante 450
7cb4b392: posts small blind 1,500
Hero: posts big blind 3,000
*** HOLE CARDS ***
Dealt to 7cb4b392 
Dealt to Hero [7h 8s]
Dealt to 35626720 
Dealt to e76eaa32 
Dealt to d3940121 
Dealt to 2357cd10 
Dealt to 1e5304a8 
Dealt to 669cf6b 
35626720: folds
e76eaa32: folds
d3940121: raises 3,000 to 6,000
2357cd10: calls 6,000
1e5304a8: folds
669cf6b: folds
7cb4b392: folds
Hero: calls 3,000
*** FLOP *** [8c 2d 5s]
Hero: checks
d3940121: checks
2357cd10: checks
*** TURN *** [8c 2d 5s] [Qd]
Hero: checks
d3940121: bets 6,930
2357cd10: folds
Hero: folds
Uncalled bet (6,930) returned to d3940121
*** SHOWDOWN ***
d3940121 collected 23,100 from pot
*** SUMMARY ***
Total pot 23,100 | Rake 0 | Jackpot 0 | Bingo 0 | Fortune 0 | Tax 0
Board [8c 2d 5s Qd]
Seat 1: 7cb4b392 (small blind) folded before Flop
Seat 2: Hero (big blind) folded on the Turn
Seat 3: 35626720 folded before Flop
Seat 4: e76eaa32 folded before Flop
Seat 5: d3940121 won (23,100)
Seat 6: 2357cd10 folded on the Turn
Seat 7: 1e5304a8 folded before Flop
Seat 8: 669cf6b (button) folded before Flop


Poker Hand #TM2996652795: Tournament #128208230, Bounty Hunters Big Game $21.60 Hold'em No Limit - Level8(1,500/3,000) - 2024/02/23 16:11:36
Table '30' 8-max Seat #7 is the button
Seat 1: 7cb4b392 (107,165 in chips)
Seat 2: Hero (100,172 in chips)
Seat 3: 35626720 (129,482 in chips)
Seat 4: e76eaa32 (98,150 in chips)
Seat 5: d3940121 (101,508 in chips)
Seat 6: 2357cd10 (159,214 in chips)
Seat 7: 1e5304a8 (210,325 in chips)
Seat 8: 669cf6b (67,182 in chips)
d3940121: posts the ante 450
7cb4b392: posts the ante 450
1e5304a8: posts the ante 450
Hero: posts the ante 450
e76eaa32: posts the ante 450
2357cd10: posts the ante 450
669cf6b: posts the ante 450
35626720: posts the ante 450
669cf6b: posts small blind 1,500
7cb4b392: posts big blind 3,000
*** HOLE CARDS ***
Dealt to 7cb4b392 
Dealt to Hero [Jc Qs]
Dealt to 35626720 
Dealt to e76eaa32 
Dealt to d3940121 
Dealt to 2357cd10 
Dealt to 1e5304a8 
Dealt to 669cf6b 
Hero: raises 3,000 to 6,000
35626720: folds
e76eaa32: folds
d3940121: folds
2357cd10: folds
1e5304a8: folds
669cf6b: folds
7cb4b392: calls 3,000
*** FLOP *** [2d 9s 8s]
7cb4b392: checks
Hero: bets 9,405
7cb4b392: folds
Uncalled bet (9,405) returned to Hero
*** SHOWDOWN ***
Hero collected 17,100 from pot
*** SUMMARY ***
Total pot 17,100 | Rake 0 | Jackpot 0 | Bingo 0 | Fortune 0 | Tax 0
Board [2d 9s 8s]
Seat 1: 7cb4b392 (big blind) folded on the Flop
Seat 2: Hero won (17,100)
Seat 3: 35626720 folded before Flop
Seat 4: e76eaa32 folded before Flop
Seat 5: d3940121 folded before Flop
Seat 6: 2357cd10 folded before Flop
Seat 7: 1e5304a8 (button) folded before Flop
Seat 8: 669cf6b (small blind) folded before Flop


Poker Hand #TM2996652714: Tournament #128208230, Bounty Hunters Big Game $21.60 Hold'em No Limit - Level8(1,500/3,000) - 2024/02/23 16:10:53
Table '30' 8-max Seat #6 is the button
Seat 1: 7cb4b392 (107,615 in chips)
Seat 2: Hero (89,522 in chips)
Seat 3: 35626720 (129,932 in chips)
Seat 4: e76eaa32 (98,600 in chips)
Seat 5: d3940121 (101,958 in chips)
Seat 6: 2357cd10 (159,664 in chips)
Seat 7: 1e5304a8 (212,275 in chips)
Seat 8: 669cf6b (73,632 in chips)
d3940121: posts the ante 450
7cb4b392: posts the ante 450
Hero: posts the ante 450
1e5304a8: posts the ante 450
e76eaa32: posts the ante 450
2357cd10: posts the ante 450
669cf6b: posts the ante 450
35626720: posts the ante 450
1e5304a8: posts small blind 1,500
669cf6b: posts big blind 3,000
*** HOLE CARDS ***
Dealt to 7cb4b392 
Dealt to Hero [Td Ts]
Dealt to 35626720 
Dealt to e76eaa32 
Dealt to d3940121 
Dealt to 2357cd10 
Dealt to 1e5304a8 
Dealt to 669cf6b 
7cb4b392: folds
Hero: raises 3,000 to 6,000
35626720: folds
e76eaa32: folds
d3940121: folds
2357cd10: folds
1e5304a8: folds
669cf6b: calls 3,000
*** FLOP *** [Jc 5s 2d]
669cf6b: checks
Hero: bets 4,275
669cf6b: folds
Uncalled bet (4,275) returned to Hero
*** SHOWDOWN ***
Hero collected 17,100 from pot
*** SUMMARY ***
Total pot 17,100 | Rake 0 | Jackpot 0 | Bingo 0 | Fortune 0 | Tax 0
Board [Jc 5s 2d]
Seat 1: 7cb4b392 folded before Flop
Seat 2: Hero won (17,100)
Seat 3: 35626720 folded before Flop
Seat 4: e76eaa32 folded before Flop
Seat 5: d3940121 folded before Flop
Seat 6: 2357cd10 (button) folded before Flop
Seat 7: 1e5304a8 (small blind) folded before Flop
Seat 8: 669cf6b (big blind) folded on the Flop


Poker Hand #TM2996652646: Tournament #128208230, Bounty Hunters Big Game $21.60 Hold'em No Limit - Level8(1,500/3,000) - 2024/02/23 16:10:18
Table '30' 8-max Seat #5 is the button
Seat 1: 7cb4b392 (108,065 in chips)
Seat 2: Hero (89,972 in chips)
Seat 3: 35626720 (118,982 in chips)
Seat 4: e76eaa32 (99,050 in chips)
Seat 5: d3940121 (102,408 in chips)
Seat 6: 2357cd10 (161,614 in chips)
Seat 7: 1e5304a8 (219,025 in chips)
Seat 8: 669cf6b (74,082 in chips)
d3940121: posts the ante 450
7cb4b392: posts the ante 450
Hero: posts the ante 450
1e5304a8: posts the ante 450
e76eaa32: posts the ante 450
2357cd10: posts the ante 450
669cf6b: posts the ante 450
35626720: posts the ante 450
2357cd10: posts small blind 1,500
1e5304a8: posts big blind 3,000
*** HOLE CARDS ***
Dealt to 7cb4b392 
Dealt to Hero [3c 2h]
Dealt to 35626720 
Dealt to e76eaa32 
Dealt to d3940121 
Dealt to 2357cd10 
Dealt to 1e5304a8 
Dealt to 669cf6b 
669cf6b: folds
7cb4b392: folds
Hero: folds
35626720: raises 3,300 to 6,300
e76eaa32: folds
d3940121: folds
2357cd10: folds
1e5304a8: calls 3,300
*** FLOP *** [2c Ah Qc]
1e5304a8: checks
35626720: bets 5,841
1e5304a8: folds
Uncalled bet (5,841) returned to 35626720
*** SHOWDOWN ***
35626720 collected 17,700 from pot
*** SUMMARY ***
Total pot 17,700 | Rake 0 | Jackpot 0 | Bingo 0 | Fortune 0 | Tax 0
Board [2c Ah Qc]
Seat 1: 7cb4b392 folded before Flop
Seat 2: Hero folded before Flop
Seat 3: 35626720 won (17,700)
Seat 4: e76eaa32 folded before Flop
Seat 5: d3940121 (button) folded before Flop
Seat 6: 2357cd10 (small blind) folded before Flop
Seat 7: 1e5304a8 (big blind) folded on the Flop
Seat 8: 669cf6b folded before Flop


Poker Hand #TM2996652527: Tournament #128208230, Bounty Hunters Big Game $21.60 Hold'em No Limit - Level8(1,500/3,000) - 2024/02/23 16:09:16
Table '30' 8-max Seat #4 is the button
Seat 1: 7cb4b392 (108,515 in chips)
Seat 2: Hero (96,422 in chips)
Seat 3: 35626720 (119,432 in chips)
Seat 4: e76eaa32 (105,500 in chips)
Seat 5: d3940121 (84,258 in chips)
Seat 6: 2357cd10 (165,064 in chips)
Seat 7: 1e5304a8 (219,475 in chips)
Seat 8: 669cf6b (74,532 in chips)
7cb4b392: posts the ante 450
d3940121: posts the ante 450
Hero: posts the ante 450
1e5304a8: posts the ante 450
e76eaa32: posts the ante 450
2357cd10: posts the ante 450
669cf6b: posts the ante 450
35626720: posts the ante 450
d3940121: posts small blind 1,500
2357cd10: posts big blind 3,000
*** HOLE CARDS ***
Dealt to 7cb4b392 
Dealt to Hero [Th 9h]
Dealt to 35626720 
Dealt to e76eaa32 
Dealt to d3940121 
Dealt to 2357cd10 
Dealt to 1e5304a8 
Dealt to 669cf6b 
1e5304a8: folds
669cf6b: folds
7cb4b392: folds
Hero: raises 3,000 to 6,000
35626720: folds
e76eaa32: calls 6,000
d3940121: raises 77,808 to 83,808 and is all-in
2357cd10: folds
Hero: folds
e76eaa32: folds
Uncalled bet (77,808) returned to d3940121
*** SHOWDOWN ***
d3940121 collected 24,600 from pot
*** SUMMARY ***
Total pot 24,600 | Rake 0 | Jackpot 0 | Bingo 0 | Fortune 0 | Tax 0
Seat 1: 7cb4b392 folded before Flop
Seat 2: Hero folded before Flop
Seat 3: 35626720 folded before Flop
Seat 4: e76eaa32 (button) folded before Flop
Seat 5: d3940121 (small blind) collected (24,600)
Seat 6: 2357cd10 (big blind) folded before Flop
Seat 7: 1e5304a8 folded before Flop
Seat 8: 669cf6b folded before Flop


Poker Hand #TM2996652433: Tournament #128208230, Bounty Hunters Big Game $21.60 Hold'em No Limit - Level7(1,250/2,500) - 2024/02/23 16:08:17
Table '30' 8-max Seat #3 is the button
Seat 1: 7cb4b392 (108,865 in chips)
Seat 2: Hero (96,772 in chips)
Seat 3: 35626720 (56,791 in chips)
Seat 4: e76eaa32 (107,100 in chips)
Seat 5: d3940121 (87,108 in chips)
Seat 6: 2357cd10 (165,414 in chips)
Seat 7: 1e5304a8 (276,266 in chips)
Seat 8: 669cf6b (74,882 in chips)
7cb4b392: posts the ante 350
d3940121: posts the ante 350
Hero: posts the ante 350
1e5304a8: posts the ante 350
e76eaa32: posts the ante 350
2357cd10: posts the ante 350
669cf6b: posts the ante 350
35626720: posts the ante 350
e76eaa32: posts small blind 1,250
d3940121: posts big blind 2,500
*** HOLE CARDS ***
Dealt to 7cb4b392 
Dealt to Hero [9d 7s]
Dealt to 35626720 
Dealt to e76eaa32 
Dealt to d3940121 
Dealt to 2357cd10 
Dealt to 1e5304a8 
Dealt to 669cf6b 
2357cd10: folds
1e5304a8: raises 2,500 to 5,000
669cf6b: folds
7cb4b392: folds
Hero: folds
35626720: raises 51,441 to 56,441 and is all-in
e76eaa32: folds
d3940121: folds
1e5304a8: calls 51,441
35626720: shows [8h 8c]
1e5304a8: shows [6h 7h]
*** FLOP *** [As 6c 2c]
*** TURN *** [As 6c 2c] [4s]
*** RIVER *** [As 6c 2c 4s] [Th]
*** SHOWDOWN ***
35626720 collected 119,432 from pot
*** SUMMARY ***
Total pot 119,432 | Rake 0 | Jackpot 0 | Bingo 0 | Fortune 0 | Tax 0
Board [As 6c 2c 4s Th]
Seat 1: 7cb4b392 folded before Flop
Seat 2: Hero folded before Flop
Seat 3: 35626720 (button) showed [8h 8c] and won (119,432) with Pair of Eights
Seat 4: e76eaa32 (small blind) folded before Flop
Seat 5: d3940121 (big blind) folded before Flop
Seat 6: 2357cd10 folded before Flop
Seat 7: 1e5304a8 showed [6h 7h] and lost with Pair of Sixes
Seat 8: 669cf6b folded before Flop


Poker Hand #TM2996652377: Tournament #128208230, Bounty Hunters Big Game $21.60 Hold'em No Limit - Level7(1,250/2,500) - 2024/02/23 16:07:47
Table '30' 8-max Seat #2 is the button
Seat 1: 7cb4b392 (109,215 in chips)
Seat 2: Hero (97,122 in chips)
Seat 3: 35626720 (58,391 in chips)
Seat 4: e76eaa32 (109,950 in chips)
Seat 5: d3940121 (87,458 in chips)
Seat 6: 2357cd10 (165,764 in chips)
Seat 7: 1e5304a8 (270,066 in chips)
Seat 8: 669cf6b (75,232 in chips)
7cb4b392: posts the ante 350
d3940121: posts the ante 350
Hero: posts the ante 350
1e5304a8: posts the ante 350
e76eaa32: posts the ante 350
2357cd10: posts the ante 350
669cf6b: posts the ante 350
35626720: posts the ante 350
35626720: posts small blind 1,250
e76eaa32: posts big blind 2,500
*** HOLE CARDS ***
Dealt to 7cb4b392 
Dealt to Hero [Ts 3h]
Dealt to 35626720 
Dealt to e76eaa32 
Dealt to d3940121 
Dealt to 2357cd10 
Dealt to 1e5304a8 
Dealt to 669cf6b 
d3940121: folds
2357cd10: folds
1e5304a8: raises 2,500 to 5,000
669cf6b: folds
7cb4b392: folds
Hero: folds
35626720: folds
e76eaa32: folds
Uncalled bet (2,500) returned to 1e5304a8
*** SHOWDOWN ***
1e5304a8 collected 9,050 from pot
*** SUMMARY ***
Total pot 9,050 | Rake 0 | Jackpot 0 | Bingo 0 | Fortune 0 | Tax 0
Seat 1: 7cb4b392 folded before Flop
Seat 2: Hero (button) folded before Flop
Seat 3: 35626720 (small blind) folded before Flop
Seat 4: e76eaa32 (big blind) folded before Flop
Seat 5: d3940121 folded before Flop
Seat 6: 2357cd10 folded before Flop
Seat 7: 1e5304a8 collected (9,050)
Seat 8: 669cf6b folded before Flop


Poker Hand #TM2996652314: Tournament #128208230, Bounty Hunters Big Game $21.60 Hold'em No Limit - Level7(1,250/2,500) - 2024/02/23 16:07:05
Table '30' 8-max Seat #1 is the button
Seat 1: 7cb4b392 (109,565 in chips)
Seat 2: Hero (98,722 in chips)
Seat 3: 35626720 (61,241 in chips)
Seat 4: e76eaa32 (110,300 in chips)
Seat 5: d3940121 (87,808 in chips)
Seat 6: 2357cd10 (166,114 in chips)
Seat 7: 1e5304a8 (263,866 in chips)
Seat 8: 669cf6b (75,582 in chips)
7cb4b392: posts the ante 350
d3940121: posts the ante 350
1e5304a8: posts the ante 350
Hero: posts the ante 350
e76eaa32: posts the ante 350
2357cd10: posts the ante 350
669cf6b: posts the ante 350
35626720: posts the ante 350
Hero: posts small blind 1,250
35626720: posts big blind 2,500
*** HOLE CARDS ***
Dealt to 7cb4b392 
Dealt to Hero [9s 3c]
Dealt to 35626720 
Dealt to e76eaa32 
Dealt to d3940121 
Dealt to 2357cd10 
Dealt to 1e5304a8 
Dealt to 669cf6b 
e76eaa32: folds
d3940121: folds
2357cd10: folds
1e5304a8: raises 2,500 to 5,000
669cf6b: folds
7cb4b392: folds
Hero: folds
35626720: folds
Uncalled bet (2,500) returned to 1e5304a8
*** SHOWDOWN ***
1e5304a8 collected 9,050 from pot
*** SUMMARY ***
Total pot 9,050 | Rake 0 | Jackpot 0 | Bingo 0 | Fortune 0 | Tax 0
Seat 1: 7cb4b392 (button) folded before Flop
Seat 2: Hero (small blind) folded before Flop
Seat 3: 35626720 (big blind) folded before Flop
Seat 4: e76eaa32 folded before Flop
Seat 5: d3940121 folded before Flop
Seat 6: 2357cd10 folded before Flop
Seat 7: 1e5304a8 collected (9,050)
Seat 8: 669cf6b folded before Flop


Poker Hand #TM2996652264: Tournament #128208230, Bounty Hunters Big Game $21.60 Hold'em No Limit - Level7(1,250/2,500) - 2024/02/23 16:06:37
Table '30' 8-max Seat #8 is the button
Seat 1: 7cb4b392 (111,165 in chips)
Seat 2: Hero (95,022 in chips)
Seat 3: 35626720 (61,591 in chips)
Seat 4: e76eaa32 (110,650 in chips)
Seat 5: d3940121 (88,158 in chips)
Seat 6: 2357cd10 (166,464 in chips)
Seat 7: 1e5304a8 (264,216 in chips)
Seat 8: 669cf6b (75,932 in chips)
d3940121: posts the ante 350
7cb4b392: posts the ante 350
1e5304a8: posts the ante 350
Hero: posts the ante 350
e76eaa32: posts the ante 350
2357cd10: posts the ante 350
669cf6b: posts the ante 350
35626720: posts the ante 350
7cb4b392: posts small blind 1,250
Hero: posts big blind 2,500
*** HOLE CARDS ***
Dealt to 7cb4b392 
Dealt to Hero [3d 7s]
Dealt to 35626720 
Dealt to e76eaa32 
Dealt to d3940121 
Dealt to 2357cd10 
Dealt to 1e5304a8 
Dealt to 669cf6b 
35626720: folds
e76eaa32: folds
d3940121: folds
2357cd10: folds
1e5304a8: folds
669cf6b: folds
7cb4b392: folds
Uncalled bet (1,250) returned to Hero
*** SHOWDOWN ***
Hero collected 5,300 from pot
*** SUMMARY ***
Total pot 5,300 | Rake 0 | Jackpot 0 | Bingo 0 | Fortune 0 | Tax 0
Seat 1: 7cb4b392 (small blind) folded before Flop
Seat 2: Hero (big blind) collected (5,300)
Seat 3: 35626720 folded before Flop
Seat 4: e76eaa32 folded before Flop
Seat 5: d3940121 folded before Flop
Seat 6: 2357cd10 folded before Flop
Seat 7: 1e5304a8 folded before Flop
Seat 8: 669cf6b (button) folded before Flop


Poker Hand #TM2996652080: Tournament #128208230, Bounty Hunters Big Game $21.60 Hold'em No Limit - Level7(1,250/2,500) - 2024/02/23 16:04:54
Table '30' 8-max Seat #7 is the button
Seat 1: 7cb4b392 (98,250 in chips)
Seat 2: Hero (95,372 in chips)
Seat 3: 35626720 (61,941 in chips)
Seat 4: e76eaa32 (111,000 in chips)
Seat 5: d3940121 (97,723 in chips)
Seat 6: 2357cd10 (166,814 in chips)
Seat 7: 1e5304a8 (264,566 in chips)
Seat 8: 669cf6b (77,532 in chips)
d3940121: posts the ante 350
7cb4b392: posts the ante 350
1e5304a8: posts the ante 350
Hero: posts the ante 350
e76eaa32: posts the ante 350
2357cd10: posts the ante 350
669cf6b: posts the ante 350
35626720: posts the ante 350
669cf6b: posts small blind 1,250
7cb4b392: posts big blind 2,500
*** HOLE CARDS ***
Dealt to 7cb4b392 
Dealt to Hero [7c Jd]
Dealt to 35626720 
Dealt to e76eaa32 
Dealt to d3940121 
Dealt to 2357cd10 
Dealt to 1e5304a8 
Dealt to 669cf6b 
Hero: folds
35626720: folds
e76eaa32: folds
d3940121: raises 2,500 to 5,000
2357cd10: folds
1e5304a8: folds
669cf6b: folds
7cb4b392: calls 2,500
*** FLOP *** [5h 4c Qc]
7cb4b392: checks
d3940121: bets 4,215
7cb4b392: calls 4,215
*** TURN *** [5h 4c Qc] [9c]
7cb4b392: checks
d3940121: checks
*** RIVER *** [5h 4c Qc 9c] [8h]
7cb4b392: bets 16,860
d3940121: folds
Uncalled bet (16,860) returned to 7cb4b392
*** SHOWDOWN ***
7cb4b392 collected 22,480 from pot
*** SUMMARY ***
Total pot 22,480 | Rake 0 | Jackpot 0 | Bingo 0 | Fortune 0 | Tax 0
Board [5h 4c Qc 9c 8h]
Seat 1: 7cb4b392 (big blind) won (22,480)
Seat 2: Hero folded before Flop
Seat 3: 35626720 folded before Flop
Seat 4: e76eaa32 folded before Flop
Seat 5: d3940121 folded on the River
Seat 6: 2357cd10 folded before Flop
Seat 7: 1e5304a8 (button) folded before Flop
Seat 8: 669cf6b (small blind) folded before Flop


Poker Hand #TM2996652026: Tournament #128208230, Bounty Hunters Big Game $21.60 Hold'em No Limit - Level7(1,250/2,500) - 2024/02/23 16:04:22
Table '30' 8-max Seat #6 is the button
Seat 1: 7cb4b392 (98,600 in chips)
Seat 2: Hero (95,722 in chips)
Seat 3: 35626720 (62,291 in chips)
Seat 4: e76eaa32 (104,800 in chips)
Seat 5: d3940121 (98,073 in chips)
Seat 6: 2357cd10 (167,164 in chips)
Seat 7: 1e5304a8 (266,166 in chips)
Seat 8: 669cf6b (80,382 in chips)
d3940121: posts the ante 350
7cb4b392: posts the ante 350
Hero: posts the ante 350
1e5304a8: posts the ante 350
e76eaa32: posts the ante 350
2357cd10: posts the ante 350
669cf6b: posts the ante 350
35626720: posts the ante 350
1e5304a8: posts small blind 1,250
669cf6b: posts big blind 2,500
*** HOLE CARDS ***
Dealt to 7cb4b392 
Dealt to Hero [3c 6c]
Dealt to 35626720 
Dealt to e76eaa32 
Dealt to d3940121 
Dealt to 2357cd10 
Dealt to 1e5304a8 
Dealt to 669cf6b 
7cb4b392: folds
Hero: folds
35626720: folds
e76eaa32: raises 3,000 to 5,500
d3940121: folds
2357cd10: folds
1e5304a8: folds
669cf6b: folds
Uncalled bet (3,000) returned to e76eaa32
*** SHOWDOWN ***
e76eaa32 collected 9,050 from pot
*** SUMMARY ***
Total pot 9,050 | Rake 0 | Jackpot 0 | Bingo 0 | Fortune 0 | Tax 0
Seat 1: 7cb4b392 folded before Flop
Seat 2: Hero folded before Flop
Seat 3: 35626720 folded before Flop
Seat 4: e76eaa32 collected (9,050)
Seat 5: d3940121 folded before Flop
Seat 6: 2357cd10 (button) folded before Flop
Seat 7: 1e5304a8 (small blind) folded before Flop
Seat 8: 669cf6b (big blind) folded before Flop


Poker Hand #TM2996651889: Tournament #128208230, Bounty Hunters Big Game $21.60 Hold'em No Limit - Level7(1,250/2,500) - 2024/02/23 16:02:59
Table '30' 8-max Seat #5 is the button
Seat 1: 7cb4b392 (98,950 in chips)
Seat 2: Hero (96,072 in chips)
Seat 3: 35626720 (62,641 in chips)
Seat 4: e76eaa32 (105,150 in chips)
Seat 5: d3940121 (110,448 in chips)
Seat 6: 2357cd10 (168,764 in chips)
Seat 7: 1e5304a8 (250,441 in chips)
Seat 8: 669cf6b (80,732 in chips)
d3940121: posts the ante 350
7cb4b392: posts the ante 350
Hero: posts the ante 350
1e5304a8: posts the ante 350
e76eaa32: posts the ante 350
2357cd10: posts the ante 350
669cf6b: posts the ante 350
35626720: posts the ante 350
2357cd10: posts small blind 1,250
1e5304a8: posts big blind 2,500
*** HOLE CARDS ***
Dealt to 7cb4b392 
Dealt to Hero [4h Qd]
Dealt to 35626720 
Dealt to e76eaa32 
Dealt to d3940121 
Dealt to 2357cd10 
Dealt to 1e5304a8 
Dealt to 669cf6b 
669cf6b: folds
7cb4b392: folds
Hero: folds
35626720: folds
e76eaa32: folds
d3940121: raises 2,500 to 5,000
2357cd10: folds
1e5304a8: calls 2,500
*** FLOP *** [Kh 3s 7h]
1e5304a8: checks
d3940121: bets 7,025
1e5304a8: raises 238,066 to 245,091 and is all-in
d3940121: folds
Uncalled bet (238,066) returned to 1e5304a8
*** SHOWDOWN ***
1e5304a8 collected 28,100 from pot
*** SUMMARY ***
Total pot 28,100 | Rake 0 | Jackpot 0 | Bingo 0 | Fortune 0 | Tax 0
Board [Kh 3s 7h]
Seat 1: 7cb4b392 folded before Flop
Seat 2: Hero folded before Flop
Seat 3: 35626720 folded before Flop
Seat 4: e76eaa32 folded before Flop
Seat 5: d3940121 (button) folded on the Flop
Seat 6: 2357cd10 (small blind) folded before Flop
Seat 7: 1e5304a8 (big blind) won (28,100)
Seat 8: 669cf6b folded before Flop


Poker Hand #TM2996651833: Tournament #128208230, Bounty Hunters Big Game $21.60 Hold'em No Limit - Level7(1,250/2,500) - 2024/02/23 16:02:26
Table '30' 8-max Seat #4 is the button
Seat 1: 7cb4b392 (99,300 in chips)
Seat 2: Hero (96,422 in chips)
Seat 3: 35626720 (62,991 in chips)
Seat 4: e76eaa32 (105,500 in chips)
Seat 5: d3940121 (105,498 in chips)
Seat 6: 2357cd10 (171,614 in chips)
Seat 7: 1e5304a8 (250,791 in chips)
Seat 8: 669cf6b (81,082 in chips)
7cb4b392: posts the ante 350
d3940121: posts the ante 350
Hero: posts the ante 350
1e5304a8: posts the ante 350
e76eaa32: posts the ante 350
2357cd10: posts the ante 350
669cf6b: posts the ante 350
35626720: posts the ante 350
d3940121: posts small blind 1,250
2357cd10: posts big blind 2,500
*** HOLE CARDS ***
Dealt to 7cb4b392 
Dealt to Hero [5d Kc]
Dealt to 35626720 
Dealt to e76eaa32 
Dealt to d3940121 
Dealt to 2357cd10 
Dealt to 1e5304a8 
Dealt to 669cf6b 
1e5304a8: folds
669cf6b: folds
7cb4b392: folds
Hero: folds
35626720: folds
e76eaa32: folds
d3940121: raises 6,250 to 8,750
2357cd10: folds
Uncalled bet (6,250) returned to d3940121
*** SHOWDOWN ***
d3940121 collected 7,800 from pot
*** SUMMARY ***
Total pot 7,800 | Rake 0 | Jackpot 0 | Bingo 0 | Fortune 0 | Tax 0
Seat 1: 7cb4b392 folded before Flop
Seat 2: Hero folded before Flop
Seat 3: 35626720 folded before Flop
Seat 4: e76eaa32 (button) folded before Flop
Seat 5: d3940121 (small blind) collected (7,800)
Seat 6: 2357cd10 (big blind) folded before Flop
Seat 7: 1e5304a8 folded before Flop
Seat 8: 669cf6b folded before Flop


Poker Hand #TM2996651636: Tournament #128208230, Bounty Hunters Big Game $21.60 Hold'em No Limit - Level7(1,250/2,500) - 2024/02/23 15:53:56
Table '30' 8-max Seat #3 is the button
Seat 1: 7cb4b392 (99,650 in chips)
Seat 2: Hero (96,772 in chips)
Seat 3: 35626720 (63,341 in chips)
Seat 4: e76eaa32 (107,100 in chips)
Seat 5: d3940121 (110,848 in chips)
Seat 6: 2357cd10 (171,964 in chips)
Seat 7: 1e5304a8 (251,141 in chips)
Seat 8: 669cf6b (72,382 in chips)
7cb4b392: posts the ante 350
d3940121: posts the ante 350
Hero: posts the ante 350
1e5304a8: posts the ante 350
e76eaa32: posts the ante 350
2357cd10: posts the ante 350
669cf6b: posts the ante 350
35626720: posts the ante 350
e76eaa32: posts small blind 1,250
d3940121: posts big blind 2,500
*** HOLE CARDS ***
Dealt to 7cb4b392 
Dealt to Hero [Ks 6c]
Dealt to 35626720 
Dealt to e76eaa32 
Dealt to d3940121 
Dealt to 2357cd10 
Dealt to 1e5304a8 
Dealt to 669cf6b 
2357cd10: folds
1e5304a8: folds
669cf6b: raises 2,500 to 5,000
7cb4b392: folds
Hero: folds
35626720: folds
e76eaa32: folds
d3940121: calls 2,500
*** FLOP *** [4c 7d As]
d3940121: checks
669cf6b: bets 4,637
d3940121: folds
Uncalled bet (4,637) returned to 669cf6b
*** SHOWDOWN ***
669cf6b collected 14,050 from pot
*** SUMMARY ***
Total pot 14,050 | Rake 0 | Jackpot 0 | Bingo 0 | Fortune 0 | Tax 0
Board [4c 7d As]
Seat 1: 7cb4b392 folded before Flop
Seat 2: Hero folded before Flop
Seat 3: 35626720 (button) folded before Flop
Seat 4: e76eaa32 (small blind) folded before Flop
Seat 5: d3940121 (big blind) folded on the Flop
Seat 6: 2357cd10 folded before Flop
Seat 7: 1e5304a8 folded before Flop
Seat 8: 669cf6b won (14,050)


Poker Hand #TM2996651512: Tournament #128208230, Bounty Hunters Big Game $21.60 Hold'em No Limit - Level7(1,250/2,500) - 2024/02/23 15:52:44
Table '30' 8-max Seat #2 is the button
Seat 1: 7cb4b392 (100,000 in chips)
Seat 2: Hero (97,122 in chips)
Seat 3: 35626720 (53,391 in chips)
Seat 4: e76eaa32 (109,950 in chips)
Seat 5: d3940121 (111,198 in chips)
Seat 6: 2357cd10 (172,314 in chips)
Seat 7: 1e5304a8 (256,491 in chips)
Seat 8: 669cf6b (72,732 in chips)
7cb4b392: posts the ante 350
d3940121: posts the ante 350
Hero: posts the ante 350
1e5304a8: posts the ante 350
e76eaa32: posts the ante 350
2357cd10: posts the ante 350
669cf6b: posts the ante 350
35626720: posts the ante 350
35626720: posts small blind 1,250
e76eaa32: posts big blind 2,500
*** HOLE CARDS ***
Dealt to 7cb4b392 
Dealt to Hero [2c 9s]
Dealt to 35626720 
Dealt to e76eaa32 
Dealt to d3940121 
Dealt to 2357cd10 
Dealt to 1e5304a8 
Dealt to 669cf6b 
d3940121: folds
2357cd10: folds
1e5304a8: raises 2,500 to 5,000
669cf6b: folds
7cb4b392: folds
Hero: folds
35626720: raises 48,041 to 53,041 and is all-in
e76eaa32: folds
1e5304a8: folds
Uncalled bet (48,041) returned to 35626720
*** SHOWDOWN ***
35626720 collected 15,300 from pot
*** SUMMARY ***
Total pot 15,300 | Rake 0 | Jackpot 0 | Bingo 0 | Fortune 0 | Tax 0
Seat 1: 7cb4b392 folded before Flop
Seat 2: Hero (button) folded before Flop
Seat 3: 35626720 (small blind) collected (15,300)
Seat 4: e76eaa32 (big blind) folded before Flop
Seat 5: d3940121 folded before Flop
Seat 6: 2357cd10 folded before Flop
Seat 7: 1e5304a8 folded before Flop
Seat 8: 669cf6b folded before Flop


Poker Hand #TM2996651405: Tournament #128208230, Bounty Hunters Big Game $21.60 Hold'em No Limit - Level7(1,250/2,500) - 2024/02/23 15:51:41
Table '30' 8-max Seat #8 is the button
Seat 2: Hero (98,722 in chips)
Seat 3: 35626720 (58,741 in chips)
Seat 4: e76eaa32 (110,300 in chips)
Seat 5: d3940121 (102,848 in chips)
Seat 6: 2357cd10 (172,664 in chips)
Seat 7: 1e5304a8 (256,841 in chips)
Seat 8: 669cf6b (73,082 in chips)
d3940121: posts the ante 350
1e5304a8: posts the ante 350
Hero: posts the ante 350
e76eaa32: posts the ante 350
2357cd10: posts the ante 350
669cf6b: posts the ante 350
35626720: posts the ante 350
Hero: posts small blind 1,250
35626720: posts big blind 2,500
*** HOLE CARDS ***
Dealt to Hero [9d Tc]
Dealt to 35626720 
Dealt to e76eaa32 
Dealt to d3940121 
Dealt to 2357cd10 
Dealt to 1e5304a8 
Dealt to 669cf6b 
e76eaa32: folds
d3940121: raises 2,500 to 5,000
2357cd10: folds
1e5304a8: folds
669cf6b: folds
Hero: folds
35626720: calls 2,500
*** FLOP *** [Ah Td Ks]
35626720: checks
d3940121: bets 4,110
35626720: folds
Uncalled bet (4,110) returned to d3940121
*** SHOWDOWN ***
d3940121 collected 13,700 from pot
*** SUMMARY ***
Total pot 13,700 | Rake 0 | Jackpot 0 | Bingo 0 | Fortune 0 | Tax 0
Board [Ah Td Ks]
Seat 2: Hero (small blind) folded before Flop
Seat 3: 35626720 (big blind) folded on the Flop
Seat 4: e76eaa32 folded before Flop
Seat 5: d3940121 won (13,700)
Seat 6: 2357cd10 folded before Flop
Seat 7: 1e5304a8 folded before Flop
Seat 8: 669cf6b (button) folded before Flop


Poker Hand #TM2996651273: Tournament #128208230, Bounty Hunters Big Game $21.60 Hold'em No Limit - Level7(1,250/2,500) - 2024/02/23 15:50:23
Table '30' 8-max Seat #7 is the button
Seat 1: 5cd09f66 (72,705 in chips)
Seat 2: Hero (104,072 in chips)
Seat 3: 35626720 (59,091 in chips)
Seat 4: e76eaa32 (110,650 in chips)
Seat 5: d3940121 (103,198 in chips)
Seat 6: 2357cd10 (173,014 in chips)
Seat 7: 1e5304a8 (175,786 in chips)
Seat 8: 669cf6b (74,682 in chips)
d3940121: posts the ante 350
1e5304a8: posts the ante 350
Hero: posts the ante 350
e76eaa32: posts the ante 350
5cd09f66: posts the ante 350
2357cd10: posts the ante 350
669cf6b: posts the ante 350
35626720: posts the ante 350
669cf6b: posts small blind 1,250
5cd09f66: posts big blind 2,500
*** HOLE CARDS ***
Dealt to 5cd09f66 
Dealt to Hero [Qc Js]
Dealt to 35626720 
Dealt to e76eaa32 
Dealt to d3940121 
Dealt to 2357cd10 
Dealt to 1e5304a8 
Dealt to 669cf6b 
Hero: raises 2,500 to 5,000
35626720: folds
e76eaa32: folds
d3940121: folds
2357cd10: folds
1e5304a8: calls 5,000
669cf6b: folds
5cd09f66: raises 67,355 to 72,355 and is all-in
Hero: folds
1e5304a8: calls 67,355
5cd09f66: shows [Kh As]
1e5304a8: shows [3c 3s]
*** FLOP *** [8c 6h Tc]
*** TURN *** [8c 6h Tc] [5c]
*** RIVER *** [8c 6h Tc 5c] [Kc]
*** SHOWDOWN ***
1e5304a8 collected 153,760 from pot
*** SUMMARY ***
Total pot 153,760 | Rake 0 | Jackpot 0 | Bingo 0 | Fortune 0 | Tax 0
Board [8c 6h Tc 5c Kc]
Seat 1: 5cd09f66 (big blind) showed [Kh As] and lost with Pair of Kings
Seat 2: Hero folded before Flop
Seat 3: 35626720 folded before Flop
Seat 4: e76eaa32 folded before Flop
Seat 5: d3940121 folded before Flop
Seat 6: 2357cd10 folded before Flop
Seat 7: 1e5304a8 (button) showed [3c 3s] and won (153,760) with King High Flush
Seat 8: 669cf6b (small blind) folded before Flop


Poker Hand #TM2996651229: Tournament #128208230, Bounty Hunters Big Game $21.60 Hold'em No Limit - Level7(1,250/2,500) - 2024/02/23 15:49:53
Table '30' 8-max Seat #6 is the button
Seat 1: 5cd09f66 (66,505 in chips)
Seat 2: Hero (104,422 in chips)
Seat 3: 35626720 (59,441 in chips)
Seat 4: e76eaa32 (111,000 in chips)
Seat 5: d3940121 (103,548 in chips)
Seat 6: 2357cd10 (173,364 in chips)
Seat 7: 1e5304a8 (177,386 in chips)
Seat 8: 669cf6b (77,532 in chips)
d3940121: posts the ante 350
Hero: posts the ante 350
1e5304a8: posts the ante 350
e76eaa32: posts the ante 350
5cd09f66: posts the ante 350
2357cd10: posts the ante 350
669cf6b: posts the ante 350
35626720: posts the ante 350
1e5304a8: posts small blind 1,250
669cf6b: posts big blind 2,500
*** HOLE CARDS ***
Dealt to 5cd09f66 
Dealt to Hero [2c 4d]
Dealt to 35626720 
Dealt to e76eaa32 
Dealt to d3940121 
Dealt to 2357cd10 
Dealt to 1e5304a8 
Dealt to 669cf6b 
5cd09f66: raises 2,500 to 5,000
Hero: folds
35626720: folds
e76eaa32: folds
d3940121: folds
2357cd10: folds
1e5304a8: folds
669cf6b: folds
Uncalled bet (2,500) returned to 5cd09f66
*** SHOWDOWN ***
5cd09f66 collected 9,050 from pot
*** SUMMARY ***
Total pot 9,050 | Rake 0 | Jackpot 0 | Bingo 0 | Fortune 0 | Tax 0
Seat 1: 5cd09f66 collected (9,050)
Seat 2: Hero folded before Flop
Seat 3: 35626720 folded before Flop
Seat 4: e76eaa32 folded before Flop
Seat 5: d3940121 folded before Flop
Seat 6: 2357cd10 (button) folded before Flop
Seat 7: 1e5304a8 (small blind) folded before Flop
Seat 8: 669cf6b (big blind) folded before Flop


Poker Hand #TM2996651118: Tournament #128208230, Bounty Hunters Big Game $21.60 Hold'em No Limit - Level6(1,000/2,000) - 2024/02/23 15:48:46
Table '30' 8-max Seat #5 is the button
Seat 1: 5cd09f66 (66,805 in chips)
Seat 2: Hero (104,722 in chips)
Seat 3: 35626720 (59,741 in chips)
Seat 4: e76eaa32 (111,300 in chips)
Seat 5: d3940121 (96,448 in chips)
Seat 6: 2357cd10 (174,664 in chips)
Seat 7: 1e5304a8 (181,686 in chips)
Seat 8: 669cf6b (77,832 in chips)
d3940121: posts the ante 300
Hero: posts the ante 300
1e5304a8: posts the ante 300
e76eaa32: posts the ante 300
5cd09f66: posts the ante 300
2357cd10: posts the ante 300
669cf6b: posts the ante 300
35626720: posts the ante 300
2357cd10: posts small blind 1,000
1e5304a8: posts big blind 2,000
*** HOLE CARDS ***
Dealt to 5cd09f66 
Dealt to Hero [6c Qs]
Dealt to 35626720 
Dealt to e76eaa32 
Dealt to d3940121 
Dealt to 2357cd10 
Dealt to 1e5304a8 
Dealt to 669cf6b 
669cf6b: folds
5cd09f66: folds
Hero: folds
35626720: folds
e76eaa32: folds
d3940121: raises 2,000 to 4,000
2357cd10: folds
1e5304a8: calls 2,000
*** FLOP *** [Td 6h 4c]
1e5304a8: checks
d3940121: bets 7,980
1e5304a8: folds
Uncalled bet (7,980) returned to d3940121
*** SHOWDOWN ***
d3940121 collected 11,400 from pot
*** SUMMARY ***
Total pot 11,400 | Rake 0 | Jackpot 0 | Bingo 0 | Fortune 0 | Tax 0
Board [Td 6h 4c]
Seat 1: 5cd09f66 folded before Flop
Seat 2: Hero folded before Flop
Seat 3: 35626720 folded before Flop
Seat 4: e76eaa32 folded before Flop
Seat 5: d3940121 (button) won (11,400)
Seat 6: 2357cd10 (small blind) folded before Flop
Seat 7: 1e5304a8 (big blind) folded on the Flop
Seat 8: 669cf6b folded before Flop


Poker Hand #TM2996651060: Tournament #128208230, Bounty Hunters Big Game $21.60 Hold'em No Limit - Level6(1,000/2,000) - 2024/02/23 15:48:10
Table '30' 8-max Seat #4 is the button
Seat 1: 5cd09f66 (67,105 in chips)
Seat 2: Hero (105,022 in chips)
Seat 3: 35626720 (60,041 in chips)
Seat 4: e76eaa32 (111,600 in chips)
Seat 5: d3940121 (97,748 in chips)
Seat 6: 2357cd10 (176,964 in chips)
Seat 7: 1e5304a8 (176,586 in chips)
Seat 8: 669cf6b (78,132 in chips)
d3940121: posts the ante 300
Hero: posts the ante 300
1e5304a8: posts the ante 300
e76eaa32: posts the ante 300
5cd09f66: posts the ante 300
2357cd10: posts the ante 300
669cf6b: posts the ante 300
35626720: posts the ante 300
d3940121: posts small blind 1,000
2357cd10: posts big blind 2,000
*** HOLE CARDS ***
Dealt to 5cd09f66 
Dealt to Hero [9d 5s]
Dealt to 35626720 
Dealt to e76eaa32 
Dealt to d3940121 
Dealt to 2357cd10 
Dealt to 1e5304a8 
Dealt to 669cf6b 
1e5304a8: raises 2,000 to 4,000
669cf6b: folds
5cd09f66: folds
Hero: folds
35626720: folds
e76eaa32: folds
d3940121: folds
2357cd10: folds
Uncalled bet (2,000) returned to 1e5304a8
*** SHOWDOWN ***
1e5304a8 collected 7,400 from pot
*** SUMMARY ***
Total pot 7,400 | Rake 0 | Jackpot 0 | Bingo 0 | Fortune 0 | Tax 0
Seat 1: 5cd09f66 folded before Flop
Seat 2: Hero folded before Flop
Seat 3: 35626720 folded before Flop
Seat 4: e76eaa32 (button) folded before Flop
Seat 5: d3940121 (small blind) folded before Flop
Seat 6: 2357cd10 (big blind) folded before Flop
Seat 7: 1e5304a8 collected (7,400)
Seat 8: 669cf6b folded before Flop


Poker Hand #TM2996650824: Tournament #128208230, Bounty Hunters Big Game $21.60 Hold'em No Limit - Level6(1,000/2,000) - 2024/02/23 15:45:51
Table '30' 8-max Seat #3 is the button
Seat 1: 5cd09f66 (67,405 in chips)
Seat 2: Hero (105,322 in chips)
Seat 3: 35626720 (146,123 in chips)
Seat 4: e76eaa32 (112,900 in chips)
Seat 5: d3940121 (100,048 in chips)
Seat 6: 2357cd10 (86,082 in chips)
Seat 7: 1e5304a8 (176,886 in chips)
Seat 8: 669cf6b (78,432 in chips)
d3940121: posts the ante 300
Hero: posts the ante 300
1e5304a8: posts the ante 300
e76eaa32: posts the ante 300
5cd09f66: posts the ante 300
2357cd10: posts the ante 300
669cf6b: posts the ante 300
35626720: posts the ante 300
e76eaa32: posts small blind 1,000
d3940121: posts big blind 2,000
*** HOLE CARDS ***
Dealt to 5cd09f66 
Dealt to Hero [Jc 2d]
Dealt to 35626720 
Dealt to e76eaa32 
Dealt to d3940121 
Dealt to 2357cd10 
Dealt to 1e5304a8 
Dealt to 669cf6b 
2357cd10: calls 2,000
1e5304a8: folds
669cf6b: folds
5cd09f66: folds
Hero: folds
35626720: raises 4,400 to 6,400
e76eaa32: folds
d3940121: folds
2357cd10: calls 4,400
*** FLOP *** [4h 8d Ad]
2357cd10: bets 2,000
35626720: raises 5,800 to 7,800
2357cd10: calls 5,800
*** TURN *** [4h 8d Ad] [3d]
2357cd10: checks
35626720: bets 12,000
2357cd10: calls 12,000
*** RIVER *** [4h 8d Ad 3d] [Qs]
2357cd10: bets 21,074
35626720: raises 49,974 to 71,048
2357cd10: calls 38,508 and is all-in
Uncalled bet (11,466) returned to 35626720
35626720: shows [Ac Qc] (Pair of Aces and Pair of Queens)
2357cd10: shows [9d Kd] (Ace High Flush)
*** SHOWDOWN ***
2357cd10 collected 176,964 from pot
*** SUMMARY ***
Total pot 176,964 | Rake 0 | Jackpot 0 | Bingo 0 | Fortune 0 | Tax 0
Board [4h 8d Ad 3d Qs]
Seat 1: 5cd09f66 folded before Flop
Seat 2: Hero folded before Flop
Seat 3: 35626720 (button) showed [Ac Qc] and lost with Pair of Aces and Pair of Queens
Seat 4: e76eaa32 (small blind) folded before Flop
Seat 5: d3940121 (big blind) folded before Flop
Seat 6: 2357cd10 showed [9d Kd] and won (176,964) with Ace High Flush
Seat 7: 1e5304a8 folded before Flop
Seat 8: 669cf6b folded before Flop


Poker Hand #TM2996650604: Tournament #128208230, Bounty Hunters Big Game $21.60 Hold'em No Limit - Level6(1,000/2,000) - 2024/02/23 15:43:36
Table '30' 8-max Seat #2 is the button
Seat 1: 5cd09f66 (67,705 in chips)
Seat 2: Hero (105,622 in chips)
Seat 3: 35626720 (157,223 in chips)
Seat 4: e76eaa32 (100,000 in chips)
Seat 5: d3940121 (100,348 in chips)
Seat 6: 2357cd10 (86,382 in chips)
Seat 7: 1e5304a8 (177,186 in chips)
Seat 8: 669cf6b (78,732 in chips)
d3940121: posts the ante 300
Hero: posts the ante 300
1e5304a8: posts the ante 300
e76eaa32: posts the ante 300
5cd09f66: posts the ante 300
2357cd10: posts the ante 300
669cf6b: posts the ante 300
35626720: posts the ante 300
35626720: posts small blind 1,000
e76eaa32: posts big blind 2,000
*** HOLE CARDS ***
Dealt to 5cd09f66 
Dealt to Hero [8s 5c]
Dealt to 35626720 
Dealt to e76eaa32 
Dealt to d3940121 
Dealt to 2357cd10 
Dealt to 1e5304a8 
Dealt to 669cf6b 
d3940121: folds
2357cd10: folds
1e5304a8: folds
669cf6b: folds
5cd09f66: folds
Hero: folds
35626720: raises 4,000 to 6,000
e76eaa32: calls 4,000
*** FLOP *** [Ac 4d Td]
35626720: bets 4,800
e76eaa32: calls 4,800
*** TURN *** [Ac 4d Td] [3s]
35626720: checks
e76eaa32: checks
*** RIVER *** [Ac 4d Td 3s] [2h]
35626720: checks
e76eaa32: bets 19,840
35626720: folds
Uncalled bet (19,840) returned to e76eaa32
*** SHOWDOWN ***
e76eaa32 collected 24,000 from pot
*** SUMMARY ***
Total pot 24,000 | Rake 0 | Jackpot 0 | Bingo 0 | Fortune 0 | Tax 0
Board [Ac 4d Td 3s 2h]
Seat 1: 5cd09f66 folded before Flop
Seat 2: Hero (button) folded before Flop
Seat 3: 35626720 (small blind) folded on the River
Seat 4: e76eaa32 (big blind) won (24,000)
Seat 5: d3940121 folded before Flop
Seat 6: 2357cd10 folded before Flop
Seat 7: 1e5304a8 folded before Flop
Seat 8: 669cf6b folded before Flop


Poker Hand #TM2996650399: Tournament #128208230, Bounty Hunters Big Game $21.60 Hold'em No Limit - Level6(1,000/2,000) - 2024/02/23 15:41:30
Table '30' 8-max Seat #1 is the button
Seat 1: 5cd09f66 (117,596 in chips)
Seat 2: Hero (106,922 in chips)
Seat 3: 35626720 (104,832 in chips)
Seat 5: d3940121 (100,648 in chips)
Seat 6: 2357cd10 (86,682 in chips)
Seat 7: 1e5304a8 (177,486 in chips)
Seat 8: 669cf6b (79,032 in chips)
d3940121: posts the ante 300
1e5304a8: posts the ante 300
Hero: posts the ante 300
5cd09f66: posts the ante 300
2357cd10: posts the ante 300
669cf6b: posts the ante 300
35626720: posts the ante 300
Hero: posts small blind 1,000
35626720: posts big blind 2,000
*** HOLE CARDS ***
Dealt to 5cd09f66 
Dealt to Hero [2s Qh]
Dealt to 35626720 
Dealt to d3940121 
Dealt to 2357cd10 
Dealt to 1e5304a8 
Dealt to 669cf6b 
d3940121: folds
2357cd10: folds
1e5304a8: folds
669cf6b: folds
5cd09f66: raises 2,000 to 4,000
Hero: folds
35626720: raises 10,800 to 14,800
5cd09f66: calls 10,800
*** FLOP *** [5c 8d 5d]
35626720: bets 12,791
5cd09f66: calls 12,791
*** TURN *** [5c 8d 5d] [9s]
35626720: bets 22,000
5cd09f66: calls 22,000
*** RIVER *** [5c 8d 5d 9s] [Qc]
35626720: checks
5cd09f66: checks
35626720: shows [Td Tc] (Pair of Tens and Pair of Fives)
5cd09f66: shows [6c 6h] (Pair of Sixes and Pair of Fives)
*** SHOWDOWN ***
35626720 collected 102,282 from pot
*** SUMMARY ***
Total pot 102,282 | Rake 0 | Jackpot 0 | Bingo 0 | Fortune 0 | Tax 0
Board [5c 8d 5d 9s Qc]
Seat 1: 5cd09f66 (button) showed [6c 6h] and lost with Pair of Sixes and Pair of Fives
Seat 2: Hero (small blind) folded before Flop
Seat 3: 35626720 (big blind) showed [Td Tc] and won (102,282) with Pair of Tens and Pair of Fives
Seat 5: d3940121 folded before Flop
Seat 6: 2357cd10 folded before Flop
Seat 7: 1e5304a8 folded before Flop
Seat 8: 669cf6b folded before Flop


Poker Hand #TM2996650272: Tournament #128208230, Bounty Hunters Big Game $21.60 Hold'em No Limit - Level6(1,000/2,000) - 2024/02/23 15:40:14
Table '30' 8-max Seat #8 is the button
Seat 1: 5cd09f66 (71,060 in chips)
Seat 2: Hero (109,222 in chips)
Seat 3: 35626720 (105,132 in chips)
Seat 4: 912da3b4 (42,736 in chips)
Seat 5: d3940121 (100,948 in chips)
Seat 6: 2357cd10 (86,982 in chips)
Seat 7: 1e5304a8 (177,786 in chips)
Seat 8: 669cf6b (79,332 in chips)
d3940121: posts the ante 300
1e5304a8: posts the ante 300
Hero: posts the ante 300
5cd09f66: posts the ante 300
912da3b4: posts the ante 300
2357cd10: posts the ante 300
669cf6b: posts the ante 300
35626720: posts the ante 300
5cd09f66: posts small blind 1,000
Hero: posts big blind 2,000
*** HOLE CARDS ***
Dealt to 5cd09f66 
Dealt to Hero [Ad 2c]
Dealt to 35626720 
Dealt to 912da3b4 
Dealt to d3940121 
Dealt to 2357cd10 
Dealt to 1e5304a8 
Dealt to 669cf6b 
35626720: folds
912da3b4: raises 2,000 to 4,000
d3940121: folds
2357cd10: folds
1e5304a8: folds
669cf6b: folds
5cd09f66: raises 10,000 to 14,000
Hero: folds
912da3b4: raises 28,436 to 42,436 and is all-in
5cd09f66: calls 28,436
912da3b4: shows [8d 8s]
5cd09f66: shows [Ah Qd]
*** FLOP *** [3c 9d Qs]
*** TURN *** [3c 9d Qs] [4h]
*** RIVER *** [3c 9d Qs 4h] [7c]
*** SHOWDOWN ***
5cd09f66 collected 89,272 from pot
*** SUMMARY ***
Total pot 89,272 | Rake 0 | Jackpot 0 | Bingo 0 | Fortune 0 | Tax 0
Board [3c 9d Qs 4h 7c]
Seat 1: 5cd09f66 (small blind) showed [Ah Qd] and won (89,272) with Pair of Queens
Seat 2: Hero (big blind) folded before Flop
Seat 3: 35626720 folded before Flop
Seat 4: 912da3b4 showed [8d 8s] and lost with Pair of Eights
Seat 5: d3940121 folded before Flop
Seat 6: 2357cd10 folded before Flop
Seat 7: 1e5304a8 folded before Flop
Seat 8: 669cf6b (button) folded before Flop


Poker Hand #TM2996650206: Tournament #128208230, Bounty Hunters Big Game $21.60 Hold'em No Limit - Level6(1,000/2,000) - 2024/02/23 15:39:31
Table '30' 8-max Seat #7 is the button
Seat 1: 5cd09f66 (75,360 in chips)
Seat 2: Hero (109,522 in chips)
Seat 3: 35626720 (105,432 in chips)
Seat 4: 912da3b4 (43,036 in chips)
Seat 5: d3940121 (93,848 in chips)
Seat 6: 2357cd10 (87,282 in chips)
Seat 7: 1e5304a8 (178,086 in chips)
Seat 8: 669cf6b (80,632 in chips)
d3940121: posts the ante 300
1e5304a8: posts the ante 300
Hero: posts the ante 300
5cd09f66: posts the ante 300
912da3b4: posts the ante 300
2357cd10: posts the ante 300
669cf6b: posts the ante 300
35626720: posts the ante 300
669cf6b: posts small blind 1,000
5cd09f66: posts big blind 2,000
*** HOLE CARDS ***
Dealt to 5cd09f66 
Dealt to Hero [7h Jh]
Dealt to 35626720 
Dealt to 912da3b4 
Dealt to d3940121 
Dealt to 2357cd10 
Dealt to 1e5304a8 
Dealt to 669cf6b 
Hero: folds
35626720: folds
912da3b4: folds
d3940121: raises 2,000 to 4,000
2357cd10: folds
1e5304a8: folds
669cf6b: folds
5cd09f66: calls 2,000
*** FLOP *** [2s Ac Kh]
5cd09f66: checks
d3940121: bets 3,420
5cd09f66: folds
Uncalled bet (3,420) returned to d3940121
*** SHOWDOWN ***
d3940121 collected 11,400 from pot
*** SUMMARY ***
Total pot 11,400 | Rake 0 | Jackpot 0 | Bingo 0 | Fortune 0 | Tax 0
Board [2s Ac Kh]
Seat 1: 5cd09f66 (big blind) folded on the Flop
Seat 2: Hero folded before Flop
Seat 3: 35626720 folded before Flop
Seat 4: 912da3b4 folded before Flop
Seat 5: d3940121 won (11,400)
Seat 6: 2357cd10 folded before Flop
Seat 7: 1e5304a8 (button) folded before Flop
Seat 8: 669cf6b (small blind) folded before Flop


Poker Hand #TM2996650162: Tournament #128208230, Bounty Hunters Big Game $21.60 Hold'em No Limit - Level6(1,000/2,000) - 2024/02/23 15:39:04
Table '30' 8-max Seat #6 is the button
Seat 1: 5cd09f66 (75,660 in chips)
Seat 2: Hero (109,822 in chips)
Seat 3: 35626720 (105,732 in chips)
Seat 4: 912da3b4 (37,936 in chips)
Seat 5: d3940121 (94,148 in chips)
Seat 6: 2357cd10 (87,582 in chips)
Seat 7: 1e5304a8 (179,386 in chips)
Seat 8: 669cf6b (82,932 in chips)
d3940121: posts the ante 300
Hero: posts the ante 300
1e5304a8: posts the ante 300
5cd09f66: posts the ante 300
912da3b4: posts the ante 300
2357cd10: posts the ante 300
669cf6b: posts the ante 300
35626720: posts the ante 300
1e5304a8: posts small blind 1,000
669cf6b: posts big blind 2,000
*** HOLE CARDS ***
Dealt to 5cd09f66 
Dealt to Hero [3s 6s]
Dealt to 35626720 
Dealt to 912da3b4 
Dealt to d3940121 
Dealt to 2357cd10 
Dealt to 1e5304a8 
Dealt to 669cf6b 
5cd09f66: folds
Hero: folds
35626720: folds
912da3b4: raises 2,000 to 4,000
d3940121: folds
2357cd10: folds
1e5304a8: folds
669cf6b: folds
Uncalled bet (2,000) returned to 912da3b4
*** SHOWDOWN ***
912da3b4 collected 7,400 from pot
*** SUMMARY ***
Total pot 7,400 | Rake 0 | Jackpot 0 | Bingo 0 | Fortune 0 | Tax 0
Seat 1: 5cd09f66 folded before Flop
Seat 2: Hero folded before Flop
Seat 3: 35626720 folded before Flop
Seat 4: 912da3b4 collected (7,400)
Seat 5: d3940121 folded before Flop
Seat 6: 2357cd10 (button) folded before Flop
Seat 7: 1e5304a8 (small blind) folded before Flop
Seat 8: 669cf6b (big blind) folded before Flop


Poker Hand #TM2996650036: Tournament #128208230, Bounty Hunters Big Game $21.60 Hold'em No Limit - Level6(1,000/2,000) - 2024/02/23 15:37:51
Table '30' 8-max Seat #5 is the button
Seat 1: 5cd09f66 (75,960 in chips)
Seat 2: Hero (110,122 in chips)
Seat 3: 35626720 (106,032 in chips)
Seat 4: 912da3b4 (17,568 in chips)
Seat 5: d3940121 (94,448 in chips)
Seat 6: 2357cd10 (88,882 in chips)
Seat 7: 1e5304a8 (196,954 in chips)
Seat 8: 669cf6b (83,232 in chips)
d3940121: posts the ante 300
Hero: posts the ante 300
1e5304a8: posts the ante 300
5cd09f66: posts the ante 300
912da3b4: posts the ante 300
2357cd10: posts the ante 300
669cf6b: posts the ante 300
35626720: posts the ante 300
2357cd10: posts small blind 1,000
1e5304a8: posts big blind 2,000
*** HOLE CARDS ***
Dealt to 5cd09f66 
Dealt to Hero [4s 5c]
Dealt to 35626720 
Dealt to 912da3b4 
Dealt to d3940121 
Dealt to 2357cd10 
Dealt to 1e5304a8 
Dealt to 669cf6b 
669cf6b: folds
5cd09f66: folds
Hero: folds
35626720: folds
912da3b4: raises 15,268 to 17,268 and is all-in
d3940121: folds
2357cd10: folds
1e5304a8: calls 15,268
912da3b4: shows [Kc Qs]
1e5304a8: shows [9c 4d]
*** FLOP *** [Ks 4c Tc]
*** TURN *** [Ks 4c Tc] [6d]
*** RIVER *** [Ks 4c Tc 6d] [Qc]
*** SHOWDOWN ***
912da3b4 collected 37,936 from pot
*** SUMMARY ***
Total pot 37,936 | Rake 0 | Jackpot 0 | Bingo 0 | Fortune 0 | Tax 0
Board [Ks 4c Tc 6d Qc]
Seat 1: 5cd09f66 folded before Flop
Seat 2: Hero folded before Flop
Seat 3: 35626720 folded before Flop
Seat 4: 912da3b4 showed [Kc Qs] and won (37,936) with Pair of Kings and Pair of Queens
Seat 5: d3940121 (button) folded before Flop
Seat 6: 2357cd10 (small blind) folded before Flop
Seat 7: 1e5304a8 (big blind) showed [9c 4d] and lost with Pair of Fours
Seat 8: 669cf6b folded before Flop


Poker Hand #TM2996649976: Tournament #128208230, Bounty Hunters Big Game $21.60 Hold'em No Limit - Level6(1,000/2,000) - 2024/02/23 15:37:15
Table '30' 8-max Seat #4 is the button
Seat 1: 5cd09f66 (76,260 in chips)
Seat 2: Hero (110,422 in chips)
Seat 3: 35626720 (106,332 in chips)
Seat 4: 912da3b4 (17,868 in chips)
Seat 5: d3940121 (95,748 in chips)
Seat 6: 2357cd10 (91,182 in chips)
Seat 7: 1e5304a8 (201,254 in chips)
Seat 8: 669cf6b (74,132 in chips)
d3940121: posts the ante 300
Hero: posts the ante 300
1e5304a8: posts the ante 300
5cd09f66: posts the ante 300
912da3b4: posts the ante 300
2357cd10: posts the ante 300
669cf6b: posts the ante 300
35626720: posts the ante 300
d3940121: posts small blind 1,000
2357cd10: posts big blind 2,000
*** HOLE CARDS ***
Dealt to 5cd09f66 
Dealt to Hero [9c 9h]
Dealt to 35626720 
Dealt to 912da3b4 
Dealt to d3940121 
Dealt to 2357cd10 
Dealt to 1e5304a8 
Dealt to 669cf6b 
1e5304a8: raises 2,000 to 4,000
669cf6b: raises 10,050 to 14,050
5cd09f66: folds
Hero: folds
35626720: folds
912da3b4: folds
d3940121: folds
2357cd10: folds
1e5304a8: folds
Uncalled bet (10,050) returned to 669cf6b
*** SHOWDOWN ***
669cf6b collected 13,400 from pot
*** SUMMARY ***
Total pot 13,400 | Rake 0 | Jackpot 0 | Bingo 0 | Fortune 0 | Tax 0
Seat 1: 5cd09f66 folded before Flop
Seat 2: Hero folded before Flop
Seat 3: 35626720 folded before Flop
Seat 4: 912da3b4 (button) folded before Flop
Seat 5: d3940121 (small blind) folded before Flop
Seat 6: 2357cd10 (big blind) folded before Flop
Seat 7: 1e5304a8 folded before Flop
Seat 8: 669cf6b collected (13,400)


Poker Hand #TM2996649828: Tournament #128208230, Bounty Hunters Big Game $21.60 Hold'em No Limit - Level5(800/1,600) - 2024/02/23 15:35:46
Table '30' 8-max Seat #3 is the button
Seat 1: 5cd09f66 (76,510 in chips)
Seat 2: Hero (97,152 in chips)
Seat 3: 35626720 (106,582 in chips)
Seat 4: 912da3b4 (18,918 in chips)
Seat 5: d3940121 (99,198 in chips)
Seat 6: 2357cd10 (91,432 in chips)
Seat 7: 1e5304a8 (209,024 in chips)
Seat 8: 669cf6b (74,382 in chips)
d3940121: posts the ante 250
Hero: posts the ante 250
1e5304a8: posts the ante 250
5cd09f66: posts the ante 250
912da3b4: posts the ante 250
2357cd10: posts the ante 250
669cf6b: posts the ante 250
35626720: posts the ante 250
912da3b4: posts small blind 800
d3940121: posts big blind 1,600
*** HOLE CARDS ***
Dealt to 5cd09f66 
Dealt to Hero [Ah As]
Dealt to 35626720 
Dealt to 912da3b4 
Dealt to d3940121 
Dealt to 2357cd10 
Dealt to 1e5304a8 
Dealt to 669cf6b 
2357cd10: folds
1e5304a8: raises 1,600 to 3,200
669cf6b: folds
5cd09f66: folds
Hero: calls 3,200
35626720: folds
912da3b4: folds
d3940121: calls 1,600
*** FLOP *** [9c 7d 4c]
d3940121: checks
1e5304a8: bets 4,320
Hero: raises 13,173 to 17,493
d3940121: folds
1e5304a8: folds
Uncalled bet (13,173) returned to Hero
*** SHOWDOWN ***
Hero collected 21,040 from pot
*** SUMMARY ***
Total pot 21,040 | Rake 0 | Jackpot 0 | Bingo 0 | Fortune 0 | Tax 0
Board [9c 7d 4c]
Seat 1: 5cd09f66 folded before Flop
Seat 2: Hero won (21,040)
Seat 3: 35626720 (button) folded before Flop
Seat 4: 912da3b4 (small blind) folded before Flop
Seat 5: d3940121 (big blind) folded on the Flop
Seat 6: 2357cd10 folded before Flop
Seat 7: 1e5304a8 folded on the Flop
Seat 8: 669cf6b folded before Flop


Poker Hand #TM2996649725: Tournament #128208230, Bounty Hunters Big Game $21.60 Hold'em No Limit - Level5(800/1,600) - 2024/02/23 15:34:49
Table '30' 8-max Seat #2 is the button
Seat 1: 5cd09f66 (76,760 in chips)
Seat 2: Hero (89,802 in chips)
Seat 3: 35626720 (107,632 in chips)
Seat 4: 912da3b4 (20,768 in chips)
Seat 5: d3940121 (99,448 in chips)
Seat 6: 2357cd10 (91,682 in chips)
Seat 7: 1e5304a8 (212,474 in chips)
Seat 8: 669cf6b (74,632 in chips)
d3940121: posts the ante 250
Hero: posts the ante 250
1e5304a8: posts the ante 250
5cd09f66: posts the ante 250
912da3b4: posts the ante 250
2357cd10: posts the ante 250
669cf6b: posts the ante 250
35626720: posts the ante 250
35626720: posts small blind 800
912da3b4: posts big blind 1,600
*** HOLE CARDS ***
Dealt to 5cd09f66 
Dealt to Hero [Ah Th]
Dealt to 35626720 
Dealt to 912da3b4 
Dealt to d3940121 
Dealt to 2357cd10 
Dealt to 1e5304a8 
Dealt to 669cf6b 
d3940121: folds
2357cd10: folds
1e5304a8: raises 1,600 to 3,200
669cf6b: folds
5cd09f66: folds
Hero: calls 3,200
35626720: folds
912da3b4: folds
*** FLOP *** [2c Ac As]
1e5304a8: checks
Hero: bets 2,700
1e5304a8: folds
Uncalled bet (2,700) returned to Hero
*** SHOWDOWN ***
Hero collected 10,800 from pot
*** SUMMARY ***
Total pot 10,800 | Rake 0 | Jackpot 0 | Bingo 0 | Fortune 0 | Tax 0
Board [2c Ac As]
Seat 1: 5cd09f66 folded before Flop
Seat 2: Hero (button) won (10,800)
Seat 3: 35626720 (small blind) folded before Flop
Seat 4: 912da3b4 (big blind) folded before Flop
Seat 5: d3940121 folded before Flop
Seat 6: 2357cd10 folded before Flop
Seat 7: 1e5304a8 folded on the Flop
Seat 8: 669cf6b folded before Flop


Poker Hand #TM2996649648: Tournament #128208230, Bounty Hunters Big Game $21.60 Hold'em No Limit - Level5(800/1,600) - 2024/02/23 15:34:09
Table '30' 8-max Seat #1 is the button
Seat 1: 5cd09f66 (69,410 in chips)
Seat 2: Hero (90,852 in chips)
Seat 3: 35626720 (109,482 in chips)
Seat 4: 912da3b4 (21,018 in chips)
Seat 5: d3940121 (99,698 in chips)
Seat 6: 2357cd10 (91,932 in chips)
Seat 7: 1e5304a8 (215,924 in chips)
Seat 8: 669cf6b (74,882 in chips)
d3940121: posts the ante 250
1e5304a8: posts the ante 250
Hero: posts the ante 250
5cd09f66: posts the ante 250
912da3b4: posts the ante 250
2357cd10: posts the ante 250
669cf6b: posts the ante 250
35626720: posts the ante 250
Hero: posts small blind 800
35626720: posts big blind 1,600
*** HOLE CARDS ***
Dealt to 5cd09f66 
Dealt to Hero [Jh 7d]
Dealt to 35626720 
Dealt to 912da3b4 
Dealt to d3940121 
Dealt to 2357cd10 
Dealt to 1e5304a8 
Dealt to 669cf6b 
912da3b4: folds
d3940121: folds
2357cd10: folds
1e5304a8: raises 1,600 to 3,200
669cf6b: folds
5cd09f66: calls 3,200
Hero: folds
35626720: folds
*** FLOP *** [5s 5d Ts]
1e5304a8: checks
5cd09f66: bets 3,564
1e5304a8: folds
Uncalled bet (3,564) returned to 5cd09f66
*** SHOWDOWN ***
5cd09f66 collected 10,800 from pot
*** SUMMARY ***
Total pot 10,800 | Rake 0 | Jackpot 0 | Bingo 0 | Fortune 0 | Tax 0
Board [5s 5d Ts]
Seat 1: 5cd09f66 (button) won (10,800)
Seat 2: Hero (small blind) folded before Flop
Seat 3: 35626720 (big blind) folded before Flop
Seat 4: 912da3b4 folded before Flop
Seat 5: d3940121 folded before Flop
Seat 6: 2357cd10 folded before Flop
Seat 7: 1e5304a8 folded on the Flop
Seat 8: 669cf6b folded before Flop


Poker Hand #TM2996649551: Tournament #128208230, Bounty Hunters Big Game $21.60 Hold'em No Limit - Level5(800/1,600) - 2024/02/23 15:33:12
Table '30' 8-max Seat #8 is the button
Seat 1: 5cd09f66 (70,460 in chips)
Seat 2: Hero (94,302 in chips)
Seat 3: 35626720 (109,732 in chips)
Seat 4: 912da3b4 (21,268 in chips)
Seat 5: d3940121 (99,948 in chips)
Seat 6: 2357cd10 (92,182 in chips)
Seat 7: 1e5304a8 (210,174 in chips)
Seat 8: 669cf6b (75,132 in chips)
d3940121: posts the ante 250
1e5304a8: posts the ante 250
Hero: posts the ante 250
5cd09f66: posts the ante 250
912da3b4: posts the ante 250
2357cd10: posts the ante 250
669cf6b: posts the ante 250
35626720: posts the ante 250
5cd09f66: posts small blind 800
Hero: posts big blind 1,600
*** HOLE CARDS ***
Dealt to 5cd09f66 
Dealt to Hero [Ts Qc]
Dealt to 35626720 
Dealt to 912da3b4 
Dealt to d3940121 
Dealt to 2357cd10 
Dealt to 1e5304a8 
Dealt to 669cf6b 
35626720: folds
912da3b4: folds
d3940121: folds
2357cd10: folds
1e5304a8: raises 1,600 to 3,200
669cf6b: folds
5cd09f66: folds
Hero: calls 1,600
*** FLOP *** [5c 5h Js]
Hero: checks
1e5304a8: bets 3,128
Hero: folds
Uncalled bet (3,128) returned to 1e5304a8
*** SHOWDOWN ***
1e5304a8 collected 9,200 from pot
*** SUMMARY ***
Total pot 9,200 | Rake 0 | Jackpot 0 | Bingo 0 | Fortune 0 | Tax 0
Board [5c 5h Js]
Seat 1: 5cd09f66 (small blind) folded before Flop
Seat 2: Hero (big blind) folded on the Flop
Seat 3: 35626720 folded before Flop
Seat 4: 912da3b4 folded before Flop
Seat 5: d3940121 folded before Flop
Seat 6: 2357cd10 folded before Flop
Seat 7: 1e5304a8 won (9,200)
Seat 8: 669cf6b (button) folded before Flop


Poker Hand #TM2996649481: Tournament #128208230, Bounty Hunters Big Game $21.60 Hold'em No Limit - Level5(800/1,600) - 2024/02/23 15:32:32
Table '30' 8-max Seat #7 is the button
Seat 1: 5cd09f66 (72,310 in chips)
Seat 2: Hero (90,152 in chips)
Seat 3: 35626720 (109,982 in chips)
Seat 4: 912da3b4 (21,518 in chips)
Seat 5: d3940121 (100,198 in chips)
Seat 6: 2357cd10 (92,432 in chips)
Seat 7: 1e5304a8 (210,424 in chips)
Seat 8: 669cf6b (76,182 in chips)
d3940121: posts the ante 250
1e5304a8: posts the ante 250
Hero: posts the ante 250
5cd09f66: posts the ante 250
912da3b4: posts the ante 250
2357cd10: posts the ante 250
669cf6b: posts the ante 250
35626720: posts the ante 250
669cf6b: posts small blind 800
5cd09f66: posts big blind 1,600
*** HOLE CARDS ***
Dealt to 5cd09f66 
Dealt to Hero [Jc Ks]
Dealt to 35626720 
Dealt to 912da3b4 
Dealt to d3940121 
Dealt to 2357cd10 
Dealt to 1e5304a8 
Dealt to 669cf6b 
Hero: raises 1,600 to 3,200
35626720: folds
912da3b4: folds
d3940121: folds
2357cd10: folds
1e5304a8: folds
669cf6b: folds
5cd09f66: folds
Uncalled bet (1,600) returned to Hero
*** SHOWDOWN ***
Hero collected 6,000 from pot
*** SUMMARY ***
Total pot 6,000 | Rake 0 | Jackpot 0 | Bingo 0 | Fortune 0 | Tax 0
Seat 1: 5cd09f66 (big blind) folded before Flop
Seat 2: Hero collected (6,000)
Seat 3: 35626720 folded before Flop
Seat 4: 912da3b4 folded before Flop
Seat 5: d3940121 folded before Flop
Seat 6: 2357cd10 folded before Flop
Seat 7: 1e5304a8 (button) folded before Flop
Seat 8: 669cf6b (small blind) folded before Flop


Poker Hand #TM2996649299: Tournament #128208230, Bounty Hunters Big Game $21.60 Hold'em No Limit - Level5(800/1,600) - 2024/02/23 15:30:49
Table '30' 8-max Seat #6 is the button
Seat 1: 5cd09f66 (72,560 in chips)
Seat 2: Hero (96,102 in chips)
Seat 3: 35626720 (110,232 in chips)
Seat 4: 912da3b4 (21,768 in chips)
Seat 5: d3940121 (100,448 in chips)
Seat 6: 2357cd10 (92,682 in chips)
Seat 7: 1e5304a8 (201,374 in chips)
Seat 8: 669cf6b (78,032 in chips)
d3940121: posts the ante 250
Hero: posts the ante 250
1e5304a8: posts the ante 250
5cd09f66: posts the ante 250
912da3b4: posts the ante 250
2357cd10: posts the ante 250
669cf6b: posts the ante 250
35626720: posts the ante 250
1e5304a8: posts small blind 800
669cf6b: posts big blind 1,600
*** HOLE CARDS ***
Dealt to 5cd09f66 
Dealt to Hero [Qc Kh]
Dealt to 35626720 
Dealt to 912da3b4 
Dealt to d3940121 
Dealt to 2357cd10 
Dealt to 1e5304a8 
Dealt to 669cf6b 
5cd09f66: folds
Hero: raises 1,600 to 3,200
35626720: folds
912da3b4: folds
d3940121: folds
2357cd10: folds
1e5304a8: calls 2,400
669cf6b: folds
*** FLOP *** [5h As Ad]
1e5304a8: checks
Hero: bets 2,500
1e5304a8: calls 2,500
*** TURN *** [5h As Ad] [3s]
1e5304a8: checks
Hero: checks
*** RIVER *** [5h As Ad 3s] [2s]
1e5304a8: checks
Hero: checks
1e5304a8: shows [Ac Tc] (Three Aces)
Hero: shows [Qc Kh] (Pair of Aces)
*** SHOWDOWN ***
1e5304a8 collected 15,000 from pot
*** SUMMARY ***
Total pot 15,000 | Rake 0 | Jackpot 0 | Bingo 0 | Fortune 0 | Tax 0
Board [5h As Ad 3s 2s]
Seat 1: 5cd09f66 folded before Flop
Seat 2: Hero showed [Qc Kh] and lost with Pair of Aces
Seat 3: 35626720 folded before Flop
Seat 4: 912da3b4 folded before Flop
Seat 5: d3940121 folded before Flop
Seat 6: 2357cd10 (button) folded before Flop
Seat 7: 1e5304a8 (small blind) showed [Ac Tc] and won (15,000) with Three Aces
Seat 8: 669cf6b (big blind) folded before Flop


Poker Hand #TM2996649218: Tournament #128208230, Bounty Hunters Big Game $21.60 Hold'em No Limit - Level5(800/1,600) - 2024/02/23 15:30:02
Table '30' 8-max Seat #5 is the button
Seat 1: 5cd09f66 (72,810 in chips)
Seat 2: Hero (96,352 in chips)
Seat 3: 35626720 (110,482 in chips)
Seat 4: 912da3b4 (9,734 in chips)
Seat 5: d3940121 (100,698 in chips)
Seat 6: 2357cd10 (93,732 in chips)
Seat 7: 1e5304a8 (211,108 in chips)
Seat 8: 669cf6b (78,282 in chips)
d3940121: posts the ante 250
Hero: posts the ante 250
1e5304a8: posts the ante 250
5cd09f66: posts the ante 250
912da3b4: posts the ante 250
2357cd10: posts the ante 250
669cf6b: posts the ante 250
35626720: posts the ante 250
2357cd10: posts small blind 800
1e5304a8: posts big blind 1,600
*** HOLE CARDS ***
Dealt to 5cd09f66 
Dealt to Hero [4c 6s]
Dealt to 35626720 
Dealt to 912da3b4 
Dealt to d3940121 
Dealt to 2357cd10 
Dealt to 1e5304a8 
Dealt to 669cf6b 
669cf6b: folds
5cd09f66: folds
Hero: folds
35626720: folds
912da3b4: raises 7,884 to 9,484 and is all-in
d3940121: folds
2357cd10: folds
1e5304a8: calls 7,884
912da3b4: shows [Ah 5c]
1e5304a8: shows [Ks 8c]
*** FLOP *** [7c 9h Js]
*** TURN *** [7c 9h Js] [Ac]
*** RIVER *** [7c 9h Js Ac] [Jh]
*** SHOWDOWN ***
912da3b4 collected 21,768 from pot
*** SUMMARY ***
Total pot 21,768 | Rake 0 | Jackpot 0 | Bingo 0 | Fortune 0 | Tax 0
Board [7c 9h Js Ac Jh]
Seat 1: 5cd09f66 folded before Flop
Seat 2: Hero folded before Flop
Seat 3: 35626720 folded before Flop
Seat 4: 912da3b4 showed [Ah 5c] and won (21,768) with Pair of Aces and Pair of Jacks
Seat 5: d3940121 (button) folded before Flop
Seat 6: 2357cd10 (small blind) folded before Flop
Seat 7: 1e5304a8 (big blind) showed [Ks 8c] and lost with Pair of Jacks
Seat 8: 669cf6b folded before Flop


Poker Hand #TM2996649140: Tournament #128208230, Bounty Hunters Big Game $21.60 Hold'em No Limit - Level5(800/1,600) - 2024/02/23 15:29:16
Table '30' 8-max Seat #4 is the button
Seat 1: 5cd09f66 (73,060 in chips)
Seat 2: Hero (96,602 in chips)
Seat 3: 35626720 (106,332 in chips)
Seat 4: 912da3b4 (9,984 in chips)
Seat 5: d3940121 (101,748 in chips)
Seat 6: 2357cd10 (95,582 in chips)
Seat 7: 1e5304a8 (211,358 in chips)
Seat 8: 669cf6b (78,532 in chips)
d3940121: posts the ante 250
Hero: posts the ante 250
1e5304a8: posts the ante 250
5cd09f66: posts the ante 250
912da3b4: posts the ante 250
2357cd10: posts the ante 250
669cf6b: posts the ante 250
35626720: posts the ante 250
d3940121: posts small blind 800
2357cd10: posts big blind 1,600
*** HOLE CARDS ***
Dealt to 5cd09f66 
Dealt to Hero [8s 6c]
Dealt to 35626720 
Dealt to 912da3b4 
Dealt to d3940121 
Dealt to 2357cd10 
Dealt to 1e5304a8 
Dealt to 669cf6b 
1e5304a8: folds
669cf6b: folds
5cd09f66: folds
Hero: folds
35626720: raises 1,968 to 3,568
912da3b4: folds
d3940121: folds
2357cd10: folds
Uncalled bet (1,968) returned to 35626720
*** SHOWDOWN ***
35626720 collected 6,000 from pot
*** SUMMARY ***
Total pot 6,000 | Rake 0 | Jackpot 0 | Bingo 0 | Fortune 0 | Tax 0
Seat 1: 5cd09f66 folded before Flop
Seat 2: Hero folded before Flop
Seat 3: 35626720 collected (6,000)
Seat 4: 912da3b4 (button) folded before Flop
Seat 5: d3940121 (small blind) folded before Flop
Seat 6: 2357cd10 (big blind) folded before Flop
Seat 7: 1e5304a8 folded before Flop
Seat 8: 669cf6b folded before Flop


Poker Hand #TM2996019059: Tournament #128208230, Bounty Hunters Big Game $21.60 Hold'em No Limit - Level5(800/1,600) - 2024/02/23 15:28:30
Table '30' 8-max Seat #3 is the button
Seat 1: 5cd09f66 (73,310 in chips)
Seat 2: Hero (83,312 in chips)
Seat 3: 35626720 (106,582 in chips)
Seat 4: 912da3b4 (11,034 in chips)
Seat 5: d3940121 (103,598 in chips)
Seat 6: 2357cd10 (95,832 in chips)
Seat 7: 1e5304a8 (211,608 in chips)
Seat 8: 669cf6b (87,922 in chips)
d3940121: posts the ante 250
Hero: posts the ante 250
1e5304a8: posts the ante 250
5cd09f66: posts the ante 250
912da3b4: posts the ante 250
2357cd10: posts the ante 250
669cf6b: posts the ante 250
35626720: posts the ante 250
912da3b4: posts small blind 800
d3940121: posts big blind 1,600
*** HOLE CARDS ***
Dealt to 5cd09f66 
Dealt to Hero [Kh Jh]
Dealt to 35626720 
Dealt to 912da3b4 
Dealt to d3940121 
Dealt to 2357cd10 
Dealt to 1e5304a8 
Dealt to 669cf6b 
2357cd10: folds
1e5304a8: folds
669cf6b: raises 1,600 to 3,200
5cd09f66: folds
Hero: raises 5,940 to 9,140
35626720: folds
912da3b4: folds
d3940121: folds
669cf6b: calls 5,940
*** FLOP *** [4h Js 8s]
669cf6b: checks
Hero: bets 12,475
669cf6b: folds
Uncalled bet (12,475) returned to Hero
*** SHOWDOWN ***
Hero collected 22,680 from pot
*** SUMMARY ***
Total pot 22,680 | Rake 0 | Jackpot 0 | Bingo 0 | Fortune 0 | Tax 0
Board [4h Js 8s]
Seat 1: 5cd09f66 folded before Flop
Seat 2: Hero won (22,680)
Seat 3: 35626720 (button) folded before Flop
Seat 4: 912da3b4 (small blind) folded before Flop
Seat 5: d3940121 (big blind) folded before Flop
Seat 6: 2357cd10 folded before Flop
Seat 7: 1e5304a8 folded before Flop
Seat 8: 669cf6b folded on the Flop


Poker Hand #TM2996018894: Tournament #128208230, Bounty Hunters Big Game $21.60 Hold'em No Limit - Level5(800/1,600) - 2024/02/23 15:26:45
Table '30' 8-max Seat #2 is the button
Seat 1: 5cd09f66 (73,560 in chips)
Seat 2: Hero (86,762 in chips)
Seat 3: 35626720 (107,632 in chips)
Seat 4: 912da3b4 (112,488 in chips)
Seat 5: d3940121 (103,848 in chips)
Seat 6: 2357cd10 (99,282 in chips)
Seat 7: 1e5304a8 (101,454 in chips)
Seat 8: 669cf6b (88,172 in chips)
d3940121: posts the ante 250
Hero: posts the ante 250
1e5304a8: posts the ante 250
5cd09f66: posts the ante 250
912da3b4: posts the ante 250
2357cd10: posts the ante 250
669cf6b: posts the ante 250
35626720: posts the ante 250
35626720: posts small blind 800
912da3b4: posts big blind 1,600
*** HOLE CARDS ***
Dealt to 5cd09f66 
Dealt to Hero [Qs 9s]
Dealt to 35626720 
Dealt to 912da3b4 
Dealt to d3940121 
Dealt to 2357cd10 
Dealt to 1e5304a8 
Dealt to 669cf6b 
d3940121: folds
2357cd10: raises 1,600 to 3,200
1e5304a8: calls 3,200
669cf6b: folds
5cd09f66: folds
Hero: calls 3,200
35626720: folds
912da3b4: raises 18,400 to 21,600
2357cd10: folds
1e5304a8: calls 18,400
Hero: folds
*** FLOP *** [9c 9h 6d]
912da3b4: bets 26,200
1e5304a8: calls 26,200
*** TURN *** [9c 9h 6d] [3d]
912da3b4: bets 64,438 and is all-in
1e5304a8: calls 53,404 and is all-in
Uncalled bet (11,034) returned to 912da3b4
912da3b4: shows [7c Ac] (Pair of Nines)
1e5304a8: shows [Tc Th] (Pair of Tens and Pair of Nines)
*** RIVER *** [9c 9h 6d 3d] [5s]
*** SHOWDOWN ***
1e5304a8 collected 211,608 from pot
*** SUMMARY ***
Total pot 211,608 | Rake 0 | Jackpot 0 | Bingo 0 | Fortune 0 | Tax 0
Board [9c 9h 6d 3d 5s]
Seat 1: 5cd09f66 folded before Flop
Seat 2: Hero (button) folded before Flop
Seat 3: 35626720 (small blind) folded before Flop
Seat 4: 912da3b4 (big blind) showed [7c Ac] and lost with Pair of Nines
Seat 5: d3940121 folded before Flop
Seat 6: 2357cd10 folded before Flop
Seat 7: 1e5304a8 showed [Tc Th] and won (211,608) with Pair of Tens and Pair of Nines
Seat 8: 669cf6b folded before Flop


Poker Hand #TM2996018752: Tournament #128208230, Bounty Hunters Big Game $21.60 Hold'em No Limit - Level5(800/1,600) - 2024/02/23 15:25:25
Table '30' 8-max Seat #1 is the button
Seat 1: 5cd09f66 (73,810 in chips)
Seat 2: Hero (87,812 in chips)
Seat 3: 35626720 (111,082 in chips)
Seat 4: 912da3b4 (106,738 in chips)
Seat 5: d3940121 (104,098 in chips)
Seat 6: 2357cd10 (99,532 in chips)
Seat 7: 1e5304a8 (101,704 in chips)
Seat 8: 669cf6b (88,422 in chips)
d3940121: posts the ante 250
1e5304a8: posts the ante 250
Hero: posts the ante 250
5cd09f66: posts the ante 250
912da3b4: posts the ante 250
2357cd10: posts the ante 250
669cf6b: posts the ante 250
35626720: posts the ante 250
Hero: posts small blind 800
35626720: posts big blind 1,600
*** HOLE CARDS ***
Dealt to 5cd09f66 
Dealt to Hero [2s Kd]
Dealt to 35626720 
Dealt to 912da3b4 
Dealt to d3940121 
Dealt to 2357cd10 
Dealt to 1e5304a8 
Dealt to 669cf6b 
912da3b4: raises 1,600 to 3,200
d3940121: folds
2357cd10: folds
1e5304a8: folds
669cf6b: folds
5cd09f66: folds
Hero: folds
35626720: calls 1,600
*** FLOP *** [2c 4s 9c]
35626720: checks
912da3b4: bets 6,900
35626720: folds
Uncalled bet (6,900) returned to 912da3b4
*** SHOWDOWN ***
912da3b4 collected 9,200 from pot
*** SUMMARY ***
Total pot 9,200 | Rake 0 | Jackpot 0 | Bingo 0 | Fortune 0 | Tax 0
Board [2c 4s 9c]
Seat 1: 5cd09f66 (button) folded before Flop
Seat 2: Hero (small blind) folded before Flop
Seat 3: 35626720 (big blind) folded on the Flop
Seat 4: 912da3b4 won (9,200)
Seat 5: d3940121 folded before Flop
Seat 6: 2357cd10 folded before Flop
Seat 7: 1e5304a8 folded before Flop
Seat 8: 669cf6b folded before Flop


Poker Hand #TM2996018589: Tournament #128208230, Bounty Hunters Big Game $21.60 Hold'em No Limit - Level4(600/1,200) - 2024/02/23 15:23:51
Table '30' 8-max Seat #8 is the button
Seat 1: 5cd09f66 (74,590 in chips)
Seat 2: Hero (92,792 in chips)
Seat 3: 35626720 (104,422 in chips)
Seat 4: 912da3b4 (106,918 in chips)
Seat 5: d3940121 (104,278 in chips)
Seat 6: 2357cd10 (99,712 in chips)
Seat 7: 1e5304a8 (101,884 in chips)
Seat 8: 669cf6b (88,602 in chips)
d3940121: posts the ante 180
1e5304a8: posts the ante 180
Hero: posts the ante 180
5cd09f66: posts the ante 180
912da3b4: posts the ante 180
2357cd10: posts the ante 180
669cf6b: posts the ante 180
35626720: posts the ante 180
5cd09f66: posts small blind 600
Hero: posts big blind 1,200
*** HOLE CARDS ***
Dealt to 5cd09f66 
Dealt to Hero [7s Ks]
Dealt to 35626720 
Dealt to 912da3b4 
Dealt to d3940121 
Dealt to 2357cd10 
Dealt to 1e5304a8 
Dealt to 669cf6b 
35626720: raises 1,440 to 2,640
912da3b4: folds
d3940121: folds
2357cd10: folds
1e5304a8: folds
669cf6b: folds
5cd09f66: folds
Hero: calls 1,440
*** FLOP *** [2c 3s Qh]
Hero: checks
35626720: bets 2,160
Hero: calls 2,160
*** TURN *** [2c 3s Qh] [Th]
Hero: checks
35626720: bets 8,544
Hero: folds
Uncalled bet (8,544) returned to 35626720
*** SHOWDOWN ***
35626720 collected 11,640 from pot
*** SUMMARY ***
Total pot 11,640 | Rake 0 | Jackpot 0 | Bingo 0 | Fortune 0 | Tax 0
Board [2c 3s Qh Th]
Seat 1: 5cd09f66 (small blind) folded before Flop
Seat 2: Hero (big blind) folded on the Turn
Seat 3: 35626720 won (11,640)
Seat 4: 912da3b4 folded before Flop
Seat 5: d3940121 folded before Flop
Seat 6: 2357cd10 folded before Flop
Seat 7: 1e5304a8 folded before Flop
Seat 8: 669cf6b (button) folded before Flop


Poker Hand #TM2996018516: Tournament #128208230, Bounty Hunters Big Game $21.60 Hold'em No Limit - Level4(600/1,200) - 2024/02/23 15:23:02
Table '30' 8-max Seat #7 is the button
Seat 1: 5cd09f66 (72,730 in chips)
Seat 2: Hero (92,972 in chips)
Seat 3: 35626720 (104,602 in chips)
Seat 4: 912da3b4 (107,098 in chips)
Seat 5: d3940121 (104,458 in chips)
Seat 6: 2357cd10 (99,892 in chips)
Seat 7: 1e5304a8 (102,064 in chips)
Seat 8: 669cf6b (89,382 in chips)
d3940121: posts the ante 180
1e5304a8: posts the ante 180
Hero: posts the ante 180
5cd09f66: posts the ante 180
912da3b4: posts the ante 180
2357cd10: posts the ante 180
669cf6b: posts the ante 180
35626720: posts the ante 180
669cf6b: posts small blind 600
5cd09f66: posts big blind 1,200
*** HOLE CARDS ***
Dealt to 5cd09f66 
Dealt to Hero [4s 5d]
Dealt to 35626720 
Dealt to 912da3b4 
Dealt to d3940121 
Dealt to 2357cd10 
Dealt to 1e5304a8 
Dealt to 669cf6b 
Hero: folds
35626720: folds
912da3b4: folds
d3940121: folds
2357cd10: folds
1e5304a8: folds
669cf6b: folds
Uncalled bet (600) returned to 5cd09f66
*** SHOWDOWN ***
5cd09f66 collected 2,640 from pot
*** SUMMARY ***
Total pot 2,640 | Rake 0 | Jackpot 0 | Bingo 0 | Fortune 0 | Tax 0
Seat 1: 5cd09f66 (big blind) collected (2,640)
Seat 2: Hero folded before Flop
Seat 3: 35626720 folded before Flop
Seat 4: 912da3b4 folded before Flop
Seat 5: d3940121 folded before Flop
Seat 6: 2357cd10 folded before Flop
Seat 7: 1e5304a8 (button) folded before Flop
Seat 8: 669cf6b (small blind) folded before Flop


Poker Hand #TM2996018383: Tournament #128208230, Bounty Hunters Big Game $21.60 Hold'em No Limit - Level4(600/1,200) - 2024/02/23 15:21:44
Table '30' 8-max Seat #6 is the button
Seat 1: 5cd09f66 (72,910 in chips)
Seat 2: Hero (93,152 in chips)
Seat 3: 35626720 (104,782 in chips)
Seat 4: 912da3b4 (100,580 in chips)
Seat 5: d3940121 (104,638 in chips)
Seat 6: 2357cd10 (100,072 in chips)
Seat 7: 1e5304a8 (102,844 in chips)
Seat 8: 669cf6b (94,220 in chips)
d3940121: posts the ante 180
Hero: posts the ante 180
1e5304a8: posts the ante 180
5cd09f66: posts the ante 180
912da3b4: posts the ante 180
2357cd10: posts the ante 180
669cf6b: posts the ante 180
35626720: posts the ante 180
1e5304a8: posts small blind 600
669cf6b: posts big blind 1,200
*** HOLE CARDS ***
Dealt to 5cd09f66 
Dealt to Hero [8h 2h]
Dealt to 35626720 
Dealt to 912da3b4 
Dealt to d3940121 
Dealt to 2357cd10 
Dealt to 1e5304a8 
Dealt to 669cf6b 
5cd09f66: folds
Hero: folds
35626720: folds
912da3b4: raises 1,200 to 2,400
d3940121: folds
2357cd10: folds
1e5304a8: folds
669cf6b: calls 1,200
*** FLOP *** [Jc 3d Qc]
669cf6b: checks
912da3b4: bets 2,258
669cf6b: calls 2,258
*** TURN *** [Jc 3d Qc] [2s]
669cf6b: checks
912da3b4: bets 8,517
669cf6b: folds
Uncalled bet (8,517) returned to 912da3b4
*** SHOWDOWN ***
912da3b4 collected 11,356 from pot
*** SUMMARY ***
Total pot 11,356 | Rake 0 | Jackpot 0 | Bingo 0 | Fortune 0 | Tax 0
Board [Jc 3d Qc 2s]
Seat 1: 5cd09f66 folded before Flop
Seat 2: Hero folded before Flop
Seat 3: 35626720 folded before Flop
Seat 4: 912da3b4 won (11,356)
Seat 5: d3940121 folded before Flop
Seat 6: 2357cd10 (button) folded before Flop
Seat 7: 1e5304a8 (small blind) folded before Flop
Seat 8: 669cf6b (big blind) folded on the Turn


Poker Hand #TM2996018242: Tournament #128208230, Bounty Hunters Big Game $21.60 Hold'em No Limit - Level4(600/1,200) - 2024/02/23 15:20:23
Table '30' 8-max Seat #5 is the button
Seat 1: 5cd09f66 (73,090 in chips)
Seat 2: Hero (93,332 in chips)
Seat 3: 35626720 (104,962 in chips)
Seat 4: 912da3b4 (100,760 in chips)
Seat 5: d3940121 (98,326 in chips)
Seat 6: 2357cd10 (100,852 in chips)
Seat 7: 1e5304a8 (107,476 in chips)
Seat 8: 669cf6b (94,400 in chips)
d3940121: posts the ante 180
Hero: posts the ante 180
1e5304a8: posts the ante 180
5cd09f66: posts the ante 180
912da3b4: posts the ante 180
2357cd10: posts the ante 180
669cf6b: posts the ante 180
35626720: posts the ante 180
2357cd10: posts small blind 600
1e5304a8: posts big blind 1,200
*** HOLE CARDS ***
Dealt to 5cd09f66 
Dealt to Hero [8d Kh]
Dealt to 35626720 
Dealt to 912da3b4 
Dealt to d3940121 
Dealt to 2357cd10 
Dealt to 1e5304a8 
Dealt to 669cf6b 
669cf6b: folds
5cd09f66: folds
Hero: folds
35626720: folds
912da3b4: folds
d3940121: raises 1,200 to 2,400
2357cd10: folds
1e5304a8: calls 1,200
*** FLOP *** [Jd Ad 3c]
1e5304a8: checks
d3940121: bets 2,052
1e5304a8: calls 2,052
*** TURN *** [Jd Ad 3c] [Ac]
1e5304a8: checks
d3940121: bets 13,680
1e5304a8: folds
Uncalled bet (13,680) returned to d3940121
*** SHOWDOWN ***
d3940121 collected 10,944 from pot
*** SUMMARY ***
Total pot 10,944 | Rake 0 | Jackpot 0 | Bingo 0 | Fortune 0 | Tax 0
Board [Jd Ad 3c Ac]
Seat 1: 5cd09f66 folded before Flop
Seat 2: Hero folded before Flop
Seat 3: 35626720 folded before Flop
Seat 4: 912da3b4 folded before Flop
Seat 5: d3940121 (button) won (10,944)
Seat 6: 2357cd10 (small blind) folded before Flop
Seat 7: 1e5304a8 (big blind) folded on the Turn
Seat 8: 669cf6b folded before Flop


Poker Hand #TM2996018147: Tournament #128208230, Bounty Hunters Big Game $21.60 Hold'em No Limit - Level4(600/1,200) - 2024/02/23 15:19:29
Table '30' 8-max Seat #4 is the button
Seat 1: 5cd09f66 (73,270 in chips)
Seat 2: Hero (93,512 in chips)
Seat 3: 35626720 (105,142 in chips)
Seat 4: 912da3b4 (100,940 in chips)
Seat 5: d3940121 (99,106 in chips)
Seat 6: 2357cd10 (103,432 in chips)
Seat 7: 1e5304a8 (103,216 in chips)
Seat 8: 669cf6b (94,580 in chips)
d3940121: posts the ante 180
Hero: posts the ante 180
1e5304a8: posts the ante 180
5cd09f66: posts the ante 180
912da3b4: posts the ante 180
2357cd10: posts the ante 180
669cf6b: posts the ante 180
35626720: posts the ante 180
d3940121: posts small blind 600
2357cd10: posts big blind 1,200
*** HOLE CARDS ***
Dealt to 5cd09f66 
Dealt to Hero [Th 5c]
Dealt to 35626720 
Dealt to 912da3b4 
Dealt to d3940121 
Dealt to 2357cd10 
Dealt to 1e5304a8 
Dealt to 669cf6b 
1e5304a8: raises 1,200 to 2,400
669cf6b: folds
5cd09f66: folds
Hero: folds
35626720: folds
912da3b4: folds
d3940121: folds
2357cd10: calls 1,200
*** FLOP *** [Qc 9h 5d]
2357cd10: checks
1e5304a8: bets 2,326
2357cd10: folds
Uncalled bet (2,326) returned to 1e5304a8
*** SHOWDOWN ***
1e5304a8 collected 6,840 from pot
*** SUMMARY ***
Total pot 6,840 | Rake 0 | Jackpot 0 | Bingo 0 | Fortune 0 | Tax 0
Board [Qc 9h 5d]
Seat 1: 5cd09f66 folded before Flop
Seat 2: Hero folded before Flop
Seat 3: 35626720 folded before Flop
Seat 4: 912da3b4 (button) folded before Flop
Seat 5: d3940121 (small blind) folded before Flop
Seat 6: 2357cd10 (big blind) folded on the Flop
Seat 7: 1e5304a8 won (6,840)
Seat 8: 669cf6b folded before Flop


Poker Hand #TM2996018014: Tournament #128208230, Bounty Hunters Big Game $21.60 Hold'em No Limit - Level4(600/1,200) - 2024/02/23 15:18:17
Table '30' 8-max Seat #3 is the button
Seat 1: 5cd09f66 (73,450 in chips)
Seat 2: Hero (82,232 in chips)
Seat 3: 35626720 (105,322 in chips)
Seat 4: 912da3b4 (101,720 in chips)
Seat 5: d3940121 (103,996 in chips)
Seat 6: 2357cd10 (103,612 in chips)
Seat 7: 1e5304a8 (108,106 in chips)
Seat 8: 669cf6b (94,760 in chips)
d3940121: posts the ante 180
Hero: posts the ante 180
1e5304a8: posts the ante 180
5cd09f66: posts the ante 180
912da3b4: posts the ante 180
2357cd10: posts the ante 180
669cf6b: posts the ante 180
35626720: posts the ante 180
912da3b4: posts small blind 600
d3940121: posts big blind 1,200
*** HOLE CARDS ***
Dealt to 5cd09f66 
Dealt to Hero [6d 4d]
Dealt to 35626720 
Dealt to 912da3b4 
Dealt to d3940121 
Dealt to 2357cd10 
Dealt to 1e5304a8 
Dealt to 669cf6b 
2357cd10: folds
1e5304a8: raises 1,200 to 2,400
669cf6b: folds
5cd09f66: folds
Hero: calls 2,400
35626720: folds
912da3b4: folds
d3940121: calls 1,200
*** FLOP *** [2d Qs 2s]
d3940121: checks
1e5304a8: checks
Hero: bets 2,310
d3940121: calls 2,310
1e5304a8: calls 2,310
*** TURN *** [2d Qs 2s] [3h]
d3940121: checks
1e5304a8: checks
Hero: bets 13,745
d3940121: folds
1e5304a8: folds
Uncalled bet (13,745) returned to Hero
*** SHOWDOWN ***
Hero collected 16,170 from pot
*** SUMMARY ***
Total pot 16,170 | Rake 0 | Jackpot 0 | Bingo 0 | Fortune 0 | Tax 0
Board [2d Qs 2s 3h]
Seat 1: 5cd09f66 folded before Flop
Seat 2: Hero won (16,170)
Seat 3: 35626720 (button) folded before Flop
Seat 4: 912da3b4 (small blind) folded before Flop
Seat 5: d3940121 (big blind) folded on the Turn
Seat 6: 2357cd10 folded before Flop
Seat 7: 1e5304a8 folded on the Turn
Seat 8: 669cf6b folded before Flop


Poker Hand #TM2996017835: Tournament #128208230, Bounty Hunters Big Game $21.60 Hold'em No Limit - Level4(600/1,200) - 2024/02/23 15:16:33
Table '30' 8-max Seat #2 is the button
Seat 1: 5cd09f66 (73,630 in chips)
Seat 2: Hero (82,412 in chips)
Seat 3: 35626720 (110,134 in chips)
Seat 4: 912da3b4 (103,100 in chips)
Seat 5: d3940121 (96,904 in chips)
Seat 6: 2357cd10 (103,792 in chips)
Seat 7: 1e5304a8 (108,286 in chips)
Seat 8: 669cf6b (94,940 in chips)
d3940121: posts the ante 180
Hero: posts the ante 180
1e5304a8: posts the ante 180
5cd09f66: posts the ante 180
912da3b4: posts the ante 180
2357cd10: posts the ante 180
669cf6b: posts the ante 180
35626720: posts the ante 180
35626720: posts small blind 600
912da3b4: posts big blind 1,200
*** HOLE CARDS ***
Dealt to 5cd09f66 
Dealt to Hero [4d 6h]
Dealt to 35626720 
Dealt to 912da3b4 
Dealt to d3940121 
Dealt to 2357cd10 
Dealt to 1e5304a8 
Dealt to 669cf6b 
d3940121: raises 1,200 to 2,400
2357cd10: folds
1e5304a8: folds
669cf6b: folds
5cd09f66: folds
Hero: folds
35626720: calls 1,800
912da3b4: folds
*** FLOP *** [9d 6d Ad]
35626720: checks
d3940121: bets 2,232
35626720: calls 2,232
*** TURN *** [9d 6d Ad] [2s]
35626720: checks
d3940121: bets 8,333
35626720: folds
Uncalled bet (8,333) returned to d3940121
*** SHOWDOWN ***
d3940121 collected 11,904 from pot
*** SUMMARY ***
Total pot 11,904 | Rake 0 | Jackpot 0 | Bingo 0 | Fortune 0 | Tax 0
Board [9d 6d Ad 2s]
Seat 1: 5cd09f66 folded before Flop
Seat 2: Hero (button) folded before Flop
Seat 3: 35626720 (small blind) folded on the Turn
Seat 4: 912da3b4 (big blind) folded before Flop
Seat 5: d3940121 won (11,904)
Seat 6: 2357cd10 folded before Flop
Seat 7: 1e5304a8 folded before Flop
Seat 8: 669cf6b folded before Flop


Poker Hand #TM2996017710: Tournament #128208230, Bounty Hunters Big Game $21.60 Hold'em No Limit - Level4(600/1,200) - 2024/02/23 15:15:22
Table '30' 8-max Seat #1 is the button
Seat 1: 5cd09f66 (73,810 in chips)
Seat 2: Hero (84,992 in chips)
Seat 3: 35626720 (112,714 in chips)
Seat 4: 912da3b4 (94,640 in chips)
Seat 5: d3940121 (97,084 in chips)
Seat 6: 2357cd10 (103,972 in chips)
Seat 7: 1e5304a8 (108,466 in chips)
Seat 8: 669cf6b (97,520 in chips)
d3940121: posts the ante 180
1e5304a8: posts the ante 180
Hero: posts the ante 180
5cd09f66: posts the ante 180
912da3b4: posts the ante 180
2357cd10: posts the ante 180
669cf6b: posts the ante 180
35626720: posts the ante 180
Hero: posts small blind 600
35626720: posts big blind 1,200
*** HOLE CARDS ***
Dealt to 5cd09f66 
Dealt to Hero [Qd Ks]
Dealt to 35626720 
Dealt to 912da3b4 
Dealt to d3940121 
Dealt to 2357cd10 
Dealt to 1e5304a8 
Dealt to 669cf6b 
912da3b4: raises 1,200 to 2,400
d3940121: folds
2357cd10: folds
1e5304a8: folds
669cf6b: calls 2,400
5cd09f66: folds
Hero: calls 1,800
35626720: calls 1,200
*** FLOP *** [Ts 4s 2h]
Hero: checks
35626720: checks
912da3b4: bets 5,520
669cf6b: folds
Hero: folds
35626720: folds
Uncalled bet (5,520) returned to 912da3b4
*** SHOWDOWN ***
912da3b4 collected 11,040 from pot
*** SUMMARY ***
Total pot 11,040 | Rake 0 | Jackpot 0 | Bingo 0 | Fortune 0 | Tax 0
Board [Ts 4s 2h]
Seat 1: 5cd09f66 (button) folded before Flop
Seat 2: Hero (small blind) folded on the Flop
Seat 3: 35626720 (big blind) folded on the Flop
Seat 4: 912da3b4 won (11,040)
Seat 5: d3940121 folded before Flop
Seat 6: 2357cd10 folded before Flop
Seat 7: 1e5304a8 folded before Flop
Seat 8: 669cf6b folded on the Flop


Poker Hand #TM2996017563: Tournament #128208230, Bounty Hunters Big Game $21.60 Hold'em No Limit - Level4(600/1,200) - 2024/02/23 15:13:58
Table '30' 8-max Seat #8 is the button
Seat 1: 5cd09f66 (74,590 in chips)
Seat 2: Hero (89,490 in chips)
Seat 3: 35626720 (112,894 in chips)
Seat 4: 912da3b4 (94,820 in chips)
Seat 5: d3940121 (97,264 in chips)
Seat 6: 2357cd10 (108,470 in chips)
Seat 7: 1e5304a8 (97,970 in chips)
Seat 8: 669cf6b (97,700 in chips)
d3940121: posts the ante 180
1e5304a8: posts the ante 180
Hero: posts the ante 180
5cd09f66: posts the ante 180
912da3b4: posts the ante 180
2357cd10: posts the ante 180
669cf6b: posts the ante 180
35626720: posts the ante 180
5cd09f66: posts small blind 600
Hero: posts big blind 1,200
*** HOLE CARDS ***
Dealt to 5cd09f66 
Dealt to Hero [6s 6h]
Dealt to 35626720 
Dealt to 912da3b4 
Dealt to d3940121 
Dealt to 2357cd10 
Dealt to 1e5304a8 
Dealt to 669cf6b 
35626720: folds
912da3b4: folds
d3940121: folds
2357cd10: calls 1,200
1e5304a8: raises 3,118 to 4,318
669cf6b: folds
5cd09f66: folds
Hero: calls 3,118
2357cd10: calls 3,118
*** FLOP *** [7h Kc 3h]
Hero: checks
2357cd10: checks
1e5304a8: bets 5,098
Hero: folds
2357cd10: folds
Uncalled bet (5,098) returned to 1e5304a8
*** SHOWDOWN ***
1e5304a8 collected 14,994 from pot
*** SUMMARY ***
Total pot 14,994 | Rake 0 | Jackpot 0 | Bingo 0 | Fortune 0 | Tax 0
Board [7h Kc 3h]
Seat 1: 5cd09f66 (small blind) folded before Flop
Seat 2: Hero (big blind) folded on the Flop
Seat 3: 35626720 folded before Flop
Seat 4: 912da3b4 folded before Flop
Seat 5: d3940121 folded before Flop
Seat 6: 2357cd10 folded on the Flop
Seat 7: 1e5304a8 won (14,994)
Seat 8: 669cf6b (button) folded before Flop


Poker Hand #TM2996017489: Tournament #128208230, Bounty Hunters Big Game $21.60 Hold'em No Limit - Level4(600/1,200) - 2024/02/23 15:13:18
Table '30' 8-max Seat #7 is the button
Seat 1: 5cd09f66 (77,170 in chips)
Seat 2: Hero (89,670 in chips)
Seat 3: 35626720 (113,074 in chips)
Seat 4: 912da3b4 (95,000 in chips)
Seat 5: d3940121 (97,444 in chips)
Seat 6: 2357cd10 (108,650 in chips)
Seat 7: 1e5304a8 (93,710 in chips)
Seat 8: 669cf6b (98,480 in chips)
d3940121: posts the ante 180
1e5304a8: posts the ante 180
Hero: posts the ante 180
5cd09f66: posts the ante 180
912da3b4: posts the ante 180
2357cd10: posts the ante 180
669cf6b: posts the ante 180
35626720: posts the ante 180
669cf6b: posts small blind 600
5cd09f66: posts big blind 1,200
*** HOLE CARDS ***
Dealt to 5cd09f66 
Dealt to Hero [Kd 3d]
Dealt to 35626720 
Dealt to 912da3b4 
Dealt to d3940121 
Dealt to 2357cd10 
Dealt to 1e5304a8 
Dealt to 669cf6b 
Hero: folds
35626720: folds
912da3b4: folds
d3940121: folds
2357cd10: folds
1e5304a8: raises 1,200 to 2,400
669cf6b: folds
5cd09f66: calls 1,200
*** FLOP *** [Qh Qs 7d]
5cd09f66: checks
1e5304a8: bets 1,200
5cd09f66: folds
Uncalled bet (1,200) returned to 1e5304a8
*** SHOWDOWN ***
1e5304a8 collected 6,840 from pot
*** SUMMARY ***
Total pot 6,840 | Rake 0 | Jackpot 0 | Bingo 0 | Fortune 0 | Tax 0
Board [Qh Qs 7d]
Seat 1: 5cd09f66 (big blind) folded on the Flop
Seat 2: Hero folded before Flop
Seat 3: 35626720 folded before Flop
Seat 4: 912da3b4 folded before Flop
Seat 5: d3940121 folded before Flop
Seat 6: 2357cd10 folded before Flop
Seat 7: 1e5304a8 (button) won (6,840)
Seat 8: 669cf6b (small blind) folded before Flop


Poker Hand #TM2996017453: Tournament #128208230, Bounty Hunters Big Game $21.60 Hold'em No Limit - Level3(400/800) - 2024/02/23 15:12:59
Table '30' 8-max Seat #6 is the button
Seat 1: 5cd09f66 (77,290 in chips)
Seat 2: Hero (87,630 in chips)
Seat 3: 35626720 (113,194 in chips)
Seat 4: 912da3b4 (95,120 in chips)
Seat 5: d3940121 (97,564 in chips)
Seat 6: 2357cd10 (108,770 in chips)
Seat 7: 1e5304a8 (94,230 in chips)
Seat 8: 669cf6b (99,400 in chips)
d3940121: posts the ante 120
Hero: posts the ante 120
1e5304a8: posts the ante 120
5cd09f66: posts the ante 120
912da3b4: posts the ante 120
2357cd10: posts the ante 120
669cf6b: posts the ante 120
35626720: posts the ante 120
1e5304a8: posts small blind 400
669cf6b: posts big blind 800
*** HOLE CARDS ***
Dealt to 5cd09f66 
Dealt to Hero [Tc Ks]
Dealt to 35626720 
Dealt to 912da3b4 
Dealt to d3940121 
Dealt to 2357cd10 
Dealt to 1e5304a8 
Dealt to 669cf6b 
5cd09f66: folds
Hero: raises 880 to 1,680
35626720: folds
912da3b4: folds
d3940121: folds
2357cd10: folds
1e5304a8: folds
669cf6b: folds
Uncalled bet (880) returned to Hero
*** SHOWDOWN ***
Hero collected 2,960 from pot
*** SUMMARY ***
Total pot 2,960 | Rake 0 | Jackpot 0 | Bingo 0 | Fortune 0 | Tax 0
Seat 1: 5cd09f66 folded before Flop
Seat 2: Hero collected (2,960)
Seat 3: 35626720 folded before Flop
Seat 4: 912da3b4 folded before Flop
Seat 5: d3940121 folded before Flop
Seat 6: 2357cd10 (button) folded before Flop
Seat 7: 1e5304a8 (small blind) folded before Flop
Seat 8: 669cf6b (big blind) folded before Flop


Poker Hand #TM2996017302: Tournament #128208230, Bounty Hunters Big Game $21.60 Hold'em No Limit - Level3(400/800) - 2024/02/23 15:11:32
Table '30' 8-max Seat #5 is the button
Seat 1: 5cd09f66 (77,410 in chips)
Seat 2: Hero (87,750 in chips)
Seat 3: 35626720 (113,314 in chips)
Seat 4: 912da3b4 (96,840 in chips)
Seat 5: d3940121 (97,684 in chips)
Seat 6: 2357cd10 (99,480 in chips)
Seat 7: 1e5304a8 (101,200 in chips)
Seat 8: 669cf6b (99,520 in chips)
d3940121: posts the ante 120
Hero: posts the ante 120
1e5304a8: posts the ante 120
5cd09f66: posts the ante 120
912da3b4: posts the ante 120
2357cd10: posts the ante 120
669cf6b: posts the ante 120
35626720: posts the ante 120
2357cd10: posts small blind 400
1e5304a8: posts big blind 800
*** HOLE CARDS ***
Dealt to 5cd09f66 
Dealt to Hero [2c Jc]
Dealt to 35626720 
Dealt to 912da3b4 
Dealt to d3940121 
Dealt to 2357cd10 
Dealt to 1e5304a8 
Dealt to 669cf6b 
669cf6b: folds
5cd09f66: folds
Hero: folds
35626720: folds
912da3b4: raises 800 to 1,600
d3940121: folds
2357cd10: calls 1,200
1e5304a8: calls 800
*** FLOP *** [Ad Jd Qh]
2357cd10: checks
1e5304a8: checks
912da3b4: checks
*** TURN *** [Ad Jd Qh] [Ah]
2357cd10: checks
1e5304a8: bets 1,959
912da3b4: folds
2357cd10: calls 1,959
*** RIVER *** [Ad Jd Qh Ah] [5h]
2357cd10: checks
1e5304a8: bets 3,291
2357cd10: calls 3,291
1e5304a8: shows [3d Ac] (Three Aces)
2357cd10: shows [9h 7h] (Ace High Flush)
*** SHOWDOWN ***
2357cd10 collected 16,260 from pot
*** SUMMARY ***
Total pot 16,260 | Rake 0 | Jackpot 0 | Bingo 0 | Fortune 0 | Tax 0
Board [Ad Jd Qh Ah 5h]
Seat 1: 5cd09f66 folded before Flop
Seat 2: Hero folded before Flop
Seat 3: 35626720 folded before Flop
Seat 4: 912da3b4 folded on the Turn
Seat 5: d3940121 (button) folded before Flop
Seat 6: 2357cd10 (small blind) showed [9h 7h] and won (16,260) with Ace High Flush
Seat 7: 1e5304a8 (big blind) showed [3d Ac] and lost with Three Aces
Seat 8: 669cf6b folded before Flop


Poker Hand #TM2996017177: Tournament #128208230, Bounty Hunters Big Game $21.60 Hold'em No Limit - Level3(400/800) - 2024/02/23 15:10:25
Table '30' 8-max Seat #4 is the button
Seat 1: 5cd09f66 (77,530 in chips)
Seat 2: Hero (87,870 in chips)
Seat 3: 35626720 (113,434 in chips)
Seat 4: 912da3b4 (98,560 in chips)
Seat 5: d3940121 (98,204 in chips)
Seat 6: 2357cd10 (100,400 in chips)
Seat 7: 1e5304a8 (97,560 in chips)
Seat 8: 669cf6b (99,640 in chips)
d3940121: posts the ante 120
Hero: posts the ante 120
1e5304a8: posts the ante 120
5cd09f66: posts the ante 120
912da3b4: posts the ante 120
2357cd10: posts the ante 120
669cf6b: posts the ante 120
35626720: posts the ante 120
d3940121: posts small blind 400
2357cd10: posts big blind 800
*** HOLE CARDS ***
Dealt to 5cd09f66 
Dealt to Hero [4s 9d]
Dealt to 35626720 
Dealt to 912da3b4 
Dealt to d3940121 
Dealt to 2357cd10 
Dealt to 1e5304a8 
Dealt to 669cf6b 
1e5304a8: raises 800 to 1,600
669cf6b: folds
5cd09f66: folds
Hero: folds
35626720: folds
912da3b4: calls 1,600
d3940121: folds
2357cd10: folds
*** FLOP *** [4d Ah Tc]
1e5304a8: bets 1,823
912da3b4: folds
Uncalled bet (1,823) returned to 1e5304a8
*** SHOWDOWN ***
1e5304a8 collected 5,360 from pot
*** SUMMARY ***
Total pot 5,360 | Rake 0 | Jackpot 0 | Bingo 0 | Fortune 0 | Tax 0
Board [4d Ah Tc]
Seat 1: 5cd09f66 folded before Flop
Seat 2: Hero folded before Flop
Seat 3: 35626720 folded before Flop
Seat 4: 912da3b4 (button) folded on the Flop
Seat 5: d3940121 (small blind) folded before Flop
Seat 6: 2357cd10 (big blind) folded before Flop
Seat 7: 1e5304a8 won (5,360)
Seat 8: 669cf6b folded before Flop


Poker Hand #TM2996017074: Tournament #128208230, Bounty Hunters Big Game $21.60 Hold'em No Limit - Level3(400/800) - 2024/02/23 15:09:26
Table '30' 8-max Seat #3 is the button
Seat 1: 5cd09f66 (74,690 in chips)
Seat 2: Hero (87,990 in chips)
Seat 3: 35626720 (113,554 in chips)
Seat 4: 912da3b4 (99,080 in chips)
Seat 5: d3940121 (99,924 in chips)
Seat 6: 2357cd10 (100,520 in chips)
Seat 7: 1e5304a8 (97,680 in chips)
Seat 8: 669cf6b (99,760 in chips)
d3940121: posts the ante 120
Hero: posts the ante 120
1e5304a8: posts the ante 120
5cd09f66: posts the ante 120
912da3b4: posts the ante 120
2357cd10: posts the ante 120
669cf6b: posts the ante 120
35626720: posts the ante 120
912da3b4: posts small blind 400
d3940121: posts big blind 800
*** HOLE CARDS ***
Dealt to 5cd09f66 
Dealt to Hero [Tc 6d]
Dealt to 35626720 
Dealt to 912da3b4 
Dealt to d3940121 
Dealt to 2357cd10 
Dealt to 1e5304a8 
Dealt to 669cf6b 
2357cd10: folds
1e5304a8: folds
669cf6b: folds
5cd09f66: raises 800 to 1,600
Hero: folds
35626720: folds
912da3b4: folds
d3940121: calls 800
*** FLOP *** [9s 7d 5c]
d3940121: checks
5cd09f66: bets 2,280
d3940121: folds
Uncalled bet (2,280) returned to 5cd09f66
*** SHOWDOWN ***
5cd09f66 collected 4,560 from pot
*** SUMMARY ***
Total pot 4,560 | Rake 0 | Jackpot 0 | Bingo 0 | Fortune 0 | Tax 0
Board [9s 7d 5c]
Seat 1: 5cd09f66 won (4,560)
Seat 2: Hero folded before Flop
Seat 3: 35626720 (button) folded before Flop
Seat 4: 912da3b4 (small blind) folded before Flop
Seat 5: d3940121 (big blind) folded on the Flop
Seat 6: 2357cd10 folded before Flop
Seat 7: 1e5304a8 folded before Flop
Seat 8: 669cf6b folded before Flop


Poker Hand #TM2996016992: Tournament #128208230, Bounty Hunters Big Game $21.60 Hold'em No Limit - Level3(400/800) - 2024/02/23 15:08:37
Table '30' 8-max Seat #2 is the button
Seat 1: 5cd09f66 (74,810 in chips)
Seat 2: Hero (88,110 in chips)
Seat 3: 35626720 (114,074 in chips)
Seat 4: 912da3b4 (100,000 in chips)
Seat 5: d3940121 (100,044 in chips)
Seat 6: 2357cd10 (100,640 in chips)
Seat 7: 1e5304a8 (95,640 in chips)
Seat 8: 669cf6b (99,880 in chips)
d3940121: posts the ante 120
Hero: posts the ante 120
1e5304a8: posts the ante 120
5cd09f66: posts the ante 120
912da3b4: posts the ante 120
2357cd10: posts the ante 120
669cf6b: posts the ante 120
35626720: posts the ante 120
35626720: posts small blind 400
912da3b4: posts big blind 800
*** HOLE CARDS ***
Dealt to 5cd09f66 
Dealt to Hero [Ac 5h]
Dealt to 35626720 
Dealt to 912da3b4 
Dealt to d3940121 
Dealt to 2357cd10 
Dealt to 1e5304a8 
Dealt to 669cf6b 
d3940121: folds
2357cd10: folds
1e5304a8: raises 800 to 1,600
669cf6b: folds
5cd09f66: folds
Hero: folds
35626720: folds
912da3b4: folds
Uncalled bet (800) returned to 1e5304a8
*** SHOWDOWN ***
1e5304a8 collected 2,960 from pot
*** SUMMARY ***
Total pot 2,960 | Rake 0 | Jackpot 0 | Bingo 0 | Fortune 0 | Tax 0
Seat 1: 5cd09f66 folded before Flop
Seat 2: Hero (button) folded before Flop
Seat 3: 35626720 (small blind) folded before Flop
Seat 4: 912da3b4 (big blind) folded before Flop
Seat 5: d3940121 folded before Flop
Seat 6: 2357cd10 folded before Flop
Seat 7: 1e5304a8 collected (2,960)
Seat 8: 669cf6b folded before Flop


Poker Hand #TM2996016752: Tournament #128208230, Bounty Hunters Big Game $21.60 Hold'em No Limit - Level3(400/800) - 2024/02/23 15:06:17
Table '30' 8-max Seat #1 is the button
Seat 1: 5cd09f66 (76,530 in chips)
Seat 2: Hero (89,830 in chips)
Seat 3: 35626720 (106,954 in chips)
Seat 5: d3940121 (101,764 in chips)
Seat 6: 2357cd10 (100,760 in chips)
Seat 7: 1e5304a8 (97,360 in chips)
Seat 8: 669cf6b (100,000 in chips)
d3940121: posts the ante 120
1e5304a8: posts the ante 120
Hero: posts the ante 120
5cd09f66: posts the ante 120
2357cd10: posts the ante 120
669cf6b: posts the ante 120
35626720: posts the ante 120
Hero: posts small blind 400
35626720: posts big blind 800
*** HOLE CARDS ***
Dealt to 5cd09f66 
Dealt to Hero [9c Tc]
Dealt to 35626720 
Dealt to d3940121 
Dealt to 2357cd10 
Dealt to 1e5304a8 
Dealt to 669cf6b 
d3940121: raises 800 to 1,600
2357cd10: folds
1e5304a8: calls 1,600
669cf6b: folds
5cd09f66: calls 1,600
Hero: calls 1,200
35626720: calls 800
*** FLOP *** [5s Qc 4d]
Hero: checks
35626720: checks
d3940121: checks
1e5304a8: checks
5cd09f66: checks
*** TURN *** [5s Qc 4d] [5c]
Hero: checks
35626720: checks
d3940121: checks
1e5304a8: checks
5cd09f66: checks
*** RIVER *** [5s Qc 4d 5c] [Ks]
Hero: checks
35626720: checks
d3940121: checks
1e5304a8: checks
5cd09f66: checks
Hero: shows [9c Tc] (Pair of Fives)
35626720: shows [4s 6s] (Pair of Fives and Pair of Fours)
d3940121: shows [9d Jd] (Pair of Fives)
1e5304a8: shows [2h 2s] (Pair of Fives and Pair of Twos)
5cd09f66: shows [8c Ac] (Pair of Fives)
*** SHOWDOWN ***
35626720 collected 8,840 from pot
*** SUMMARY ***
Total pot 8,840 | Rake 0 | Jackpot 0 | Bingo 0 | Fortune 0 | Tax 0
Board [5s Qc 4d 5c Ks]
Seat 1: 5cd09f66 (button) showed [8c Ac] and lost with Pair of Fives
Seat 2: Hero (small blind) showed [9c Tc] and lost with Pair of Fives
Seat 3: 35626720 (big blind) showed [4s 6s] and won (8,840) with Pair of Fives and Pair of Fours
Seat 5: d3940121 showed [9d Jd] and lost with Pair of Fives
Seat 6: 2357cd10 folded before Flop
Seat 7: 1e5304a8 showed [2h 2s] and lost with Pair of Fives and Pair of Twos
Seat 8: 669cf6b folded before Flop


Poker Hand #TM2996016556: Tournament #128208230, Bounty Hunters Big Game $21.60 Hold'em No Limit - Level3(400/800) - 2024/02/23 15:04:23
Table '30' 8-max Seat #7 is the button
Seat 1: 5cd09f66 (81,850 in chips)
Seat 2: Hero (91,630 in chips)
Seat 3: 35626720 (99,354 in chips)
Seat 4: 7ba5636b (110,992 in chips)
Seat 5: d3940121 (101,884 in chips)
Seat 6: 2357cd10 (100,880 in chips)
Seat 7: 1e5304a8 (97,480 in chips)
d3940121: posts the ante 120
1e5304a8: posts the ante 120
Hero: posts the ante 120
7ba5636b: posts the ante 120
5cd09f66: posts the ante 120
2357cd10: posts the ante 120
35626720: posts the ante 120
5cd09f66: posts small blind 400
Hero: posts big blind 800
*** HOLE CARDS ***
Dealt to 5cd09f66 
Dealt to Hero [7d 7c]
Dealt to 35626720 
Dealt to 7ba5636b 
Dealt to d3940121 
Dealt to 2357cd10 
Dealt to 1e5304a8 
35626720: raises 880 to 1,680
7ba5636b: folds
d3940121: folds
2357cd10: folds
1e5304a8: folds
5cd09f66: calls 1,280
Hero: calls 880
*** FLOP *** [Qs 8d 9c]
5cd09f66: checks
Hero: checks
35626720: checks
*** TURN *** [Qs 8d 9c] [Ad]
5cd09f66: checks
Hero: checks
35626720: bets 3,520
5cd09f66: calls 3,520
Hero: folds
*** RIVER *** [Qs 8d 9c Ad] [4d]
5cd09f66: checks
35626720: bets 11,280
5cd09f66: folds
Uncalled bet (11,280) returned to 35626720
*** SHOWDOWN ***
35626720 collected 12,920 from pot
*** SUMMARY ***
Total pot 12,920 | Rake 0 | Jackpot 0 | Bingo 0 | Fortune 0 | Tax 0
Board [Qs 8d 9c Ad 4d]
Seat 1: 5cd09f66 (small blind) folded on the River
Seat 2: Hero (big blind) folded on the Turn
Seat 3: 35626720 won (12,920)
Seat 4: 7ba5636b folded before Flop
Seat 5: d3940121 folded before Flop
Seat 6: 2357cd10 folded before Flop
Seat 7: 1e5304a8 (button) folded before Flop


Poker Hand #TM2996016471: Tournament #128208230, Bounty Hunters Big Game $21.60 Hold'em No Limit - Level3(400/800) - 2024/02/23 15:03:29
Table '30' 8-max Seat #6 is the button
Seat 1: 5cd09f66 (82,770 in chips)
Seat 2: Hero (91,750 in chips)
Seat 3: 35626720 (99,474 in chips)
Seat 4: 7ba5636b (111,112 in chips)
Seat 5: d3940121 (102,004 in chips)
Seat 6: 2357cd10 (98,560 in chips)
Seat 7: 1e5304a8 (98,400 in chips)
d3940121: posts the ante 120
Hero: posts the ante 120
1e5304a8: posts the ante 120
7ba5636b: posts the ante 120
5cd09f66: posts the ante 120
2357cd10: posts the ante 120
35626720: posts the ante 120
1e5304a8: posts small blind 400
5cd09f66: posts big blind 800
*** HOLE CARDS ***
Dealt to 5cd09f66 
Dealt to Hero [As 9h]
Dealt to 35626720 
Dealt to 7ba5636b 
Dealt to d3940121 
Dealt to 2357cd10 
Dealt to 1e5304a8 
Hero: folds
35626720: folds
7ba5636b: folds
d3940121: folds
2357cd10: calls 800
1e5304a8: calls 400
5cd09f66: checks
*** FLOP *** [2s Qh 6d]
1e5304a8: checks
5cd09f66: checks
2357cd10: bets 1,600
1e5304a8: folds
5cd09f66: folds
Uncalled bet (1,600) returned to 2357cd10
*** SHOWDOWN ***
2357cd10 collected 3,240 from pot
*** SUMMARY ***
Total pot 3,240 | Rake 0 | Jackpot 0 | Bingo 0 | Fortune 0 | Tax 0
Board [2s Qh 6d]
Seat 1: 5cd09f66 (big blind) folded on the Flop
Seat 2: Hero folded before Flop
Seat 3: 35626720 folded before Flop
Seat 4: 7ba5636b folded before Flop
Seat 5: d3940121 folded before Flop
Seat 6: 2357cd10 (button) won (3,240)
Seat 7: 1e5304a8 (small blind) folded on the Flop


Poker Hand #TM2996016429: Tournament #128208230, Bounty Hunters Big Game $21.60 Hold'em No Limit - Level3(400/800) - 2024/02/23 15:03:06
Table '30' 8-max Seat #5 is the button
Seat 1: 5cd09f66 (82,890 in chips)
Seat 2: Hero (89,710 in chips)
Seat 3: 35626720 (99,594 in chips)
Seat 4: 7ba5636b (111,232 in chips)
Seat 5: d3940121 (102,124 in chips)
Seat 6: 2357cd10 (99,080 in chips)
Seat 7: 1e5304a8 (99,320 in chips)
Seat 8: 38073b64 (119,381 in chips)
d3940121: posts the ante 120
Hero: posts the ante 120
1e5304a8: posts the ante 120
38073b64: posts the ante 120
7ba5636b: posts the ante 120
5cd09f66: posts the ante 120
2357cd10: posts the ante 120
35626720: posts the ante 120
2357cd10: posts small blind 400
1e5304a8: posts big blind 800
*** HOLE CARDS ***
Dealt to 5cd09f66 
Dealt to Hero [Kh Jh]
Dealt to 35626720 
Dealt to 7ba5636b 
Dealt to d3940121 
Dealt to 2357cd10 
Dealt to 1e5304a8 
Dealt to 38073b64 
38073b64: folds
5cd09f66: folds
Hero: raises 880 to 1,680
35626720: folds
7ba5636b: folds
d3940121: folds
2357cd10: folds
1e5304a8: folds
Uncalled bet (880) returned to Hero
*** SHOWDOWN ***
Hero collected 2,960 from pot
*** SUMMARY ***
Total pot 2,960 | Rake 0 | Jackpot 0 | Bingo 0 | Fortune 0 | Tax 0
Seat 1: 5cd09f66 folded before Flop
Seat 2: Hero collected (2,960)
Seat 3: 35626720 folded before Flop
Seat 4: 7ba5636b folded before Flop
Seat 5: d3940121 (button) folded before Flop
Seat 6: 2357cd10 (small blind) folded before Flop
Seat 7: 1e5304a8 (big blind) folded before Flop
Seat 8: 38073b64 folded before Flop


Poker Hand #TM2996016354: Tournament #128208230, Bounty Hunters Big Game $21.60 Hold'em No Limit - Level3(400/800) - 2024/02/23 15:02:01
Table '30' 8-max Seat #4 is the button
Seat 1: 5cd09f66 (83,010 in chips)
Seat 2: Hero (89,830 in chips)
Seat 3: 35626720 (99,714 in chips)
Seat 4: 7ba5636b (111,352 in chips)
Seat 5: d3940121 (102,644 in chips)
Seat 6: 2357cd10 (100,000 in chips)
Seat 7: 1e5304a8 (99,440 in chips)
Seat 8: 38073b64 (117,341 in chips)
d3940121: posts the ante 120
Hero: posts the ante 120
1e5304a8: posts the ante 120
38073b64: posts the ante 120
7ba5636b: posts the ante 120
5cd09f66: posts the ante 120
2357cd10: posts the ante 120
35626720: posts the ante 120
d3940121: posts small blind 400
2357cd10: posts big blind 800
*** HOLE CARDS ***
Dealt to 5cd09f66 
Dealt to Hero [2h 5h]
Dealt to 35626720 
Dealt to 7ba5636b 
Dealt to d3940121 
Dealt to 2357cd10 
Dealt to 1e5304a8 
Dealt to 38073b64 
1e5304a8: folds
38073b64: raises 800 to 1,600
5cd09f66: folds
Hero: folds
35626720: folds
7ba5636b: folds
d3940121: folds
2357cd10: folds
Uncalled bet (800) returned to 38073b64
*** SHOWDOWN ***
38073b64 collected 2,960 from pot
*** SUMMARY ***
Total pot 2,960 | Rake 0 | Jackpot 0 | Bingo 0 | Fortune 0 | Tax 0
Seat 1: 5cd09f66 folded before Flop
Seat 2: Hero folded before Flop
Seat 3: 35626720 folded before Flop
Seat 4: 7ba5636b (button) folded before Flop
Seat 5: d3940121 (small blind) folded before Flop
Seat 6: 2357cd10 (big blind) folded before Flop
Seat 7: 1e5304a8 folded before Flop
Seat 8: 38073b64 collected (2,960)


Poker Hand #TM2996016183: Tournament #128208230, Bounty Hunters Big Game $21.60 Hold'em No Limit - Level3(400/800) - 2024/02/23 14:54:08
Table '30' 8-max Seat #3 is the button
Seat 1: 5cd09f66 (83,130 in chips)
Seat 2: Hero (89,950 in chips)
Seat 3: 35626720 (101,595 in chips)
Seat 4: 7ba5636b (106,190 in chips)
Seat 5: d3940121 (103,564 in chips)
Seat 6: bbcf0f17 (102,091 in chips)
Seat 7: 1e5304a8 (99,560 in chips)
Seat 8: 38073b64 (117,461 in chips)
d3940121: posts the ante 120
bbcf0f17: posts the ante 120
Hero: posts the ante 120
1e5304a8: posts the ante 120
38073b64: posts the ante 120
7ba5636b: posts the ante 120
5cd09f66: posts the ante 120
35626720: posts the ante 120
7ba5636b: posts small blind 400
d3940121: posts big blind 800
*** HOLE CARDS ***
Dealt to 5cd09f66 
Dealt to Hero [6s 2h]
Dealt to 35626720 
Dealt to 7ba5636b 
Dealt to d3940121 
Dealt to bbcf0f17 
Dealt to 1e5304a8 
Dealt to 38073b64 
bbcf0f17: raises 961 to 1,761
1e5304a8: folds
38073b64: folds
5cd09f66: folds
Hero: folds
35626720: calls 1,761
7ba5636b: raises 7,839 to 9,600
d3940121: folds
bbcf0f17: folds
35626720: folds
Uncalled bet (7,839) returned to 7ba5636b
*** SHOWDOWN ***
7ba5636b collected 7,043 from pot
*** SUMMARY ***
Total pot 7,043 | Rake 0 | Jackpot 0 | Bingo 0 | Fortune 0 | Tax 0
Seat 1: 5cd09f66 folded before Flop
Seat 2: Hero folded before Flop
Seat 3: 35626720 (button) folded before Flop
Seat 4: 7ba5636b (small blind) collected (7,043)
Seat 5: d3940121 (big blind) folded before Flop
Seat 6: bbcf0f17 folded before Flop
Seat 7: 1e5304a8 folded before Flop
Seat 8: 38073b64 folded before Flop


Poker Hand #TM2996016071: Tournament #128208230, Bounty Hunters Big Game $21.60 Hold'em No Limit - Level2(300/600) - 2024/02/23 14:53:03
Table '30' 8-max Seat #2 is the button
Seat 1: 5cd09f66 (83,220 in chips)
Seat 2: Hero (90,040 in chips)
Seat 3: 35626720 (96,110 in chips)
Seat 4: 7ba5636b (106,880 in chips)
Seat 5: d3940121 (103,654 in chips)
Seat 6: bbcf0f17 (106,436 in chips)
Seat 7: 1e5304a8 (99,650 in chips)
Seat 8: 38073b64 (117,551 in chips)
d3940121: posts the ante 90
bbcf0f17: posts the ante 90
Hero: posts the ante 90
1e5304a8: posts the ante 90
38073b64: posts the ante 90
7ba5636b: posts the ante 90
5cd09f66: posts the ante 90
35626720: posts the ante 90
35626720: posts small blind 300
7ba5636b: posts big blind 600
*** HOLE CARDS ***
Dealt to 5cd09f66 
Dealt to Hero [9c Qs]
Dealt to 35626720 
Dealt to 7ba5636b 
Dealt to d3940121 
Dealt to bbcf0f17 
Dealt to 1e5304a8 
Dealt to 38073b64 
d3940121: folds
bbcf0f17: raises 660 to 1,260
1e5304a8: folds
38073b64: folds
5cd09f66: folds
Hero: folds
35626720: raises 2,995 to 4,255
7ba5636b: folds
bbcf0f17: calls 2,995
*** FLOP *** [9s 3c 7d]
35626720: bets 3,744
bbcf0f17: folds
Uncalled bet (3,744) returned to 35626720
*** SHOWDOWN ***
35626720 collected 9,830 from pot
*** SUMMARY ***
Total pot 9,830 | Rake 0 | Jackpot 0 | Bingo 0 | Fortune 0 | Tax 0
Board [9s 3c 7d]
Seat 1: 5cd09f66 folded before Flop
Seat 2: Hero (button) folded before Flop
Seat 3: 35626720 (small blind) won (9,830)
Seat 4: 7ba5636b (big blind) folded before Flop
Seat 5: d3940121 folded before Flop
Seat 6: bbcf0f17 folded on the Flop
Seat 7: 1e5304a8 folded before Flop
Seat 8: 38073b64 folded before Flop


Poker Hand #TM2996015946: Tournament #128208230, Bounty Hunters Big Game $21.60 Hold'em No Limit - Level2(300/600) - 2024/02/23 14:51:46
Table '30' 8-max Seat #1 is the button
Seat 1: 5cd09f66 (86,166 in chips)
Seat 2: Hero (90,430 in chips)
Seat 3: 35626720 (97,400 in chips)
Seat 4: 7ba5636b (106,970 in chips)
Seat 5: d3940121 (103,744 in chips)
Seat 6: bbcf0f17 (106,526 in chips)
Seat 7: 1e5304a8 (94,664 in chips)
Seat 8: 38073b64 (117,641 in chips)
d3940121: posts the ante 90
bbcf0f17: posts the ante 90
1e5304a8: posts the ante 90
Hero: posts the ante 90
38073b64: posts the ante 90
7ba5636b: posts the ante 90
5cd09f66: posts the ante 90
35626720: posts the ante 90
Hero: posts small blind 300
35626720: posts big blind 600
*** HOLE CARDS ***
Dealt to 5cd09f66 
Dealt to Hero [Ac 7s]
Dealt to 35626720 
Dealt to 7ba5636b 
Dealt to d3940121 
Dealt to bbcf0f17 
Dealt to 1e5304a8 
Dealt to 38073b64 
7ba5636b: folds
d3940121: folds
bbcf0f17: folds
1e5304a8: raises 600 to 1,200
38073b64: folds
5cd09f66: calls 1,200
Hero: folds
35626720: calls 600
*** FLOP *** [6h Kh 9s]
35626720: checks
1e5304a8: bets 1,656
5cd09f66: calls 1,656
35626720: folds
*** TURN *** [6h Kh 9s] [6s]
1e5304a8: bets 5,100
5cd09f66: folds
Uncalled bet (5,100) returned to 1e5304a8
*** SHOWDOWN ***
1e5304a8 collected 7,932 from pot
*** SUMMARY ***
Total pot 7,932 | Rake 0 | Jackpot 0 | Bingo 0 | Fortune 0 | Tax 0
Board [6h Kh 9s 6s]
Seat 1: 5cd09f66 (button) folded on the Turn
Seat 2: Hero (small blind) folded before Flop
Seat 3: 35626720 (big blind) folded on the Flop
Seat 4: 7ba5636b folded before Flop
Seat 5: d3940121 folded before Flop
Seat 6: bbcf0f17 folded before Flop
Seat 7: 1e5304a8 won (7,932)
Seat 8: 38073b64 folded before Flop


Poker Hand #TM2996015788: Tournament #128208230, Bounty Hunters Big Game $21.60 Hold'em No Limit - Level2(300/600) - 2024/02/23 14:50:14
Table '30' 8-max Seat #8 is the button
Seat 1: 5cd09f66 (81,996 in chips)
Seat 2: Hero (94,060 in chips)
Seat 3: 35626720 (97,490 in chips)
Seat 4: 7ba5636b (107,060 in chips)
Seat 5: d3940121 (103,834 in chips)
Seat 6: bbcf0f17 (106,616 in chips)
Seat 7: 1e5304a8 (94,754 in chips)
Seat 8: 38073b64 (117,731 in chips)
d3940121: posts the ante 90
bbcf0f17: posts the ante 90
1e5304a8: posts the ante 90
Hero: posts the ante 90
38073b64: posts the ante 90
7ba5636b: posts the ante 90
5cd09f66: posts the ante 90
35626720: posts the ante 90
5cd09f66: posts small blind 300
Hero: posts big blind 600
*** HOLE CARDS ***
Dealt to 5cd09f66 
Dealt to Hero [Qh 7h]
Dealt to 35626720 
Dealt to 7ba5636b 
Dealt to d3940121 
Dealt to bbcf0f17 
Dealt to 1e5304a8 
Dealt to 38073b64 
35626720: folds
7ba5636b: folds
d3940121: folds
bbcf0f17: folds
1e5304a8: folds
38073b64: folds
5cd09f66: calls 300
Hero: checks
*** FLOP *** [5h 3h Kd]
5cd09f66: bets 600
Hero: calls 600
*** TURN *** [5h 3h Kd] [Ad]
5cd09f66: bets 2,340
Hero: calls 2,340
*** RIVER *** [5h 3h Kd Ad] [4s]
5cd09f66: checks
Hero: checks
5cd09f66: shows [2c Ah] (Fives-High Straight)
Hero: shows [Qh 7h] (Ace-High)
*** SHOWDOWN ***
5cd09f66 collected 7,800 from pot
*** SUMMARY ***
Total pot 7,800 | Rake 0 | Jackpot 0 | Bingo 0 | Fortune 0 | Tax 0
Board [5h 3h Kd Ad 4s]
Seat 1: 5cd09f66 (small blind) showed [2c Ah] and won (7,800) with Fives-High Straight
Seat 2: Hero (big blind) showed [Qh 7h] and lost with Ace-High
Seat 3: 35626720 folded before Flop
Seat 4: 7ba5636b folded before Flop
Seat 5: d3940121 folded before Flop
Seat 6: bbcf0f17 folded before Flop
Seat 7: 1e5304a8 folded before Flop
Seat 8: 38073b64 (button) folded before Flop


Poker Hand #TM2996015637: Tournament #128208230, Bounty Hunters Big Game $21.60 Hold'em No Limit - Level2(300/600) - 2024/02/23 14:48:46
Table '30' 8-max Seat #7 is the button
Seat 1: 5cd09f66 (83,946 in chips)
Seat 2: Hero (91,270 in chips)
Seat 3: 35626720 (97,580 in chips)
Seat 4: 7ba5636b (107,150 in chips)
Seat 5: d3940121 (103,924 in chips)
Seat 6: bbcf0f17 (106,706 in chips)
Seat 7: 1e5304a8 (94,844 in chips)
Seat 8: 38073b64 (118,121 in chips)
d3940121: posts the ante 90
bbcf0f17: posts the ante 90
1e5304a8: posts the ante 90
Hero: posts the ante 90
38073b64: posts the ante 90
7ba5636b: posts the ante 90
5cd09f66: posts the ante 90
35626720: posts the ante 90
38073b64: posts small blind 300
5cd09f66: posts big blind 600
*** HOLE CARDS ***
Dealt to 5cd09f66 
Dealt to Hero [Th Qh]
Dealt to 35626720 
Dealt to 7ba5636b 
Dealt to d3940121 
Dealt to bbcf0f17 
Dealt to 1e5304a8 
Dealt to 38073b64 
Hero: raises 660 to 1,260
35626720: folds
7ba5636b: folds
d3940121: folds
bbcf0f17: folds
1e5304a8: folds
38073b64: folds
5cd09f66: calls 660
*** FLOP *** [2h Ah 5h]
5cd09f66: checks
Hero: bets 600
5cd09f66: calls 600
*** TURN *** [2h Ah 5h] [7h]
5cd09f66: checks
Hero: bets 4,029
5cd09f66: folds
Uncalled bet (4,029) returned to Hero
*** SHOWDOWN ***
Hero collected 4,740 from pot
*** SUMMARY ***
Total pot 4,740 | Rake 0 | Jackpot 0 | Bingo 0 | Fortune 0 | Tax 0
Board [2h Ah 5h 7h]
Seat 1: 5cd09f66 (big blind) folded on the Turn
Seat 2: Hero won (4,740)
Seat 3: 35626720 folded before Flop
Seat 4: 7ba5636b folded before Flop
Seat 5: d3940121 folded before Flop
Seat 6: bbcf0f17 folded before Flop
Seat 7: 1e5304a8 (button) folded before Flop
Seat 8: 38073b64 (small blind) folded before Flop


Poker Hand #TM2996015510: Tournament #128208230, Bounty Hunters Big Game $21.60 Hold'em No Limit - Level2(300/600) - 2024/02/23 14:47:31
Table '30' 8-max Seat #6 is the button
Seat 1: 5cd09f66 (84,036 in chips)
Seat 2: Hero (91,360 in chips)
Seat 3: 35626720 (97,670 in chips)
Seat 4: 7ba5636b (110,240 in chips)
Seat 5: d3940121 (104,014 in chips)
Seat 6: bbcf0f17 (101,576 in chips)
Seat 7: 1e5304a8 (95,234 in chips)
Seat 8: 38073b64 (119,411 in chips)
d3940121: posts the ante 90
bbcf0f17: posts the ante 90
Hero: posts the ante 90
1e5304a8: posts the ante 90
38073b64: posts the ante 90
7ba5636b: posts the ante 90
5cd09f66: posts the ante 90
35626720: posts the ante 90
1e5304a8: posts small blind 300
38073b64: posts big blind 600
*** HOLE CARDS ***
Dealt to 5cd09f66 
Dealt to Hero [7h Qd]
Dealt to 35626720 
Dealt to 7ba5636b 
Dealt to d3940121 
Dealt to bbcf0f17 
Dealt to 1e5304a8 
Dealt to 38073b64 
5cd09f66: folds
Hero: folds
35626720: folds
7ba5636b: raises 600 to 1,200
d3940121: folds
bbcf0f17: calls 1,200
1e5304a8: folds
38073b64: calls 600
*** FLOP *** [Th Ah 3d]
38073b64: checks
7ba5636b: bets 1,800
bbcf0f17: calls 1,800
38073b64: folds
*** TURN *** [Th Ah 3d] [8c]
7ba5636b: checks
bbcf0f17: bets 4,200
7ba5636b: folds
Uncalled bet (4,200) returned to bbcf0f17
*** SHOWDOWN ***
bbcf0f17 collected 8,220 from pot
*** SUMMARY ***
Total pot 8,220 | Rake 0 | Jackpot 0 | Bingo 0 | Fortune 0 | Tax 0
Board [Th Ah 3d 8c]
Seat 1: 5cd09f66 folded before Flop
Seat 2: Hero folded before Flop
Seat 3: 35626720 folded before Flop
Seat 4: 7ba5636b folded on the Turn
Seat 5: d3940121 folded before Flop
Seat 6: bbcf0f17 (button) won (8,220)
Seat 7: 1e5304a8 (small blind) folded before Flop
Seat 8: 38073b64 (big blind) folded on the Flop


Poker Hand #TM2996015348: Tournament #128208230, Bounty Hunters Big Game $21.60 Hold'em No Limit - Level2(300/600) - 2024/02/23 14:45:54
Table '30' 8-max Seat #5 is the button
Seat 1: 5cd09f66 (99,100 in chips)
Seat 2: Hero (91,450 in chips)
Seat 3: 35626720 (97,760 in chips)
Seat 4: 7ba5636b (110,330 in chips)
Seat 5: d3940121 (104,104 in chips)
Seat 6: bbcf0f17 (101,966 in chips)
Seat 7: 1e5304a8 (79,330 in chips)
Seat 8: 38073b64 (119,501 in chips)
d3940121: posts the ante 90
bbcf0f17: posts the ante 90
Hero: posts the ante 90
1e5304a8: posts the ante 90
38073b64: posts the ante 90
7ba5636b: posts the ante 90
5cd09f66: posts the ante 90
35626720: posts the ante 90
bbcf0f17: posts small blind 300
1e5304a8: posts big blind 600
*** HOLE CARDS ***
Dealt to 5cd09f66 
Dealt to Hero [4c 7h]
Dealt to 35626720 
Dealt to 7ba5636b 
Dealt to d3940121 
Dealt to bbcf0f17 
Dealt to 1e5304a8 
Dealt to 38073b64 
38073b64: folds
5cd09f66: raises 900 to 1,500
Hero: folds
35626720: folds
7ba5636b: folds
d3940121: folds
bbcf0f17: folds
1e5304a8: calls 900
*** FLOP *** [7d 4d Jh]
1e5304a8: checks
5cd09f66: bets 1,327
1e5304a8: calls 1,327
*** TURN *** [7d 4d Jh] [Ks]
1e5304a8: checks
5cd09f66: bets 4,405
1e5304a8: calls 4,405
*** RIVER *** [7d 4d Jh Ks] [Ad]
1e5304a8: checks
5cd09f66: bets 7,742
1e5304a8: calls 7,742
5cd09f66: shows [Ah 3h] (Pair of Aces)
1e5304a8: shows [4h 7c] (Pair of Sevens and Pair of Fours)
*** SHOWDOWN ***
1e5304a8 collected 30,968 from pot
*** SUMMARY ***
Total pot 30,968 | Rake 0 | Jackpot 0 | Bingo 0 | Fortune 0 | Tax 0
Board [7d 4d Jh Ks Ad]
Seat 1: 5cd09f66 showed [Ah 3h] and lost with Pair of Aces
Seat 2: Hero folded before Flop
Seat 3: 35626720 folded before Flop
Seat 4: 7ba5636b folded before Flop
Seat 5: d3940121 (button) folded before Flop
Seat 6: bbcf0f17 (small blind) folded before Flop
Seat 7: 1e5304a8 (big blind) showed [4h 7c] and won (30,968) with Pair of Sevens and Pair of Fours
Seat 8: 38073b64 folded before Flop


Poker Hand #TM2996015210: Tournament #128208230, Bounty Hunters Big Game $21.60 Hold'em No Limit - Level2(300/600) - 2024/02/23 14:44:31
Table '30' 8-max Seat #4 is the button
Seat 1: 5cd09f66 (99,190 in chips)
Seat 2: Hero (91,540 in chips)
Seat 3: 35626720 (97,850 in chips)
Seat 4: 7ba5636b (110,420 in chips)
Seat 5: d3940121 (112,144 in chips)
Seat 6: bbcf0f17 (102,656 in chips)
Seat 7: 1e5304a8 (80,620 in chips)
Seat 8: 38073b64 (109,121 in chips)
d3940121: posts the ante 90
bbcf0f17: posts the ante 90
Hero: posts the ante 90
1e5304a8: posts the ante 90
38073b64: posts the ante 90
7ba5636b: posts the ante 90
5cd09f66: posts the ante 90
35626720: posts the ante 90
d3940121: posts small blind 300
bbcf0f17: posts big blind 600
*** HOLE CARDS ***
Dealt to 5cd09f66 
Dealt to Hero [8s Kc]
Dealt to 35626720 
Dealt to 7ba5636b 
Dealt to d3940121 
Dealt to bbcf0f17 
Dealt to 1e5304a8 
Dealt to 38073b64 
1e5304a8: raises 600 to 1,200
38073b64: calls 1,200
5cd09f66: folds
Hero: folds
35626720: folds
7ba5636b: folds
d3940121: raises 6,750 to 7,950
bbcf0f17: folds
1e5304a8: folds
38073b64: calls 6,750
*** FLOP *** [3d Th 2c]
d3940121: checks
38073b64: bets 6,079
d3940121: folds
Uncalled bet (6,079) returned to 38073b64
*** SHOWDOWN ***
38073b64 collected 18,420 from pot
*** SUMMARY ***
Total pot 18,420 | Rake 0 | Jackpot 0 | Bingo 0 | Fortune 0 | Tax 0
Board [3d Th 2c]
Seat 1: 5cd09f66 folded before Flop
Seat 2: Hero folded before Flop
Seat 3: 35626720 folded before Flop
Seat 4: 7ba5636b (button) folded before Flop
Seat 5: d3940121 (small blind) folded on the Flop
Seat 6: bbcf0f17 (big blind) folded before Flop
Seat 7: 1e5304a8 folded before Flop
Seat 8: 38073b64 won (18,420)


Poker Hand #TM2996015061: Tournament #128208230, Bounty Hunters Big Game $21.60 Hold'em No Limit - Level2(300/600) - 2024/02/23 14:43:04
Table '30' 8-max Seat #3 is the button
Seat 1: 5cd09f66 (99,280 in chips)
Seat 2: Hero (97,630 in chips)
Seat 3: 35626720 (97,940 in chips)
Seat 4: 7ba5636b (103,190 in chips)
Seat 5: d3940121 (112,834 in chips)
Seat 6: bbcf0f17 (102,746 in chips)
Seat 7: 1e5304a8 (80,710 in chips)
Seat 8: 38073b64 (109,211 in chips)
d3940121: posts the ante 90
bbcf0f17: posts the ante 90
Hero: posts the ante 90
1e5304a8: posts the ante 90
38073b64: posts the ante 90
7ba5636b: posts the ante 90
5cd09f66: posts the ante 90
35626720: posts the ante 90
7ba5636b: posts small blind 300
d3940121: posts big blind 600
*** HOLE CARDS ***
Dealt to 5cd09f66 
Dealt to Hero [Kh 3h]
Dealt to 35626720 
Dealt to 7ba5636b 
Dealt to d3940121 
Dealt to bbcf0f17 
Dealt to 1e5304a8 
Dealt to 38073b64 
bbcf0f17: folds
1e5304a8: folds
38073b64: folds
5cd09f66: folds
Hero: raises 660 to 1,260
35626720: folds
7ba5636b: raises 4,740 to 6,000
d3940121: folds
Hero: calls 4,740
*** FLOP *** [Ad Jd 2d]
7ba5636b: bets 4,500
Hero: folds
Uncalled bet (4,500) returned to 7ba5636b
*** SHOWDOWN ***
7ba5636b collected 13,320 from pot
*** SUMMARY ***
Total pot 13,320 | Rake 0 | Jackpot 0 | Bingo 0 | Fortune 0 | Tax 0
Board [Ad Jd 2d]
Seat 1: 5cd09f66 folded before Flop
Seat 2: Hero folded on the Flop
Seat 3: 35626720 (button) folded before Flop
Seat 4: 7ba5636b (small blind) won (13,320)
Seat 5: d3940121 (big blind) folded before Flop
Seat 6: bbcf0f17 folded before Flop
Seat 7: 1e5304a8 folded before Flop
Seat 8: 38073b64 folded before Flop


Poker Hand #TM2996014910: Tournament #128208230, Bounty Hunters Big Game $21.60 Hold'em No Limit - Level1(200/400) - 2024/02/23 14:41:31
Table '30' 8-max Seat #2 is the button
Seat 1: 5cd09f66 (99,340 in chips)
Seat 2: Hero (99,280 in chips)
Seat 3: 35626720 (98,840 in chips)
Seat 4: 7ba5636b (100,340 in chips)
Seat 5: d3940121 (112,894 in chips)
Seat 6: bbcf0f17 (102,806 in chips)
Seat 7: 1e5304a8 (80,770 in chips)
Seat 8: 38073b64 (109,271 in chips)
d3940121: posts the ante 60
bbcf0f17: posts the ante 60
Hero: posts the ante 60
1e5304a8: posts the ante 60
38073b64: posts the ante 60
7ba5636b: posts the ante 60
5cd09f66: posts the ante 60
35626720: posts the ante 60
35626720: posts small blind 200
7ba5636b: posts big blind 400
*** HOLE CARDS ***
Dealt to 5cd09f66 
Dealt to Hero [4s 4c]
Dealt to 35626720 
Dealt to 7ba5636b 
Dealt to d3940121 
Dealt to bbcf0f17 
Dealt to 1e5304a8 
Dealt to 38073b64 
d3940121: folds
bbcf0f17: folds
1e5304a8: folds
38073b64: folds
5cd09f66: folds
Hero: raises 440 to 840
35626720: calls 640
7ba5636b: calls 440
*** FLOP *** [9s Ac 9d]
35626720: checks
7ba5636b: checks
Hero: bets 750
35626720: folds
7ba5636b: calls 750
*** TURN *** [9s Ac 9d] [Jc]
7ba5636b: checks
Hero: checks
*** RIVER *** [9s Ac 9d Jc] [As]
7ba5636b: bets 2,000
Hero: folds
Uncalled bet (2,000) returned to 7ba5636b
*** SHOWDOWN ***
7ba5636b collected 4,500 from pot
*** SUMMARY ***
Total pot 4,500 | Rake 0 | Jackpot 0 | Bingo 0 | Fortune 0 | Tax 0
Board [9s Ac 9d Jc As]
Seat 1: 5cd09f66 folded before Flop
Seat 2: Hero (button) folded on the River
Seat 3: 35626720 (small blind) folded on the Flop
Seat 4: 7ba5636b (big blind) won (4,500)
Seat 5: d3940121 folded before Flop
Seat 6: bbcf0f17 folded before Flop
Seat 7: 1e5304a8 folded before Flop
Seat 8: 38073b64 folded before Flop


Poker Hand #TM2996014845: Tournament #128208230, Bounty Hunters Big Game $21.60 Hold'em No Limit - Level1(200/400) - 2024/02/23 14:40:48
Table '30' 8-max Seat #1 is the button
Seat 1: 5cd09f66 (99,400 in chips)
Seat 2: Hero (99,540 in chips)
Seat 3: 35626720 (99,700 in chips)
Seat 4: 7ba5636b (98,920 in chips)
Seat 5: d3940121 (112,954 in chips)
Seat 6: bbcf0f17 (102,866 in chips)
Seat 7: 1e5304a8 (80,830 in chips)
Seat 8: 38073b64 (109,331 in chips)
d3940121: posts the ante 60
bbcf0f17: posts the ante 60
1e5304a8: posts the ante 60
Hero: posts the ante 60
38073b64: posts the ante 60
7ba5636b: posts the ante 60
5cd09f66: posts the ante 60
35626720: posts the ante 60
Hero: posts small blind 200
35626720: posts big blind 400
*** HOLE CARDS ***
Dealt to 5cd09f66 
Dealt to Hero [5d 4c]
Dealt to 35626720 
Dealt to 7ba5636b 
Dealt to d3940121 
Dealt to bbcf0f17 
Dealt to 1e5304a8 
Dealt to 38073b64 
7ba5636b: raises 400 to 800
d3940121: folds
bbcf0f17: folds
1e5304a8: folds
38073b64: folds
5cd09f66: folds
Hero: folds
35626720: calls 400
*** FLOP *** [Tc 6h Th]
35626720: checks
7ba5636b: bets 600
35626720: folds
Uncalled bet (600) returned to 7ba5636b
*** SHOWDOWN ***
7ba5636b collected 2,280 from pot
*** SUMMARY ***
Total pot 2,280 | Rake 0 | Jackpot 0 | Bingo 0 | Fortune 0 | Tax 0
Board [Tc 6h Th]
Seat 1: 5cd09f66 (button) folded before Flop
Seat 2: Hero (small blind) folded before Flop
Seat 3: 35626720 (big blind) folded on the Flop
Seat 4: 7ba5636b won (2,280)
Seat 5: d3940121 folded before Flop
Seat 6: bbcf0f17 folded before Flop
Seat 7: 1e5304a8 folded before Flop
Seat 8: 38073b64 folded before Flop


Poker Hand #TM2996014730: Tournament #128208230, Bounty Hunters Big Game $21.60 Hold'em No Limit - Level1(200/400) - 2024/02/23 14:39:35
Table '30' 8-max Seat #8 is the button
Seat 1: 5cd09f66 (99,660 in chips)
Seat 2: Hero (100,000 in chips)
Seat 3: 35626720 (99,760 in chips)
Seat 4: 7ba5636b (98,980 in chips)
Seat 5: d3940121 (113,014 in chips)
Seat 6: bbcf0f17 (106,836 in chips)
Seat 7: 1e5304a8 (80,890 in chips)
Seat 8: 38073b64 (104,401 in chips)
d3940121: posts the ante 60
bbcf0f17: posts the ante 60
1e5304a8: posts the ante 60
Hero: posts the ante 60
38073b64: posts the ante 60
7ba5636b: posts the ante 60
5cd09f66: posts the ante 60
35626720: posts the ante 60
5cd09f66: posts small blind 200
Hero: posts big blind 400
*** HOLE CARDS ***
Dealt to 5cd09f66 
Dealt to Hero [Qc 7d]
Dealt to 35626720 
Dealt to 7ba5636b 
Dealt to d3940121 
Dealt to bbcf0f17 
Dealt to 1e5304a8 
Dealt to 38073b64 
35626720: folds
7ba5636b: folds
d3940121: folds
bbcf0f17: raises 400 to 800
1e5304a8: folds
38073b64: calls 800
5cd09f66: folds
Hero: folds
*** FLOP *** [5d 8h Ts]
bbcf0f17: bets 885
38073b64: calls 885
*** TURN *** [5d 8h Ts] [Td]
bbcf0f17: bets 2,225
38073b64: calls 2,225
*** RIVER *** [5d 8h Ts Td] [Qd]
bbcf0f17: checks
38073b64: checks
bbcf0f17: shows [Ah 9s] (Pair of Tens)
38073b64: shows [8c Ac] (Pair of Tens and Pair of Eights)
*** SHOWDOWN ***
38073b64 collected 8,900 from pot
*** SUMMARY ***
Total pot 8,900 | Rake 0 | Jackpot 0 | Bingo 0 | Fortune 0 | Tax 0
Board [5d 8h Ts Td Qd]
Seat 1: 5cd09f66 (small blind) folded before Flop
Seat 2: Hero (big blind) folded before Flop
Seat 3: 35626720 folded before Flop
Seat 4: 7ba5636b folded before Flop
Seat 5: d3940121 folded before Flop
Seat 6: bbcf0f17 showed [Ah 9s] and lost with Pair of Tens
Seat 7: 1e5304a8 folded before Flop
Seat 8: 38073b64 (button) showed [8c Ac] and won (8,900) with Pair of Tens and Pair of Eights


