PokerStars Hand #249073464331: Tournament #3714753592, €13.50+€13.50+€3.00 EUR Hold'em No Limit - Level XIV (3000/6000) - 2024/02/24 19:04:16 BRT [2024/02/24 17:04:16 ET]
Table '3714753592 39' 6-max Seat #5 is the button
Seat 1: deiraisetonuts (195426 in chips, €23.62 bounty) 
Seat 2: OM90fan (111301 in chips, €27 bounty) 
Seat 3: winji287 (526103 in chips, €33.75 bounty) 
Seat 4: MamkunOverbe4ik (402777 in chips, €27 bounty) 
Seat 5: RSerra1980 (127750 in chips, €13.50 bounty) 
Seat 6: R'act1on (85375 in chips, €13.50 bounty) 
deiraisetonuts: posts the ante 750
OM90fan: posts the ante 750
winji287: posts the ante 750
MamkunOverbe4ik: posts the ante 750
RSerra1980: posts the ante 750
R'act1on: posts the ante 750
R'act1on: posts small blind 3000
deiraisetonuts: posts big blind 6000
*** HOLE CARDS ***
Dealt to deiraisetonuts [Kd 8h]
OM90fan: calls 6000
winji287: folds 
MamkunOverbe4ik: raises 12000 to 18000
RSerra1980: folds 
R'act1on: folds 
deiraisetonuts: folds 
OM90fan: calls 12000
*** FLOP *** [Kc Jc Jh]
OM90fan: checks 
MamkunOverbe4ik: bets 9900
OM90fan: folds 
Uncalled bet (9900) returned to MamkunOverbe4ik
MamkunOverbe4ik collected 49500 from pot
MamkunOverbe4ik: doesn't show hand 
*** SUMMARY ***
Total pot 49500 | Rake 0 
Board [Kc Jc Jh]
Seat 1: deiraisetonuts (big blind) folded before Flop
Seat 2: OM90fan folded on the Flop
Seat 3: winji287 folded before Flop (didn't bet)
Seat 4: MamkunOverbe4ik collected (49500)
Seat 5: RSerra1980 (button) folded before Flop (didn't bet)
Seat 6: R'act1on (small blind) folded before Flop



PokerStars Hand #249073475295: Tournament #3714753592, €13.50+€13.50+€3.00 EUR Hold'em No Limit - Level XIV (3000/6000) - 2024/02/24 19:04:47 BRT [2024/02/24 17:04:47 ET]
Table '3714753592 39' 6-max Seat #6 is the button
Seat 1: deiraisetonuts (188676 in chips, €23.62 bounty) 
Seat 2: OM90fan (92551 in chips, €27 bounty) 
Seat 3: winji287 (525353 in chips, €33.75 bounty) 
Seat 4: MamkunOverbe4ik (433527 in chips, €27 bounty) 
Seat 5: RSerra1980 (127000 in chips, €13.50 bounty) 
Seat 6: R'act1on (81625 in chips, €13.50 bounty) 
deiraisetonuts: posts the ante 750
OM90fan: posts the ante 750
winji287: posts the ante 750
MamkunOverbe4ik: posts the ante 750
RSerra1980: posts the ante 750
R'act1on: posts the ante 750
deiraisetonuts: posts small blind 3000
OM90fan: posts big blind 6000
*** HOLE CARDS ***
Dealt to deiraisetonuts [3d 7d]
winji287: folds 
MamkunOverbe4ik: raises 6000 to 12000
RSerra1980: folds 
R'act1on: folds 
deiraisetonuts: folds 
OM90fan: calls 6000
*** FLOP *** [7h 2d Qc]
OM90fan: checks 
MamkunOverbe4ik: bets 6300
OM90fan: calls 6300
*** TURN *** [7h 2d Qc] [3c]
OM90fan: checks 
MamkunOverbe4ik: bets 14994
OM90fan: folds 
Uncalled bet (14994) returned to MamkunOverbe4ik
MamkunOverbe4ik collected 44100 from pot
MamkunOverbe4ik: doesn't show hand 
*** SUMMARY ***
Total pot 44100 | Rake 0 
Board [7h 2d Qc 3c]
Seat 1: deiraisetonuts (small blind) folded before Flop
Seat 2: OM90fan (big blind) folded on the Turn
Seat 3: winji287 folded before Flop (didn't bet)
Seat 4: MamkunOverbe4ik collected (44100)
Seat 5: RSerra1980 folded before Flop (didn't bet)
Seat 6: R'act1on (button) folded before Flop (didn't bet)



PokerStars Hand #249073488051: Tournament #3714753592, €13.50+€13.50+€3.00 EUR Hold'em No Limit - Level XIV (3000/6000) - 2024/02/24 19:05:23 BRT [2024/02/24 17:05:23 ET]
Table '3714753592 39' 6-max Seat #1 is the button
Seat 1: deiraisetonuts (184926 in chips, €23.62 bounty) 
Seat 2: OM90fan (73501 in chips, €27 bounty) 
Seat 3: winji287 (524603 in chips, €33.75 bounty) 
Seat 4: MamkunOverbe4ik (458577 in chips, €27 bounty) 
Seat 5: RSerra1980 (126250 in chips, €13.50 bounty) 
Seat 6: R'act1on (80875 in chips, €13.50 bounty) 
deiraisetonuts: posts the ante 750
OM90fan: posts the ante 750
winji287: posts the ante 750
MamkunOverbe4ik: posts the ante 750
RSerra1980: posts the ante 750
R'act1on: posts the ante 750
OM90fan: posts small blind 3000
winji287: posts big blind 6000
*** HOLE CARDS ***
Dealt to deiraisetonuts [4d 2h]
MamkunOverbe4ik: folds 
RSerra1980: folds 
R'act1on: folds 
deiraisetonuts: folds 
OM90fan: calls 3000
winji287: raises 517853 to 523853 and is all-in
OM90fan: folds 
Uncalled bet (517853) returned to winji287
winji287 collected 16500 from pot
winji287: doesn't show hand 
*** SUMMARY ***
Total pot 16500 | Rake 0 
Seat 1: deiraisetonuts (button) folded before Flop (didn't bet)
Seat 2: OM90fan (small blind) folded before Flop
Seat 3: winji287 (big blind) collected (16500)
Seat 4: MamkunOverbe4ik folded before Flop (didn't bet)
Seat 5: RSerra1980 folded before Flop (didn't bet)
Seat 6: R'act1on folded before Flop (didn't bet)



PokerStars Hand #249073498508: Tournament #3714753592, €13.50+€13.50+€3.00 EUR Hold'em No Limit - Level XIV (3000/6000) - 2024/02/24 19:05:52 BRT [2024/02/24 17:05:52 ET]
Table '3714753592 39' 6-max Seat #2 is the button
Seat 1: deiraisetonuts (184176 in chips, €23.62 bounty) 
Seat 2: OM90fan (66751 in chips, €27 bounty) 
Seat 3: winji287 (534353 in chips, €33.75 bounty) 
Seat 4: MamkunOverbe4ik (457827 in chips, €27 bounty) 
Seat 5: RSerra1980 (125500 in chips, €13.50 bounty) 
Seat 6: R'act1on (80125 in chips, €13.50 bounty) 
deiraisetonuts: posts the ante 750
OM90fan: posts the ante 750
winji287: posts the ante 750
MamkunOverbe4ik: posts the ante 750
RSerra1980: posts the ante 750
R'act1on: posts the ante 750
winji287: posts small blind 3000
MamkunOverbe4ik: posts big blind 6000
*** HOLE CARDS ***
Dealt to deiraisetonuts [3h As]
RSerra1980: folds 
R'act1on: raises 73375 to 79375 and is all-in
deiraisetonuts: folds 
OM90fan: folds 
winji287: folds 
MamkunOverbe4ik: folds 
Uncalled bet (73375) returned to R'act1on
R'act1on collected 19500 from pot
R'act1on: doesn't show hand 
*** SUMMARY ***
Total pot 19500 | Rake 0 
Seat 1: deiraisetonuts folded before Flop (didn't bet)
Seat 2: OM90fan (button) folded before Flop (didn't bet)
Seat 3: winji287 (small blind) folded before Flop
Seat 4: MamkunOverbe4ik (big blind) folded before Flop
Seat 5: RSerra1980 folded before Flop (didn't bet)
Seat 6: R'act1on collected (19500)



PokerStars Hand #249073507717: Tournament #3714753592, €13.50+€13.50+€3.00 EUR Hold'em No Limit - Level XIV (3000/6000) - 2024/02/24 19:06:18 BRT [2024/02/24 17:06:18 ET]
Table '3714753592 39' 6-max Seat #3 is the button
Seat 1: deiraisetonuts (183426 in chips, €23.62 bounty) 
Seat 2: OM90fan (66001 in chips, €27 bounty) 
Seat 3: winji287 (530603 in chips, €33.75 bounty) 
Seat 4: MamkunOverbe4ik (451077 in chips, €27 bounty) 
Seat 5: RSerra1980 (124750 in chips, €13.50 bounty) 
Seat 6: R'act1on (92875 in chips, €13.50 bounty) 
deiraisetonuts: posts the ante 750
OM90fan: posts the ante 750
winji287: posts the ante 750
MamkunOverbe4ik: posts the ante 750
RSerra1980: posts the ante 750
R'act1on: posts the ante 750
MamkunOverbe4ik: posts small blind 3000
RSerra1980: posts big blind 6000
*** HOLE CARDS ***
Dealt to deiraisetonuts [6h 7h]
R'act1on: folds 
deiraisetonuts: raises 6000 to 12000
OM90fan: folds 
winji287: calls 12000
MamkunOverbe4ik: folds 
RSerra1980: folds 
*** FLOP *** [6d 4c Ac]
deiraisetonuts: bets 9360
winji287: calls 9360
*** TURN *** [6d 4c Ac] [Js]
deiraisetonuts: checks 
winji287: bets 15179
deiraisetonuts: calls 15179
*** RIVER *** [6d 4c Ac Js] [5h]
deiraisetonuts: checks 
winji287: checks 
*** SHOW DOWN ***
deiraisetonuts: shows [6h 7h] (a pair of Sixes)
winji287: shows [6s 8s] (a pair of Sixes - Ace+Jack+Eight kicker)
winji287 collected 86578 from pot
*** SUMMARY ***
Total pot 86578 | Rake 0 
Board [6d 4c Ac Js 5h]
Seat 1: deiraisetonuts showed [6h 7h] and lost with a pair of Sixes
Seat 2: OM90fan folded before Flop (didn't bet)
Seat 3: winji287 (button) showed [6s 8s] and won (86578) with a pair of Sixes
Seat 4: MamkunOverbe4ik (small blind) folded before Flop
Seat 5: RSerra1980 (big blind) folded before Flop
Seat 6: R'act1on folded before Flop (didn't bet)



PokerStars Hand #249073536651: Tournament #3714753592, €13.50+€13.50+€3.00 EUR Hold'em No Limit - Level XIV (3000/6000) - 2024/02/24 19:07:40 BRT [2024/02/24 17:07:40 ET]
Table '3714753592 39' 6-max Seat #4 is the button
Seat 1: deiraisetonuts (146137 in chips, €23.62 bounty) 
Seat 2: OM90fan (65251 in chips, €27 bounty) 
Seat 3: winji287 (579892 in chips, €33.75 bounty) 
Seat 4: MamkunOverbe4ik (447327 in chips, €27 bounty) 
Seat 5: RSerra1980 (118000 in chips, €13.50 bounty) 
Seat 6: R'act1on (92125 in chips, €13.50 bounty) 
deiraisetonuts: posts the ante 750
OM90fan: posts the ante 750
winji287: posts the ante 750
MamkunOverbe4ik: posts the ante 750
RSerra1980: posts the ante 750
R'act1on: posts the ante 750
RSerra1980: posts small blind 3000
R'act1on: posts big blind 6000
*** HOLE CARDS ***
Dealt to deiraisetonuts [5d 3d]
deiraisetonuts: folds 
OM90fan: raises 58501 to 64501 and is all-in
winji287: folds 
MamkunOverbe4ik: folds 
RSerra1980: folds 
R'act1on: folds 
Uncalled bet (58501) returned to OM90fan
OM90fan collected 19500 from pot
*** SUMMARY ***
Total pot 19500 | Rake 0 
Seat 1: deiraisetonuts folded before Flop (didn't bet)
Seat 2: OM90fan collected (19500)
Seat 3: winji287 folded before Flop (didn't bet)
Seat 4: MamkunOverbe4ik (button) folded before Flop (didn't bet)
Seat 5: RSerra1980 (small blind) folded before Flop
Seat 6: R'act1on (big blind) folded before Flop



PokerStars Hand #249073543114: Tournament #3714753592, €13.50+€13.50+€3.00 EUR Hold'em No Limit - Level XIV (3000/6000) - 2024/02/24 19:07:58 BRT [2024/02/24 17:07:58 ET]
Table '3714753592 39' 6-max Seat #5 is the button
Seat 1: deiraisetonuts (145387 in chips, €23.62 bounty) 
Seat 2: OM90fan (78001 in chips, €27 bounty) 
Seat 3: winji287 (579142 in chips, €33.75 bounty) 
Seat 4: MamkunOverbe4ik (446577 in chips, €27 bounty) 
Seat 5: RSerra1980 (114250 in chips, €13.50 bounty) 
Seat 6: R'act1on (85375 in chips, €13.50 bounty) 
deiraisetonuts: posts the ante 750
OM90fan: posts the ante 750
winji287: posts the ante 750
MamkunOverbe4ik: posts the ante 750
RSerra1980: posts the ante 750
R'act1on: posts the ante 750
R'act1on: posts small blind 3000
deiraisetonuts: posts big blind 6000
*** HOLE CARDS ***
Dealt to deiraisetonuts [4d Qh]
OM90fan: folds 
winji287: folds 
MamkunOverbe4ik: folds 
RSerra1980: folds 
R'act1on: folds 
Uncalled bet (3000) returned to deiraisetonuts
deiraisetonuts collected 10500 from pot
deiraisetonuts: doesn't show hand 
*** SUMMARY ***
Total pot 10500 | Rake 0 
Seat 1: deiraisetonuts (big blind) collected (10500)
Seat 2: OM90fan folded before Flop (didn't bet)
Seat 3: winji287 folded before Flop (didn't bet)
Seat 4: MamkunOverbe4ik folded before Flop (didn't bet)
Seat 5: RSerra1980 (button) folded before Flop (didn't bet)
Seat 6: R'act1on (small blind) folded before Flop



PokerStars Hand #249073549110: Tournament #3714753592, €13.50+€13.50+€3.00 EUR Hold'em No Limit - Level XIV (3000/6000) - 2024/02/24 19:08:15 BRT [2024/02/24 17:08:15 ET]
Table '3714753592 39' 6-max Seat #6 is the button
Seat 1: deiraisetonuts (152137 in chips, €23.62 bounty) 
Seat 2: OM90fan (77251 in chips, €27 bounty) 
Seat 3: winji287 (578392 in chips, €33.75 bounty) 
Seat 4: MamkunOverbe4ik (445827 in chips, €27 bounty) 
Seat 5: RSerra1980 (113500 in chips, €13.50 bounty) 
Seat 6: R'act1on (81625 in chips, €13.50 bounty) 
deiraisetonuts: posts the ante 750
OM90fan: posts the ante 750
winji287: posts the ante 750
MamkunOverbe4ik: posts the ante 750
RSerra1980: posts the ante 750
R'act1on: posts the ante 750
deiraisetonuts: posts small blind 3000
OM90fan: posts big blind 6000
*** HOLE CARDS ***
Dealt to deiraisetonuts [9d 7c]
winji287: raises 6000 to 12000
MamkunOverbe4ik: folds 
RSerra1980: folds 
R'act1on: folds 
deiraisetonuts: folds 
OM90fan: calls 6000
*** FLOP *** [Tc Ah 2s]
OM90fan: checks 
winji287: bets 8505
OM90fan: calls 8505
*** TURN *** [Tc Ah 2s] [5s]
OM90fan: checks 
winji287: bets 21344
OM90fan: raises 34652 to 55996 and is all-in
winji287: calls 34652
*** RIVER *** [Tc Ah 2s 5s] [3d]
*** SHOW DOWN ***
OM90fan: shows [2c 2d] (three of a kind, Deuces)
winji287: shows [Qc As] (a pair of Aces)
OM90fan collected 160502 from pot
*** SUMMARY ***
Total pot 160502 | Rake 0 
Board [Tc Ah 2s 5s 3d]
Seat 1: deiraisetonuts (small blind) folded before Flop
Seat 2: OM90fan (big blind) showed [2c 2d] and won (160502) with three of a kind, Deuces
Seat 3: winji287 showed [Qc As] and lost with a pair of Aces
Seat 4: MamkunOverbe4ik folded before Flop (didn't bet)
Seat 5: RSerra1980 folded before Flop (didn't bet)
Seat 6: R'act1on (button) folded before Flop (didn't bet)



PokerStars Hand #249073563708: Tournament #3714753592, €13.50+€13.50+€3.00 EUR Hold'em No Limit - Level XIV (3000/6000) - 2024/02/24 19:08:55 BRT [2024/02/24 17:08:55 ET]
Table '3714753592 39' 6-max Seat #1 is the button
Seat 1: deiraisetonuts (148387 in chips, €23.62 bounty) 
Seat 2: OM90fan (160502 in chips, €27 bounty) 
Seat 3: winji287 (501141 in chips, €33.75 bounty) 
Seat 4: MamkunOverbe4ik (445077 in chips, €27 bounty) 
Seat 5: RSerra1980 (112750 in chips, €13.50 bounty) 
Seat 6: R'act1on (80875 in chips, €13.50 bounty) 
deiraisetonuts: posts the ante 750
OM90fan: posts the ante 750
winji287: posts the ante 750
MamkunOverbe4ik: posts the ante 750
RSerra1980: posts the ante 750
R'act1on: posts the ante 750
OM90fan: posts small blind 3000
winji287: posts big blind 6000
*** HOLE CARDS ***
Dealt to deiraisetonuts [Kd 8c]
MamkunOverbe4ik: folds 
RSerra1980: folds 
R'act1on: raises 74125 to 80125 and is all-in
deiraisetonuts: folds 
OM90fan: folds 
winji287: calls 74125
*** FLOP *** [Jc 6s 7h]
*** TURN *** [Jc 6s 7h] [5h]
*** RIVER *** [Jc 6s 7h 5h] [9h]
*** SHOW DOWN ***
winji287: shows [6c Kc] (a pair of Sixes)
R'act1on: shows [2c 2h] (a pair of Deuces)
winji287 collected 167750 from pot
winji287 wins €6.75 for eliminating R'act1on and their own bounty increases by €6.75 to €40.50
R'act1on finished the tournament
*** SUMMARY ***
Total pot 167750 | Rake 0 
Board [Jc 6s 7h 5h 9h]
Seat 1: deiraisetonuts (button) folded before Flop (didn't bet)
Seat 2: OM90fan (small blind) folded before Flop
Seat 3: winji287 (big blind) showed [6c Kc] and won (167750) with a pair of Sixes
Seat 4: MamkunOverbe4ik folded before Flop (didn't bet)
Seat 5: RSerra1980 folded before Flop (didn't bet)
Seat 6: R'act1on showed [2c 2h] and lost with a pair of Deuces



PokerStars Hand #249073575316: Tournament #3714753592, €13.50+€13.50+€3.00 EUR Hold'em No Limit - Level XIV (3000/6000) - 2024/02/24 19:09:29 BRT [2024/02/24 17:09:29 ET]
Table '3714753592 39' 6-max Seat #2 is the button
Seat 1: deiraisetonuts (147637 in chips, €23.62 bounty) 
Seat 2: OM90fan (156752 in chips, €27 bounty) 
Seat 3: winji287 (588016 in chips, €40.50 bounty) 
Seat 4: MamkunOverbe4ik (444327 in chips, €27 bounty) 
Seat 5: RSerra1980 (112000 in chips, €13.50 bounty) 
deiraisetonuts: posts the ante 750
OM90fan: posts the ante 750
winji287: posts the ante 750
MamkunOverbe4ik: posts the ante 750
RSerra1980: posts the ante 750
winji287: posts small blind 3000
MamkunOverbe4ik: posts big blind 6000
*** HOLE CARDS ***
Dealt to deiraisetonuts [3c 7d]
RSerra1980: folds 
deiraisetonuts: folds 
OM90fan: calls 6000
winji287: calls 3000
MamkunOverbe4ik: checks 
*** FLOP *** [6c 8h 2h]
winji287: checks 
MamkunOverbe4ik: checks 
OM90fan: checks 
*** TURN *** [6c 8h 2h] [Kd]
winji287: checks 
MamkunOverbe4ik: checks 
OM90fan: checks 
*** RIVER *** [6c 8h 2h Kd] [9s]
winji287: bets 12000
MamkunOverbe4ik: folds 
OM90fan: folds 
Uncalled bet (12000) returned to winji287
winji287 collected 21750 from pot
winji287: doesn't show hand 
*** SUMMARY ***
Total pot 21750 | Rake 0 
Board [6c 8h 2h Kd 9s]
Seat 1: deiraisetonuts folded before Flop (didn't bet)
Seat 2: OM90fan (button) folded on the River
Seat 3: winji287 (small blind) collected (21750)
Seat 4: MamkunOverbe4ik (big blind) folded on the River
Seat 5: RSerra1980 folded before Flop (didn't bet)



PokerStars Hand #249073596394: Tournament #3714753592, €13.50+€13.50+€3.00 EUR Hold'em No Limit - Level XV (3500/7000) - 2024/02/24 19:10:28 BRT [2024/02/24 17:10:28 ET]
Table '3714753592 39' 6-max Seat #3 is the button
Seat 1: deiraisetonuts (146887 in chips, €23.62 bounty) 
Seat 2: OM90fan (150002 in chips, €27 bounty) 
Seat 3: winji287 (603016 in chips, €40.50 bounty) 
Seat 4: MamkunOverbe4ik (437577 in chips, €27 bounty) 
Seat 5: RSerra1980 (111250 in chips, €13.50 bounty) 
Seat 6: JH19791231 (49888 in chips, €20.25 bounty) 
deiraisetonuts: posts the ante 875
OM90fan: posts the ante 875
winji287: posts the ante 875
MamkunOverbe4ik: posts the ante 875
RSerra1980: posts the ante 875
JH19791231: posts the ante 875
MamkunOverbe4ik: posts small blind 3500
RSerra1980: posts big blind 7000
*** HOLE CARDS ***
Dealt to deiraisetonuts [2d Kh]
JH19791231: folds 
deiraisetonuts: folds 
OM90fan: folds 
winji287: folds 
MamkunOverbe4ik: calls 3500
RSerra1980: checks 
*** FLOP *** [Qd Ks 3s]
MamkunOverbe4ik: bets 7000
RSerra1980: folds 
Uncalled bet (7000) returned to MamkunOverbe4ik
MamkunOverbe4ik collected 19250 from pot
MamkunOverbe4ik: doesn't show hand 
*** SUMMARY ***
Total pot 19250 | Rake 0 
Board [Qd Ks 3s]
Seat 1: deiraisetonuts folded before Flop (didn't bet)
Seat 2: OM90fan folded before Flop (didn't bet)
Seat 3: winji287 (button) folded before Flop (didn't bet)
Seat 4: MamkunOverbe4ik (small blind) collected (19250)
Seat 5: RSerra1980 (big blind) folded on the Flop
Seat 6: JH19791231 folded before Flop (didn't bet)



PokerStars Hand #249073602119: Tournament #3714753592, €13.50+€13.50+€3.00 EUR Hold'em No Limit - Level XV (3500/7000) - 2024/02/24 19:10:44 BRT [2024/02/24 17:10:44 ET]
Table '3714753592 39' 6-max Seat #4 is the button
Seat 1: deiraisetonuts (146012 in chips, €23.62 bounty) 
Seat 2: OM90fan (149127 in chips, €27 bounty) 
Seat 3: winji287 (602141 in chips, €40.50 bounty) 
Seat 4: MamkunOverbe4ik (448952 in chips, €27 bounty) 
Seat 5: RSerra1980 (103375 in chips, €13.50 bounty) 
Seat 6: JH19791231 (49013 in chips, €20.25 bounty) 
deiraisetonuts: posts the ante 875
OM90fan: posts the ante 875
winji287: posts the ante 875
MamkunOverbe4ik: posts the ante 875
RSerra1980: posts the ante 875
JH19791231: posts the ante 875
RSerra1980: posts small blind 3500
JH19791231: posts big blind 7000
*** HOLE CARDS ***
Dealt to deiraisetonuts [5h Ac]
deiraisetonuts: folds 
OM90fan: calls 7000
winji287: folds 
MamkunOverbe4ik: raises 14000 to 21000
RSerra1980: raises 81500 to 102500 and is all-in
JH19791231: folds 
OM90fan: folds 
MamkunOverbe4ik: calls 81500
*** FLOP *** [7d 5c 7c]
*** TURN *** [7d 5c 7c] [4d]
*** RIVER *** [7d 5c 7c 4d] [8d]
*** SHOW DOWN ***
RSerra1980: shows [Ah Kd] (a pair of Sevens)
MamkunOverbe4ik: shows [Jh As] (a pair of Sevens - lower kicker)
RSerra1980 collected 224250 from pot
*** SUMMARY ***
Total pot 224250 | Rake 0 
Board [7d 5c 7c 4d 8d]
Seat 1: deiraisetonuts folded before Flop (didn't bet)
Seat 2: OM90fan folded before Flop
Seat 3: winji287 folded before Flop (didn't bet)
Seat 4: MamkunOverbe4ik (button) showed [Jh As] and lost with a pair of Sevens
Seat 5: RSerra1980 (small blind) showed [Ah Kd] and won (224250) with a pair of Sevens
Seat 6: JH19791231 (big blind) folded before Flop



PokerStars Hand #249073612466: Tournament #3714753592, €13.50+€13.50+€3.00 EUR Hold'em No Limit - Level XV (3500/7000) - 2024/02/24 19:11:13 BRT [2024/02/24 17:11:13 ET]
Table '3714753592 39' 6-max Seat #5 is the button
Seat 1: deiraisetonuts (145137 in chips, €23.62 bounty) 
Seat 2: OM90fan (141252 in chips, €27 bounty) 
Seat 3: winji287 (601266 in chips, €40.50 bounty) 
Seat 4: MamkunOverbe4ik (345577 in chips, €27 bounty) 
Seat 5: RSerra1980 (224250 in chips, €13.50 bounty) 
Seat 6: JH19791231 (41138 in chips, €20.25 bounty) 
deiraisetonuts: posts the ante 875
OM90fan: posts the ante 875
winji287: posts the ante 875
MamkunOverbe4ik: posts the ante 875
RSerra1980: posts the ante 875
JH19791231: posts the ante 875
JH19791231: posts small blind 3500
deiraisetonuts: posts big blind 7000
*** HOLE CARDS ***
Dealt to deiraisetonuts [7c 6s]
OM90fan: folds 
winji287: folds 
MamkunOverbe4ik: folds 
RSerra1980: raises 7000 to 14000
JH19791231: folds 
deiraisetonuts: calls 7000
*** FLOP *** [Ts 8s 9s]
deiraisetonuts: checks 
RSerra1980: bets 18375
deiraisetonuts: raises 18445 to 36820
RSerra1980: raises 172555 to 209375 and is all-in
deiraisetonuts: calls 93442 and is all-in
Uncalled bet (79113) returned to RSerra1980
*** TURN *** [Ts 8s 9s] [2h]
*** RIVER *** [Ts 8s 9s 2h] [4s]
*** SHOW DOWN ***
deiraisetonuts: shows [7c 6s] (a flush, Ten high)
RSerra1980: shows [As Th] (a flush, Ace high)
RSerra1980 collected 297274 from pot
RSerra1980 wins €11.81 for eliminating deiraisetonuts and their own bounty increases by €11.81 to €25.31
deiraisetonuts finished the tournament
*** SUMMARY ***
Total pot 297274 | Rake 0 
Board [Ts 8s 9s 2h 4s]
Seat 1: deiraisetonuts (big blind) showed [7c 6s] and lost with a flush, Ten high
Seat 2: OM90fan folded before Flop (didn't bet)
Seat 3: winji287 folded before Flop (didn't bet)
Seat 4: MamkunOverbe4ik folded before Flop (didn't bet)
Seat 5: RSerra1980 (button) showed [As Th] and won (297274) with a flush, Ace high
Seat 6: JH19791231 (small blind) folded before Flop



