PokerStars Hand #249070506786: Tournament #3714753588, €18+€2 EUR Hold'em No Limit - Level VI (350/700) - 2024/02/24 16:40:24 BRT [2024/02/24 14:40:24 ET]
Table '3714753588 21' 8-max Seat #8 is the button
Seat 1: deiraisetonuts (48380 in chips) 
Seat 2: adrl76 (50000 in chips) 
Seat 3: locojosele (49775 in chips) 
Seat 4: magician.kz (89832 in chips) 
Seat 5: b0t4n4hp0k3r (61366 in chips) 
Seat 6: Youth75020 (53584 in chips) 
Seat 7: bestmars (59662 in chips) 
Seat 8: duplex90 (57917 in chips) 
deiraisetonuts: posts the ante 90
adrl76: posts the ante 90
locojosele: posts the ante 90
magician.kz: posts the ante 90
b0t4n4hp0k3r: posts the ante 90
Youth75020: posts the ante 90
bestmars: posts the ante 90
duplex90: posts the ante 90
deiraisetonuts: posts small blind 350
adrl76: posts big blind 700
*** HOLE CARDS ***
Dealt to deiraisetonuts [Qd Ks]
locojosele: folds 
magician.kz: folds 
b0t4n4hp0k3r: folds 
Youth75020: folds 
bestmars: folds 
duplex90: folds 
deiraisetonuts: raises 1750 to 2450
adrl76: folds 
Uncalled bet (1750) returned to deiraisetonuts
deiraisetonuts collected 2120 from pot
deiraisetonuts: doesn't show hand 
*** SUMMARY ***
Total pot 2120 | Rake 0 
Seat 1: deiraisetonuts (small blind) collected (2120)
Seat 2: adrl76 (big blind) folded before Flop
Seat 3: locojosele folded before Flop (didn't bet)
Seat 4: magician.kz folded before Flop (didn't bet)
Seat 5: b0t4n4hp0k3r folded before Flop (didn't bet)
Seat 6: Youth75020 folded before Flop (didn't bet)
Seat 7: bestmars folded before Flop (didn't bet)
Seat 8: duplex90 (button) folded before Flop (didn't bet)



PokerStars Hand #249070519750: Tournament #3714753588, €18+€2 EUR Hold'em No Limit - Level VI (350/700) - 2024/02/24 16:41:02 BRT [2024/02/24 14:41:02 ET]
Table '3714753588 21' 8-max Seat #1 is the button
Seat 1: deiraisetonuts (49710 in chips) 
Seat 2: adrl76 (49210 in chips) 
Seat 3: locojosele (49685 in chips) 
Seat 4: magician.kz (89742 in chips) 
Seat 5: b0t4n4hp0k3r (61276 in chips) 
Seat 6: Youth75020 (53494 in chips) 
Seat 7: bestmars (59572 in chips) 
Seat 8: duplex90 (57827 in chips) 
deiraisetonuts: posts the ante 90
adrl76: posts the ante 90
locojosele: posts the ante 90
magician.kz: posts the ante 90
b0t4n4hp0k3r: posts the ante 90
Youth75020: posts the ante 90
bestmars: posts the ante 90
duplex90: posts the ante 90
adrl76: posts small blind 350
locojosele: posts big blind 700
*** HOLE CARDS ***
Dealt to deiraisetonuts [Js Ac]
magician.kz: folds 
b0t4n4hp0k3r: folds 
Youth75020: folds 
bestmars: folds 
duplex90: raises 700 to 1400
deiraisetonuts: raises 3220 to 4620
adrl76: folds 
locojosele: calls 3920
duplex90: folds 
*** FLOP *** [6d 4d 5c]
locojosele: checks 
deiraisetonuts: checks 
*** TURN *** [6d 4d 5c] [Qs]
locojosele: checks 
deiraisetonuts: checks 
*** RIVER *** [6d 4d 5c Qs] [Qh]
locojosele: checks 
deiraisetonuts: checks 
*** SHOW DOWN ***
locojosele: shows [Tc 9c] (a pair of Queens)
deiraisetonuts: shows [Js Ac] (a pair of Queens - Ace kicker)
deiraisetonuts collected 11710 from pot
*** SUMMARY ***
Total pot 11710 | Rake 0 
Board [6d 4d 5c Qs Qh]
Seat 1: deiraisetonuts (button) showed [Js Ac] and won (11710) with a pair of Queens
Seat 2: adrl76 (small blind) folded before Flop
Seat 3: locojosele (big blind) showed [Tc 9c] and lost with a pair of Queens
Seat 4: magician.kz folded before Flop (didn't bet)
Seat 5: b0t4n4hp0k3r folded before Flop (didn't bet)
Seat 6: Youth75020 folded before Flop (didn't bet)
Seat 7: bestmars folded before Flop (didn't bet)
Seat 8: duplex90 folded before Flop



PokerStars Hand #249070554248: Tournament #3714753588, €18+€2 EUR Hold'em No Limit - Level VI (350/700) - 2024/02/24 16:42:41 BRT [2024/02/24 14:42:41 ET]
Table '3714753588 21' 8-max Seat #2 is the button
Seat 1: deiraisetonuts (56710 in chips) 
Seat 2: adrl76 (48770 in chips) 
Seat 3: locojosele (44975 in chips) 
Seat 5: b0t4n4hp0k3r (61186 in chips) 
Seat 6: Youth75020 (53404 in chips) 
Seat 7: bestmars (59482 in chips) 
Seat 8: duplex90 (56337 in chips) 
deiraisetonuts: posts the ante 90
adrl76: posts the ante 90
locojosele: posts the ante 90
b0t4n4hp0k3r: posts the ante 90
Youth75020: posts the ante 90
bestmars: posts the ante 90
duplex90: posts the ante 90
locojosele: posts small blind 350
b0t4n4hp0k3r: posts big blind 700
*** HOLE CARDS ***
Dealt to deiraisetonuts [9d 5c]
Youth75020: folds 
bestmars: folds 
duplex90: raises 1000 to 1700
deiraisetonuts: folds 
adrl76: raises 3200 to 4900
locojosele: raises 12830 to 17730
b0t4n4hp0k3r: folds 
duplex90: folds 
adrl76: calls 12830
*** FLOP *** [7h 2d 4s]
locojosele: bets 27155 and is all-in
adrl76: calls 27155
*** TURN *** [7h 2d 4s] [Ad]
*** RIVER *** [7h 2d 4s Ad] [Jh]
*** SHOW DOWN ***
locojosele: shows [Kc Ac] (a pair of Aces)
adrl76: shows [Ks Ah] (a pair of Aces)
locojosele collected 46400 from pot
adrl76 collected 46400 from pot
*** SUMMARY ***
Total pot 92800 | Rake 0 
Board [7h 2d 4s Ad Jh]
Seat 1: deiraisetonuts folded before Flop (didn't bet)
Seat 2: adrl76 (button) showed [Ks Ah] and won (46400) with a pair of Aces
Seat 3: locojosele (small blind) showed [Kc Ac] and won (46400) with a pair of Aces
Seat 5: b0t4n4hp0k3r (big blind) folded before Flop
Seat 6: Youth75020 folded before Flop (didn't bet)
Seat 7: bestmars folded before Flop (didn't bet)
Seat 8: duplex90 folded before Flop



PokerStars Hand #249070573491: Tournament #3714753588, €18+€2 EUR Hold'em No Limit - Level VI (350/700) - 2024/02/24 16:43:36 BRT [2024/02/24 14:43:36 ET]
Table '3714753588 21' 8-max Seat #3 is the button
Seat 1: deiraisetonuts (56620 in chips) 
Seat 2: adrl76 (50195 in chips) 
Seat 3: locojosele (46400 in chips) 
Seat 5: b0t4n4hp0k3r (60396 in chips) 
Seat 6: Youth75020 (53314 in chips) 
Seat 7: bestmars (59392 in chips) 
Seat 8: duplex90 (54547 in chips) 
deiraisetonuts: posts the ante 90
adrl76: posts the ante 90
locojosele: posts the ante 90
b0t4n4hp0k3r: posts the ante 90
Youth75020: posts the ante 90
bestmars: posts the ante 90
duplex90: posts the ante 90
b0t4n4hp0k3r: posts small blind 350
Youth75020: posts big blind 700
*** HOLE CARDS ***
Dealt to deiraisetonuts [Jd Ks]
Hanouka23b is disconnected 
bestmars: folds 
duplex90: folds 
deiraisetonuts: raises 770 to 1470
adrl76: folds 
locojosele: folds 
b0t4n4hp0k3r: folds 
Youth75020: folds 
Uncalled bet (770) returned to deiraisetonuts
deiraisetonuts collected 2380 from pot
deiraisetonuts: doesn't show hand 
*** SUMMARY ***
Total pot 2380 | Rake 0 
Seat 1: deiraisetonuts collected (2380)
Seat 2: adrl76 folded before Flop (didn't bet)
Seat 3: locojosele (button) folded before Flop (didn't bet)
Seat 5: b0t4n4hp0k3r (small blind) folded before Flop
Seat 6: Youth75020 (big blind) folded before Flop
Seat 7: bestmars folded before Flop (didn't bet)
Seat 8: duplex90 folded before Flop (didn't bet)



PokerStars Hand #249070582405: Tournament #3714753588, €18+€2 EUR Hold'em No Limit - Level VI (350/700) - 2024/02/24 16:44:02 BRT [2024/02/24 14:44:02 ET]
Table '3714753588 21' 8-max Seat #5 is the button
Seat 1: deiraisetonuts (58210 in chips) 
Seat 2: adrl76 (50105 in chips) 
Seat 3: locojosele (46310 in chips) 
Seat 4: Hanouka23b (50000 in chips) 
Seat 5: b0t4n4hp0k3r (59956 in chips) 
Seat 6: Youth75020 (52524 in chips) 
Seat 7: bestmars (59302 in chips) 
Seat 8: duplex90 (54457 in chips) 
deiraisetonuts: posts the ante 90
adrl76: posts the ante 90
locojosele: posts the ante 90
Hanouka23b: posts the ante 90
b0t4n4hp0k3r: posts the ante 90
Youth75020: posts the ante 90
bestmars: posts the ante 90
duplex90: posts the ante 90
Youth75020: posts small blind 350
bestmars: posts big blind 700
*** HOLE CARDS ***
Dealt to deiraisetonuts [7h 3h]
duplex90: folds 
deiraisetonuts: folds 
adrl76: folds 
locojosele: folds 
Hanouka23b: raises 700 to 1400
b0t4n4hp0k3r: folds 
Youth75020: folds 
bestmars: calls 700
*** FLOP *** [Qc 9h 5h]
bestmars: checks 
Hanouka23b: checks 
*** TURN *** [Qc 9h 5h] [Kc]
bestmars: checks 
Hanouka23b: checks 
*** RIVER *** [Qc 9h 5h Kc] [6d]
bestmars: bets 1935
Hanouka23b: folds 
Uncalled bet (1935) returned to bestmars
bestmars collected 3870 from pot
*** SUMMARY ***
Total pot 3870 | Rake 0 
Board [Qc 9h 5h Kc 6d]
Seat 1: deiraisetonuts folded before Flop (didn't bet)
Seat 2: adrl76 folded before Flop (didn't bet)
Seat 3: locojosele folded before Flop (didn't bet)
Seat 4: Hanouka23b folded on the River
Seat 5: b0t4n4hp0k3r (button) folded before Flop (didn't bet)
Seat 6: Youth75020 (small blind) folded before Flop
Seat 7: bestmars (big blind) collected (3870)
Seat 8: duplex90 folded before Flop (didn't bet)



PokerStars Hand #249070608156: Tournament #3714753588, €18+€2 EUR Hold'em No Limit - Level VI (350/700) - 2024/02/24 16:45:15 BRT [2024/02/24 14:45:15 ET]
Table '3714753588 21' 8-max Seat #6 is the button
Seat 1: deiraisetonuts (58120 in chips) 
Seat 2: adrl76 (50015 in chips) 
Seat 3: locojosele (46220 in chips) 
Seat 4: Hanouka23b (48510 in chips) 
Seat 5: b0t4n4hp0k3r (59866 in chips) 
Seat 6: Youth75020 (52084 in chips) 
Seat 7: bestmars (61682 in chips) 
Seat 8: duplex90 (54367 in chips) 
deiraisetonuts: posts the ante 90
adrl76: posts the ante 90
locojosele: posts the ante 90
Hanouka23b: posts the ante 90
b0t4n4hp0k3r: posts the ante 90
Youth75020: posts the ante 90
bestmars: posts the ante 90
duplex90: posts the ante 90
bestmars: posts small blind 350
duplex90: posts big blind 700
*** HOLE CARDS ***
Dealt to deiraisetonuts [Qs Js]
deiraisetonuts: raises 770 to 1470
adrl76: folds 
locojosele: calls 1470
Hanouka23b: folds 
b0t4n4hp0k3r: folds 
Youth75020: folds 
bestmars: folds 
duplex90: folds 
*** FLOP *** [9s 5h Qh]
deiraisetonuts: bets 1176
locojosele: raises 1176 to 2352
deiraisetonuts: calls 1176
*** TURN *** [9s 5h Qh] [Kc]
deiraisetonuts: checks 
locojosele: bets 4200
deiraisetonuts: calls 4200
*** RIVER *** [9s 5h Qh Kc] [5c]
deiraisetonuts: checks 
locojosele: checks 
*** SHOW DOWN ***
deiraisetonuts: shows [Qs Js] (two pair, Queens and Fives)
locojosele: mucks hand 
deiraisetonuts collected 17814 from pot
*** SUMMARY ***
Total pot 17814 | Rake 0 
Board [9s 5h Qh Kc 5c]
Seat 1: deiraisetonuts showed [Qs Js] and won (17814) with two pair, Queens and Fives
Seat 2: adrl76 folded before Flop (didn't bet)
Seat 3: locojosele mucked [8c 8d]
Seat 4: Hanouka23b folded before Flop (didn't bet)
Seat 5: b0t4n4hp0k3r folded before Flop (didn't bet)
Seat 6: Youth75020 (button) folded before Flop (didn't bet)
Seat 7: bestmars (small blind) folded before Flop
Seat 8: duplex90 (big blind) folded before Flop



PokerStars Hand #249070639059: Tournament #3714753588, €18+€2 EUR Hold'em No Limit - Level VI (350/700) - 2024/02/24 16:46:44 BRT [2024/02/24 14:46:44 ET]
Table '3714753588 21' 8-max Seat #7 is the button
Seat 1: deiraisetonuts (67822 in chips) 
Seat 2: adrl76 (49925 in chips) 
Seat 3: locojosele (38108 in chips) 
Seat 4: Hanouka23b (48420 in chips) 
Seat 5: b0t4n4hp0k3r (59776 in chips) 
Seat 6: Youth75020 (51994 in chips) 
Seat 7: bestmars (61242 in chips) 
Seat 8: duplex90 (53577 in chips) 
deiraisetonuts: posts the ante 90
adrl76: posts the ante 90
locojosele: posts the ante 90
Hanouka23b: posts the ante 90
b0t4n4hp0k3r: posts the ante 90
Youth75020: posts the ante 90
bestmars: posts the ante 90
duplex90: posts the ante 90
duplex90: posts small blind 350
deiraisetonuts: posts big blind 700
*** HOLE CARDS ***
Dealt to deiraisetonuts [Ac 8c]
adrl76: folds 
locojosele: folds 
Hanouka23b: folds 
b0t4n4hp0k3r: raises 700 to 1400
Youth75020: folds 
bestmars: folds 
duplex90: folds 
deiraisetonuts: calls 700
*** FLOP *** [9c 7h 7d]
deiraisetonuts: checks 
b0t4n4hp0k3r: checks 
*** TURN *** [9c 7h 7d] [4c]
deiraisetonuts: bets 966
b0t4n4hp0k3r: calls 966
*** RIVER *** [9c 7h 7d 4c] [6d]
deiraisetonuts: checks 
b0t4n4hp0k3r: checks 
*** SHOW DOWN ***
deiraisetonuts: shows [Ac 8c] (a pair of Sevens)
b0t4n4hp0k3r: mucks hand 
deiraisetonuts collected 5802 from pot
*** SUMMARY ***
Total pot 5802 | Rake 0 
Board [9c 7h 7d 4c 6d]
Seat 1: deiraisetonuts (big blind) showed [Ac 8c] and won (5802) with a pair of Sevens
Seat 2: adrl76 folded before Flop (didn't bet)
Seat 3: locojosele folded before Flop (didn't bet)
Seat 4: Hanouka23b folded before Flop (didn't bet)
Seat 5: b0t4n4hp0k3r mucked [Qs Kh]
Seat 6: Youth75020 folded before Flop (didn't bet)
Seat 7: bestmars (button) folded before Flop (didn't bet)
Seat 8: duplex90 (small blind) folded before Flop



PokerStars Hand #249070663031: Tournament #3714753588, €18+€2 EUR Hold'em No Limit - Level VI (350/700) - 2024/02/24 16:47:52 BRT [2024/02/24 14:47:52 ET]
Table '3714753588 21' 8-max Seat #8 is the button
Seat 1: deiraisetonuts (71168 in chips) 
Seat 2: adrl76 (49835 in chips) 
Seat 3: locojosele (38018 in chips) 
Seat 4: Hanouka23b (48330 in chips) 
Seat 5: b0t4n4hp0k3r (57320 in chips) 
Seat 6: Youth75020 (51904 in chips) 
Seat 7: bestmars (61152 in chips) 
Seat 8: duplex90 (53137 in chips) 
deiraisetonuts: posts the ante 90
adrl76: posts the ante 90
locojosele: posts the ante 90
Hanouka23b: posts the ante 90
b0t4n4hp0k3r: posts the ante 90
Youth75020: posts the ante 90
bestmars: posts the ante 90
duplex90: posts the ante 90
deiraisetonuts: posts small blind 350
adrl76: posts big blind 700
*** HOLE CARDS ***
Dealt to deiraisetonuts [Td Qs]
locojosele: folds 
Hanouka23b: folds 
b0t4n4hp0k3r: folds 
Youth75020: folds 
bestmars: folds 
duplex90: folds 
deiraisetonuts: raises 1750 to 2450
adrl76: calls 1750
*** FLOP *** [6h 3c Qh]
deiraisetonuts: bets 1407
adrl76: raises 3493 to 4900
deiraisetonuts: calls 3493
*** TURN *** [6h 3c Qh] [4s]
deiraisetonuts: checks 
adrl76: checks 
*** RIVER *** [6h 3c Qh 4s] [4c]
deiraisetonuts: checks 
adrl76: checks 
*** SHOW DOWN ***
deiraisetonuts: shows [Td Qs] (two pair, Queens and Fours)
adrl76: mucks hand 
deiraisetonuts collected 15420 from pot
*** SUMMARY ***
Total pot 15420 | Rake 0 
Board [6h 3c Qh 4s 4c]
Seat 1: deiraisetonuts (small blind) showed [Td Qs] and won (15420) with two pair, Queens and Fours
Seat 2: adrl76 (big blind) mucked [Jh Kh]
Seat 3: locojosele folded before Flop (didn't bet)
Seat 4: Hanouka23b folded before Flop (didn't bet)
Seat 5: b0t4n4hp0k3r folded before Flop (didn't bet)
Seat 6: Youth75020 folded before Flop (didn't bet)
Seat 7: bestmars folded before Flop (didn't bet)
Seat 8: duplex90 (button) folded before Flop (didn't bet)



PokerStars Hand #249070698098: Tournament #3714753588, €18+€2 EUR Hold'em No Limit - Level VII (400/800) - 2024/02/24 16:49:32 BRT [2024/02/24 14:49:32 ET]
Table '3714753588 21' 8-max Seat #1 is the button
Seat 1: deiraisetonuts (79148 in chips) 
Seat 2: adrl76 (42395 in chips) 
Seat 3: locojosele (37928 in chips) 
Seat 4: Hanouka23b (48240 in chips) 
Seat 5: b0t4n4hp0k3r (57230 in chips) 
Seat 6: Youth75020 (51814 in chips) 
Seat 7: bestmars (61062 in chips) 
Seat 8: duplex90 (53047 in chips) 
deiraisetonuts: posts the ante 100
adrl76: posts the ante 100
locojosele: posts the ante 100
Hanouka23b: posts the ante 100
b0t4n4hp0k3r: posts the ante 100
Youth75020: posts the ante 100
bestmars: posts the ante 100
duplex90: posts the ante 100
adrl76: posts small blind 400
locojosele: posts big blind 800
*** HOLE CARDS ***
Dealt to deiraisetonuts [8h 5d]
Hanouka23b: folds 
b0t4n4hp0k3r: folds 
Youth75020: folds 
bestmars: folds 
duplex90: folds 
deiraisetonuts: folds 
adrl76: calls 400
locojosele: checks 
*** FLOP *** [Tc 9s 7s]
adrl76: bets 800
locojosele: folds 
Uncalled bet (800) returned to adrl76
adrl76 collected 2400 from pot
adrl76: doesn't show hand 
*** SUMMARY ***
Total pot 2400 | Rake 0 
Board [Tc 9s 7s]
Seat 1: deiraisetonuts (button) folded before Flop (didn't bet)
Seat 2: adrl76 (small blind) collected (2400)
Seat 3: locojosele (big blind) folded on the Flop
Seat 4: Hanouka23b folded before Flop (didn't bet)
Seat 5: b0t4n4hp0k3r folded before Flop (didn't bet)
Seat 6: Youth75020 folded before Flop (didn't bet)
Seat 7: bestmars folded before Flop (didn't bet)
Seat 8: duplex90 folded before Flop (didn't bet)



PokerStars Hand #249070713089: Tournament #3714753588, €18+€2 EUR Hold'em No Limit - Level VII (400/800) - 2024/02/24 16:50:16 BRT [2024/02/24 14:50:16 ET]
Table '3714753588 21' 8-max Seat #2 is the button
Seat 1: deiraisetonuts (79048 in chips) 
Seat 2: adrl76 (43895 in chips) 
Seat 3: locojosele (37028 in chips) 
Seat 4: Hanouka23b (48140 in chips) 
Seat 5: b0t4n4hp0k3r (57130 in chips) 
Seat 6: Youth75020 (51714 in chips) 
Seat 7: bestmars (60962 in chips) 
Seat 8: duplex90 (52947 in chips) 
deiraisetonuts: posts the ante 100
adrl76: posts the ante 100
locojosele: posts the ante 100
Hanouka23b: posts the ante 100
b0t4n4hp0k3r: posts the ante 100
Youth75020: posts the ante 100
bestmars: posts the ante 100
duplex90: posts the ante 100
locojosele: posts small blind 400
Hanouka23b: posts big blind 800
*** HOLE CARDS ***
Dealt to deiraisetonuts [6d 8c]
b0t4n4hp0k3r: raises 800 to 1600
Youth75020: folds 
bestmars: folds 
duplex90: calls 1600
deiraisetonuts: folds 
adrl76: folds 
locojosele: folds 
Hanouka23b: calls 800
*** FLOP *** [5s Ts 3c]
Hanouka23b: checks 
b0t4n4hp0k3r: bets 1920
duplex90: folds 
Hanouka23b: calls 1920
*** TURN *** [5s Ts 3c] [As]
Hanouka23b: checks 
b0t4n4hp0k3r: bets 5917
Hanouka23b: folds 
Uncalled bet (5917) returned to b0t4n4hp0k3r
b0t4n4hp0k3r collected 9840 from pot
b0t4n4hp0k3r: doesn't show hand 
*** SUMMARY ***
Total pot 9840 | Rake 0 
Board [5s Ts 3c As]
Seat 1: deiraisetonuts folded before Flop (didn't bet)
Seat 2: adrl76 (button) folded before Flop (didn't bet)
Seat 3: locojosele (small blind) folded before Flop
Seat 4: Hanouka23b (big blind) folded on the Turn
Seat 5: b0t4n4hp0k3r collected (9840)
Seat 6: Youth75020 folded before Flop (didn't bet)
Seat 7: bestmars folded before Flop (didn't bet)
Seat 8: duplex90 folded on the Flop



PokerStars Hand #249070744083: Tournament #3714753588, €18+€2 EUR Hold'em No Limit - Level VII (400/800) - 2024/02/24 16:51:43 BRT [2024/02/24 14:51:43 ET]
Table '3714753588 21' 8-max Seat #3 is the button
Seat 1: deiraisetonuts (78948 in chips) 
Seat 2: adrl76 (43795 in chips) 
Seat 3: locojosele (36528 in chips) 
Seat 4: Hanouka23b (44520 in chips) 
Seat 5: b0t4n4hp0k3r (63350 in chips) 
Seat 6: Youth75020 (51614 in chips) 
Seat 7: bestmars (60862 in chips) 
Seat 8: duplex90 (51247 in chips) 
deiraisetonuts: posts the ante 100
adrl76: posts the ante 100
locojosele: posts the ante 100
Hanouka23b: posts the ante 100
b0t4n4hp0k3r: posts the ante 100
Youth75020: posts the ante 100
bestmars: posts the ante 100
duplex90: posts the ante 100
Hanouka23b: posts small blind 400
b0t4n4hp0k3r: posts big blind 800
*** HOLE CARDS ***
Dealt to deiraisetonuts [3d 4s]
Youth75020: folds 
bestmars: raises 1600 to 2400
duplex90: folds 
deiraisetonuts: folds 
adrl76: folds 
locojosele: calls 2400
Hanouka23b: folds 
b0t4n4hp0k3r: calls 1600
*** FLOP *** [8s 9s 5c]
b0t4n4hp0k3r: checks 
bestmars: checks 
locojosele: bets 4800
b0t4n4hp0k3r: calls 4800
bestmars: folds 
*** TURN *** [8s 9s 5c] [Ah]
b0t4n4hp0k3r: checks 
locojosele: bets 5940
b0t4n4hp0k3r: calls 5940
*** RIVER *** [8s 9s 5c Ah] [Qc]
b0t4n4hp0k3r: checks 
locojosele: bets 12000
b0t4n4hp0k3r: folds 
Uncalled bet (12000) returned to locojosele
locojosele collected 29880 from pot
locojosele: doesn't show hand 
*** SUMMARY ***
Total pot 29880 | Rake 0 
Board [8s 9s 5c Ah Qc]
Seat 1: deiraisetonuts folded before Flop (didn't bet)
Seat 2: adrl76 folded before Flop (didn't bet)
Seat 3: locojosele (button) collected (29880)
Seat 4: Hanouka23b (small blind) folded before Flop
Seat 5: b0t4n4hp0k3r (big blind) folded on the River
Seat 6: Youth75020 folded before Flop (didn't bet)
Seat 7: bestmars folded on the Flop
Seat 8: duplex90 folded before Flop (didn't bet)



PokerStars Hand #249070784834: Tournament #3714753588, €18+€2 EUR Hold'em No Limit - Level VII (400/800) - 2024/02/24 16:53:39 BRT [2024/02/24 14:53:39 ET]
Table '3714753588 21' 8-max Seat #4 is the button
Seat 1: deiraisetonuts (78848 in chips) 
Seat 2: adrl76 (43695 in chips) 
Seat 3: locojosele (53168 in chips) 
Seat 4: Hanouka23b (44020 in chips) 
Seat 5: b0t4n4hp0k3r (50110 in chips) 
Seat 6: Youth75020 (51514 in chips) 
Seat 7: bestmars (58362 in chips) 
Seat 8: duplex90 (51147 in chips) 
deiraisetonuts: posts the ante 100
adrl76: posts the ante 100
locojosele: posts the ante 100
Hanouka23b: posts the ante 100
b0t4n4hp0k3r: posts the ante 100
Youth75020: posts the ante 100
bestmars: posts the ante 100
duplex90: posts the ante 100
b0t4n4hp0k3r: posts small blind 400
Youth75020: posts big blind 800
*** HOLE CARDS ***
Dealt to deiraisetonuts [2d 7c]
bestmars: raises 1600 to 2400
duplex90: folds 
deiraisetonuts: folds 
adrl76: folds 
locojosele: folds 
Hanouka23b: folds 
b0t4n4hp0k3r: folds 
Youth75020: folds 
Uncalled bet (1600) returned to bestmars
bestmars collected 2800 from pot
bestmars: doesn't show hand 
*** SUMMARY ***
Total pot 2800 | Rake 0 
Seat 1: deiraisetonuts folded before Flop (didn't bet)
Seat 2: adrl76 folded before Flop (didn't bet)
Seat 3: locojosele folded before Flop (didn't bet)
Seat 4: Hanouka23b (button) folded before Flop (didn't bet)
Seat 5: b0t4n4hp0k3r (small blind) folded before Flop
Seat 6: Youth75020 (big blind) folded before Flop
Seat 7: bestmars collected (2800)
Seat 8: duplex90 folded before Flop (didn't bet)



PokerStars Hand #249070794561: Tournament #3714753588, €18+€2 EUR Hold'em No Limit - Level VII (400/800) - 2024/02/24 16:54:07 BRT [2024/02/24 14:54:07 ET]
Table '3714753588 21' 8-max Seat #5 is the button
Seat 1: deiraisetonuts (78748 in chips) 
Seat 2: adrl76 (43595 in chips) 
Seat 3: locojosele (53068 in chips) 
Seat 4: Hanouka23b (43920 in chips) 
Seat 5: b0t4n4hp0k3r (49610 in chips) 
Seat 6: Youth75020 (50614 in chips) 
Seat 8: duplex90 (51047 in chips) 
deiraisetonuts: posts the ante 100
adrl76: posts the ante 100
locojosele: posts the ante 100
Hanouka23b: posts the ante 100
b0t4n4hp0k3r: posts the ante 100
Youth75020: posts the ante 100
duplex90: posts the ante 100
Youth75020: posts small blind 400
duplex90: posts big blind 800
*** HOLE CARDS ***
Dealt to deiraisetonuts [8c 5s]
deiraisetonuts: folds 
adrl76: raises 800 to 1600
locojosele: calls 1600
Hanouka23b: folds 
b0t4n4hp0k3r: calls 1600
Youth75020: calls 1200
duplex90: folds 
*** FLOP *** [8d Jd 3s]
Youth75020: bets 3200
adrl76: folds 
locojosele: calls 3200
b0t4n4hp0k3r: folds 
*** TURN *** [8d Jd 3s] [9d]
Youth75020: checks 
locojosele: bets 4800
Youth75020: calls 4800
*** RIVER *** [8d Jd 3s 9d] [Qc]
Youth75020: checks 
locojosele: bets 43368 and is all-in
Youth75020: folds 
Uncalled bet (43368) returned to locojosele
locojosele collected 23900 from pot
locojosele: doesn't show hand 
*** SUMMARY ***
Total pot 23900 | Rake 0 
Board [8d Jd 3s 9d Qc]
Seat 1: deiraisetonuts folded before Flop (didn't bet)
Seat 2: adrl76 folded on the Flop
Seat 3: locojosele collected (23900)
Seat 4: Hanouka23b folded before Flop (didn't bet)
Seat 5: b0t4n4hp0k3r (button) folded on the Flop
Seat 6: Youth75020 (small blind) folded on the River
Seat 8: duplex90 (big blind) folded before Flop



PokerStars Hand #249070917579: Tournament #3714753588, €18+€2 EUR Hold'em No Limit - Level VII (400/800) - 2024/02/24 17:01:49 BRT [2024/02/24 15:01:49 ET]
Table '3714753588 45' 8-max Seat #1 is the button
Seat 1: SendyEs519 (45730 in chips) 
Seat 2: deiraisetonuts (78648 in chips) 
Seat 3: qpu3pykES (91759 in chips) 
Seat 4: Saliex73 (54515 in chips) 
Seat 5: radjabovgf (50000 in chips) 
Seat 6: strongstark88 (50000 in chips) 
Seat 7: ManWork14 (50000 in chips) 
Seat 8: Raparingueiro (50000 in chips) 
SendyEs519: posts the ante 100
deiraisetonuts: posts the ante 100
qpu3pykES: posts the ante 100
Saliex73: posts the ante 100
radjabovgf: posts the ante 100
strongstark88: posts the ante 100
ManWork14: posts the ante 100
Raparingueiro: posts the ante 100
deiraisetonuts: posts small blind 400
qpu3pykES: posts big blind 800
*** HOLE CARDS ***
Dealt to deiraisetonuts [Ts Td]
Saliex73: folds 
radjabovgf: raises 800 to 1600
strongstark88: folds 
ManWork14: raises 2800 to 4400
Raparingueiro: folds 
SendyEs519: raises 41230 to 45630 and is all-in
deiraisetonuts: folds 
qpu3pykES: folds 
radjabovgf: calls 44030
ManWork14: raises 4270 to 49900 and is all-in
radjabovgf: calls 4270 and is all-in
*** FLOP *** [Qh 9d Ks]
*** TURN *** [Qh 9d Ks] [Th]
*** RIVER *** [Qh 9d Ks Th] [3s]
*** SHOW DOWN ***
radjabovgf: shows [Kd As] (a pair of Kings)
ManWork14: shows [9h Ah] (a pair of Nines)
radjabovgf collected 8540 from side pot
SendyEs519: shows [Kc Ad] (a pair of Kings)
radjabovgf collected 69445 from main pot
SendyEs519 collected 69445 from main pot
ManWork14 finished the tournament
*** SUMMARY ***
Total pot 147430 Main pot 138890. Side pot 8540. | Rake 0 
Board [Qh 9d Ks Th 3s]
Seat 1: SendyEs519 (button) showed [Kc Ad] and won (69445) with a pair of Kings
Seat 2: deiraisetonuts (small blind) folded before Flop
Seat 3: qpu3pykES (big blind) folded before Flop
Seat 4: Saliex73 folded before Flop (didn't bet)
Seat 5: radjabovgf showed [Kd As] and won (77985) with a pair of Kings
Seat 6: strongstark88 folded before Flop (didn't bet)
Seat 7: ManWork14 showed [9h Ah] and lost with a pair of Nines
Seat 8: Raparingueiro folded before Flop (didn't bet)



PokerStars Hand #249070941769: Tournament #3714753588, €18+€2 EUR Hold'em No Limit - Level VIII (500/1000) - 2024/02/24 17:03:02 BRT [2024/02/24 15:03:02 ET]
Table '3714753588 45' 8-max Seat #2 is the button
Seat 1: SendyEs519 (69445 in chips) 
Seat 2: deiraisetonuts (78148 in chips) 
Seat 3: qpu3pykES (90859 in chips) 
Seat 4: Saliex73 (54415 in chips) 
Seat 5: radjabovgf (77985 in chips) 
Seat 6: strongstark88 (49900 in chips) 
Seat 8: Raparingueiro (49900 in chips) 
SendyEs519: posts the ante 125
deiraisetonuts: posts the ante 125
qpu3pykES: posts the ante 125
Saliex73: posts the ante 125
radjabovgf: posts the ante 125
strongstark88: posts the ante 125
Raparingueiro: posts the ante 125
qpu3pykES: posts small blind 500
Saliex73: posts big blind 1000
*** HOLE CARDS ***
Dealt to deiraisetonuts [9d 8s]
radjabovgf: folds 
strongstark88: raises 1000 to 2000
Raparingueiro: folds 
SendyEs519: folds 
deiraisetonuts: folds 
qpu3pykES: folds 
Saliex73: folds 
Uncalled bet (1000) returned to strongstark88
strongstark88 collected 3375 from pot
strongstark88: doesn't show hand 
*** SUMMARY ***
Total pot 3375 | Rake 0 
Seat 1: SendyEs519 folded before Flop (didn't bet)
Seat 2: deiraisetonuts (button) folded before Flop (didn't bet)
Seat 3: qpu3pykES (small blind) folded before Flop
Seat 4: Saliex73 (big blind) folded before Flop
Seat 5: radjabovgf folded before Flop (didn't bet)
Seat 6: strongstark88 collected (3375)
Seat 8: Raparingueiro folded before Flop (didn't bet)



PokerStars Hand #249070950352: Tournament #3714753588, €18+€2 EUR Hold'em No Limit - Level VIII (500/1000) - 2024/02/24 17:03:27 BRT [2024/02/24 15:03:27 ET]
Table '3714753588 45' 8-max Seat #3 is the button
Seat 1: SendyEs519 (69320 in chips) 
Seat 2: deiraisetonuts (78023 in chips) 
Seat 3: qpu3pykES (90234 in chips) 
Seat 4: Saliex73 (53290 in chips) 
Seat 5: radjabovgf (77860 in chips) 
Seat 6: strongstark88 (52150 in chips) 
Seat 8: Raparingueiro (49775 in chips) 
SendyEs519: posts the ante 125
deiraisetonuts: posts the ante 125
qpu3pykES: posts the ante 125
Saliex73: posts the ante 125
radjabovgf: posts the ante 125
strongstark88: posts the ante 125
Raparingueiro: posts the ante 125
Saliex73: posts small blind 500
radjabovgf: posts big blind 1000
*** HOLE CARDS ***
Dealt to deiraisetonuts [Kc 8h]
strongstark88: folds 
Raparingueiro: folds 
SendyEs519: raises 1000 to 2000
deiraisetonuts: folds 
qpu3pykES: folds 
Saliex73: folds 
radjabovgf: folds 
Uncalled bet (1000) returned to SendyEs519
SendyEs519 collected 3375 from pot
SendyEs519: doesn't show hand 
*** SUMMARY ***
Total pot 3375 | Rake 0 
Seat 1: SendyEs519 collected (3375)
Seat 2: deiraisetonuts folded before Flop (didn't bet)
Seat 3: qpu3pykES (button) folded before Flop (didn't bet)
Seat 4: Saliex73 (small blind) folded before Flop
Seat 5: radjabovgf (big blind) folded before Flop
Seat 6: strongstark88 folded before Flop (didn't bet)
Seat 8: Raparingueiro folded before Flop (didn't bet)



PokerStars Hand #249070959896: Tournament #3714753588, €18+€2 EUR Hold'em No Limit - Level VIII (500/1000) - 2024/02/24 17:03:55 BRT [2024/02/24 15:03:55 ET]
Table '3714753588 45' 8-max Seat #4 is the button
Seat 1: SendyEs519 (71570 in chips) 
Seat 2: deiraisetonuts (77898 in chips) 
Seat 3: qpu3pykES (90109 in chips) 
Seat 4: Saliex73 (52665 in chips) 
Seat 5: radjabovgf (76735 in chips) 
Seat 6: strongstark88 (52025 in chips) 
Seat 8: Raparingueiro (49650 in chips) 
SendyEs519: posts the ante 125
deiraisetonuts: posts the ante 125
qpu3pykES: posts the ante 125
Saliex73: posts the ante 125
radjabovgf: posts the ante 125
strongstark88: posts the ante 125
Raparingueiro: posts the ante 125
radjabovgf: posts small blind 500
strongstark88: posts big blind 1000
*** HOLE CARDS ***
Dealt to deiraisetonuts [Ac 3s]
Raparingueiro: folds 
SendyEs519: folds 
deiraisetonuts: folds 
qpu3pykES: raises 1500 to 2500
Saliex73: folds 
TonioGheTTo is disconnected 
radjabovgf: folds 
strongstark88: folds 
Uncalled bet (1500) returned to qpu3pykES
qpu3pykES collected 3375 from pot
qpu3pykES: doesn't show hand 
*** SUMMARY ***
Total pot 3375 | Rake 0 
Seat 1: SendyEs519 folded before Flop (didn't bet)
Seat 2: deiraisetonuts folded before Flop (didn't bet)
Seat 3: qpu3pykES collected (3375)
Seat 4: Saliex73 (button) folded before Flop (didn't bet)
Seat 5: radjabovgf (small blind) folded before Flop
Seat 6: strongstark88 (big blind) folded before Flop
Seat 8: Raparingueiro folded before Flop (didn't bet)



PokerStars Hand #249070979155: Tournament #3714753588, €18+€2 EUR Hold'em No Limit - Level VIII (500/1000) - 2024/02/24 17:04:50 BRT [2024/02/24 15:04:50 ET]
Table '3714753588 45' 8-max Seat #5 is the button
Seat 1: SendyEs519 (71445 in chips) 
Seat 2: deiraisetonuts (77773 in chips) 
Seat 3: qpu3pykES (92359 in chips) 
Seat 4: Saliex73 (52540 in chips) 
Seat 5: radjabovgf (76110 in chips) 
Seat 6: strongstark88 (50900 in chips) 
Seat 7: TonioGheTTo (50000 in chips) 
Seat 8: Raparingueiro (49525 in chips) 
SendyEs519: posts the ante 125
deiraisetonuts: posts the ante 125
qpu3pykES: posts the ante 125
Saliex73: posts the ante 125
radjabovgf: posts the ante 125
strongstark88: posts the ante 125
TonioGheTTo: posts the ante 125
Raparingueiro: posts the ante 125
strongstark88: posts small blind 500
TonioGheTTo: posts big blind 1000
*** HOLE CARDS ***
Dealt to deiraisetonuts [5h 5c]
Raparingueiro: folds 
SendyEs519: raises 1200 to 2200
deiraisetonuts: calls 2200
qpu3pykES: folds 
Saliex73: folds 
radjabovgf: raises 10800 to 13000
strongstark88: folds 
TonioGheTTo: folds 
SendyEs519: calls 10800
deiraisetonuts: calls 10800
*** FLOP *** [9d Jh 7s]
SendyEs519: checks 
deiraisetonuts: checks 
radjabovgf: bets 13695
SendyEs519: folds 
deiraisetonuts: folds 
Uncalled bet (13695) returned to radjabovgf
radjabovgf collected 41500 from pot
radjabovgf: doesn't show hand 
*** SUMMARY ***
Total pot 41500 | Rake 0 
Board [9d Jh 7s]
Seat 1: SendyEs519 folded on the Flop
Seat 2: deiraisetonuts folded on the Flop
Seat 3: qpu3pykES folded before Flop (didn't bet)
Seat 4: Saliex73 folded before Flop (didn't bet)
Seat 5: radjabovgf (button) collected (41500)
Seat 6: strongstark88 (small blind) folded before Flop
Seat 7: TonioGheTTo (big blind) folded before Flop
Seat 8: Raparingueiro folded before Flop (didn't bet)



PokerStars Hand #249071013968: Tournament #3714753588, €18+€2 EUR Hold'em No Limit - Level VIII (500/1000) - 2024/02/24 17:06:28 BRT [2024/02/24 15:06:28 ET]
Table '3714753588 45' 8-max Seat #6 is the button
Seat 1: SendyEs519 (58320 in chips) 
Seat 2: deiraisetonuts (64648 in chips) 
Seat 3: qpu3pykES (92234 in chips) 
Seat 4: Saliex73 (52415 in chips) 
Seat 5: radjabovgf (104485 in chips) 
Seat 6: strongstark88 (50275 in chips) 
Seat 7: TonioGheTTo (48875 in chips) 
Seat 8: Raparingueiro (49400 in chips) 
SendyEs519: posts the ante 125
deiraisetonuts: posts the ante 125
qpu3pykES: posts the ante 125
Saliex73: posts the ante 125
radjabovgf: posts the ante 125
strongstark88: posts the ante 125
TonioGheTTo: posts the ante 125
Raparingueiro: posts the ante 125
TonioGheTTo: posts small blind 500
Raparingueiro: posts big blind 1000
*** HOLE CARDS ***
Dealt to deiraisetonuts [7h 4h]
SendyEs519: folds 
deiraisetonuts: folds 
qpu3pykES: folds 
Saliex73: folds 
radjabovgf: folds 
strongstark88: raises 1000 to 2000
TonioGheTTo: folds 
Raparingueiro: folds 
Uncalled bet (1000) returned to strongstark88
strongstark88 collected 3500 from pot
strongstark88: doesn't show hand 
*** SUMMARY ***
Total pot 3500 | Rake 0 
Seat 1: SendyEs519 folded before Flop (didn't bet)
Seat 2: deiraisetonuts folded before Flop (didn't bet)
Seat 3: qpu3pykES folded before Flop (didn't bet)
Seat 4: Saliex73 folded before Flop (didn't bet)
Seat 5: radjabovgf folded before Flop (didn't bet)
Seat 6: strongstark88 (button) collected (3500)
Seat 7: TonioGheTTo (small blind) folded before Flop
Seat 8: Raparingueiro (big blind) folded before Flop



PokerStars Hand #249071028857: Tournament #3714753588, €18+€2 EUR Hold'em No Limit - Level VIII (500/1000) - 2024/02/24 17:07:09 BRT [2024/02/24 15:07:09 ET]
Table '3714753588 45' 8-max Seat #7 is the button
Seat 1: SendyEs519 (58195 in chips) 
Seat 2: deiraisetonuts (64523 in chips) 
Seat 3: qpu3pykES (92109 in chips) 
Seat 4: Saliex73 (52290 in chips) 
Seat 5: radjabovgf (104360 in chips) 
Seat 6: strongstark88 (52650 in chips) 
Seat 7: TonioGheTTo (48250 in chips) 
Seat 8: Raparingueiro (48275 in chips) 
SendyEs519: posts the ante 125
deiraisetonuts: posts the ante 125
qpu3pykES: posts the ante 125
Saliex73: posts the ante 125
radjabovgf: posts the ante 125
strongstark88: posts the ante 125
TonioGheTTo: posts the ante 125
Raparingueiro: posts the ante 125
Raparingueiro: posts small blind 500
SendyEs519: posts big blind 1000
*** HOLE CARDS ***
Dealt to deiraisetonuts [6d Kh]
deiraisetonuts: folds 
qpu3pykES: raises 1500 to 2500
Saliex73: folds 
radjabovgf: calls 2500
strongstark88: calls 2500
TonioGheTTo: folds 
Raparingueiro: folds 
SendyEs519: folds 
*** FLOP *** [2s 6c 9c]
qpu3pykES: bets 3000
radjabovgf: calls 3000
strongstark88: calls 3000
*** TURN *** [2s 6c 9c] [4c]
qpu3pykES: bets 6000
radjabovgf: folds 
strongstark88: folds 
Uncalled bet (6000) returned to qpu3pykES
qpu3pykES collected 19000 from pot
qpu3pykES: doesn't show hand 
*** SUMMARY ***
Total pot 19000 | Rake 0 
Board [2s 6c 9c 4c]
Seat 1: SendyEs519 (big blind) folded before Flop
Seat 2: deiraisetonuts folded before Flop (didn't bet)
Seat 3: qpu3pykES collected (19000)
Seat 4: Saliex73 folded before Flop (didn't bet)
Seat 5: radjabovgf folded on the Turn
Seat 6: strongstark88 folded on the Turn
Seat 7: TonioGheTTo (button) folded before Flop (didn't bet)
Seat 8: Raparingueiro (small blind) folded before Flop



PokerStars Hand #249071054897: Tournament #3714753588, €18+€2 EUR Hold'em No Limit - Level VIII (500/1000) - 2024/02/24 17:08:23 BRT [2024/02/24 15:08:23 ET]
Table '3714753588 45' 8-max Seat #8 is the button
Seat 1: SendyEs519 (57070 in chips) 
Seat 2: deiraisetonuts (64398 in chips) 
Seat 3: qpu3pykES (105484 in chips) 
Seat 4: Saliex73 (52165 in chips) 
Seat 5: radjabovgf (98735 in chips) 
Seat 6: strongstark88 (47025 in chips) 
Seat 7: TonioGheTTo (48125 in chips) 
Seat 8: Raparingueiro (47650 in chips) 
SendyEs519: posts the ante 125
deiraisetonuts: posts the ante 125
qpu3pykES: posts the ante 125
Saliex73: posts the ante 125
radjabovgf: posts the ante 125
strongstark88: posts the ante 125
TonioGheTTo: posts the ante 125
Raparingueiro: posts the ante 125
SendyEs519: posts small blind 500
deiraisetonuts: posts big blind 1000
*** HOLE CARDS ***
Dealt to deiraisetonuts [3s 3h]
qpu3pykES: folds 
Saliex73: folds 
radjabovgf: raises 1200 to 2200
strongstark88: folds 
TonioGheTTo: raises 4400 to 6600
Raparingueiro: folds 
SendyEs519: folds 
deiraisetonuts: folds 
radjabovgf: calls 4400
*** FLOP *** [9d Tc 6h]
radjabovgf: checks 
TonioGheTTo: bets 5181
radjabovgf: calls 5181
*** TURN *** [9d Tc 6h] [Kh]
radjabovgf: checks 
TonioGheTTo: bets 13031
radjabovgf: raises 39093 to 52124
TonioGheTTo: folds 
Uncalled bet (39093) returned to radjabovgf
radjabovgf collected 52124 from pot
radjabovgf: doesn't show hand 
*** SUMMARY ***
Total pot 52124 | Rake 0 
Board [9d Tc 6h Kh]
Seat 1: SendyEs519 (small blind) folded before Flop
Seat 2: deiraisetonuts (big blind) folded before Flop
Seat 3: qpu3pykES folded before Flop (didn't bet)
Seat 4: Saliex73 folded before Flop (didn't bet)
Seat 5: radjabovgf collected (52124)
Seat 6: strongstark88 folded before Flop (didn't bet)
Seat 7: TonioGheTTo folded on the Turn
Seat 8: Raparingueiro (button) folded before Flop (didn't bet)



PokerStars Hand #249071079023: Tournament #3714753588, €18+€2 EUR Hold'em No Limit - Level VIII (500/1000) - 2024/02/24 17:09:30 BRT [2024/02/24 15:09:30 ET]
Table '3714753588 45' 8-max Seat #1 is the button
Seat 1: SendyEs519 (56445 in chips) 
Seat 2: deiraisetonuts (63273 in chips) 
Seat 3: qpu3pykES (105359 in chips) 
Seat 4: Saliex73 (52040 in chips) 
Seat 5: radjabovgf (125922 in chips) 
Seat 6: strongstark88 (46900 in chips) 
Seat 7: TonioGheTTo (23188 in chips) 
Seat 8: Raparingueiro (47525 in chips) 
SendyEs519: posts the ante 125
deiraisetonuts: posts the ante 125
qpu3pykES: posts the ante 125
Saliex73: posts the ante 125
radjabovgf: posts the ante 125
strongstark88: posts the ante 125
TonioGheTTo: posts the ante 125
Raparingueiro: posts the ante 125
deiraisetonuts: posts small blind 500
qpu3pykES: posts big blind 1000
*** HOLE CARDS ***
Dealt to deiraisetonuts [Kh 6c]
Saliex73: folds 
radjabovgf: folds 
strongstark88: folds 
TonioGheTTo: raises 1000 to 2000
Raparingueiro: folds 
SendyEs519: folds 
deiraisetonuts: folds 
qpu3pykES: calls 1000
*** FLOP *** [6d 6h 9d]
qpu3pykES: checks 
TonioGheTTo: checks 
*** TURN *** [6d 6h 9d] [5s]
qpu3pykES: bets 2640
TonioGheTTo: calls 2640
*** RIVER *** [6d 6h 9d 5s] [6s]
qpu3pykES: bets 5174
TonioGheTTo: folds 
Uncalled bet (5174) returned to qpu3pykES
qpu3pykES collected 10780 from pot
qpu3pykES: doesn't show hand 
*** SUMMARY ***
Total pot 10780 | Rake 0 
Board [6d 6h 9d 5s 6s]
Seat 1: SendyEs519 (button) folded before Flop (didn't bet)
Seat 2: deiraisetonuts (small blind) folded before Flop
Seat 3: qpu3pykES (big blind) collected (10780)
Seat 4: Saliex73 folded before Flop (didn't bet)
Seat 5: radjabovgf folded before Flop (didn't bet)
Seat 6: strongstark88 folded before Flop (didn't bet)
Seat 7: TonioGheTTo folded on the River
Seat 8: Raparingueiro folded before Flop (didn't bet)



PokerStars Hand #249071114729: Tournament #3714753588, €18+€2 EUR Hold'em No Limit - Level IX (600/1200) - 2024/02/24 17:11:10 BRT [2024/02/24 15:11:10 ET]
Table '3714753588 45' 8-max Seat #2 is the button
Seat 1: SendyEs519 (56320 in chips) 
Seat 2: deiraisetonuts (62648 in chips) 
Seat 3: qpu3pykES (111374 in chips) 
Seat 4: Saliex73 (51915 in chips) 
Seat 5: radjabovgf (125797 in chips) 
Seat 6: strongstark88 (46775 in chips) 
Seat 7: TonioGheTTo (18423 in chips) 
Seat 8: Raparingueiro (47400 in chips) 
SendyEs519: posts the ante 150
deiraisetonuts: posts the ante 150
qpu3pykES: posts the ante 150
Saliex73: posts the ante 150
radjabovgf: posts the ante 150
strongstark88: posts the ante 150
TonioGheTTo: posts the ante 150
Raparingueiro: posts the ante 150
qpu3pykES: posts small blind 600
Saliex73: posts big blind 1200
*** HOLE CARDS ***
Dealt to deiraisetonuts [8h Ac]
radjabovgf: folds 
strongstark88: folds 
TonioGheTTo: folds 
Raparingueiro: folds 
SendyEs519: folds 
deiraisetonuts: raises 1560 to 2760
qpu3pykES: folds 
Saliex73: folds 
Uncalled bet (1560) returned to deiraisetonuts
deiraisetonuts collected 4200 from pot
deiraisetonuts: doesn't show hand 
*** SUMMARY ***
Total pot 4200 | Rake 0 
Seat 1: SendyEs519 folded before Flop (didn't bet)
Seat 2: deiraisetonuts (button) collected (4200)
Seat 3: qpu3pykES (small blind) folded before Flop
Seat 4: Saliex73 (big blind) folded before Flop
Seat 5: radjabovgf folded before Flop (didn't bet)
Seat 6: strongstark88 folded before Flop (didn't bet)
Seat 7: TonioGheTTo folded before Flop (didn't bet)
Seat 8: Raparingueiro folded before Flop (didn't bet)



PokerStars Hand #249071125803: Tournament #3714753588, €18+€2 EUR Hold'em No Limit - Level IX (600/1200) - 2024/02/24 17:11:41 BRT [2024/02/24 15:11:41 ET]
Table '3714753588 45' 8-max Seat #3 is the button
Seat 1: SendyEs519 (56170 in chips) 
Seat 2: deiraisetonuts (65498 in chips) 
Seat 3: qpu3pykES (110624 in chips) 
Seat 4: Saliex73 (50565 in chips) 
Seat 5: radjabovgf (125647 in chips) 
Seat 6: strongstark88 (46625 in chips) 
Seat 7: TonioGheTTo (18273 in chips) 
Seat 8: Raparingueiro (47250 in chips) 
SendyEs519: posts the ante 150
deiraisetonuts: posts the ante 150
qpu3pykES: posts the ante 150
Saliex73: posts the ante 150
radjabovgf: posts the ante 150
strongstark88: posts the ante 150
TonioGheTTo: posts the ante 150
Raparingueiro: posts the ante 150
Saliex73: posts small blind 600
radjabovgf: posts big blind 1200
*** HOLE CARDS ***
Dealt to deiraisetonuts [Ac Qs]
strongstark88: calls 1200
TonioGheTTo: folds 
Raparingueiro: raises 1200 to 2400
SendyEs519: folds 
deiraisetonuts: raises 5520 to 7920
qpu3pykES: folds 
Saliex73: folds 
radjabovgf: folds 
strongstark88: calls 6720
Raparingueiro: folds 
*** FLOP *** [Tc 5h 9c]
strongstark88: checks 
deiraisetonuts: checks 
*** TURN *** [Tc 5h 9c] [7d]
strongstark88: bets 10620
deiraisetonuts: folds 
Uncalled bet (10620) returned to strongstark88
strongstark88 collected 21240 from pot
strongstark88: doesn't show hand 
*** SUMMARY ***
Total pot 21240 | Rake 0 
Board [Tc 5h 9c 7d]
Seat 1: SendyEs519 folded before Flop (didn't bet)
Seat 2: deiraisetonuts folded on the Turn
Seat 3: qpu3pykES (button) folded before Flop (didn't bet)
Seat 4: Saliex73 (small blind) folded before Flop
Seat 5: radjabovgf (big blind) folded before Flop
Seat 6: strongstark88 collected (21240)
Seat 7: TonioGheTTo folded before Flop (didn't bet)
Seat 8: Raparingueiro folded before Flop



PokerStars Hand #249071165274: Tournament #3714753588, €18+€2 EUR Hold'em No Limit - Level IX (600/1200) - 2024/02/24 17:13:32 BRT [2024/02/24 15:13:32 ET]
Table '3714753588 45' 8-max Seat #4 is the button
Seat 1: SendyEs519 (56020 in chips) 
Seat 2: deiraisetonuts (57428 in chips) 
Seat 3: qpu3pykES (110474 in chips) 
Seat 4: Saliex73 (49815 in chips) 
Seat 5: radjabovgf (124297 in chips) 
Seat 6: strongstark88 (59795 in chips) 
Seat 7: TonioGheTTo (18123 in chips) 
Seat 8: Raparingueiro (44700 in chips) 
SendyEs519: posts the ante 150
deiraisetonuts: posts the ante 150
qpu3pykES: posts the ante 150
Saliex73: posts the ante 150
radjabovgf: posts the ante 150
strongstark88: posts the ante 150
TonioGheTTo: posts the ante 150
Raparingueiro: posts the ante 150
radjabovgf: posts small blind 600
strongstark88: posts big blind 1200
*** HOLE CARDS ***
Dealt to deiraisetonuts [Jd As]
TonioGheTTo: folds 
Raparingueiro: raises 1200 to 2400
SendyEs519: folds 
deiraisetonuts: raises 4800 to 7200
qpu3pykES: folds 
Saliex73: folds 
radjabovgf: folds 
strongstark88: folds 
Raparingueiro: folds 
Uncalled bet (4800) returned to deiraisetonuts
deiraisetonuts collected 7800 from pot
deiraisetonuts: doesn't show hand 
*** SUMMARY ***
Total pot 7800 | Rake 0 
Seat 1: SendyEs519 folded before Flop (didn't bet)
Seat 2: deiraisetonuts collected (7800)
Seat 3: qpu3pykES folded before Flop (didn't bet)
Seat 4: Saliex73 (button) folded before Flop (didn't bet)
Seat 5: radjabovgf (small blind) folded before Flop
Seat 6: strongstark88 (big blind) folded before Flop
Seat 7: TonioGheTTo folded before Flop (didn't bet)
Seat 8: Raparingueiro folded before Flop



PokerStars Hand #249071182499: Tournament #3714753588, €18+€2 EUR Hold'em No Limit - Level IX (600/1200) - 2024/02/24 17:14:21 BRT [2024/02/24 15:14:21 ET]
Table '3714753588 45' 8-max Seat #5 is the button
Seat 1: SendyEs519 (55870 in chips) 
Seat 2: deiraisetonuts (62678 in chips) 
Seat 3: qpu3pykES (110324 in chips) 
Seat 4: Saliex73 (49665 in chips) 
Seat 5: radjabovgf (123547 in chips) 
Seat 6: strongstark88 (58445 in chips) 
Seat 7: TonioGheTTo (17973 in chips) 
Seat 8: Raparingueiro (42150 in chips) 
SendyEs519: posts the ante 150
deiraisetonuts: posts the ante 150
qpu3pykES: posts the ante 150
Saliex73: posts the ante 150
radjabovgf: posts the ante 150
strongstark88: posts the ante 150
TonioGheTTo: posts the ante 150
Raparingueiro: posts the ante 150
strongstark88: posts small blind 600
TonioGheTTo: posts big blind 1200
*** HOLE CARDS ***
Dealt to deiraisetonuts [Qd 5h]
Raparingueiro: folds 
SendyEs519: folds 
deiraisetonuts: folds 
qpu3pykES: folds 
Saliex73: folds 
radjabovgf: raises 1680 to 2880
strongstark88: calls 2280
TonioGheTTo: folds 
*** FLOP *** [Ah Qs Kh]
strongstark88: checks 
radjabovgf: checks 
*** TURN *** [Ah Qs Kh] [3c]
strongstark88: bets 2400
radjabovgf: calls 2400
*** RIVER *** [Ah Qs Kh 3c] [Js]
strongstark88: checks 
radjabovgf: bets 4277
strongstark88: calls 4277
*** SHOW DOWN ***
radjabovgf: shows [Ks Ts] (a straight, Ten to Ace)
strongstark88: mucks hand 
radjabovgf collected 21514 from pot
*** SUMMARY ***
Total pot 21514 | Rake 0 
Board [Ah Qs Kh 3c Js]
Seat 1: SendyEs519 folded before Flop (didn't bet)
Seat 2: deiraisetonuts folded before Flop (didn't bet)
Seat 3: qpu3pykES folded before Flop (didn't bet)
Seat 4: Saliex73 folded before Flop (didn't bet)
Seat 5: radjabovgf (button) showed [Ks Ts] and won (21514) with a straight, Ten to Ace
Seat 6: strongstark88 (small blind) mucked [Jh Ad]
Seat 7: TonioGheTTo (big blind) folded before Flop
Seat 8: Raparingueiro folded before Flop (didn't bet)



PokerStars Hand #249071204506: Tournament #3714753588, €18+€2 EUR Hold'em No Limit - Level IX (600/1200) - 2024/02/24 17:15:22 BRT [2024/02/24 15:15:22 ET]
Table '3714753588 45' 8-max Seat #6 is the button
Seat 1: SendyEs519 (55720 in chips) 
Seat 2: deiraisetonuts (62528 in chips) 
Seat 3: qpu3pykES (110174 in chips) 
Seat 4: Saliex73 (49515 in chips) 
Seat 5: radjabovgf (135354 in chips) 
Seat 6: strongstark88 (48738 in chips) 
Seat 7: TonioGheTTo (16623 in chips) 
Seat 8: Raparingueiro (42000 in chips) 
SendyEs519: posts the ante 150
deiraisetonuts: posts the ante 150
qpu3pykES: posts the ante 150
Saliex73: posts the ante 150
radjabovgf: posts the ante 150
strongstark88: posts the ante 150
TonioGheTTo: posts the ante 150
Raparingueiro: posts the ante 150
TonioGheTTo: posts small blind 600
Raparingueiro: posts big blind 1200
*** HOLE CARDS ***
Dealt to deiraisetonuts [2d 5d]
SendyEs519: folds 
deiraisetonuts: folds 
qpu3pykES: raises 1800 to 3000
Saliex73: folds 
radjabovgf: calls 3000
strongstark88: folds 
TonioGheTTo: folds 
Raparingueiro: folds 
*** FLOP *** [Qs 3s 6c]
qpu3pykES: bets 2700
radjabovgf: calls 2700
*** TURN *** [Qs 3s 6c] [7c]
qpu3pykES: bets 4320
radjabovgf: calls 4320
*** RIVER *** [Qs 3s 6c 7c] [Jc]
qpu3pykES: bets 18000
radjabovgf: folds 
Uncalled bet (18000) returned to qpu3pykES
qpu3pykES collected 23040 from pot
*** SUMMARY ***
Total pot 23040 | Rake 0 
Board [Qs 3s 6c 7c Jc]
Seat 1: SendyEs519 folded before Flop (didn't bet)
Seat 2: deiraisetonuts folded before Flop (didn't bet)
Seat 3: qpu3pykES collected (23040)
Seat 4: Saliex73 folded before Flop (didn't bet)
Seat 5: radjabovgf folded on the River
Seat 6: strongstark88 (button) folded before Flop (didn't bet)
Seat 7: TonioGheTTo (small blind) folded before Flop
Seat 8: Raparingueiro (big blind) folded before Flop



PokerStars Hand #249071232234: Tournament #3714753588, €18+€2 EUR Hold'em No Limit - Level IX (600/1200) - 2024/02/24 17:16:39 BRT [2024/02/24 15:16:39 ET]
Table '3714753588 45' 8-max Seat #7 is the button
Seat 1: SendyEs519 (55570 in chips) 
Seat 2: deiraisetonuts (62378 in chips) 
Seat 3: qpu3pykES (123044 in chips) 
Seat 4: Saliex73 (49365 in chips) 
Seat 5: radjabovgf (125184 in chips) 
Seat 6: strongstark88 (48588 in chips) 
Seat 7: TonioGheTTo (15873 in chips) 
Seat 8: Raparingueiro (40650 in chips) 
SendyEs519: posts the ante 150
deiraisetonuts: posts the ante 150
qpu3pykES: posts the ante 150
Saliex73: posts the ante 150
radjabovgf: posts the ante 150
strongstark88: posts the ante 150
TonioGheTTo: posts the ante 150
Raparingueiro: posts the ante 150
Raparingueiro: posts small blind 600
SendyEs519: posts big blind 1200
*** HOLE CARDS ***
Dealt to deiraisetonuts [2s 4s]
deiraisetonuts: folds 
qpu3pykES: folds 
Saliex73: folds 
radjabovgf: folds 
strongstark88: folds 
TonioGheTTo: raises 14523 to 15723 and is all-in
Raparingueiro: folds 
SendyEs519: folds 
Uncalled bet (14523) returned to TonioGheTTo
TonioGheTTo collected 4200 from pot
TonioGheTTo: doesn't show hand 
*** SUMMARY ***
Total pot 4200 | Rake 0 
Seat 1: SendyEs519 (big blind) folded before Flop
Seat 2: deiraisetonuts folded before Flop (didn't bet)
Seat 3: qpu3pykES folded before Flop (didn't bet)
Seat 4: Saliex73 folded before Flop (didn't bet)
Seat 5: radjabovgf folded before Flop (didn't bet)
Seat 6: strongstark88 folded before Flop (didn't bet)
Seat 7: TonioGheTTo (button) collected (4200)
Seat 8: Raparingueiro (small blind) folded before Flop



PokerStars Hand #249071242351: Tournament #3714753588, €18+€2 EUR Hold'em No Limit - Level IX (600/1200) - 2024/02/24 17:17:08 BRT [2024/02/24 15:17:08 ET]
Table '3714753588 45' 8-max Seat #8 is the button
Seat 1: SendyEs519 (54220 in chips) 
Seat 2: deiraisetonuts (62228 in chips) 
Seat 3: qpu3pykES (122894 in chips) 
Seat 4: Saliex73 (49215 in chips) 
Seat 5: radjabovgf (125034 in chips) 
Seat 6: strongstark88 (48438 in chips) 
Seat 7: TonioGheTTo (18723 in chips) 
Seat 8: Raparingueiro (39900 in chips) 
SendyEs519: posts the ante 150
deiraisetonuts: posts the ante 150
qpu3pykES: posts the ante 150
Saliex73: posts the ante 150
radjabovgf: posts the ante 150
strongstark88: posts the ante 150
TonioGheTTo: posts the ante 150
Raparingueiro: posts the ante 150
SendyEs519: posts small blind 600
deiraisetonuts: posts big blind 1200
*** HOLE CARDS ***
Dealt to deiraisetonuts [Tc Qh]
qpu3pykES: raises 1440 to 2640
Saliex73: folds 
radjabovgf: folds 
strongstark88: folds 
TonioGheTTo: folds 
Raparingueiro: folds 
SendyEs519: folds 
deiraisetonuts: calls 1440
*** FLOP *** [Ad Qs Jh]
deiraisetonuts: checks 
qpu3pykES: bets 3398
deiraisetonuts: calls 3398
*** TURN *** [Ad Qs Jh] [Td]
deiraisetonuts: checks 
qpu3pykES: checks 
*** RIVER *** [Ad Qs Jh Td] [9s]
deiraisetonuts: checks 
qpu3pykES: bets 6660
deiraisetonuts: calls 6660
*** SHOW DOWN ***
qpu3pykES: shows [As 8s] (a straight, Eight to Queen)
deiraisetonuts: mucks hand 
qpu3pykES collected 27196 from pot
*** SUMMARY ***
Total pot 27196 | Rake 0 
Board [Ad Qs Jh Td 9s]
Seat 1: SendyEs519 (small blind) folded before Flop
Seat 2: deiraisetonuts (big blind) mucked [Tc Qh]
Seat 3: qpu3pykES showed [As 8s] and won (27196) with a straight, Eight to Queen
Seat 4: Saliex73 folded before Flop (didn't bet)
Seat 5: radjabovgf folded before Flop (didn't bet)
Seat 6: strongstark88 folded before Flop (didn't bet)
Seat 7: TonioGheTTo folded before Flop (didn't bet)
Seat 8: Raparingueiro (button) folded before Flop (didn't bet)



PokerStars Hand #249071274333: Tournament #3714753588, €18+€2 EUR Hold'em No Limit - Level IX (600/1200) - 2024/02/24 17:18:36 BRT [2024/02/24 15:18:36 ET]
Table '3714753588 45' 8-max Seat #1 is the button
Seat 1: SendyEs519 (53470 in chips) 
Seat 2: deiraisetonuts (49380 in chips) 
Seat 3: qpu3pykES (137242 in chips) 
Seat 4: Saliex73 (49065 in chips) 
Seat 5: radjabovgf (124884 in chips) 
Seat 6: strongstark88 (48288 in chips) 
Seat 7: TonioGheTTo (18573 in chips) 
Seat 8: Raparingueiro (39750 in chips) 
SendyEs519: posts the ante 150
deiraisetonuts: posts the ante 150
qpu3pykES: posts the ante 150
Saliex73: posts the ante 150
radjabovgf: posts the ante 150
strongstark88: posts the ante 150
TonioGheTTo: posts the ante 150
Raparingueiro: posts the ante 150
deiraisetonuts: posts small blind 600
qpu3pykES: posts big blind 1200
*** HOLE CARDS ***
Dealt to deiraisetonuts [8h Ah]
Saliex73: folds 
radjabovgf: folds 
strongstark88: calls 1200
TonioGheTTo: folds 
Raparingueiro: folds 
SendyEs519: raises 2400 to 3600
deiraisetonuts: calls 3000
qpu3pykES: calls 2400
strongstark88: calls 2400
*** FLOP *** [Ks Tc 9c]
deiraisetonuts: checks 
qpu3pykES: checks 
strongstark88: checks 
SendyEs519: bets 13260
deiraisetonuts: folds 
qpu3pykES: raises 120232 to 133492 and is all-in
strongstark88: folds 
SendyEs519: calls 36460 and is all-in
Uncalled bet (83772) returned to qpu3pykES
*** TURN *** [Ks Tc 9c] [5s]
*** RIVER *** [Ks Tc 9c 5s] [3d]
*** SHOW DOWN ***
qpu3pykES: shows [9h Kh] (two pair, Kings and Nines)
SendyEs519: shows [Qc Jh] (a straight, Nine to King)
SendyEs519 collected 115040 from pot
*** SUMMARY ***
Total pot 115040 | Rake 0 
Board [Ks Tc 9c 5s 3d]
Seat 1: SendyEs519 (button) showed [Qc Jh] and won (115040) with a straight, Nine to King
Seat 2: deiraisetonuts (small blind) folded on the Flop
Seat 3: qpu3pykES (big blind) showed [9h Kh] and lost with two pair, Kings and Nines
Seat 4: Saliex73 folded before Flop (didn't bet)
Seat 5: radjabovgf folded before Flop (didn't bet)
Seat 6: strongstark88 folded on the Flop
Seat 7: TonioGheTTo folded before Flop (didn't bet)
Seat 8: Raparingueiro folded before Flop (didn't bet)



PokerStars Hand #249071315729: Tournament #3714753588, €18+€2 EUR Hold'em No Limit - Level X (700/1400) - 2024/02/24 17:20:31 BRT [2024/02/24 15:20:31 ET]
Table '3714753588 45' 8-max Seat #2 is the button
Seat 1: SendyEs519 (115040 in chips) 
Seat 2: deiraisetonuts (45630 in chips) 
Seat 3: qpu3pykES (83772 in chips) 
Seat 4: Saliex73 (48915 in chips) 
Seat 5: radjabovgf (124734 in chips) 
Seat 6: strongstark88 (44538 in chips) 
Seat 7: TonioGheTTo (18423 in chips) 
Seat 8: Raparingueiro (39600 in chips) 
SendyEs519: posts the ante 175
deiraisetonuts: posts the ante 175
qpu3pykES: posts the ante 175
Saliex73: posts the ante 175
radjabovgf: posts the ante 175
strongstark88: posts the ante 175
TonioGheTTo: posts the ante 175
Raparingueiro: posts the ante 175
qpu3pykES: posts small blind 700
Saliex73: posts big blind 1400
*** HOLE CARDS ***
Dealt to deiraisetonuts [Qd As]
radjabovgf: folds 
strongstark88: raises 2800 to 4200
TonioGheTTo: folds 
Raparingueiro: folds 
SendyEs519: folds 
deiraisetonuts: calls 4200
qpu3pykES: raises 79397 to 83597 and is all-in
Saliex73: folds 
strongstark88: calls 40163 and is all-in
deiraisetonuts: folds 
Uncalled bet (39234) returned to qpu3pykES
*** FLOP *** [3h 9c Tc]
*** TURN *** [3h 9c Tc] [7c]
*** RIVER *** [3h 9c Tc 7c] [6s]
*** SHOW DOWN ***
qpu3pykES: shows [Jc Ac] (a flush, Ace high)
strongstark88: shows [Td Ad] (a pair of Tens)
qpu3pykES collected 95726 from pot
strongstark88 finished the tournament
*** SUMMARY ***
Total pot 95726 | Rake 0 
Board [3h 9c Tc 7c 6s]
Seat 1: SendyEs519 folded before Flop (didn't bet)
Seat 2: deiraisetonuts (button) folded before Flop
Seat 3: qpu3pykES (small blind) showed [Jc Ac] and won (95726) with a flush, Ace high
Seat 4: Saliex73 (big blind) folded before Flop
Seat 5: radjabovgf folded before Flop (didn't bet)
Seat 6: strongstark88 showed [Td Ad] and lost with a pair of Tens
Seat 7: TonioGheTTo folded before Flop (didn't bet)
Seat 8: Raparingueiro folded before Flop (didn't bet)



PokerStars Hand #249071345708: Tournament #3714753588, €18+€2 EUR Hold'em No Limit - Level X (700/1400) - 2024/02/24 17:21:54 BRT [2024/02/24 15:21:54 ET]
Table '3714753588 45' 8-max Seat #3 is the button
Seat 1: SendyEs519 (114865 in chips) 
Seat 2: deiraisetonuts (41255 in chips) 
Seat 3: qpu3pykES (134960 in chips) 
Seat 4: Saliex73 (47340 in chips) 
Seat 5: radjabovgf (124559 in chips) 
Seat 7: TonioGheTTo (18248 in chips) 
Seat 8: Raparingueiro (39425 in chips) 
SendyEs519: posts the ante 175
deiraisetonuts: posts the ante 175
qpu3pykES: posts the ante 175
Saliex73: posts the ante 175
radjabovgf: posts the ante 175
TonioGheTTo: posts the ante 175
Raparingueiro: posts the ante 175
Saliex73: posts small blind 700
radjabovgf: posts big blind 1400
*** HOLE CARDS ***
Dealt to deiraisetonuts [4s 6s]
TonioGheTTo: folds 
Raparingueiro: folds 
SendyEs519: folds 
deiraisetonuts: folds 
qpu3pykES: folds 
Saliex73: folds 
Uncalled bet (700) returned to radjabovgf
radjabovgf collected 2625 from pot
radjabovgf: doesn't show hand 
*** SUMMARY ***
Total pot 2625 | Rake 0 
Seat 1: SendyEs519 folded before Flop (didn't bet)
Seat 2: deiraisetonuts folded before Flop (didn't bet)
Seat 3: qpu3pykES (button) folded before Flop (didn't bet)
Seat 4: Saliex73 (small blind) folded before Flop
Seat 5: radjabovgf (big blind) collected (2625)
Seat 7: TonioGheTTo folded before Flop (didn't bet)
Seat 8: Raparingueiro folded before Flop (didn't bet)



PokerStars Hand #249071352126: Tournament #3714753588, €18+€2 EUR Hold'em No Limit - Level X (700/1400) - 2024/02/24 17:22:12 BRT [2024/02/24 15:22:12 ET]
Table '3714753588 45' 8-max Seat #4 is the button
Seat 1: SendyEs519 (114690 in chips) 
Seat 2: deiraisetonuts (41080 in chips) 
Seat 3: qpu3pykES (134785 in chips) 
Seat 4: Saliex73 (46465 in chips) 
Seat 5: radjabovgf (126309 in chips) 
Seat 7: TonioGheTTo (18073 in chips) 
Seat 8: Raparingueiro (39250 in chips) 
SendyEs519: posts the ante 175
deiraisetonuts: posts the ante 175
qpu3pykES: posts the ante 175
Saliex73: posts the ante 175
radjabovgf: posts the ante 175
TonioGheTTo: posts the ante 175
Raparingueiro: posts the ante 175
radjabovgf: posts small blind 700
TonioGheTTo: posts big blind 1400
*** HOLE CARDS ***
Dealt to deiraisetonuts [5s 7c]
Raparingueiro: folds 
SendyEs519: folds 
deiraisetonuts: folds 
qpu3pykES: folds 
Saliex73: raises 1680 to 3080
radjabovgf: calls 2380
TonioGheTTo: raises 14818 to 17898 and is all-in
Saliex73: folds 
radjabovgf: calls 14818
*** FLOP *** [2h 9s 7s]
*** TURN *** [2h 9s 7s] [2s]
*** RIVER *** [2h 9s 7s 2s] [Tc]
*** SHOW DOWN ***
radjabovgf: shows [Ad Ts] (two pair, Tens and Deuces)
TonioGheTTo: shows [Th Jc] (two pair, Tens and Deuces - lower kicker)
radjabovgf collected 40101 from pot
TonioGheTTo finished the tournament
*** SUMMARY ***
Total pot 40101 | Rake 0 
Board [2h 9s 7s 2s Tc]
Seat 1: SendyEs519 folded before Flop (didn't bet)
Seat 2: deiraisetonuts folded before Flop (didn't bet)
Seat 3: qpu3pykES folded before Flop (didn't bet)
Seat 4: Saliex73 (button) folded before Flop
Seat 5: radjabovgf (small blind) showed [Ad Ts] and won (40101) with two pair, Tens and Deuces
Seat 7: TonioGheTTo (big blind) showed [Th Jc] and lost with two pair, Tens and Deuces
Seat 8: Raparingueiro folded before Flop (didn't bet)



PokerStars Hand #249071375576: Tournament #3714753588, €18+€2 EUR Hold'em No Limit - Level X (700/1400) - 2024/02/24 17:23:17 BRT [2024/02/24 15:23:17 ET]
Table '3714753588 45' 8-max Seat #5 is the button
Seat 1: SendyEs519 (114515 in chips) 
Seat 2: deiraisetonuts (40905 in chips) 
Seat 3: qpu3pykES (134610 in chips) 
Seat 4: Saliex73 (43210 in chips) 
Seat 5: radjabovgf (148337 in chips) 
Seat 6: adriannrf! (69584 in chips) out of hand (moved from another table into small blind)
Seat 8: Raparingueiro (39075 in chips) 
adriannrf! will be allowed to play after the button
SendyEs519: posts the ante 175
deiraisetonuts: posts the ante 175
qpu3pykES: posts the ante 175
Saliex73: posts the ante 175
radjabovgf: posts the ante 175
Raparingueiro: posts the ante 175
Raparingueiro: posts small blind 700
SendyEs519: posts big blind 1400
*** HOLE CARDS ***
Dealt to deiraisetonuts [Jd Th]
adriannrf! is disconnected 
deiraisetonuts: folds 
qpu3pykES: raises 1400 to 2800
Saliex73: folds 
radjabovgf: folds 
Raparingueiro: folds 
SendyEs519: raises 8400 to 11200
qpu3pykES: folds 
Uncalled bet (8400) returned to SendyEs519
SendyEs519 collected 7350 from pot
SendyEs519: doesn't show hand 
*** SUMMARY ***
Total pot 7350 | Rake 0 
Seat 1: SendyEs519 (big blind) collected (7350)
Seat 2: deiraisetonuts folded before Flop (didn't bet)
Seat 3: qpu3pykES folded before Flop
Seat 4: Saliex73 folded before Flop (didn't bet)
Seat 5: radjabovgf (button) folded before Flop (didn't bet)
Seat 8: Raparingueiro (small blind) folded before Flop



PokerStars Hand #249071387033: Tournament #3714753588, €18+€2 EUR Hold'em No Limit - Level X (700/1400) - 2024/02/24 17:23:48 BRT [2024/02/24 15:23:48 ET]
Table '3714753588 45' 8-max Seat #8 is the button
Seat 1: SendyEs519 (118890 in chips) 
Seat 2: deiraisetonuts (40730 in chips) 
Seat 3: qpu3pykES (131635 in chips) 
Seat 4: Saliex73 (43035 in chips) 
Seat 5: radjabovgf (148162 in chips) 
Seat 6: adriannrf! (69584 in chips) 
Seat 7: TonioGheTTo (50000 in chips) 
Seat 8: Raparingueiro (38200 in chips) 
SendyEs519: posts the ante 175
deiraisetonuts: posts the ante 175
qpu3pykES: posts the ante 175
Saliex73: posts the ante 175
radjabovgf: posts the ante 175
adriannrf!: posts the ante 175
TonioGheTTo: posts the ante 175
Raparingueiro: posts the ante 175
SendyEs519: posts small blind 700
deiraisetonuts: posts big blind 1400
*** HOLE CARDS ***
Dealt to deiraisetonuts [Qs 8s]
qpu3pykES: folds 
Saliex73: folds 
radjabovgf: folds 
adriannrf!: folds 
TonioGheTTo: folds 
Raparingueiro: raises 1400 to 2800
SendyEs519: folds 
deiraisetonuts: calls 1400
*** FLOP *** [Th Ad Ks]
deiraisetonuts: checks 
Raparingueiro: bets 3542
deiraisetonuts: calls 3542
*** TURN *** [Th Ad Ks] [5s]
deiraisetonuts: checks 
Raparingueiro: bets 10497
deiraisetonuts: calls 10497
*** RIVER *** [Th Ad Ks 5s] [6s]
deiraisetonuts: checks 
Raparingueiro: bets 21186 and is all-in
deiraisetonuts: calls 21186
*** SHOW DOWN ***
Raparingueiro: shows [Qh Js] (a straight, Ten to Ace)
deiraisetonuts: shows [Qs 8s] (a flush, King high)
deiraisetonuts collected 78150 from pot
Raparingueiro finished the tournament
*** SUMMARY ***
Total pot 78150 | Rake 0 
Board [Th Ad Ks 5s 6s]
Seat 1: SendyEs519 (small blind) folded before Flop
Seat 2: deiraisetonuts (big blind) showed [Qs 8s] and won (78150) with a flush, King high
Seat 3: qpu3pykES folded before Flop (didn't bet)
Seat 4: Saliex73 folded before Flop (didn't bet)
Seat 5: radjabovgf folded before Flop (didn't bet)
Seat 6: adriannrf! folded before Flop (didn't bet)
Seat 7: TonioGheTTo folded before Flop (didn't bet)
Seat 8: Raparingueiro (button) showed [Qh Js] and lost with a straight, Ten to Ace



PokerStars Hand #249071432603: Tournament #3714753588, €18+€2 EUR Hold'em No Limit - Level X (700/1400) - 2024/02/24 17:25:56 BRT [2024/02/24 15:25:56 ET]
Table '3714753588 45' 8-max Seat #1 is the button
Seat 1: SendyEs519 (118015 in chips) 
Seat 2: deiraisetonuts (80680 in chips) 
Seat 3: qpu3pykES (131460 in chips) 
Seat 4: Saliex73 (42860 in chips) 
Seat 5: radjabovgf (147987 in chips) 
Seat 6: adriannrf! (69409 in chips) 
Seat 7: TonioGheTTo (49825 in chips) 
SendyEs519: posts the ante 175
deiraisetonuts: posts the ante 175
qpu3pykES: posts the ante 175
Saliex73: posts the ante 175
radjabovgf: posts the ante 175
adriannrf!: posts the ante 175
TonioGheTTo: posts the ante 175
deiraisetonuts: posts small blind 700
qpu3pykES: posts big blind 1400
*** HOLE CARDS ***
Dealt to deiraisetonuts [8h Ad]
Saliex73: folds 
radjabovgf: folds 
adriannrf!: raises 1400 to 2800
TonioGheTTo: folds 
SendyEs519: folds 
deiraisetonuts: folds 
qpu3pykES: folds 
Uncalled bet (1400) returned to adriannrf!
adriannrf! collected 4725 from pot
adriannrf!: doesn't show hand 
*** SUMMARY ***
Total pot 4725 | Rake 0 
Seat 1: SendyEs519 (button) folded before Flop (didn't bet)
Seat 2: deiraisetonuts (small blind) folded before Flop
Seat 3: qpu3pykES (big blind) folded before Flop
Seat 4: Saliex73 folded before Flop (didn't bet)
Seat 5: radjabovgf folded before Flop (didn't bet)
Seat 6: adriannrf! collected (4725)
Seat 7: TonioGheTTo folded before Flop (didn't bet)



PokerStars Hand #249071447396: Tournament #3714753588, €18+€2 EUR Hold'em No Limit - Level X (700/1400) - 2024/02/24 17:26:38 BRT [2024/02/24 15:26:38 ET]
Table '3714753588 45' 8-max Seat #2 is the button
Seat 1: SendyEs519 (117840 in chips) 
Seat 2: deiraisetonuts (79805 in chips) 
Seat 3: qpu3pykES (129885 in chips) 
Seat 4: Saliex73 (42685 in chips) 
Seat 5: radjabovgf (147812 in chips) 
Seat 6: adriannrf! (72559 in chips) 
Seat 7: TonioGheTTo (49650 in chips) 
Seat 8: pepe_rigodón (50000 in chips) 
SendyEs519: posts the ante 175
deiraisetonuts: posts the ante 175
qpu3pykES: posts the ante 175
Saliex73: posts the ante 175
radjabovgf: posts the ante 175
adriannrf!: posts the ante 175
TonioGheTTo: posts the ante 175
pepe_rigodón: posts the ante 175
qpu3pykES: posts small blind 700
Saliex73: posts big blind 1400
*** HOLE CARDS ***
Dealt to deiraisetonuts [Jh Tc]
radjabovgf: folds 
adriannrf!: raises 1400 to 2800
TonioGheTTo: folds 
pepe_rigodón: folds 
SendyEs519: folds 
deiraisetonuts: folds 
qpu3pykES: folds 
Saliex73: calls 1400
*** FLOP *** [5s 8d 4c]
Saliex73: checks 
adriannrf!: checks 
*** TURN *** [5s 8d 4c] [Ah]
Saliex73: bets 4620
adriannrf!: calls 4620
*** RIVER *** [5s 8d 4c Ah] [9c]
Saliex73: bets 10164
adriannrf!: calls 10164
*** SHOW DOWN ***
Saliex73: shows [5h 5d] (three of a kind, Fives)
adriannrf!: mucks hand 
Saliex73 collected 37268 from pot
*** SUMMARY ***
Total pot 37268 | Rake 0 
Board [5s 8d 4c Ah 9c]
Seat 1: SendyEs519 folded before Flop (didn't bet)
Seat 2: deiraisetonuts (button) folded before Flop (didn't bet)
Seat 3: qpu3pykES (small blind) folded before Flop
Seat 4: Saliex73 (big blind) showed [5h 5d] and won (37268) with three of a kind, Fives
Seat 5: radjabovgf folded before Flop (didn't bet)
Seat 6: adriannrf! mucked [Ad Qs]
Seat 7: TonioGheTTo folded before Flop (didn't bet)
Seat 8: pepe_rigodón folded before Flop (didn't bet)



PokerStars Hand #249071475400: Tournament #3714753588, €18+€2 EUR Hold'em No Limit - Level XI (800/1600) - 2024/02/24 17:27:56 BRT [2024/02/24 15:27:56 ET]
Table '3714753588 45' 8-max Seat #3 is the button
Seat 1: SendyEs519 (117665 in chips) 
Seat 2: deiraisetonuts (79630 in chips) 
Seat 3: qpu3pykES (129010 in chips) 
Seat 4: Saliex73 (62194 in chips) 
Seat 5: radjabovgf (147637 in chips) 
Seat 6: adriannrf! (54800 in chips) 
Seat 7: TonioGheTTo (49475 in chips) 
Seat 8: pepe_rigodón (49825 in chips) 
SendyEs519: posts the ante 200
deiraisetonuts: posts the ante 200
qpu3pykES: posts the ante 200
Saliex73: posts the ante 200
radjabovgf: posts the ante 200
adriannrf!: posts the ante 200
TonioGheTTo: posts the ante 200
pepe_rigodón: posts the ante 200
Saliex73: posts small blind 800
radjabovgf: posts big blind 1600
*** HOLE CARDS ***
Dealt to deiraisetonuts [9c 8h]
adriannrf!: folds 
TonioGheTTo: raises 1600 to 3200
pepe_rigodón: folds 
SendyEs519: folds 
deiraisetonuts: folds 
qpu3pykES: folds 
Saliex73: folds 
radjabovgf: calls 1600
*** FLOP *** [5d 5h Jc]
radjabovgf: checks 
TonioGheTTo: bets 2904
radjabovgf: calls 2904
*** TURN *** [5d 5h Jc] [As]
radjabovgf: checks 
TonioGheTTo: bets 9120
radjabovgf: calls 9120
*** RIVER *** [5d 5h Jc As] [4c]
radjabovgf: checks 
TonioGheTTo: bets 34051 and is all-in
radjabovgf: calls 34051
*** SHOW DOWN ***
TonioGheTTo: shows [7c 6c] (a pair of Fives)
radjabovgf: shows [8d Ad] (two pair, Aces and Fives)
radjabovgf collected 100950 from pot
TonioGheTTo finished the tournament
*** SUMMARY ***
Total pot 100950 | Rake 0 
Board [5d 5h Jc As 4c]
Seat 1: SendyEs519 folded before Flop (didn't bet)
Seat 2: deiraisetonuts folded before Flop (didn't bet)
Seat 3: qpu3pykES (button) folded before Flop (didn't bet)
Seat 4: Saliex73 (small blind) folded before Flop
Seat 5: radjabovgf (big blind) showed [8d Ad] and won (100950) with two pair, Aces and Fives
Seat 6: adriannrf! folded before Flop (didn't bet)
Seat 7: TonioGheTTo showed [7c 6c] and lost with a pair of Fives
Seat 8: pepe_rigodón folded before Flop (didn't bet)



PokerStars Hand #249071509887: Tournament #3714753588, €18+€2 EUR Hold'em No Limit - Level XI (800/1600) - 2024/02/24 17:29:32 BRT [2024/02/24 15:29:32 ET]
Table '3714753588 45' 8-max Seat #4 is the button
Seat 1: SendyEs519 (117465 in chips) 
Seat 2: deiraisetonuts (79430 in chips) 
Seat 3: qpu3pykES (128810 in chips) 
Seat 4: Saliex73 (61194 in chips) 
Seat 5: radjabovgf (199112 in chips) 
Seat 6: adriannrf! (54600 in chips) 
Seat 8: pepe_rigodón (49625 in chips) 
SendyEs519: posts the ante 200
deiraisetonuts: posts the ante 200
qpu3pykES: posts the ante 200
Saliex73: posts the ante 200
radjabovgf: posts the ante 200
adriannrf!: posts the ante 200
pepe_rigodón: posts the ante 200
radjabovgf: posts small blind 800
adriannrf!: posts big blind 1600
*** HOLE CARDS ***
Dealt to deiraisetonuts [Ad 6d]
pepe_rigodón: folds 
SendyEs519: folds 
deiraisetonuts: raises 1760 to 3360
qpu3pykES: raises 7840 to 11200
Saliex73: folds 
radjabovgf: folds 
adriannrf!: folds 
deiraisetonuts: calls 7840
*** FLOP *** [Th 6c Jc]
deiraisetonuts: checks 
qpu3pykES: bets 8000
deiraisetonuts: calls 8000
*** TURN *** [Th 6c Jc] [2d]
deiraisetonuts: checks 
qpu3pykES: bets 14400
deiraisetonuts: folds 
Uncalled bet (14400) returned to qpu3pykES
qpu3pykES collected 42200 from pot
qpu3pykES: doesn't show hand 
*** SUMMARY ***
Total pot 42200 | Rake 0 
Board [Th 6c Jc 2d]
Seat 1: SendyEs519 folded before Flop (didn't bet)
Seat 2: deiraisetonuts folded on the Turn
Seat 3: qpu3pykES collected (42200)
Seat 4: Saliex73 (button) folded before Flop (didn't bet)
Seat 5: radjabovgf (small blind) folded before Flop
Seat 6: adriannrf! (big blind) folded before Flop
Seat 8: pepe_rigodón folded before Flop (didn't bet)



PokerStars Hand #249071553658: Tournament #3714753588, €18+€2 EUR Hold'em No Limit - Level XI (800/1600) - 2024/02/24 17:31:34 BRT [2024/02/24 15:31:34 ET]
Table '3714753588 45' 8-max Seat #5 is the button
Seat 1: SendyEs519 (117265 in chips) 
Seat 2: deiraisetonuts (60030 in chips) 
Seat 3: qpu3pykES (151610 in chips) 
Seat 4: Saliex73 (60994 in chips) 
Seat 5: radjabovgf (198112 in chips) 
Seat 6: adriannrf! (52800 in chips) 
Seat 8: pepe_rigodón (49425 in chips) 
SendyEs519: posts the ante 200
deiraisetonuts: posts the ante 200
qpu3pykES: posts the ante 200
Saliex73: posts the ante 200
radjabovgf: posts the ante 200
adriannrf!: posts the ante 200
pepe_rigodón: posts the ante 200
adriannrf!: posts small blind 800
pepe_rigodón: posts big blind 1600
*** HOLE CARDS ***
Dealt to deiraisetonuts [7s 7d]
SendyEs519: folds 
deiraisetonuts: raises 1760 to 3360
qpu3pykES: raises 7040 to 10400
Saliex73: folds 
radjabovgf: folds 
adriannrf!: folds 
pepe_rigodón: folds 
deiraisetonuts: calls 7040
*** FLOP *** [7c 5s Kd]
deiraisetonuts: checks 
qpu3pykES: bets 7376
deiraisetonuts: calls 7376
*** TURN *** [7c 5s Kd] [Qh]
deiraisetonuts: checks 
qpu3pykES: bets 13773
deiraisetonuts: calls 13773
*** RIVER *** [7c 5s Kd Qh] [9h]
deiraisetonuts: checks 
qpu3pykES: checks 
*** SHOW DOWN ***
deiraisetonuts: shows [7s 7d] (three of a kind, Sevens)
qpu3pykES: mucks hand 
deiraisetonuts collected 66898 from pot
*** SUMMARY ***
Total pot 66898 | Rake 0 
Board [7c 5s Kd Qh 9h]
Seat 1: SendyEs519 folded before Flop (didn't bet)
Seat 2: deiraisetonuts showed [7s 7d] and won (66898) with three of a kind, Sevens
Seat 3: qpu3pykES mucked [Ah Ts]
Seat 4: Saliex73 folded before Flop (didn't bet)
Seat 5: radjabovgf (button) folded before Flop (didn't bet)
Seat 6: adriannrf! (small blind) folded before Flop
Seat 8: pepe_rigodón (big blind) folded before Flop



PokerStars Hand #249071599189: Tournament #3714753588, €18+€2 EUR Hold'em No Limit - Level XI (800/1600) - 2024/02/24 17:33:41 BRT [2024/02/24 15:33:41 ET]
Table '3714753588 45' 8-max Seat #6 is the button
Seat 1: SendyEs519 (117065 in chips) 
Seat 2: deiraisetonuts (95179 in chips) 
Seat 3: qpu3pykES (119861 in chips) 
Seat 4: Saliex73 (60794 in chips) 
Seat 5: radjabovgf (197912 in chips) 
Seat 6: adriannrf! (51800 in chips) 
Seat 7: lacost30 (50000 in chips) out of hand (moved from another table into small blind)
Seat 8: pepe_rigodón (47625 in chips) 
lacost30 will be allowed to play after the button
SendyEs519: posts the ante 200
deiraisetonuts: posts the ante 200
qpu3pykES: posts the ante 200
Saliex73: posts the ante 200
radjabovgf: posts the ante 200
adriannrf!: posts the ante 200
pepe_rigodón: posts the ante 200
pepe_rigodón: posts small blind 800
SendyEs519: posts big blind 1600
*** HOLE CARDS ***
Dealt to deiraisetonuts [Jh 6c]
deiraisetonuts: folds 
qpu3pykES: folds 
Saliex73: raises 1920 to 3520
radjabovgf: folds 
adriannrf!: folds 
pepe_rigodón: raises 1920 to 5440
SendyEs519: folds 
Saliex73: calls 1920
*** FLOP *** [Th Ad Qs]
pepe_rigodón: bets 8000
Saliex73: folds 
Uncalled bet (8000) returned to pepe_rigodón
pepe_rigodón collected 13880 from pot
*** SUMMARY ***
Total pot 13880 | Rake 0 
Board [Th Ad Qs]
Seat 1: SendyEs519 (big blind) folded before Flop
Seat 2: deiraisetonuts folded before Flop (didn't bet)
Seat 3: qpu3pykES folded before Flop (didn't bet)
Seat 4: Saliex73 folded on the Flop
Seat 5: radjabovgf folded before Flop (didn't bet)
Seat 6: adriannrf! (button) folded before Flop (didn't bet)
Seat 8: pepe_rigodón (small blind) collected (13880)



PokerStars Hand #249071610249: Tournament #3714753588, €18+€2 EUR Hold'em No Limit - Level XI (800/1600) - 2024/02/24 17:34:11 BRT [2024/02/24 15:34:11 ET]
Table '3714753588 45' 8-max Seat #8 is the button
Seat 1: SendyEs519 (115265 in chips) 
Seat 2: deiraisetonuts (94979 in chips) 
Seat 3: qpu3pykES (119661 in chips) 
Seat 4: Saliex73 (55154 in chips) 
Seat 5: radjabovgf (197712 in chips) 
Seat 6: adriannrf! (51600 in chips) 
Seat 7: lacost30 (50000 in chips) 
Seat 8: pepe_rigodón (55865 in chips) 
SendyEs519: posts the ante 200
deiraisetonuts: posts the ante 200
qpu3pykES: posts the ante 200
Saliex73: posts the ante 200
radjabovgf: posts the ante 200
adriannrf!: posts the ante 200
lacost30: posts the ante 200
pepe_rigodón: posts the ante 200
SendyEs519: posts small blind 800
deiraisetonuts: posts big blind 1600
*** HOLE CARDS ***
Dealt to deiraisetonuts [4h 7s]
qpu3pykES: folds 
Saliex73: folds 
radjabovgf: folds 
adriannrf!: folds 
lacost30: raises 4800 to 6400
pepe_rigodón: calls 6400
SendyEs519: folds 
deiraisetonuts: folds 
*** FLOP *** [8s 5d 9d]
lacost30: bets 16800
pepe_rigodón: raises 32465 to 49265 and is all-in
lacost30: calls 26600 and is all-in
Uncalled bet (5865) returned to pepe_rigodón
*** TURN *** [8s 5d 9d] [Ks]
*** RIVER *** [8s 5d 9d Ks] [Js]
*** SHOW DOWN ***
lacost30: shows [Qs Qc] (a pair of Queens)
pepe_rigodón: shows [2h 2s] (a pair of Deuces)
lacost30 collected 103600 from pot
*** SUMMARY ***
Total pot 103600 | Rake 0 
Board [8s 5d 9d Ks Js]
Seat 1: SendyEs519 (small blind) folded before Flop
Seat 2: deiraisetonuts (big blind) folded before Flop
Seat 3: qpu3pykES folded before Flop (didn't bet)
Seat 4: Saliex73 folded before Flop (didn't bet)
Seat 5: radjabovgf folded before Flop (didn't bet)
Seat 6: adriannrf! folded before Flop (didn't bet)
Seat 7: lacost30 showed [Qs Qc] and won (103600) with a pair of Queens
Seat 8: pepe_rigodón (button) showed [2h 2s] and lost with a pair of Deuces



PokerStars Hand #249071631819: Tournament #3714753588, €18+€2 EUR Hold'em No Limit - Level XII (1000/2000) - 2024/02/24 17:35:13 BRT [2024/02/24 15:35:13 ET]
Table '3714753588 45' 8-max Seat #1 is the button
Seat 1: SendyEs519 (114265 in chips) 
Seat 2: deiraisetonuts (93179 in chips) 
Seat 3: qpu3pykES (119461 in chips) 
Seat 4: Saliex73 (54954 in chips) 
Seat 5: radjabovgf (197512 in chips) 
Seat 6: adriannrf! (51400 in chips) 
Seat 7: lacost30 (103600 in chips) 
Seat 8: pepe_rigodón (5865 in chips) 
SendyEs519: posts the ante 250
deiraisetonuts: posts the ante 250
qpu3pykES: posts the ante 250
Saliex73: posts the ante 250
radjabovgf: posts the ante 250
adriannrf!: posts the ante 250
lacost30: posts the ante 250
pepe_rigodón: posts the ante 250
deiraisetonuts: posts small blind 1000
qpu3pykES: posts big blind 2000
*** HOLE CARDS ***
Dealt to deiraisetonuts [5s Ac]
Saliex73: folds 
radjabovgf: folds 
adriannrf!: folds 
lacost30: folds 
pepe_rigodón: folds 
SendyEs519: folds 
deiraisetonuts: calls 1000
qpu3pykES: checks 
*** FLOP *** [9d Qc Td]
deiraisetonuts: checks 
qpu3pykES: checks 
*** TURN *** [9d Qc Td] [2c]
deiraisetonuts: checks 
qpu3pykES: checks 
*** RIVER *** [9d Qc Td 2c] [Ad]
deiraisetonuts: bets 2000
qpu3pykES: folds 
Uncalled bet (2000) returned to deiraisetonuts
deiraisetonuts collected 6000 from pot
deiraisetonuts: doesn't show hand 
*** SUMMARY ***
Total pot 6000 | Rake 0 
Board [9d Qc Td 2c Ad]
Seat 1: SendyEs519 (button) folded before Flop (didn't bet)
Seat 2: deiraisetonuts (small blind) collected (6000)
Seat 3: qpu3pykES (big blind) folded on the River
Seat 4: Saliex73 folded before Flop (didn't bet)
Seat 5: radjabovgf folded before Flop (didn't bet)
Seat 6: adriannrf! folded before Flop (didn't bet)
Seat 7: lacost30 folded before Flop (didn't bet)
Seat 8: pepe_rigodón folded before Flop (didn't bet)



PokerStars Hand #249071666881: Tournament #3714753588, €18+€2 EUR Hold'em No Limit - Level XII (1000/2000) - 2024/02/24 17:36:50 BRT [2024/02/24 15:36:50 ET]
Table '3714753588 45' 8-max Seat #2 is the button
Seat 1: SendyEs519 (114015 in chips) 
Seat 2: deiraisetonuts (96929 in chips) 
Seat 3: qpu3pykES (117211 in chips) 
Seat 4: Saliex73 (54704 in chips) 
Seat 5: radjabovgf (197262 in chips) 
Seat 6: adriannrf! (51150 in chips) 
Seat 7: lacost30 (103350 in chips) 
Seat 8: pepe_rigodón (5615 in chips) 
SendyEs519: posts the ante 250
deiraisetonuts: posts the ante 250
qpu3pykES: posts the ante 250
Saliex73: posts the ante 250
radjabovgf: posts the ante 250
adriannrf!: posts the ante 250
lacost30: posts the ante 250
pepe_rigodón: posts the ante 250
qpu3pykES: posts small blind 1000
Saliex73: posts big blind 2000
*** HOLE CARDS ***
Dealt to deiraisetonuts [7s 2d]
radjabovgf: folds 
adriannrf!: raises 2000 to 4000
lacost30: calls 4000
pepe_rigodón: raises 1365 to 5365 and is all-in
SendyEs519: raises 10715 to 16080
deiraisetonuts: folds 
qpu3pykES: folds 
Saliex73: folds 
adriannrf!: folds 
lacost30: calls 12080
*** FLOP *** [Jc 9h 4s]
lacost30: checks 
SendyEs519: bets 15340
lacost30: raises 15340 to 30680
SendyEs519: raises 67005 to 97685 and is all-in
lacost30: calls 56340 and is all-in
Uncalled bet (10665) returned to SendyEs519
*** TURN *** [Jc 9h 4s] [4d]
*** RIVER *** [Jc 9h 4s 4d] [Qc]
*** SHOW DOWN ***
lacost30: shows [Jh Js] (a full house, Jacks full of Fours)
SendyEs519: shows [Ad Ah] (two pair, Aces and Fours)
lacost30 collected 195470 from side pot
pepe_rigodón: shows [7d Ac] (a pair of Fours)
lacost30 collected 25095 from main pot
pepe_rigodón finished the tournament
*** SUMMARY ***
Total pot 220565 Main pot 25095. Side pot 195470. | Rake 0 
Board [Jc 9h 4s 4d Qc]
Seat 1: SendyEs519 showed [Ad Ah] and lost with two pair, Aces and Fours
Seat 2: deiraisetonuts (button) folded before Flop (didn't bet)
Seat 3: qpu3pykES (small blind) folded before Flop
Seat 4: Saliex73 (big blind) folded before Flop
Seat 5: radjabovgf folded before Flop (didn't bet)
Seat 6: adriannrf! folded before Flop
Seat 7: lacost30 showed [Jh Js] and won (220565) with a full house, Jacks full of Fours
Seat 8: pepe_rigodón showed [7d Ac] and lost with a pair of Fours



PokerStars Hand #249071686967: Tournament #3714753588, €18+€2 EUR Hold'em No Limit - Level XII (1000/2000) - 2024/02/24 17:37:46 BRT [2024/02/24 15:37:46 ET]
Table '3714753588 45' 8-max Seat #3 is the button
Seat 1: SendyEs519 (10665 in chips) 
Seat 2: deiraisetonuts (96679 in chips) 
Seat 3: qpu3pykES (115961 in chips) 
Seat 4: Saliex73 (52454 in chips) 
Seat 5: radjabovgf (197012 in chips) 
Seat 6: adriannrf! (46900 in chips) 
Seat 7: lacost30 (220565 in chips) 
SendyEs519: posts the ante 250
deiraisetonuts: posts the ante 250
qpu3pykES: posts the ante 250
Saliex73: posts the ante 250
radjabovgf: posts the ante 250
adriannrf!: posts the ante 250
lacost30: posts the ante 250
Saliex73: posts small blind 1000
radjabovgf: posts big blind 2000
*** HOLE CARDS ***
Dealt to deiraisetonuts [Kd 7h]
adriannrf!: folds 
lacost30: calls 2000
SendyEs519: folds 
deiraisetonuts: folds 
qpu3pykES: folds 
Saliex73: folds 
radjabovgf: checks 
*** FLOP *** [6h Qd Qc]
radjabovgf: checks 
lacost30: checks 
*** TURN *** [6h Qd Qc] [4h]
radjabovgf: bets 2000
adrian_fj96 is disconnected 
lacost30: calls 2000
*** RIVER *** [6h Qd Qc 4h] [2d]
radjabovgf: bets 2000
lacost30: raises 2000 to 4000
radjabovgf: calls 2000
*** SHOW DOWN ***
lacost30: shows [Ad 6d] (two pair, Queens and Sixes)
radjabovgf: mucks hand 
lacost30 collected 18750 from pot
*** SUMMARY ***
Total pot 18750 | Rake 0 
Board [6h Qd Qc 4h 2d]
Seat 1: SendyEs519 folded before Flop (didn't bet)
Seat 2: deiraisetonuts folded before Flop (didn't bet)
Seat 3: qpu3pykES (button) folded before Flop (didn't bet)
Seat 4: Saliex73 (small blind) folded before Flop
Seat 5: radjabovgf (big blind) mucked [4d Td]
Seat 6: adriannrf! folded before Flop (didn't bet)
Seat 7: lacost30 showed [Ad 6d] and won (18750) with two pair, Queens and Sixes



PokerStars Hand #249071697734: Tournament #3714753588, €18+€2 EUR Hold'em No Limit - Level XII (1000/2000) - 2024/02/24 17:38:17 BRT [2024/02/24 15:38:17 ET]
Table '3714753588 45' 8-max Seat #4 is the button
Seat 1: SendyEs519 (10415 in chips) 
Seat 2: deiraisetonuts (96429 in chips) 
Seat 3: qpu3pykES (115711 in chips) 
Seat 4: Saliex73 (51204 in chips) 
Seat 5: radjabovgf (188762 in chips) 
Seat 6: adriannrf! (46650 in chips) 
Seat 7: lacost30 (231065 in chips) 
Seat 8: adrian_fj96 (50000 in chips) 
SendyEs519: posts the ante 250
deiraisetonuts: posts the ante 250
qpu3pykES: posts the ante 250
Saliex73: posts the ante 250
radjabovgf: posts the ante 250
adriannrf!: posts the ante 250
lacost30: posts the ante 250
adrian_fj96: posts the ante 250
radjabovgf: posts small blind 1000
adriannrf!: posts big blind 2000
*** HOLE CARDS ***
Dealt to deiraisetonuts [4h 6h]
lacost30: folds 
adrian_fj96: folds 
SendyEs519: raises 8165 to 10165 and is all-in
deiraisetonuts: folds 
qpu3pykES: folds 
Saliex73: folds 
radjabovgf: folds 
adriannrf!: folds 
Uncalled bet (8165) returned to SendyEs519
SendyEs519 collected 7000 from pot
SendyEs519: doesn't show hand 
*** SUMMARY ***
Total pot 7000 | Rake 0 
Seat 1: SendyEs519 collected (7000)
Seat 2: deiraisetonuts folded before Flop (didn't bet)
Seat 3: qpu3pykES folded before Flop (didn't bet)
Seat 4: Saliex73 (button) folded before Flop (didn't bet)
Seat 5: radjabovgf (small blind) folded before Flop
Seat 6: adriannrf! (big blind) folded before Flop
Seat 7: lacost30 folded before Flop (didn't bet)
Seat 8: adrian_fj96 folded before Flop (didn't bet)



PokerStars Hand #249071708775: Tournament #3714753588, €18+€2 EUR Hold'em No Limit - Level XII (1000/2000) - 2024/02/24 17:38:48 BRT [2024/02/24 15:38:48 ET]
Table '3714753588 45' 8-max Seat #5 is the button
Seat 1: SendyEs519 (15165 in chips) 
Seat 2: deiraisetonuts (96179 in chips) 
Seat 3: qpu3pykES (115461 in chips) 
Seat 4: Saliex73 (50954 in chips) 
Seat 5: radjabovgf (187512 in chips) 
Seat 6: adriannrf! (44400 in chips) 
Seat 7: lacost30 (230815 in chips) 
Seat 8: adrian_fj96 (49750 in chips) 
SendyEs519: posts the ante 250
deiraisetonuts: posts the ante 250
qpu3pykES: posts the ante 250
Saliex73: posts the ante 250
radjabovgf: posts the ante 250
adriannrf!: posts the ante 250
lacost30: posts the ante 250
adrian_fj96: posts the ante 250
adriannrf!: posts small blind 1000
lacost30: posts big blind 2000
*** HOLE CARDS ***
Dealt to deiraisetonuts [5c 3d]
adrian_fj96: folds 
SendyEs519: folds 
deiraisetonuts: folds 
qpu3pykES: folds 
Saliex73: folds 
radjabovgf: folds 
adriannrf!: calls 1000
lacost30: raises 6000 to 8000
adriannrf!: raises 36150 to 44150 and is all-in
lacost30: calls 36150
*** FLOP *** [7h 6d 8d]
*** TURN *** [7h 6d 8d] [9c]
*** RIVER *** [7h 6d 8d 9c] [4h]
*** SHOW DOWN ***
adriannrf!: shows [7c Kc] (a pair of Sevens)
lacost30: shows [Js Jd] (a pair of Jacks)
lacost30 collected 90300 from pot
adriannrf! finished the tournament
*** SUMMARY ***
Total pot 90300 | Rake 0 
Board [7h 6d 8d 9c 4h]
Seat 1: SendyEs519 folded before Flop (didn't bet)
Seat 2: deiraisetonuts folded before Flop (didn't bet)
Seat 3: qpu3pykES folded before Flop (didn't bet)
Seat 4: Saliex73 folded before Flop (didn't bet)
Seat 5: radjabovgf (button) folded before Flop (didn't bet)
Seat 6: adriannrf! (small blind) showed [7c Kc] and lost with a pair of Sevens
Seat 7: lacost30 (big blind) showed [Js Jd] and won (90300) with a pair of Jacks
Seat 8: adrian_fj96 folded before Flop (didn't bet)



PokerStars Hand #249071728591: Tournament #3714753588, €18+€2 EUR Hold'em No Limit - Level XII (1000/2000) - 2024/02/24 17:39:43 BRT [2024/02/24 15:39:43 ET]
Table '3714753588 45' 8-max Seat #7 is the button
Seat 1: SendyEs519 (14915 in chips) 
Seat 2: deiraisetonuts (95929 in chips) 
Seat 3: qpu3pykES (115211 in chips) 
Seat 4: Saliex73 (50704 in chips) 
Seat 5: radjabovgf (187262 in chips) 
Seat 6: tordo_mg (50000 in chips) 
Seat 7: lacost30 (276715 in chips) 
Seat 8: adrian_fj96 (49500 in chips) 
SendyEs519: posts the ante 250
deiraisetonuts: posts the ante 250
qpu3pykES: posts the ante 250
Saliex73: posts the ante 250
radjabovgf: posts the ante 250
tordo_mg: posts the ante 250
lacost30: posts the ante 250
adrian_fj96: posts the ante 250
adrian_fj96: posts small blind 1000
SendyEs519: posts big blind 2000
*** HOLE CARDS ***
Dealt to deiraisetonuts [Qc Ah]
deiraisetonuts: raises 2200 to 4200
tordo_mg is disconnected 
qpu3pykES: folds 
Saliex73: folds 
radjabovgf: folds 
tordo_mg: folds 
lacost30: folds 
adrian_fj96: folds 
SendyEs519: calls 2200
*** FLOP *** [7h 9c 4h]
SendyEs519: checks 
deiraisetonuts: bets 14260
SendyEs519: folds 
Uncalled bet (14260) returned to deiraisetonuts
deiraisetonuts collected 11400 from pot
deiraisetonuts: doesn't show hand 
*** SUMMARY ***
Total pot 11400 | Rake 0 
Board [7h 9c 4h]
Seat 1: SendyEs519 (big blind) folded on the Flop
Seat 2: deiraisetonuts collected (11400)
Seat 3: qpu3pykES folded before Flop (didn't bet)
Seat 4: Saliex73 folded before Flop (didn't bet)
Seat 5: radjabovgf folded before Flop (didn't bet)
Seat 6: tordo_mg folded before Flop (didn't bet)
Seat 7: lacost30 (button) folded before Flop (didn't bet)
Seat 8: adrian_fj96 (small blind) folded before Flop



PokerStars Hand #249071749865: Tournament #3714753588, €18+€2 EUR Hold'em No Limit - Level XII (1000/2000) - 2024/02/24 17:40:43 BRT [2024/02/24 15:40:43 ET]
Table '3714753588 45' 8-max Seat #8 is the button
Seat 1: SendyEs519 (10465 in chips) 
Seat 2: deiraisetonuts (102879 in chips) 
Seat 3: qpu3pykES (114961 in chips) 
Seat 4: Saliex73 (50454 in chips) 
Seat 5: radjabovgf (187012 in chips) 
Seat 6: tordo_mg (49750 in chips) 
Seat 7: lacost30 (276465 in chips) 
Seat 8: adrian_fj96 (48250 in chips) 
SendyEs519: posts the ante 250
deiraisetonuts: posts the ante 250
qpu3pykES: posts the ante 250
Saliex73: posts the ante 250
radjabovgf: posts the ante 250
tordo_mg: posts the ante 250
lacost30: posts the ante 250
adrian_fj96: posts the ante 250
SendyEs519: posts small blind 1000
deiraisetonuts: posts big blind 2000
*** HOLE CARDS ***
Dealt to deiraisetonuts [5s Ks]
qpu3pykES: folds 
Saliex73: raises 2400 to 4400
radjabovgf: folds 
tordo_mg: folds 
lacost30: calls 4400
adrian_fj96: raises 43600 to 48000 and is all-in
SendyEs519: folds 
deiraisetonuts: folds 
Saliex73: folds 
lacost30: folds 
Uncalled bet (43600) returned to adrian_fj96
adrian_fj96 collected 18200 from pot
adrian_fj96: doesn't show hand 
*** SUMMARY ***
Total pot 18200 | Rake 0 
Seat 1: SendyEs519 (small blind) folded before Flop
Seat 2: deiraisetonuts (big blind) folded before Flop
Seat 3: qpu3pykES folded before Flop (didn't bet)
Seat 4: Saliex73 folded before Flop
Seat 5: radjabovgf folded before Flop (didn't bet)
Seat 6: tordo_mg folded before Flop (didn't bet)
Seat 7: lacost30 folded before Flop
Seat 8: adrian_fj96 (button) collected (18200)



PokerStars Hand #249071771321: Tournament #3714753588, €18+€2 EUR Hold'em No Limit - Level XII (1000/2000) - 2024/02/24 17:41:43 BRT [2024/02/24 15:41:43 ET]
Table '3714753588 45' 8-max Seat #1 is the button
Seat 1: SendyEs519 (9215 in chips) 
Seat 2: deiraisetonuts (100629 in chips) 
Seat 3: qpu3pykES (114711 in chips) 
Seat 4: Saliex73 (45804 in chips) 
Seat 6: tordo_mg (49500 in chips) 
Seat 7: lacost30 (271815 in chips) 
Seat 8: adrian_fj96 (61800 in chips) 
SendyEs519: posts the ante 250
deiraisetonuts: posts the ante 250
qpu3pykES: posts the ante 250
Saliex73: posts the ante 250
tordo_mg: posts the ante 250
lacost30: posts the ante 250
adrian_fj96: posts the ante 250
deiraisetonuts: posts small blind 1000
qpu3pykES: posts big blind 2000
*** HOLE CARDS ***
Dealt to deiraisetonuts [2d Ks]
Saliex73: folds 
tordo_mg: folds 
lacost30: folds 
adrian_fj96: folds 
SendyEs519: raises 6965 to 8965 and is all-in
deiraisetonuts: folds 
qpu3pykES: calls 6965
*** FLOP *** [Qs 7d Kh]
*** TURN *** [Qs 7d Kh] [As]
*** RIVER *** [Qs 7d Kh As] [6d]
*** SHOW DOWN ***
qpu3pykES: shows [Kc 5d] (a pair of Kings)
SendyEs519: shows [6h 9h] (a pair of Sixes)
qpu3pykES collected 20680 from pot
SendyEs519 finished the tournament
*** SUMMARY ***
Total pot 20680 | Rake 0 
Board [Qs 7d Kh As 6d]
Seat 1: SendyEs519 (button) showed [6h 9h] and lost with a pair of Sixes
Seat 2: deiraisetonuts (small blind) folded before Flop
Seat 3: qpu3pykES (big blind) showed [Kc 5d] and won (20680) with a pair of Kings
Seat 4: Saliex73 folded before Flop (didn't bet)
Seat 6: tordo_mg folded before Flop (didn't bet)
Seat 7: lacost30 folded before Flop (didn't bet)
Seat 8: adrian_fj96 folded before Flop (didn't bet)



PokerStars Hand #249071794321: Tournament #3714753588, €18+€2 EUR Hold'em No Limit - Level XII (1000/2000) - 2024/02/24 17:42:47 BRT [2024/02/24 15:42:47 ET]
Table '3714753588 45' 8-max Seat #2 is the button
Seat 2: deiraisetonuts (99379 in chips) 
Seat 3: qpu3pykES (126176 in chips) 
Seat 4: Saliex73 (45554 in chips) 
Seat 5: maki_kk (49250 in chips) 
Seat 6: tordo_mg (49250 in chips) 
Seat 7: lacost30 (271565 in chips) 
Seat 8: adrian_fj96 (61550 in chips) 
deiraisetonuts: posts the ante 250
qpu3pykES: posts the ante 250
Saliex73: posts the ante 250
maki_kk: posts the ante 250
tordo_mg: posts the ante 250
lacost30: posts the ante 250
adrian_fj96: posts the ante 250
qpu3pykES: posts small blind 1000
Saliex73: posts big blind 2000
*** HOLE CARDS ***
Dealt to deiraisetonuts [Ac Jd]
maki_kk is connected 
maki_kk: folds 
tordo_mg: folds 
lacost30: folds 
adrian_fj96: raises 2000 to 4000
deiraisetonuts: calls 4000
qpu3pykES: raises 121926 to 125926 and is all-in
Saliex73: folds 
adrian_fj96: folds 
deiraisetonuts: folds 
Uncalled bet (121926) returned to qpu3pykES
qpu3pykES collected 15750 from pot
qpu3pykES: doesn't show hand 
*** SUMMARY ***
Total pot 15750 | Rake 0 
Seat 2: deiraisetonuts (button) folded before Flop
Seat 3: qpu3pykES (small blind) collected (15750)
Seat 4: Saliex73 (big blind) folded before Flop
Seat 5: maki_kk folded before Flop (didn't bet)
Seat 6: tordo_mg folded before Flop (didn't bet)
Seat 7: lacost30 folded before Flop (didn't bet)
Seat 8: adrian_fj96 folded before Flop



PokerStars Hand #249071808719: Tournament #3714753588, €18+€2 EUR Hold'em No Limit - Level XIII (1250/2500) - 2024/02/24 17:43:28 BRT [2024/02/24 15:43:28 ET]
Table '3714753588 45' 8-max Seat #3 is the button
Seat 2: deiraisetonuts (95129 in chips) 
Seat 3: qpu3pykES (137676 in chips) 
Seat 4: Saliex73 (43304 in chips) 
Seat 5: maki_kk (49000 in chips) 
Seat 6: tordo_mg (49000 in chips) 
Seat 7: lacost30 (271315 in chips) 
Seat 8: adrian_fj96 (57300 in chips) 
deiraisetonuts: posts the ante 325
qpu3pykES: posts the ante 325
Saliex73: posts the ante 325
maki_kk: posts the ante 325
tordo_mg: posts the ante 325
lacost30: posts the ante 325
adrian_fj96: posts the ante 325
Saliex73: posts small blind 1250
maki_kk: posts big blind 2500
*** HOLE CARDS ***
Dealt to deiraisetonuts [Ts 2d]
tordo_mg: folds 
lacost30: folds 
adrian_fj96: folds 
deiraisetonuts: folds 
qpu3pykES: raises 2500 to 5000
Saliex73: calls 3750
maki_kk: folds 
*** FLOP *** [6s 8d Td]
Saliex73: checks 
qpu3pykES: checks 
*** TURN *** [6s 8d Td] [6h]
Saliex73: bets 5000
qpu3pykES: calls 5000
*** RIVER *** [6s 8d Td 6h] [Qh]
Saliex73: bets 7500
qpu3pykES: folds 
Uncalled bet (7500) returned to Saliex73
Saliex73 collected 24775 from pot
Saliex73: doesn't show hand 
*** SUMMARY ***
Total pot 24775 | Rake 0 
Board [6s 8d Td 6h Qh]
Seat 2: deiraisetonuts folded before Flop (didn't bet)
Seat 3: qpu3pykES (button) folded on the River
Seat 4: Saliex73 (small blind) collected (24775)
Seat 5: maki_kk (big blind) folded before Flop
Seat 6: tordo_mg folded before Flop (didn't bet)
Seat 7: lacost30 folded before Flop (didn't bet)
Seat 8: adrian_fj96 folded before Flop (didn't bet)



PokerStars Hand #249071830128: Tournament #3714753588, €18+€2 EUR Hold'em No Limit - Level XIII (1250/2500) - 2024/02/24 17:44:28 BRT [2024/02/24 15:44:28 ET]
Table '3714753588 45' 8-max Seat #4 is the button
Seat 1: MaitreMenator (50000 in chips) 
Seat 2: deiraisetonuts (94804 in chips) 
Seat 3: qpu3pykES (127351 in chips) 
Seat 4: Saliex73 (57754 in chips) 
Seat 5: maki_kk (46175 in chips) 
Seat 6: tordo_mg (48675 in chips) 
Seat 7: lacost30 (270990 in chips) 
Seat 8: adrian_fj96 (56975 in chips) 
MaitreMenator: posts the ante 325
deiraisetonuts: posts the ante 325
qpu3pykES: posts the ante 325
Saliex73: posts the ante 325
maki_kk: posts the ante 325
tordo_mg: posts the ante 325
lacost30: posts the ante 325
adrian_fj96: posts the ante 325
maki_kk: posts small blind 1250
tordo_mg: posts big blind 2500
*** HOLE CARDS ***
Dealt to deiraisetonuts [8c Qc]
lacost30: calls 2500
adrian_fj96: folds 
MaitreMenator: folds 
deiraisetonuts: raises 2500 to 5000
qpu3pykES: folds 
Saliex73: folds 
maki_kk: raises 5000 to 10000
tordo_mg: folds 
lacost30: calls 7500
deiraisetonuts: folds 
*** FLOP *** [6d Jc Ks]
maki_kk: bets 7500
lacost30: calls 7500
*** TURN *** [6d Jc Ks] [6c]
maki_kk: bets 28350 and is all-in
lacost30: calls 28350
*** RIVER *** [6d Jc Ks 6c] [5c]
*** SHOW DOWN ***
maki_kk: shows [Ad Ac] (two pair, Aces and Sixes)
lacost30: shows [As 6s] (three of a kind, Sixes)
lacost30 collected 101800 from pot
maki_kk finished the tournament
*** SUMMARY ***
Total pot 101800 | Rake 0 
Board [6d Jc Ks 6c 5c]
Seat 1: MaitreMenator folded before Flop (didn't bet)
Seat 2: deiraisetonuts folded before Flop
Seat 3: qpu3pykES folded before Flop (didn't bet)
Seat 4: Saliex73 (button) folded before Flop (didn't bet)
Seat 5: maki_kk (small blind) showed [Ad Ac] and lost with two pair, Aces and Sixes
Seat 6: tordo_mg (big blind) folded before Flop
Seat 7: lacost30 showed [As 6s] and won (101800) with three of a kind, Sixes
Seat 8: adrian_fj96 folded before Flop (didn't bet)



PokerStars Hand #249071857252: Tournament #3714753588, €18+€2 EUR Hold'em No Limit - Level XIII (1250/2500) - 2024/02/24 17:45:44 BRT [2024/02/24 15:45:44 ET]
Table '3714753588 45' 8-max Seat #6 is the button
Seat 1: MaitreMenator (49675 in chips) 
Seat 2: deiraisetonuts (89479 in chips) 
Seat 3: qpu3pykES (127026 in chips) 
Seat 4: Saliex73 (57429 in chips) 
Seat 6: tordo_mg (45850 in chips) 
Seat 7: lacost30 (326615 in chips) 
Seat 8: adrian_fj96 (56650 in chips) 
MaitreMenator: posts the ante 325
deiraisetonuts: posts the ante 325
qpu3pykES: posts the ante 325
Saliex73: posts the ante 325
tordo_mg: posts the ante 325
lacost30: posts the ante 325
adrian_fj96: posts the ante 325
lacost30: posts small blind 1250
adrian_fj96: posts big blind 2500
*** HOLE CARDS ***
Dealt to deiraisetonuts [Tc Ah]
MaitreMenator: raises 2500 to 5000
deiraisetonuts: folds 
qpu3pykES: raises 2500 to 7500
Saliex73: folds 
tordo_mg: folds 
lacost30: calls 6250
adrian_fj96: folds 
MaitreMenator: calls 2500
*** FLOP *** [Ks 7c 7s]
lacost30: checks 
MaitreMenator: checks 
qpu3pykES: bets 6250
lacost30: folds 
MaitreMenator: folds 
Uncalled bet (6250) returned to qpu3pykES
qpu3pykES collected 27275 from pot
qpu3pykES: doesn't show hand 
*** SUMMARY ***
Total pot 27275 | Rake 0 
Board [Ks 7c 7s]
Seat 1: MaitreMenator folded on the Flop
Seat 2: deiraisetonuts folded before Flop (didn't bet)
Seat 3: qpu3pykES collected (27275)
Seat 4: Saliex73 folded before Flop (didn't bet)
Seat 6: tordo_mg (button) folded before Flop (didn't bet)
Seat 7: lacost30 (small blind) folded on the Flop
Seat 8: adrian_fj96 (big blind) folded before Flop



PokerStars Hand #249071871640: Tournament #3714753588, €18+€2 EUR Hold'em No Limit - Level XIII (1250/2500) - 2024/02/24 17:46:25 BRT [2024/02/24 15:46:25 ET]
Table '3714753588 45' 8-max Seat #7 is the button
Seat 1: MaitreMenator (41850 in chips) 
Seat 2: deiraisetonuts (89154 in chips) 
Seat 3: qpu3pykES (146476 in chips) 
Seat 4: Saliex73 (57104 in chips) 
Seat 6: tordo_mg (45525 in chips) 
Seat 7: lacost30 (318790 in chips) 
Seat 8: adrian_fj96 (53825 in chips) 
MaitreMenator: posts the ante 325
deiraisetonuts: posts the ante 325
qpu3pykES: posts the ante 325
Saliex73: posts the ante 325
tordo_mg: posts the ante 325
lacost30: posts the ante 325
adrian_fj96: posts the ante 325
adrian_fj96: posts small blind 1250
MaitreMenator: posts big blind 2500
*** HOLE CARDS ***
Dealt to deiraisetonuts [8c Kc]
deiraisetonuts: raises 2500 to 5000
qpu3pykES: folds 
Saliex73: folds 
tordo_mg: folds 
lacost30: calls 5000
adrian_fj96: folds 
MaitreMenator: calls 2500
*** FLOP *** [9h 8h Ts]
MaitreMenator: checks 
deiraisetonuts: checks 
lacost30: bets 7500
MaitreMenator: folds 
deiraisetonuts: folds 
Uncalled bet (7500) returned to lacost30
lacost30 collected 18525 from pot
*** SUMMARY ***
Total pot 18525 | Rake 0 
Board [9h 8h Ts]
Seat 1: MaitreMenator (big blind) folded on the Flop
Seat 2: deiraisetonuts folded on the Flop
Seat 3: qpu3pykES folded before Flop (didn't bet)
Seat 4: Saliex73 folded before Flop (didn't bet)
Seat 6: tordo_mg folded before Flop (didn't bet)
Seat 7: lacost30 (button) collected (18525)
Seat 8: adrian_fj96 (small blind) folded before Flop



PokerStars Hand #249071885653: Tournament #3714753588, €18+€2 EUR Hold'em No Limit - Level XIII (1250/2500) - 2024/02/24 17:47:04 BRT [2024/02/24 15:47:04 ET]
Table '3714753588 45' 8-max Seat #8 is the button
Seat 1: MaitreMenator (36525 in chips) 
Seat 2: deiraisetonuts (83829 in chips) 
Seat 3: qpu3pykES (146151 in chips) 
Seat 4: Saliex73 (56779 in chips) 
Seat 5: PFERDY95 (50000 in chips) 
Seat 6: tordo_mg (45200 in chips) 
Seat 7: lacost30 (331990 in chips) 
Seat 8: adrian_fj96 (52250 in chips) 
MaitreMenator: posts the ante 325
deiraisetonuts: posts the ante 325
qpu3pykES: posts the ante 325
Saliex73: posts the ante 325
PFERDY95: posts the ante 325
tordo_mg: posts the ante 325
lacost30: posts the ante 325
adrian_fj96: posts the ante 325
MaitreMenator: posts small blind 1250
deiraisetonuts: posts big blind 2500
*** HOLE CARDS ***
Dealt to deiraisetonuts [6s Qc]
qpu3pykES: folds 
Saliex73: folds 
PFERDY95: folds 
tordo_mg: folds 
lacost30: calls 2500
adrian_fj96: folds 
MaitreMenator: folds 
deiraisetonuts: checks 
*** FLOP *** [3c Th 4h]
deiraisetonuts: checks 
lacost30: checks 
*** TURN *** [3c Th 4h] [2s]
deiraisetonuts: checks 
lacost30: checks 
*** RIVER *** [3c Th 4h 2s] [Ad]
deiraisetonuts: bets 5850
lacost30: calls 5850
*** SHOW DOWN ***
deiraisetonuts: shows [6s Qc] (high card Ace)
lacost30: shows [Ah Js] (a pair of Aces)
lacost30 collected 20550 from pot
*** SUMMARY ***
Total pot 20550 | Rake 0 
Board [3c Th 4h 2s Ad]
Seat 1: MaitreMenator (small blind) folded before Flop
Seat 2: deiraisetonuts (big blind) showed [6s Qc] and lost with high card Ace
Seat 3: qpu3pykES folded before Flop (didn't bet)
Seat 4: Saliex73 folded before Flop (didn't bet)
Seat 5: PFERDY95 folded before Flop (didn't bet)
Seat 6: tordo_mg folded before Flop (didn't bet)
Seat 7: lacost30 showed [Ah Js] and won (20550) with a pair of Aces
Seat 8: adrian_fj96 (button) folded before Flop (didn't bet)



PokerStars Hand #249071909790: Tournament #3714753588, €18+€2 EUR Hold'em No Limit - Level XIII (1250/2500) - 2024/02/24 17:48:12 BRT [2024/02/24 15:48:12 ET]
Table '3714753588 45' 8-max Seat #1 is the button
Seat 1: MaitreMenator (34950 in chips) 
Seat 2: deiraisetonuts (75154 in chips) 
Seat 3: qpu3pykES (145826 in chips) 
Seat 4: Saliex73 (56454 in chips) 
Seat 5: PFERDY95 (49675 in chips) 
Seat 6: tordo_mg (44875 in chips) 
Seat 7: lacost30 (343865 in chips) 
Seat 8: adrian_fj96 (51925 in chips) 
MaitreMenator: posts the ante 325
deiraisetonuts: posts the ante 325
qpu3pykES: posts the ante 325
Saliex73: posts the ante 325
PFERDY95: posts the ante 325
tordo_mg: posts the ante 325
lacost30: posts the ante 325
adrian_fj96: posts the ante 325
deiraisetonuts: posts small blind 1250
qpu3pykES: posts big blind 2500
*** HOLE CARDS ***
Dealt to deiraisetonuts [5h 4h]
Saliex73: folds 
PFERDY95: folds 
MaitreMenator is disconnected 
tordo_mg: folds 
lacost30: folds 
adrian_fj96: raises 49100 to 51600 and is all-in
MaitreMenator: folds 
deiraisetonuts: folds 
qpu3pykES: folds 
Uncalled bet (49100) returned to adrian_fj96
adrian_fj96 collected 8850 from pot
adrian_fj96: doesn't show hand 
*** SUMMARY ***
Total pot 8850 | Rake 0 
Seat 1: MaitreMenator (button) folded before Flop (didn't bet)
Seat 2: deiraisetonuts (small blind) folded before Flop
Seat 3: qpu3pykES (big blind) folded before Flop
Seat 4: Saliex73 folded before Flop (didn't bet)
Seat 5: PFERDY95 folded before Flop (didn't bet)
Seat 6: tordo_mg folded before Flop (didn't bet)
Seat 7: lacost30 folded before Flop (didn't bet)
Seat 8: adrian_fj96 collected (8850)



PokerStars Hand #249071924471: Tournament #3714753588, €18+€2 EUR Hold'em No Limit - Level XIII (1250/2500) - 2024/02/24 17:48:53 BRT [2024/02/24 15:48:53 ET]
Table '3714753588 45' 8-max Seat #2 is the button
Seat 1: MaitreMenator (34625 in chips) 
Seat 2: deiraisetonuts (73579 in chips) 
Seat 3: qpu3pykES (143001 in chips) 
Seat 4: Saliex73 (56129 in chips) 
Seat 5: PFERDY95 (49350 in chips) 
Seat 6: tordo_mg (44550 in chips) 
Seat 7: lacost30 (343540 in chips) 
Seat 8: adrian_fj96 (57950 in chips) 
MaitreMenator: posts the ante 325
deiraisetonuts: posts the ante 325
qpu3pykES: posts the ante 325
Saliex73: posts the ante 325
PFERDY95: posts the ante 325
tordo_mg: posts the ante 325
lacost30: posts the ante 325
adrian_fj96: posts the ante 325
qpu3pykES: posts small blind 1250
Saliex73: posts big blind 2500
*** HOLE CARDS ***
Dealt to deiraisetonuts [Jd 8d]
PFERDY95: folds 
MaitreMenator is disconnected 
tordo_mg: folds 
lacost30: folds 
adrian_fj96: raises 55125 to 57625 and is all-in
MaitreMenator: folds 
deiraisetonuts: folds 
qpu3pykES: folds 
Saliex73: folds 
Uncalled bet (55125) returned to adrian_fj96
adrian_fj96 collected 8850 from pot
adrian_fj96: doesn't show hand 
*** SUMMARY ***
Total pot 8850 | Rake 0 
Seat 1: MaitreMenator folded before Flop (didn't bet)
Seat 2: deiraisetonuts (button) folded before Flop (didn't bet)
Seat 3: qpu3pykES (small blind) folded before Flop
Seat 4: Saliex73 (big blind) folded before Flop
Seat 5: PFERDY95 folded before Flop (didn't bet)
Seat 6: tordo_mg folded before Flop (didn't bet)
Seat 7: lacost30 folded before Flop (didn't bet)
Seat 8: adrian_fj96 collected (8850)



PokerStars Hand #249071936647: Tournament #3714753588, €18+€2 EUR Hold'em No Limit - Level XIII (1250/2500) - 2024/02/24 17:49:27 BRT [2024/02/24 15:49:27 ET]
Table '3714753588 45' 8-max Seat #3 is the button
Seat 1: MaitreMenator (34300 in chips) 
Seat 2: deiraisetonuts (73254 in chips) 
Seat 3: qpu3pykES (141426 in chips) 
Seat 4: Saliex73 (53304 in chips) 
Seat 5: PFERDY95 (49025 in chips) 
Seat 6: tordo_mg (44225 in chips) 
Seat 7: lacost30 (343215 in chips) 
Seat 8: adrian_fj96 (63975 in chips) 
MaitreMenator: posts the ante 325
deiraisetonuts: posts the ante 325
qpu3pykES: posts the ante 325
Saliex73: posts the ante 325
PFERDY95: posts the ante 325
tordo_mg: posts the ante 325
lacost30: posts the ante 325
adrian_fj96: posts the ante 325
Saliex73: posts small blind 1250
PFERDY95: posts big blind 2500
*** HOLE CARDS ***
Dealt to deiraisetonuts [Ts 8h]
tordo_mg: folds 
lacost30: folds 
adrian_fj96: folds 
MaitreMenator: folds 
deiraisetonuts: folds 
qpu3pykES: raises 2500 to 5000
Saliex73: raises 47979 to 52979 and is all-in
PFERDY95: folds 
qpu3pykES: folds 
Uncalled bet (47979) returned to Saliex73
Saliex73 collected 15100 from pot
Saliex73: doesn't show hand 
*** SUMMARY ***
Total pot 15100 | Rake 0 
Seat 1: MaitreMenator folded before Flop (didn't bet)
Seat 2: deiraisetonuts folded before Flop (didn't bet)
Seat 3: qpu3pykES (button) folded before Flop
Seat 4: Saliex73 (small blind) collected (15100)
Seat 5: PFERDY95 (big blind) folded before Flop
Seat 6: tordo_mg folded before Flop (didn't bet)
Seat 7: lacost30 folded before Flop (didn't bet)
Seat 8: adrian_fj96 folded before Flop (didn't bet)



PokerStars Hand #249071948784: Tournament #3714753588, €18+€2 EUR Hold'em No Limit - Level XIII (1250/2500) - 2024/02/24 17:50:01 BRT [2024/02/24 15:50:01 ET]
Table '3714753588 45' 8-max Seat #4 is the button
Seat 1: MaitreMenator (33975 in chips) 
Seat 2: deiraisetonuts (72929 in chips) 
Seat 3: qpu3pykES (136101 in chips) 
Seat 4: Saliex73 (63079 in chips) 
Seat 5: PFERDY95 (46200 in chips) 
Seat 6: tordo_mg (43900 in chips) 
Seat 7: lacost30 (342890 in chips) 
Seat 8: adrian_fj96 (63650 in chips) 
MaitreMenator: posts the ante 325
deiraisetonuts: posts the ante 325
qpu3pykES: posts the ante 325
Saliex73: posts the ante 325
PFERDY95: posts the ante 325
tordo_mg: posts the ante 325
lacost30: posts the ante 325
adrian_fj96: posts the ante 325
PFERDY95: posts small blind 1250
tordo_mg: posts big blind 2500
*** HOLE CARDS ***
Dealt to deiraisetonuts [9h As]
lacost30: folds 
adrian_fj96: folds 
MaitreMenator: raises 2500 to 5000
deiraisetonuts: folds 
qpu3pykES: folds 
Saliex73: folds 
PFERDY95: raises 40875 to 45875 and is all-in
tordo_mg: folds 
MaitreMenator: calls 28650 and is all-in
Uncalled bet (12225) returned to PFERDY95
*** FLOP *** [7s Ad 2c]
*** TURN *** [7s Ad 2c] [3c]
*** RIVER *** [7s Ad 2c 3c] [Th]
*** SHOW DOWN ***
PFERDY95: shows [5h 5s] (a pair of Fives)
MaitreMenator: shows [Tc Jc] (a pair of Tens)
MaitreMenator collected 72400 from pot
*** SUMMARY ***
Total pot 72400 | Rake 0 
Board [7s Ad 2c 3c Th]
Seat 1: MaitreMenator showed [Tc Jc] and won (72400) with a pair of Tens
Seat 2: deiraisetonuts folded before Flop (didn't bet)
Seat 3: qpu3pykES folded before Flop (didn't bet)
Seat 4: Saliex73 (button) folded before Flop (didn't bet)
Seat 5: PFERDY95 (small blind) showed [5h 5s] and lost with a pair of Fives
Seat 6: tordo_mg (big blind) folded before Flop
Seat 7: lacost30 folded before Flop (didn't bet)
Seat 8: adrian_fj96 folded before Flop (didn't bet)



PokerStars Hand #249071960645: Tournament #3714753588, €18+€2 EUR Hold'em No Limit - Level XIII (1250/2500) - 2024/02/24 17:50:34 BRT [2024/02/24 15:50:34 ET]
Table '3714753588 45' 8-max Seat #5 is the button
Seat 1: MaitreMenator (72400 in chips) 
Seat 2: deiraisetonuts (72604 in chips) 
Seat 3: qpu3pykES (135776 in chips) 
Seat 4: Saliex73 (62754 in chips) 
Seat 5: PFERDY95 (12225 in chips) 
Seat 6: tordo_mg (41075 in chips) 
Seat 8: adrian_fj96 (63325 in chips) 
MaitreMenator: posts the ante 325
deiraisetonuts: posts the ante 325
qpu3pykES: posts the ante 325
Saliex73: posts the ante 325
PFERDY95: posts the ante 325
tordo_mg: posts the ante 325
adrian_fj96: posts the ante 325
tordo_mg: posts small blind 1250
adrian_fj96: posts big blind 2500
*** HOLE CARDS ***
Dealt to deiraisetonuts [5s 9s]
MaitreMenator: folds 
deiraisetonuts: folds 
qpu3pykES: raises 2500 to 5000
Saliex73: folds 
PFERDY95: folds 
tordo_mg: folds 
adrian_fj96: raises 58000 to 63000 and is all-in
qpu3pykES: folds 
Uncalled bet (58000) returned to adrian_fj96
adrian_fj96 collected 13525 from pot
adrian_fj96: doesn't show hand 
*** SUMMARY ***
Total pot 13525 | Rake 0 
Seat 1: MaitreMenator folded before Flop (didn't bet)
Seat 2: deiraisetonuts folded before Flop (didn't bet)
Seat 3: qpu3pykES folded before Flop
Seat 4: Saliex73 folded before Flop (didn't bet)
Seat 5: PFERDY95 (button) folded before Flop (didn't bet)
Seat 6: tordo_mg (small blind) folded before Flop
Seat 8: adrian_fj96 (big blind) collected (13525)



PokerStars Hand #249071978116: Tournament #3714753588, €18+€2 EUR Hold'em No Limit - Level XIV (1500/3000) - 2024/02/24 17:51:23 BRT [2024/02/24 15:51:23 ET]
Table '3714753588 45' 8-max Seat #6 is the button
Seat 1: MaitreMenator (72075 in chips) 
Seat 2: deiraisetonuts (72279 in chips) 
Seat 3: qpu3pykES (130451 in chips) 
Seat 4: Saliex73 (62429 in chips) 
Seat 5: PFERDY95 (11900 in chips) 
Seat 6: tordo_mg (39500 in chips) 
Seat 8: adrian_fj96 (71525 in chips) 
MaitreMenator: posts the ante 375
deiraisetonuts: posts the ante 375
qpu3pykES: posts the ante 375
Saliex73: posts the ante 375
PFERDY95: posts the ante 375
tordo_mg: posts the ante 375
adrian_fj96: posts the ante 375
adrian_fj96: posts small blind 1500
MaitreMenator: posts big blind 3000
*** HOLE CARDS ***
Dealt to deiraisetonuts [7h 6s]
deiraisetonuts: folds 
qpu3pykES: folds 
Saliex73: folds 
PFERDY95: folds 
tordo_mg: folds 
adrian_fj96: raises 68150 to 71150 and is all-in
MaitreMenator: folds 
Uncalled bet (68150) returned to adrian_fj96
adrian_fj96 collected 8625 from pot
adrian_fj96: doesn't show hand 
*** SUMMARY ***
Total pot 8625 | Rake 0 
Seat 1: MaitreMenator (big blind) folded before Flop
Seat 2: deiraisetonuts folded before Flop (didn't bet)
Seat 3: qpu3pykES folded before Flop (didn't bet)
Seat 4: Saliex73 folded before Flop (didn't bet)
Seat 5: PFERDY95 folded before Flop (didn't bet)
Seat 6: tordo_mg (button) folded before Flop (didn't bet)
Seat 8: adrian_fj96 (small blind) collected (8625)



PokerStars Hand #249071989677: Tournament #3714753588, €18+€2 EUR Hold'em No Limit - Level XIV (1500/3000) - 2024/02/24 17:51:55 BRT [2024/02/24 15:51:55 ET]
Table '3714753588 45' 8-max Seat #8 is the button
Seat 1: MaitreMenator (68700 in chips) 
Seat 2: deiraisetonuts (71904 in chips) 
Seat 3: qpu3pykES (130076 in chips) 
Seat 4: Saliex73 (62054 in chips) 
Seat 5: PFERDY95 (11525 in chips) 
Seat 6: tordo_mg (39125 in chips) 
Seat 8: adrian_fj96 (76775 in chips) 
MaitreMenator: posts the ante 375
deiraisetonuts: posts the ante 375
qpu3pykES: posts the ante 375
Saliex73: posts the ante 375
PFERDY95: posts the ante 375
tordo_mg: posts the ante 375
adrian_fj96: posts the ante 375
MaitreMenator: posts small blind 1500
deiraisetonuts: posts big blind 3000
*** HOLE CARDS ***
Dealt to deiraisetonuts [3h Qs]
qpu3pykES: folds 
Saliex73: folds 
PFERDY95: raises 8150 to 11150 and is all-in
tordo_mg: folds 
adrian_fj96: raises 65250 to 76400 and is all-in
MaitreMenator: folds 
deiraisetonuts: folds 
Uncalled bet (65250) returned to adrian_fj96
*** FLOP *** [2h Ts 5h]
*** TURN *** [2h Ts 5h] [Qd]
*** RIVER *** [2h Ts 5h Qd] [7s]
*** SHOW DOWN ***
PFERDY95: shows [7h Ah] (a pair of Sevens)
adrian_fj96: shows [Tc Td] (three of a kind, Tens)
adrian_fj96 collected 29425 from pot
PFERDY95 finished the tournament
*** SUMMARY ***
Total pot 29425 | Rake 0 
Board [2h Ts 5h Qd 7s]
Seat 1: MaitreMenator (small blind) folded before Flop
Seat 2: deiraisetonuts (big blind) folded before Flop
Seat 3: qpu3pykES folded before Flop (didn't bet)
Seat 4: Saliex73 folded before Flop (didn't bet)
Seat 5: PFERDY95 showed [7h Ah] and lost with a pair of Sevens
Seat 6: tordo_mg folded before Flop (didn't bet)
Seat 8: adrian_fj96 (button) showed [Tc Td] and won (29425) with three of a kind, Tens



PokerStars Hand #249072007587: Tournament #3714753588, €18+€2 EUR Hold'em No Limit - Level XIV (1500/3000) - 2024/02/24 17:52:45 BRT [2024/02/24 15:52:45 ET]
Table '3714753588 45' 8-max Seat #1 is the button
Seat 1: MaitreMenator (66825 in chips) 
Seat 2: deiraisetonuts (68529 in chips) 
Seat 3: qpu3pykES (129701 in chips) 
Seat 4: Saliex73 (61679 in chips) 
Seat 6: tordo_mg (38750 in chips) 
Seat 8: adrian_fj96 (94675 in chips) 
MaitreMenator: posts the ante 375
deiraisetonuts: posts the ante 375
qpu3pykES: posts the ante 375
Saliex73: posts the ante 375
tordo_mg: posts the ante 375
adrian_fj96: posts the ante 375
deiraisetonuts: posts small blind 1500
qpu3pykES: posts big blind 3000
*** HOLE CARDS ***
Dealt to deiraisetonuts [Ad 9d]
Saliex73: folds 
tordo_mg: folds 
adrian_fj96: folds 
MaitreMenator: calls 3000
deiraisetonuts: raises 65154 to 68154 and is all-in
qpu3pykES: folds 
MaitreMenator: folds 
Uncalled bet (65154) returned to deiraisetonuts
deiraisetonuts collected 11250 from pot
deiraisetonuts: doesn't show hand 
*** SUMMARY ***
Total pot 11250 | Rake 0 
Seat 1: MaitreMenator (button) folded before Flop
Seat 2: deiraisetonuts (small blind) collected (11250)
Seat 3: qpu3pykES (big blind) folded before Flop
Seat 4: Saliex73 folded before Flop (didn't bet)
Seat 6: tordo_mg folded before Flop (didn't bet)
Seat 8: adrian_fj96 folded before Flop (didn't bet)



PokerStars Hand #249072017639: Tournament #3714753588, €18+€2 EUR Hold'em No Limit - Level XIV (1500/3000) - 2024/02/24 17:53:13 BRT [2024/02/24 15:53:13 ET]
Table '3714753588 45' 8-max Seat #2 is the button
Seat 1: MaitreMenator (63450 in chips) 
Seat 2: deiraisetonuts (76404 in chips) 
Seat 3: qpu3pykES (126326 in chips) 
Seat 4: Saliex73 (61304 in chips) 
Seat 6: tordo_mg (38375 in chips) 
Seat 7: AKMAN1986 (45525 in chips) 
Seat 8: adrian_fj96 (94300 in chips) 
MaitreMenator: posts the ante 375
deiraisetonuts: posts the ante 375
qpu3pykES: posts the ante 375
Saliex73: posts the ante 375
tordo_mg: posts the ante 375
AKMAN1986: posts the ante 375
adrian_fj96: posts the ante 375
qpu3pykES: posts small blind 1500
Saliex73: posts big blind 3000
*** HOLE CARDS ***
Dealt to deiraisetonuts [5d 2s]
tordo_mg: folds 
AKMAN1986: folds 
adrian_fj96: folds 
MaitreMenator: raises 3000 to 6000
deiraisetonuts: folds 
qpu3pykES: folds 
Saliex73: folds 
Uncalled bet (3000) returned to MaitreMenator
MaitreMenator collected 10125 from pot
*** SUMMARY ***
Total pot 10125 | Rake 0 
Seat 1: MaitreMenator collected (10125)
Seat 2: deiraisetonuts (button) folded before Flop (didn't bet)
Seat 3: qpu3pykES (small blind) folded before Flop
Seat 4: Saliex73 (big blind) folded before Flop
Seat 6: tordo_mg folded before Flop (didn't bet)
Seat 7: AKMAN1986 folded before Flop (didn't bet)
Seat 8: adrian_fj96 folded before Flop (didn't bet)



PokerStars Hand #249072030800: Tournament #3714753588, €18+€2 EUR Hold'em No Limit - Level XIV (1500/3000) - 2024/02/24 17:53:50 BRT [2024/02/24 15:53:50 ET]
Table '3714753588 45' 8-max Seat #3 is the button
Seat 1: MaitreMenator (70200 in chips) 
Seat 2: deiraisetonuts (76029 in chips) 
Seat 3: qpu3pykES (124451 in chips) 
Seat 4: Saliex73 (57929 in chips) 
Seat 6: tordo_mg (38000 in chips) 
Seat 7: AKMAN1986 (45150 in chips) 
Seat 8: adrian_fj96 (93925 in chips) 
MaitreMenator: posts the ante 375
deiraisetonuts: posts the ante 375
qpu3pykES: posts the ante 375
Saliex73: posts the ante 375
tordo_mg: posts the ante 375
AKMAN1986: posts the ante 375
adrian_fj96: posts the ante 375
Saliex73: posts small blind 1500
tordo_mg: posts big blind 3000
*** HOLE CARDS ***
Dealt to deiraisetonuts [Tc 2c]
AKMAN1986: folds 
adrian_fj96: raises 3000 to 6000
MaitreMenator: folds 
deiraisetonuts: folds 
qpu3pykES: folds 
Saliex73: calls 4500
tordo_mg: calls 3000
*** FLOP *** [Kh Js 7c]
Saliex73: checks 
suil4 is disconnected 
tordo_mg: checks 
adrian_fj96: bets 6000
Saliex73: raises 15000 to 21000
tordo_mg: folds 
adrian_fj96: raises 66550 to 87550 and is all-in
Saliex73: calls 30554 and is all-in
Uncalled bet (35996) returned to adrian_fj96
*** TURN *** [Kh Js 7c] [2d]
*** RIVER *** [Kh Js 7c 2d] [9s]
*** SHOW DOWN ***
Saliex73: shows [Jh Kd] (two pair, Kings and Jacks)
adrian_fj96: shows [Ad Ah] (a pair of Aces)
Saliex73 collected 123733 from pot
*** SUMMARY ***
Total pot 123733 | Rake 0 
Board [Kh Js 7c 2d 9s]
Seat 1: MaitreMenator folded before Flop (didn't bet)
Seat 2: deiraisetonuts folded before Flop (didn't bet)
Seat 3: qpu3pykES (button) folded before Flop (didn't bet)
Seat 4: Saliex73 (small blind) showed [Jh Kd] and won (123733) with two pair, Kings and Jacks
Seat 6: tordo_mg (big blind) folded on the Flop
Seat 7: AKMAN1986 folded before Flop (didn't bet)
Seat 8: adrian_fj96 showed [Ad Ah] and lost with a pair of Aces



PokerStars Hand #249072048420: Tournament #3714753588, €18+€2 EUR Hold'em No Limit - Level XIV (1500/3000) - 2024/02/24 17:54:39 BRT [2024/02/24 15:54:39 ET]
Table '3714753588 45' 8-max Seat #4 is the button
Seat 1: MaitreMenator (69825 in chips) 
Seat 2: deiraisetonuts (75654 in chips) 
Seat 3: qpu3pykES (124076 in chips) 
Seat 4: Saliex73 (123733 in chips) 
Seat 5: suil4 (50000 in chips) out of hand (moved from another table into small blind)
Seat 6: tordo_mg (31625 in chips) 
Seat 7: AKMAN1986 (44775 in chips) 
Seat 8: adrian_fj96 (35996 in chips) 
suil4 will be allowed to play after the button
MaitreMenator: posts the ante 375
deiraisetonuts: posts the ante 375
qpu3pykES: posts the ante 375
Saliex73: posts the ante 375
tordo_mg: posts the ante 375
AKMAN1986: posts the ante 375
adrian_fj96: posts the ante 375
tordo_mg: posts small blind 1500
AKMAN1986: posts big blind 3000
*** HOLE CARDS ***
Dealt to deiraisetonuts [7h Qd]
adrian_fj96: raises 32621 to 35621 and is all-in
MaitreMenator: folds 
deiraisetonuts: folds 
qpu3pykES: folds 
Saliex73: folds 
tordo_mg: calls 29750 and is all-in
AKMAN1986: folds 
Uncalled bet (4371) returned to adrian_fj96
*** FLOP *** [Ac Ah 9h]
*** TURN *** [Ac Ah 9h] [5c]
*** RIVER *** [Ac Ah 9h 5c] [6h]
*** SHOW DOWN ***
tordo_mg: shows [Jc Qs] (a pair of Aces)
adrian_fj96: shows [Th Tc] (two pair, Aces and Tens)
adrian_fj96 collected 68125 from pot
tordo_mg finished the tournament
*** SUMMARY ***
Total pot 68125 | Rake 0 
Board [Ac Ah 9h 5c 6h]
Seat 1: MaitreMenator folded before Flop (didn't bet)
Seat 2: deiraisetonuts folded before Flop (didn't bet)
Seat 3: qpu3pykES folded before Flop (didn't bet)
Seat 4: Saliex73 (button) folded before Flop (didn't bet)
Seat 6: tordo_mg (small blind) showed [Jc Qs] and lost with a pair of Aces
Seat 7: AKMAN1986 (big blind) folded before Flop
Seat 8: adrian_fj96 showed [Th Tc] and won (68125) with two pair, Aces and Tens



PokerStars Hand #249072171360: Tournament #3714753588, €18+€2 EUR Hold'em No Limit - Level XIV (1500/3000) - 2024/02/24 18:02:09 BRT [2024/02/24 16:02:09 ET]
Table '3714753588 45' 8-max Seat #7 is the button
Seat 1: MaitreMenator (69450 in chips) 
Seat 2: deiraisetonuts (75279 in chips) 
Seat 3: qpu3pykES (123701 in chips) 
Seat 4: Saliex73 (123358 in chips) 
Seat 5: suil4 (50000 in chips) 
Seat 6: Optimus_jark (50000 in chips) 
Seat 7: AKMAN1986 (41400 in chips) 
Seat 8: adrian_fj96 (72496 in chips) 
MaitreMenator: posts the ante 375
deiraisetonuts: posts the ante 375
qpu3pykES: posts the ante 375
Saliex73: posts the ante 375
suil4: posts the ante 375
Optimus_jark: posts the ante 375
AKMAN1986: posts the ante 375
adrian_fj96: posts the ante 375
adrian_fj96: posts small blind 1500
MaitreMenator: posts big blind 3000
*** HOLE CARDS ***
Dealt to deiraisetonuts [7h 2h]
deiraisetonuts: folds 
qpu3pykES: raises 3000 to 6000
Saliex73: folds 
suil4: folds 
Optimus_jark: folds 
AKMAN1986: folds 
adrian_fj96: calls 4500
MaitreMenator: calls 3000
*** FLOP *** [3s 6s 2c]
adrian_fj96: checks 
MaitreMenator: bets 3000
qpu3pykES: raises 10500 to 13500
adrian_fj96: folds 
MaitreMenator: calls 10500
*** TURN *** [3s 6s 2c] [5d]
MaitreMenator: checks 
qpu3pykES: checks 
*** RIVER *** [3s 6s 2c 5d] [Ad]
MaitreMenator: bets 12000
qpu3pykES: calls 12000
*** SHOW DOWN ***
MaitreMenator: shows [Qs Ts] (high card Ace)
qpu3pykES: shows [7d 7s] (a pair of Sevens)
qpu3pykES collected 72000 from pot
*** SUMMARY ***
Total pot 72000 | Rake 0 
Board [3s 6s 2c 5d Ad]
Seat 1: MaitreMenator (big blind) showed [Qs Ts] and lost with high card Ace
Seat 2: deiraisetonuts folded before Flop (didn't bet)
Seat 3: qpu3pykES showed [7d 7s] and won (72000) with a pair of Sevens
Seat 4: Saliex73 folded before Flop (didn't bet)
Seat 5: suil4 folded before Flop (didn't bet)
Seat 6: Optimus_jark folded before Flop (didn't bet)
Seat 7: AKMAN1986 (button) folded before Flop (didn't bet)
Seat 8: adrian_fj96 (small blind) folded on the Flop



PokerStars Hand #249072207046: Tournament #3714753588, €18+€2 EUR Hold'em No Limit - Level XIV (1500/3000) - 2024/02/24 18:03:52 BRT [2024/02/24 16:03:52 ET]
Table '3714753588 45' 8-max Seat #8 is the button
Seat 1: MaitreMenator (37575 in chips) 
Seat 2: deiraisetonuts (74904 in chips) 
Seat 3: qpu3pykES (163826 in chips) 
Seat 4: Saliex73 (122983 in chips) 
Seat 5: suil4 (49625 in chips) 
Seat 6: Optimus_jark (49625 in chips) 
Seat 7: AKMAN1986 (41025 in chips) 
Seat 8: adrian_fj96 (66121 in chips) 
MaitreMenator: posts the ante 375
deiraisetonuts: posts the ante 375
qpu3pykES: posts the ante 375
Saliex73: posts the ante 375
suil4: posts the ante 375
Optimus_jark: posts the ante 375
AKMAN1986: posts the ante 375
adrian_fj96: posts the ante 375
MaitreMenator: posts small blind 1500
deiraisetonuts: posts big blind 3000
*** HOLE CARDS ***
Dealt to deiraisetonuts [4c Ac]
qpu3pykES: folds 
Saliex73: raises 3600 to 6600
suil4: folds 
Optimus_jark: folds 
AKMAN1986: folds 
adrian_fj96: folds 
MaitreMenator: folds 
deiraisetonuts: calls 3600
*** FLOP *** [9s Ts 8s]
deiraisetonuts: checks 
Saliex73: checks 
*** TURN *** [9s Ts 8s] [2h]
deiraisetonuts: checks 
Saliex73: bets 6000
deiraisetonuts: folds 
Uncalled bet (6000) returned to Saliex73
Saliex73 collected 17700 from pot
Saliex73: doesn't show hand 
*** SUMMARY ***
Total pot 17700 | Rake 0 
Board [9s Ts 8s 2h]
Seat 1: MaitreMenator (small blind) folded before Flop
Seat 2: deiraisetonuts (big blind) folded on the Turn
Seat 3: qpu3pykES folded before Flop (didn't bet)
Seat 4: Saliex73 collected (17700)
Seat 5: suil4 folded before Flop (didn't bet)
Seat 6: Optimus_jark folded before Flop (didn't bet)
Seat 7: AKMAN1986 folded before Flop (didn't bet)
Seat 8: adrian_fj96 (button) folded before Flop (didn't bet)



PokerStars Hand #249072231101: Tournament #3714753588, €18+€2 EUR Hold'em No Limit - Level XIV (1500/3000) - 2024/02/24 18:05:00 BRT [2024/02/24 16:05:00 ET]
Table '3714753588 45' 8-max Seat #1 is the button
Seat 1: MaitreMenator (35700 in chips) 
Seat 2: deiraisetonuts (67929 in chips) 
Seat 3: qpu3pykES (163451 in chips) 
Seat 4: Saliex73 (133708 in chips) 
Seat 5: suil4 (49250 in chips) 
Seat 6: Optimus_jark (49250 in chips) 
Seat 7: AKMAN1986 (40650 in chips) 
Seat 8: adrian_fj96 (65746 in chips) 
MaitreMenator: posts the ante 375
deiraisetonuts: posts the ante 375
qpu3pykES: posts the ante 375
Saliex73: posts the ante 375
suil4: posts the ante 375
Optimus_jark: posts the ante 375
AKMAN1986: posts the ante 375
adrian_fj96: posts the ante 375
deiraisetonuts: posts small blind 1500
qpu3pykES: posts big blind 3000
*** HOLE CARDS ***
Dealt to deiraisetonuts [2s 5d]
Saliex73: folds 
suil4: folds 
Optimus_jark: folds 
AKMAN1986: folds 
adrian_fj96: folds 
MaitreMenator: folds 
deiraisetonuts: folds 
Uncalled bet (1500) returned to qpu3pykES
qpu3pykES collected 6000 from pot
qpu3pykES: doesn't show hand 
*** SUMMARY ***
Total pot 6000 | Rake 0 
Seat 1: MaitreMenator (button) folded before Flop (didn't bet)
Seat 2: deiraisetonuts (small blind) folded before Flop
Seat 3: qpu3pykES (big blind) collected (6000)
Seat 4: Saliex73 folded before Flop (didn't bet)
Seat 5: suil4 folded before Flop (didn't bet)
Seat 6: Optimus_jark folded before Flop (didn't bet)
Seat 7: AKMAN1986 folded before Flop (didn't bet)
Seat 8: adrian_fj96 folded before Flop (didn't bet)



PokerStars Hand #249072242914: Tournament #3714753588, €18+€2 EUR Hold'em No Limit - Level XIV (1500/3000) - 2024/02/24 18:05:32 BRT [2024/02/24 16:05:32 ET]
Table '3714753588 45' 8-max Seat #2 is the button
Seat 1: MaitreMenator (35325 in chips) 
Seat 2: deiraisetonuts (66054 in chips) 
Seat 3: qpu3pykES (167576 in chips) 
Seat 4: Saliex73 (133333 in chips) 
Seat 5: suil4 (48875 in chips) 
Seat 6: Optimus_jark (48875 in chips) 
Seat 7: AKMAN1986 (40275 in chips) 
Seat 8: adrian_fj96 (65371 in chips) 
MaitreMenator: posts the ante 375
deiraisetonuts: posts the ante 375
qpu3pykES: posts the ante 375
Saliex73: posts the ante 375
suil4: posts the ante 375
Optimus_jark: posts the ante 375
AKMAN1986: posts the ante 375
adrian_fj96: posts the ante 375
qpu3pykES: posts small blind 1500
Saliex73: posts big blind 3000
*** HOLE CARDS ***
Dealt to deiraisetonuts [9h Kd]
suil4: folds 
Optimus_jark: folds 
AKMAN1986: folds 
adrian_fj96: folds 
MaitreMenator: raises 31950 to 34950 and is all-in
deiraisetonuts: folds 
qpu3pykES: folds 
Saliex73: folds 
Uncalled bet (31950) returned to MaitreMenator
MaitreMenator collected 10500 from pot
*** SUMMARY ***
Total pot 10500 | Rake 0 
Seat 1: MaitreMenator collected (10500)
Seat 2: deiraisetonuts (button) folded before Flop (didn't bet)
Seat 3: qpu3pykES (small blind) folded before Flop
Seat 4: Saliex73 (big blind) folded before Flop
Seat 5: suil4 folded before Flop (didn't bet)
Seat 6: Optimus_jark folded before Flop (didn't bet)
Seat 7: AKMAN1986 folded before Flop (didn't bet)
Seat 8: adrian_fj96 folded before Flop (didn't bet)



PokerStars Hand #249072258579: Tournament #3714753588, €18+€2 EUR Hold'em No Limit - Level XV (1750/3500) - 2024/02/24 18:06:16 BRT [2024/02/24 16:06:16 ET]
Table '3714753588 45' 8-max Seat #3 is the button
Seat 1: MaitreMenator (42450 in chips) 
Seat 2: deiraisetonuts (65679 in chips) 
Seat 3: qpu3pykES (165701 in chips) 
Seat 4: Saliex73 (129958 in chips) 
Seat 5: suil4 (48500 in chips) 
Seat 6: Optimus_jark (48500 in chips) 
Seat 7: AKMAN1986 (39900 in chips) 
Seat 8: adrian_fj96 (64996 in chips) 
MaitreMenator: posts the ante 450
deiraisetonuts: posts the ante 450
qpu3pykES: posts the ante 450
Saliex73: posts the ante 450
suil4: posts the ante 450
Optimus_jark: posts the ante 450
AKMAN1986: posts the ante 450
adrian_fj96: posts the ante 450
Saliex73: posts small blind 1750
suil4: posts big blind 3500
*** HOLE CARDS ***
Dealt to deiraisetonuts [4h 6d]
Optimus_jark: folds 
AKMAN1986: folds 
adrian_fj96: folds 
MaitreMenator: raises 38500 to 42000 and is all-in
deiraisetonuts: folds 
qpu3pykES: folds 
Saliex73: folds 
suil4: folds 
Uncalled bet (38500) returned to MaitreMenator
MaitreMenator collected 12350 from pot
*** SUMMARY ***
Total pot 12350 | Rake 0 
Seat 1: MaitreMenator collected (12350)
Seat 2: deiraisetonuts folded before Flop (didn't bet)
Seat 3: qpu3pykES (button) folded before Flop (didn't bet)
Seat 4: Saliex73 (small blind) folded before Flop
Seat 5: suil4 (big blind) folded before Flop
Seat 6: Optimus_jark folded before Flop (didn't bet)
Seat 7: AKMAN1986 folded before Flop (didn't bet)
Seat 8: adrian_fj96 folded before Flop (didn't bet)



PokerStars Hand #249072269450: Tournament #3714753588, €18+€2 EUR Hold'em No Limit - Level XV (1750/3500) - 2024/02/24 18:06:46 BRT [2024/02/24 16:06:46 ET]
Table '3714753588 45' 8-max Seat #4 is the button
Seat 1: MaitreMenator (50850 in chips) 
Seat 2: deiraisetonuts (65229 in chips) 
Seat 3: qpu3pykES (165251 in chips) 
Seat 4: Saliex73 (127758 in chips) 
Seat 5: suil4 (44550 in chips) 
Seat 6: Optimus_jark (48050 in chips) 
Seat 7: AKMAN1986 (39450 in chips) 
Seat 8: adrian_fj96 (64546 in chips) 
MaitreMenator: posts the ante 450
deiraisetonuts: posts the ante 450
qpu3pykES: posts the ante 450
Saliex73: posts the ante 450
suil4: posts the ante 450
Optimus_jark: posts the ante 450
AKMAN1986: posts the ante 450
adrian_fj96: posts the ante 450
suil4: posts small blind 1750
Optimus_jark: posts big blind 3500
*** HOLE CARDS ***
Dealt to deiraisetonuts [Jd Ad]
AKMAN1986: folds 
adrian_fj96: folds 
MaitreMenator: raises 46900 to 50400 and is all-in
deiraisetonuts: raises 14379 to 64779 and is all-in
qpu3pykES: folds 
Saliex73: folds 
suil4: folds 
Optimus_jark: folds 
Uncalled bet (14379) returned to deiraisetonuts
*** FLOP *** [8c 5c 4c]
*** TURN *** [8c 5c 4c] [Qc]
*** RIVER *** [8c 5c 4c Qc] [4d]
*** SHOW DOWN ***
MaitreMenator: shows [5h 5s] (a full house, Fives full of Fours)
deiraisetonuts: shows [Jd Ad] (a pair of Fours)
MaitreMenator collected 109650 from pot
*** SUMMARY ***
Total pot 109650 | Rake 0 
Board [8c 5c 4c Qc 4d]
Seat 1: MaitreMenator showed [5h 5s] and won (109650) with a full house, Fives full of Fours
Seat 2: deiraisetonuts showed [Jd Ad] and lost with a pair of Fours
Seat 3: qpu3pykES folded before Flop (didn't bet)
Seat 4: Saliex73 (button) folded before Flop (didn't bet)
Seat 5: suil4 (small blind) folded before Flop
Seat 6: Optimus_jark (big blind) folded before Flop
Seat 7: AKMAN1986 folded before Flop (didn't bet)
Seat 8: adrian_fj96 folded before Flop (didn't bet)



PokerStars Hand #249072282189: Tournament #3714753588, €18+€2 EUR Hold'em No Limit - Level XV (1750/3500) - 2024/02/24 18:07:21 BRT [2024/02/24 16:07:21 ET]
Table '3714753588 45' 8-max Seat #5 is the button
Seat 1: MaitreMenator (109650 in chips) 
Seat 2: deiraisetonuts (14379 in chips) 
Seat 3: qpu3pykES (164801 in chips) 
Seat 4: Saliex73 (127308 in chips) 
Seat 5: suil4 (42350 in chips) 
Seat 6: Optimus_jark (44100 in chips) 
Seat 7: AKMAN1986 (39000 in chips) 
Seat 8: adrian_fj96 (64096 in chips) 
MaitreMenator: posts the ante 450
deiraisetonuts: posts the ante 450
qpu3pykES: posts the ante 450
Saliex73: posts the ante 450
suil4: posts the ante 450
Optimus_jark: posts the ante 450
AKMAN1986: posts the ante 450
adrian_fj96: posts the ante 450
Optimus_jark: posts small blind 1750
AKMAN1986: posts big blind 3500
*** HOLE CARDS ***
Dealt to deiraisetonuts [7d 4c]
adrian_fj96: folds 
MaitreMenator: folds 
deiraisetonuts: folds 
qpu3pykES: folds 
Saliex73: folds 
suil4: folds 
Optimus_jark: calls 1750
AKMAN1986: checks 
*** FLOP *** [5d 2d 7c]
Optimus_jark: bets 7000
AKMAN1986: raises 7000 to 14000
Optimus_jark: raises 26150 to 40150 and is all-in
AKMAN1986: calls 21050 and is all-in
Uncalled bet (5100) returned to Optimus_jark
*** TURN *** [5d 2d 7c] [3h]
*** RIVER *** [5d 2d 7c 3h] [Ad]
*** SHOW DOWN ***
Optimus_jark: shows [Th 7s] (a pair of Sevens)
AKMAN1986: shows [7h 6d] (a pair of Sevens - lower kicker)
Optimus_jark collected 80700 from pot
AKMAN1986 finished the tournament
*** SUMMARY ***
Total pot 80700 | Rake 0 
Board [5d 2d 7c 3h Ad]
Seat 1: MaitreMenator folded before Flop (didn't bet)
Seat 2: deiraisetonuts folded before Flop (didn't bet)
Seat 3: qpu3pykES folded before Flop (didn't bet)
Seat 4: Saliex73 folded before Flop (didn't bet)
Seat 5: suil4 (button) folded before Flop (didn't bet)
Seat 6: Optimus_jark (small blind) showed [Th 7s] and won (80700) with a pair of Sevens
Seat 7: AKMAN1986 (big blind) showed [7h 6d] and lost with a pair of Sevens
Seat 8: adrian_fj96 folded before Flop (didn't bet)



PokerStars Hand #249072304849: Tournament #3714753588, €18+€2 EUR Hold'em No Limit - Level XV (1750/3500) - 2024/02/24 18:08:25 BRT [2024/02/24 16:08:25 ET]
Table '3714753588 45' 8-max Seat #6 is the button
Seat 1: MaitreMenator (109200 in chips) 
Seat 2: deiraisetonuts (13929 in chips) 
Seat 3: qpu3pykES (164351 in chips) 
Seat 4: Saliex73 (126858 in chips) 
Seat 5: suil4 (41900 in chips) 
Seat 6: Optimus_jark (85800 in chips) 
Seat 8: adrian_fj96 (63646 in chips) 
MaitreMenator: posts the ante 450
deiraisetonuts: posts the ante 450
qpu3pykES: posts the ante 450
Saliex73: posts the ante 450
suil4: posts the ante 450
Optimus_jark: posts the ante 450
adrian_fj96: posts the ante 450
adrian_fj96: posts small blind 1750
MaitreMenator: posts big blind 3500
*** HOLE CARDS ***
Dealt to deiraisetonuts [Kd Qc]
deiraisetonuts: raises 9979 to 13479 and is all-in
qpu3pykES: folds 
Saliex73: folds 
suil4: folds 
Optimus_jark: folds 
adrian_fj96: folds 
MaitreMenator: folds 
Uncalled bet (9979) returned to deiraisetonuts
deiraisetonuts collected 11900 from pot
deiraisetonuts: doesn't show hand 
*** SUMMARY ***
Total pot 11900 | Rake 0 
Seat 1: MaitreMenator (big blind) folded before Flop
Seat 2: deiraisetonuts collected (11900)
Seat 3: qpu3pykES folded before Flop (didn't bet)
Seat 4: Saliex73 folded before Flop (didn't bet)
Seat 5: suil4 folded before Flop (didn't bet)
Seat 6: Optimus_jark (button) folded before Flop (didn't bet)
Seat 8: adrian_fj96 (small blind) folded before Flop



PokerStars Hand #249072311026: Tournament #3714753588, €18+€2 EUR Hold'em No Limit - Level XV (1750/3500) - 2024/02/24 18:08:43 BRT [2024/02/24 16:08:43 ET]
Table '3714753588 45' 8-max Seat #8 is the button
Seat 1: MaitreMenator (105250 in chips) 
Seat 2: deiraisetonuts (21879 in chips) 
Seat 3: qpu3pykES (163901 in chips) 
Seat 4: Saliex73 (126408 in chips) 
Seat 5: suil4 (41450 in chips) 
Seat 6: Optimus_jark (85350 in chips) 
Seat 8: adrian_fj96 (61446 in chips) 
MaitreMenator: posts the ante 450
deiraisetonuts: posts the ante 450
qpu3pykES: posts the ante 450
Saliex73: posts the ante 450
suil4: posts the ante 450
Optimus_jark: posts the ante 450
adrian_fj96: posts the ante 450
MaitreMenator: posts small blind 1750
deiraisetonuts: posts big blind 3500
*** HOLE CARDS ***
Dealt to deiraisetonuts [Ac 5c]
qpu3pykES: folds 
Saliex73: folds 
suil4: folds 
Optimus_jark: folds 
adrian_fj96: raises 57496 to 60996 and is all-in
MaitreMenator: folds 
deiraisetonuts: calls 17929 and is all-in
Uncalled bet (39567) returned to adrian_fj96
*** FLOP *** [9s Jh Ah]
*** TURN *** [9s Jh Ah] [4h]
*** RIVER *** [9s Jh Ah 4h] [3c]
*** SHOW DOWN ***
deiraisetonuts: shows [Ac 5c] (a pair of Aces)
adrian_fj96: shows [As Jc] (two pair, Aces and Jacks)
adrian_fj96 collected 47758 from pot
deiraisetonuts finished the tournament
*** SUMMARY ***
Total pot 47758 | Rake 0 
Board [9s Jh Ah 4h 3c]
Seat 1: MaitreMenator (small blind) folded before Flop
Seat 2: deiraisetonuts (big blind) showed [Ac 5c] and lost with a pair of Aces
Seat 3: qpu3pykES folded before Flop (didn't bet)
Seat 4: Saliex73 folded before Flop (didn't bet)
Seat 5: suil4 folded before Flop (didn't bet)
Seat 6: Optimus_jark folded before Flop (didn't bet)
Seat 8: adrian_fj96 (button) showed [As Jc] and won (47758) with two pair, Aces and Jacks



PokerStars Hand #249072335596: Tournament #3714753588, €18+€2 EUR Hold'em No Limit - Level XV (1750/3500) - 2024/02/24 18:09:51 BRT [2024/02/24 16:09:51 ET]
Table '3714753588 32' 8-max Seat #3 is the button
Seat 1: BILL KA 1 (32328 in chips) 
Seat 2: ihate2much (69032 in chips) 
Seat 3: ertigeraje22 (60782 in chips) is sitting out
Seat 4: algab (146247 in chips) 
Seat 5: steal777god (245252 in chips) 
Seat 6: ChileanFresh (65125 in chips) 
Seat 7: deiraisetonuts (50000 in chips) 
Seat 8: vikash31 (75271 in chips) 
BILL KA 1: posts the ante 450
ihate2much: posts the ante 450
ertigeraje22: posts the ante 450
algab: posts the ante 450
steal777god: posts the ante 450
ChileanFresh: posts the ante 450
deiraisetonuts: posts the ante 450
vikash31: posts the ante 450
algab: posts small blind 1750
steal777god: posts big blind 3500
*** HOLE CARDS ***
Dealt to deiraisetonuts [Ah 8s]
ertigeraje22 has returned
ChileanFresh: folds 
deiraisetonuts: folds 
vikash31: raises 3500 to 7000
BILL KA 1: folds 
ihate2much: folds 
ertigeraje22: folds 
algab: folds 
steal777god: folds 
Uncalled bet (3500) returned to vikash31
vikash31 collected 12350 from pot
vikash31: doesn't show hand 
*** SUMMARY ***
Total pot 12350 | Rake 0 
Seat 1: BILL KA 1 folded before Flop (didn't bet)
Seat 2: ihate2much folded before Flop (didn't bet)
Seat 3: ertigeraje22 (button) folded before Flop (didn't bet)
Seat 4: algab (small blind) folded before Flop
Seat 5: steal777god (big blind) folded before Flop
Seat 6: ChileanFresh folded before Flop (didn't bet)
Seat 7: deiraisetonuts folded before Flop (didn't bet)
Seat 8: vikash31 collected (12350)



PokerStars Hand #249072344481: Tournament #3714753588, €18+€2 EUR Hold'em No Limit - Level XV (1750/3500) - 2024/02/24 18:10:15 BRT [2024/02/24 16:10:15 ET]
Table '3714753588 32' 8-max Seat #4 is the button
Seat 1: BILL KA 1 (31878 in chips) 
Seat 2: ihate2much (68582 in chips) 
Seat 3: ertigeraje22 (60332 in chips) 
Seat 4: algab (144047 in chips) 
Seat 5: steal777god (241302 in chips) 
Seat 6: ChileanFresh (64675 in chips) 
Seat 7: deiraisetonuts (49550 in chips) 
Seat 8: vikash31 (83671 in chips) 
BILL KA 1: posts the ante 450
ihate2much: posts the ante 450
ertigeraje22: posts the ante 450
algab: posts the ante 450
steal777god: posts the ante 450
ChileanFresh: posts the ante 450
deiraisetonuts: posts the ante 450
vikash31: posts the ante 450
steal777god: posts small blind 1750
ChileanFresh: posts big blind 3500
*** HOLE CARDS ***
Dealt to deiraisetonuts [8d Kh]
deiraisetonuts: folds 
vikash31: folds 
BILL KA 1: folds 
ihate2much: folds 
ertigeraje22: folds 
algab: folds 
steal777god: calls 1750
ChileanFresh: raises 7000 to 10500
steal777god: calls 7000
*** FLOP *** [Td Qh 2h]
steal777god: checks 
ChileanFresh: bets 4920
steal777god: folds 
Uncalled bet (4920) returned to ChileanFresh
ChileanFresh collected 24600 from pot
ChileanFresh: doesn't show hand 
*** SUMMARY ***
Total pot 24600 | Rake 0 
Board [Td Qh 2h]
Seat 1: BILL KA 1 folded before Flop (didn't bet)
Seat 2: ihate2much folded before Flop (didn't bet)
Seat 3: ertigeraje22 folded before Flop (didn't bet)
Seat 4: algab (button) folded before Flop (didn't bet)
Seat 5: steal777god (small blind) folded on the Flop
Seat 6: ChileanFresh (big blind) collected (24600)
Seat 7: deiraisetonuts folded before Flop (didn't bet)
Seat 8: vikash31 folded before Flop (didn't bet)



PokerStars Hand #249072369459: Tournament #3714753588, €18+€2 EUR Hold'em No Limit - Level XV (1750/3500) - 2024/02/24 18:11:24 BRT [2024/02/24 16:11:24 ET]
Table '3714753588 32' 8-max Seat #5 is the button
Seat 1: BILL KA 1 (31428 in chips) 
Seat 2: ihate2much (68132 in chips) 
Seat 3: ertigeraje22 (59882 in chips) 
Seat 4: algab (143597 in chips) 
Seat 5: steal777god (230352 in chips) 
Seat 6: ChileanFresh (78325 in chips) 
Seat 7: deiraisetonuts (49100 in chips) 
Seat 8: vikash31 (83221 in chips) 
BILL KA 1: posts the ante 450
ihate2much: posts the ante 450
ertigeraje22: posts the ante 450
algab: posts the ante 450
steal777god: posts the ante 450
ChileanFresh: posts the ante 450
deiraisetonuts: posts the ante 450
vikash31: posts the ante 450
ChileanFresh: posts small blind 1750
deiraisetonuts: posts big blind 3500
*** HOLE CARDS ***
Dealt to deiraisetonuts [7s Kd]
vikash31: folds 
BILL KA 1: folds 
ihate2much: folds 
ertigeraje22: folds 
algab: folds 
steal777god: raises 3500 to 7000
ChileanFresh: folds 
deiraisetonuts: calls 3500
*** FLOP *** [Ah Kc 9c]
deiraisetonuts: checks 
steal777god: bets 3500
deiraisetonuts: calls 3500
*** TURN *** [Ah Kc 9c] [Td]
deiraisetonuts: checks 
steal777god: bets 10500
deiraisetonuts: calls 10500
*** RIVER *** [Ah Kc 9c Td] [2h]
deiraisetonuts: checks 
steal777god: bets 31500
deiraisetonuts: calls 27650 and is all-in
Uncalled bet (3850) returned to steal777god
*** SHOW DOWN ***
steal777god: shows [Ac 8h] (a pair of Aces)
deiraisetonuts: shows [7s Kd] (a pair of Kings)
steal777god collected 102650 from pot
deiraisetonuts finished the tournament
*** SUMMARY ***
Total pot 102650 | Rake 0 
Board [Ah Kc 9c Td 2h]
Seat 1: BILL KA 1 folded before Flop (didn't bet)
Seat 2: ihate2much folded before Flop (didn't bet)
Seat 3: ertigeraje22 folded before Flop (didn't bet)
Seat 4: algab folded before Flop (didn't bet)
Seat 5: steal777god (button) showed [Ac 8h] and won (102650) with a pair of Aces
Seat 6: ChileanFresh (small blind) folded before Flop
Seat 7: deiraisetonuts (big blind) showed [7s Kd] and lost with a pair of Kings
Seat 8: vikash31 folded before Flop (didn't bet)



PokerStars Hand #249072439555: Tournament #3714753588, €18+€2 EUR Hold'em No Limit - Level XVI (2000/4000) - 2024/02/24 18:14:38 BRT [2024/02/24 16:14:38 ET]
Table '3714753588 49' 8-max Seat #2 is the button
Seat 1: EVeha007 (202679 in chips) 
Seat 2: 55-Hugo FCF (83358 in chips) 
Seat 3: Kajoteiro (36393 in chips) 
Seat 4: GamblerLT1 (137828 in chips) 
Seat 5: Tegenaria97 (146683 in chips) 
Seat 6: mm779 (42021 in chips) 
Seat 7: Kikekss (110454 in chips) 
Seat 8: deiraisetonuts (50000 in chips) 
EVeha007: posts the ante 500
55-Hugo FCF: posts the ante 500
Kajoteiro: posts the ante 500
GamblerLT1: posts the ante 500
Tegenaria97: posts the ante 500
mm779: posts the ante 500
Kikekss: posts the ante 500
deiraisetonuts: posts the ante 500
Kajoteiro: posts small blind 2000
GamblerLT1: posts big blind 4000
*** HOLE CARDS ***
Dealt to deiraisetonuts [5h Qh]
Tegenaria97: folds 
mm779: raises 37521 to 41521 and is all-in
Kikekss: folds 
deiraisetonuts: folds 
EVeha007: folds 
55-Hugo FCF: folds 
Kajoteiro: folds 
GamblerLT1: folds 
Uncalled bet (37521) returned to mm779
mm779 collected 14000 from pot
mm779: doesn't show hand 
*** SUMMARY ***
Total pot 14000 | Rake 0 
Seat 1: EVeha007 folded before Flop (didn't bet)
Seat 2: 55-Hugo FCF (button) folded before Flop (didn't bet)
Seat 3: Kajoteiro (small blind) folded before Flop
Seat 4: GamblerLT1 (big blind) folded before Flop
Seat 5: Tegenaria97 folded before Flop (didn't bet)
Seat 6: mm779 collected (14000)
Seat 7: Kikekss folded before Flop (didn't bet)
Seat 8: deiraisetonuts folded before Flop (didn't bet)



PokerStars Hand #249072456860: Tournament #3714753588, €18+€2 EUR Hold'em No Limit - Level XVI (2000/4000) - 2024/02/24 18:15:26 BRT [2024/02/24 16:15:26 ET]
Table '3714753588 49' 8-max Seat #3 is the button
Seat 1: EVeha007 (202179 in chips) 
Seat 2: 55-Hugo FCF (82858 in chips) 
Seat 3: Kajoteiro (33893 in chips) 
Seat 4: GamblerLT1 (133328 in chips) 
Seat 5: Tegenaria97 (146183 in chips) 
Seat 6: mm779 (51521 in chips) 
Seat 7: Kikekss (109954 in chips) 
Seat 8: deiraisetonuts (49500 in chips) 
EVeha007: posts the ante 500
55-Hugo FCF: posts the ante 500
Kajoteiro: posts the ante 500
GamblerLT1: posts the ante 500
Tegenaria97: posts the ante 500
mm779: posts the ante 500
Kikekss: posts the ante 500
deiraisetonuts: posts the ante 500
GamblerLT1: posts small blind 2000
Tegenaria97: posts big blind 4000
*** HOLE CARDS ***
Dealt to deiraisetonuts [5d Td]
mm779: folds 
Kikekss: folds 
deiraisetonuts: folds 
EVeha007: folds 
55-Hugo FCF: raises 4000 to 8000
Kajoteiro: folds 
GamblerLT1: raises 124828 to 132828 and is all-in
Tegenaria97: folds 
55-Hugo FCF: folds 
Uncalled bet (124828) returned to GamblerLT1
GamblerLT1 collected 24000 from pot
GamblerLT1: doesn't show hand 
*** SUMMARY ***
Total pot 24000 | Rake 0 
Seat 1: EVeha007 folded before Flop (didn't bet)
Seat 2: 55-Hugo FCF folded before Flop
Seat 3: Kajoteiro (button) folded before Flop (didn't bet)
Seat 4: GamblerLT1 (small blind) collected (24000)
Seat 5: Tegenaria97 (big blind) folded before Flop
Seat 6: mm779 folded before Flop (didn't bet)
Seat 7: Kikekss folded before Flop (didn't bet)
Seat 8: deiraisetonuts folded before Flop (didn't bet)



PokerStars Hand #249072482002: Tournament #3714753588, €18+€2 EUR Hold'em No Limit - Level XVI (2000/4000) - 2024/02/24 18:16:36 BRT [2024/02/24 16:16:36 ET]
Table '3714753588 49' 8-max Seat #4 is the button
Seat 1: EVeha007 (201679 in chips) 
Seat 2: 55-Hugo FCF (74358 in chips) 
Seat 3: Kajoteiro (33393 in chips) 
Seat 4: GamblerLT1 (148828 in chips) 
Seat 5: Tegenaria97 (141683 in chips) 
Seat 6: mm779 (51021 in chips) 
Seat 7: Kikekss (109454 in chips) 
Seat 8: deiraisetonuts (49000 in chips) 
EVeha007: posts the ante 500
55-Hugo FCF: posts the ante 500
Kajoteiro: posts the ante 500
GamblerLT1: posts the ante 500
Tegenaria97: posts the ante 500
mm779: posts the ante 500
Kikekss: posts the ante 500
deiraisetonuts: posts the ante 500
Tegenaria97: posts small blind 2000
mm779: posts big blind 4000
*** HOLE CARDS ***
Dealt to deiraisetonuts [Ad 2d]
Kikekss: folds 
deiraisetonuts: folds 
EVeha007: folds 
55-Hugo FCF: folds 
Kajoteiro: raises 28893 to 32893 and is all-in
GamblerLT1: folds 
Tegenaria97: folds 
mm779: folds 
Uncalled bet (28893) returned to Kajoteiro
Kajoteiro collected 14000 from pot
Kajoteiro: doesn't show hand 
*** SUMMARY ***
Total pot 14000 | Rake 0 
Seat 1: EVeha007 folded before Flop (didn't bet)
Seat 2: 55-Hugo FCF folded before Flop (didn't bet)
Seat 3: Kajoteiro collected (14000)
Seat 4: GamblerLT1 (button) folded before Flop (didn't bet)
Seat 5: Tegenaria97 (small blind) folded before Flop
Seat 6: mm779 (big blind) folded before Flop
Seat 7: Kikekss folded before Flop (didn't bet)
Seat 8: deiraisetonuts folded before Flop (didn't bet)



PokerStars Hand #249072494031: Tournament #3714753588, €18+€2 EUR Hold'em No Limit - Level XVI (2000/4000) - 2024/02/24 18:17:10 BRT [2024/02/24 16:17:10 ET]
Table '3714753588 49' 8-max Seat #5 is the button
Seat 1: EVeha007 (201179 in chips) 
Seat 2: 55-Hugo FCF (73858 in chips) 
Seat 3: Kajoteiro (42893 in chips) 
Seat 4: GamblerLT1 (148328 in chips) 
Seat 5: Tegenaria97 (139183 in chips) 
Seat 6: mm779 (46521 in chips) 
Seat 7: Kikekss (108954 in chips) 
Seat 8: deiraisetonuts (48500 in chips) 
EVeha007: posts the ante 500
55-Hugo FCF: posts the ante 500
Kajoteiro: posts the ante 500
GamblerLT1: posts the ante 500
Tegenaria97: posts the ante 500
mm779: posts the ante 500
Kikekss: posts the ante 500
deiraisetonuts: posts the ante 500
mm779: posts small blind 2000
Kikekss: posts big blind 4000
*** HOLE CARDS ***
Dealt to deiraisetonuts [Jd 8h]
deiraisetonuts: folds 
EVeha007: folds 
55-Hugo FCF: folds 
Kajoteiro: folds 
GamblerLT1: folds 
Tegenaria97: raises 4000 to 8000
mm779: folds 
Kikekss: folds 
Uncalled bet (4000) returned to Tegenaria97
Tegenaria97 collected 14000 from pot
*** SUMMARY ***
Total pot 14000 | Rake 0 
Seat 1: EVeha007 folded before Flop (didn't bet)
Seat 2: 55-Hugo FCF folded before Flop (didn't bet)
Seat 3: Kajoteiro folded before Flop (didn't bet)
Seat 4: GamblerLT1 folded before Flop (didn't bet)
Seat 5: Tegenaria97 (button) collected (14000)
Seat 6: mm779 (small blind) folded before Flop
Seat 7: Kikekss (big blind) folded before Flop
Seat 8: deiraisetonuts folded before Flop (didn't bet)



PokerStars Hand #249072506465: Tournament #3714753588, €18+€2 EUR Hold'em No Limit - Level XVI (2000/4000) - 2024/02/24 18:17:45 BRT [2024/02/24 16:17:45 ET]
Table '3714753588 49' 8-max Seat #6 is the button
Seat 1: EVeha007 (200679 in chips) 
Seat 2: 55-Hugo FCF (73358 in chips) 
Seat 3: Kajoteiro (42393 in chips) 
Seat 4: GamblerLT1 (147828 in chips) 
Seat 5: Tegenaria97 (148683 in chips) 
Seat 6: mm779 (44021 in chips) 
Seat 7: Kikekss (104454 in chips) 
Seat 8: deiraisetonuts (48000 in chips) 
EVeha007: posts the ante 500
55-Hugo FCF: posts the ante 500
Kajoteiro: posts the ante 500
GamblerLT1: posts the ante 500
Tegenaria97: posts the ante 500
mm779: posts the ante 500
Kikekss: posts the ante 500
deiraisetonuts: posts the ante 500
Kikekss: posts small blind 2000
deiraisetonuts: posts big blind 4000
*** HOLE CARDS ***
Dealt to deiraisetonuts [Tc 6s]
EVeha007: raises 4000 to 8000
55-Hugo FCF: folds 
Kajoteiro: folds 
GamblerLT1: raises 16000 to 24000
Tegenaria97: folds 
mm779: folds 
Kikekss: folds 
deiraisetonuts: folds 
EVeha007: folds 
Uncalled bet (16000) returned to GamblerLT1
GamblerLT1 collected 26000 from pot
GamblerLT1: doesn't show hand 
*** SUMMARY ***
Total pot 26000 | Rake 0 
Seat 1: EVeha007 folded before Flop
Seat 2: 55-Hugo FCF folded before Flop (didn't bet)
Seat 3: Kajoteiro folded before Flop (didn't bet)
Seat 4: GamblerLT1 collected (26000)
Seat 5: Tegenaria97 folded before Flop (didn't bet)
Seat 6: mm779 (button) folded before Flop (didn't bet)
Seat 7: Kikekss (small blind) folded before Flop
Seat 8: deiraisetonuts (big blind) folded before Flop



PokerStars Hand #249072525227: Tournament #3714753588, €18+€2 EUR Hold'em No Limit - Level XVI (2000/4000) - 2024/02/24 18:18:37 BRT [2024/02/24 16:18:37 ET]
Table '3714753588 49' 8-max Seat #7 is the button
Seat 1: EVeha007 (192179 in chips) 
Seat 2: 55-Hugo FCF (72858 in chips) 
Seat 3: Kajoteiro (41893 in chips) 
Seat 4: GamblerLT1 (165328 in chips) 
Seat 5: Tegenaria97 (148183 in chips) 
Seat 6: mm779 (43521 in chips) 
Seat 7: Kikekss (101954 in chips) 
Seat 8: deiraisetonuts (43500 in chips) 
EVeha007: posts the ante 500
55-Hugo FCF: posts the ante 500
Kajoteiro: posts the ante 500
GamblerLT1: posts the ante 500
Tegenaria97: posts the ante 500
mm779: posts the ante 500
Kikekss: posts the ante 500
deiraisetonuts: posts the ante 500
deiraisetonuts: posts small blind 2000
EVeha007: posts big blind 4000
*** HOLE CARDS ***
Dealt to deiraisetonuts [8s 7d]
55-Hugo FCF: raises 4000 to 8000
Kajoteiro: folds 
GamblerLT1: folds 
Tegenaria97: folds 
mm779: folds 
Kikekss: folds 
deiraisetonuts: folds 
EVeha007: calls 4000
*** FLOP *** [6c Jc 8d]
EVeha007: checks 
55-Hugo FCF: bets 6400
EVeha007: calls 6400
*** TURN *** [6c Jc 8d] [Th]
EVeha007: checks 
55-Hugo FCF: checks 
*** RIVER *** [6c Jc 8d Th] [2h]
EVeha007: bets 22968
55-Hugo FCF: calls 22968
*** SHOW DOWN ***
EVeha007: shows [Jd Ac] (a pair of Jacks)
55-Hugo FCF: mucks hand 
EVeha007 collected 80736 from pot
*** SUMMARY ***
Total pot 80736 | Rake 0 
Board [6c Jc 8d Th 2h]
Seat 1: EVeha007 (big blind) showed [Jd Ac] and won (80736) with a pair of Jacks
Seat 2: 55-Hugo FCF mucked [Ks Ts]
Seat 3: Kajoteiro folded before Flop (didn't bet)
Seat 4: GamblerLT1 folded before Flop (didn't bet)
Seat 5: Tegenaria97 folded before Flop (didn't bet)
Seat 6: mm779 folded before Flop (didn't bet)
Seat 7: Kikekss (button) folded before Flop (didn't bet)
Seat 8: deiraisetonuts (small blind) folded before Flop



PokerStars Hand #249072551891: Tournament #3714753588, €18+€2 EUR Hold'em No Limit - Level XVI (2000/4000) - 2024/02/24 18:19:51 BRT [2024/02/24 16:19:51 ET]
Table '3714753588 49' 8-max Seat #8 is the button
Seat 1: EVeha007 (235047 in chips) 
Seat 2: 55-Hugo FCF (34990 in chips) 
Seat 3: Kajoteiro (41393 in chips) 
Seat 4: GamblerLT1 (164828 in chips) 
Seat 5: Tegenaria97 (147683 in chips) 
Seat 6: mm779 (43021 in chips) 
Seat 7: Kikekss (101454 in chips) 
Seat 8: deiraisetonuts (41000 in chips) 
EVeha007: posts the ante 500
55-Hugo FCF: posts the ante 500
Kajoteiro: posts the ante 500
GamblerLT1: posts the ante 500
Tegenaria97: posts the ante 500
mm779: posts the ante 500
Kikekss: posts the ante 500
deiraisetonuts: posts the ante 500
EVeha007: posts small blind 2000
55-Hugo FCF: posts big blind 4000
*** HOLE CARDS ***
Dealt to deiraisetonuts [8s 3s]
Kajoteiro: folds 
GamblerLT1: raises 4800 to 8800
Tegenaria97: folds 
mm779: folds 
Kikekss: folds 
deiraisetonuts: folds 
EVeha007: folds 
55-Hugo FCF: folds 
Uncalled bet (4800) returned to GamblerLT1
GamblerLT1 collected 14000 from pot
GamblerLT1: doesn't show hand 
*** SUMMARY ***
Total pot 14000 | Rake 0 
Seat 1: EVeha007 (small blind) folded before Flop
Seat 2: 55-Hugo FCF (big blind) folded before Flop
Seat 3: Kajoteiro folded before Flop (didn't bet)
Seat 4: GamblerLT1 collected (14000)
Seat 5: Tegenaria97 folded before Flop (didn't bet)
Seat 6: mm779 folded before Flop (didn't bet)
Seat 7: Kikekss folded before Flop (didn't bet)
Seat 8: deiraisetonuts (button) folded before Flop (didn't bet)



PokerStars Hand #249072564376: Tournament #3714753588, €18+€2 EUR Hold'em No Limit - Level XVI (2000/4000) - 2024/02/24 18:20:25 BRT [2024/02/24 16:20:25 ET]
Table '3714753588 49' 8-max Seat #1 is the button
Seat 1: EVeha007 (232547 in chips) 
Seat 2: 55-Hugo FCF (30490 in chips) 
Seat 3: Kajoteiro (40893 in chips) 
Seat 4: GamblerLT1 (174328 in chips) 
Seat 5: Tegenaria97 (147183 in chips) 
Seat 6: mm779 (42521 in chips) 
Seat 7: Kikekss (100954 in chips) 
Seat 8: deiraisetonuts (40500 in chips) 
EVeha007: posts the ante 500
55-Hugo FCF: posts the ante 500
Kajoteiro: posts the ante 500
GamblerLT1: posts the ante 500
Tegenaria97: posts the ante 500
mm779: posts the ante 500
Kikekss: posts the ante 500
deiraisetonuts: posts the ante 500
55-Hugo FCF: posts small blind 2000
Kajoteiro: posts big blind 4000
*** HOLE CARDS ***
Dealt to deiraisetonuts [Jc 9d]
GamblerLT1: folds 
Tegenaria97: raises 4000 to 8000
mm779: raises 34021 to 42021 and is all-in
Kikekss: calls 42021
deiraisetonuts: folds 
EVeha007: folds 
55-Hugo FCF: folds 
Kajoteiro: folds 
Tegenaria97: folds 
*** FLOP *** [Td 4d 5s]
*** TURN *** [Td 4d 5s] [Qc]
*** RIVER *** [Td 4d 5s Qc] [6h]
*** SHOW DOWN ***
mm779: shows [Js Jd] (a pair of Jacks)
Kikekss: shows [Ad Ah] (a pair of Aces)
Kikekss collected 102042 from pot
mm779 finished the tournament
*** SUMMARY ***
Total pot 102042 | Rake 0 
Board [Td 4d 5s Qc 6h]
Seat 1: EVeha007 (button) folded before Flop (didn't bet)
Seat 2: 55-Hugo FCF (small blind) folded before Flop
Seat 3: Kajoteiro (big blind) folded before Flop
Seat 4: GamblerLT1 folded before Flop (didn't bet)
Seat 5: Tegenaria97 folded before Flop
Seat 6: mm779 showed [Js Jd] and lost with a pair of Jacks
Seat 7: Kikekss showed [Ad Ah] and won (102042) with a pair of Aces
Seat 8: deiraisetonuts folded before Flop (didn't bet)



PokerStars Hand #249072592764: Tournament #3714753588, €18+€2 EUR Hold'em No Limit - Level XVI (2000/4000) - 2024/02/24 18:21:44 BRT [2024/02/24 16:21:44 ET]
Table '3714753588 49' 8-max Seat #2 is the button
Seat 1: EVeha007 (232047 in chips) 
Seat 2: 55-Hugo FCF (27990 in chips) 
Seat 3: Kajoteiro (36393 in chips) 
Seat 4: GamblerLT1 (173828 in chips) 
Seat 5: Tegenaria97 (138683 in chips) 
Seat 7: Kikekss (160475 in chips) 
Seat 8: deiraisetonuts (40000 in chips) 
EVeha007: posts the ante 500
55-Hugo FCF: posts the ante 500
Kajoteiro: posts the ante 500
GamblerLT1: posts the ante 500
Tegenaria97: posts the ante 500
Kikekss: posts the ante 500
deiraisetonuts: posts the ante 500
Kajoteiro: posts small blind 2000
GamblerLT1: posts big blind 4000
*** HOLE CARDS ***
Dealt to deiraisetonuts [9s 2s]
Tegenaria97: folds 
Kikekss: raises 4000 to 8000
deiraisetonuts: folds 
EVeha007: folds 
55-Hugo FCF: folds 
Kajoteiro: folds 
GamblerLT1: folds 
Uncalled bet (4000) returned to Kikekss
Kikekss collected 13500 from pot
Kikekss: doesn't show hand 
*** SUMMARY ***
Total pot 13500 | Rake 0 
Seat 1: EVeha007 folded before Flop (didn't bet)
Seat 2: 55-Hugo FCF (button) folded before Flop (didn't bet)
Seat 3: Kajoteiro (small blind) folded before Flop
Seat 4: GamblerLT1 (big blind) folded before Flop
Seat 5: Tegenaria97 folded before Flop (didn't bet)
Seat 7: Kikekss collected (13500)
Seat 8: deiraisetonuts folded before Flop (didn't bet)



PokerStars Hand #249072606466: Tournament #3714753588, €18+€2 EUR Hold'em No Limit - Level XVII (2500/5000) - 2024/02/24 18:22:22 BRT [2024/02/24 16:22:22 ET]
Table '3714753588 49' 8-max Seat #3 is the button
Seat 1: EVeha007 (231547 in chips) 
Seat 2: 55-Hugo FCF (27490 in chips) 
Seat 3: Kajoteiro (33893 in chips) 
Seat 4: GamblerLT1 (169328 in chips) 
Seat 5: Tegenaria97 (138183 in chips) 
Seat 7: Kikekss (169475 in chips) 
Seat 8: deiraisetonuts (39500 in chips) 
EVeha007: posts the ante 625
55-Hugo FCF: posts the ante 625
Kajoteiro: posts the ante 625
GamblerLT1: posts the ante 625
Tegenaria97: posts the ante 625
Kikekss: posts the ante 625
deiraisetonuts: posts the ante 625
GamblerLT1: posts small blind 2500
Tegenaria97: posts big blind 5000
*** HOLE CARDS ***
Dealt to deiraisetonuts [Td 7s]
Kikekss: folds 
deiraisetonuts: folds 
EVeha007: folds 
55-Hugo FCF: folds 
Kajoteiro: folds 
GamblerLT1: raises 10000 to 15000
Tegenaria97: raises 25000 to 40000
DavidsonPqdt is disconnected 
GamblerLT1: raises 128703 to 168703 and is all-in
Tegenaria97: folds 
Uncalled bet (128703) returned to GamblerLT1
GamblerLT1 collected 84375 from pot
GamblerLT1: doesn't show hand 
*** SUMMARY ***
Total pot 84375 | Rake 0 
Seat 1: EVeha007 folded before Flop (didn't bet)
Seat 2: 55-Hugo FCF folded before Flop (didn't bet)
Seat 3: Kajoteiro (button) folded before Flop (didn't bet)
Seat 4: GamblerLT1 (small blind) collected (84375)
Seat 5: Tegenaria97 (big blind) folded before Flop
Seat 7: Kikekss folded before Flop (didn't bet)
Seat 8: deiraisetonuts folded before Flop (didn't bet)



PokerStars Hand #249072622211: Tournament #3714753588, €18+€2 EUR Hold'em No Limit - Level XVII (2500/5000) - 2024/02/24 18:23:06 BRT [2024/02/24 16:23:06 ET]
Table '3714753588 49' 8-max Seat #4 is the button
Seat 1: EVeha007 (230922 in chips) 
Seat 2: 55-Hugo FCF (26865 in chips) 
Seat 3: Kajoteiro (33268 in chips) 
Seat 4: GamblerLT1 (213078 in chips) 
Seat 5: Tegenaria97 (97558 in chips) 
Seat 6: DavidsonPqdt (230459 in chips) 
Seat 7: Kikekss (168850 in chips) 
Seat 8: deiraisetonuts (38875 in chips) 
EVeha007: posts the ante 625
55-Hugo FCF: posts the ante 625
Kajoteiro: posts the ante 625
GamblerLT1: posts the ante 625
Tegenaria97: posts the ante 625
DavidsonPqdt: posts the ante 625
Kikekss: posts the ante 625
deiraisetonuts: posts the ante 625
Tegenaria97: posts small blind 2500
DavidsonPqdt: posts big blind 5000
*** HOLE CARDS ***
Dealt to deiraisetonuts [4c 9c]
Kikekss: folds 
deiraisetonuts: folds 
EVeha007: raises 5000 to 10000
55-Hugo FCF: folds 
Kajoteiro: raises 22643 to 32643 and is all-in
GamblerLT1: folds 
Tegenaria97: folds 
DavidsonPqdt: folds 
EVeha007: calls 22643
*** FLOP *** [Qh 9h 9d]
*** TURN *** [Qh 9h 9d] [2s]
*** RIVER *** [Qh 9h 9d 2s] [Ks]
*** SHOW DOWN ***
EVeha007: shows [6h 6s] (two pair, Nines and Sixes)
Kajoteiro: shows [Jh Jd] (two pair, Jacks and Nines)
Kajoteiro collected 77786 from pot
*** SUMMARY ***
Total pot 77786 | Rake 0 
Board [Qh 9h 9d 2s Ks]
Seat 1: EVeha007 showed [6h 6s] and lost with two pair, Nines and Sixes
Seat 2: 55-Hugo FCF folded before Flop (didn't bet)
Seat 3: Kajoteiro showed [Jh Jd] and won (77786) with two pair, Jacks and Nines
Seat 4: GamblerLT1 (button) folded before Flop (didn't bet)
Seat 5: Tegenaria97 (small blind) folded before Flop
Seat 6: DavidsonPqdt (big blind) folded before Flop
Seat 7: Kikekss folded before Flop (didn't bet)
Seat 8: deiraisetonuts folded before Flop (didn't bet)



PokerStars Hand #249072636342: Tournament #3714753588, €18+€2 EUR Hold'em No Limit - Level XVII (2500/5000) - 2024/02/24 18:23:45 BRT [2024/02/24 16:23:45 ET]
Table '3714753588 49' 8-max Seat #5 is the button
Seat 1: EVeha007 (197654 in chips) 
Seat 2: 55-Hugo FCF (26240 in chips) 
Seat 3: Kajoteiro (77786 in chips) 
Seat 4: GamblerLT1 (212453 in chips) 
Seat 5: Tegenaria97 (94433 in chips) 
Seat 6: DavidsonPqdt (224834 in chips) 
Seat 7: Kikekss (168225 in chips) 
Seat 8: deiraisetonuts (38250 in chips) 
EVeha007: posts the ante 625
55-Hugo FCF: posts the ante 625
Kajoteiro: posts the ante 625
GamblerLT1: posts the ante 625
Tegenaria97: posts the ante 625
DavidsonPqdt: posts the ante 625
Kikekss: posts the ante 625
deiraisetonuts: posts the ante 625
DavidsonPqdt: posts small blind 2500
Kikekss: posts big blind 5000
*** HOLE CARDS ***
Dealt to deiraisetonuts [Th 6d]
deiraisetonuts: folds 
EVeha007: raises 5000 to 10000
55-Hugo FCF: folds 
Kajoteiro: raises 67161 to 77161 and is all-in
GamblerLT1: folds 
Tegenaria97: folds 
DavidsonPqdt: folds 
Kikekss: folds 
EVeha007: calls 67161
*** FLOP *** [5c Kh 4s]
*** TURN *** [5c Kh 4s] [Qh]
*** RIVER *** [5c Kh 4s Qh] [9h]
*** SHOW DOWN ***
EVeha007: shows [Js Jc] (a pair of Jacks)
Kajoteiro: shows [Ah Kd] (a pair of Kings)
Kajoteiro collected 166822 from pot
*** SUMMARY ***
Total pot 166822 | Rake 0 
Board [5c Kh 4s Qh 9h]
Seat 1: EVeha007 showed [Js Jc] and lost with a pair of Jacks
Seat 2: 55-Hugo FCF folded before Flop (didn't bet)
Seat 3: Kajoteiro showed [Ah Kd] and won (166822) with a pair of Kings
Seat 4: GamblerLT1 folded before Flop (didn't bet)
Seat 5: Tegenaria97 (button) folded before Flop (didn't bet)
Seat 6: DavidsonPqdt (small blind) folded before Flop
Seat 7: Kikekss (big blind) folded before Flop
Seat 8: deiraisetonuts folded before Flop (didn't bet)



PokerStars Hand #249072650719: Tournament #3714753588, €18+€2 EUR Hold'em No Limit - Level XVII (2500/5000) - 2024/02/24 18:24:24 BRT [2024/02/24 16:24:24 ET]
Table '3714753588 49' 8-max Seat #6 is the button
Seat 1: EVeha007 (119868 in chips) 
Seat 2: 55-Hugo FCF (25615 in chips) 
Seat 3: Kajoteiro (166822 in chips) 
Seat 4: GamblerLT1 (211828 in chips) 
Seat 5: Tegenaria97 (93808 in chips) 
Seat 6: DavidsonPqdt (221709 in chips) 
Seat 7: Kikekss (162600 in chips) 
Seat 8: deiraisetonuts (37625 in chips) 
EVeha007: posts the ante 625
55-Hugo FCF: posts the ante 625
Kajoteiro: posts the ante 625
GamblerLT1: posts the ante 625
Tegenaria97: posts the ante 625
DavidsonPqdt: posts the ante 625
Kikekss: posts the ante 625
deiraisetonuts: posts the ante 625
Kikekss: posts small blind 2500
deiraisetonuts: posts big blind 5000
*** HOLE CARDS ***
Dealt to deiraisetonuts [4s 5c]
EVeha007: folds 
55-Hugo FCF: folds 
Kajoteiro: folds 
GamblerLT1: folds 
Tegenaria97: raises 88183 to 93183 and is all-in
DavidsonPqdt: raises 127901 to 221084 and is all-in
Kikekss: folds 
deiraisetonuts: folds 
Uncalled bet (127901) returned to DavidsonPqdt
*** FLOP *** [3c 2h 9c]
*** TURN *** [3c 2h 9c] [Jd]
*** RIVER *** [3c 2h 9c Jd] [7d]
*** SHOW DOWN ***
Tegenaria97: shows [Js Ts] (a pair of Jacks)
DavidsonPqdt: shows [Ah Qh] (high card Ace)
Tegenaria97 collected 198866 from pot
*** SUMMARY ***
Total pot 198866 | Rake 0 
Board [3c 2h 9c Jd 7d]
Seat 1: EVeha007 folded before Flop (didn't bet)
Seat 2: 55-Hugo FCF folded before Flop (didn't bet)
Seat 3: Kajoteiro folded before Flop (didn't bet)
Seat 4: GamblerLT1 folded before Flop (didn't bet)
Seat 5: Tegenaria97 showed [Js Ts] and won (198866) with a pair of Jacks
Seat 6: DavidsonPqdt (button) showed [Ah Qh] and lost with high card Ace
Seat 7: Kikekss (small blind) folded before Flop
Seat 8: deiraisetonuts (big blind) folded before Flop



PokerStars Hand #249072666869: Tournament #3714753588, €18+€2 EUR Hold'em No Limit - Level XVII (2500/5000) - 2024/02/24 18:25:09 BRT [2024/02/24 16:25:09 ET]
Table '3714753588 49' 8-max Seat #7 is the button
Seat 1: EVeha007 (119243 in chips) 
Seat 2: 55-Hugo FCF (24990 in chips) 
Seat 3: Kajoteiro (166197 in chips) 
Seat 4: GamblerLT1 (211203 in chips) 
Seat 5: Tegenaria97 (198866 in chips) 
Seat 6: DavidsonPqdt (127901 in chips) 
Seat 7: Kikekss (159475 in chips) 
Seat 8: deiraisetonuts (32000 in chips) 
EVeha007: posts the ante 625
55-Hugo FCF: posts the ante 625
Kajoteiro: posts the ante 625
GamblerLT1: posts the ante 625
Tegenaria97: posts the ante 625
DavidsonPqdt: posts the ante 625
Kikekss: posts the ante 625
deiraisetonuts: posts the ante 625
deiraisetonuts: posts small blind 2500
EVeha007: posts big blind 5000
*** HOLE CARDS ***
Dealt to deiraisetonuts [2d 5d]
55-Hugo FCF: folds 
Kajoteiro: folds 
GamblerLT1: folds 
Tegenaria97: raises 8850 to 13850
DavidsonPqdt: folds 
Kikekss: folds 
deiraisetonuts: folds 
EVeha007: calls 8850
*** FLOP *** [2s 3d 8s]
EVeha007: checks 
Tegenaria97: bets 12600
EVeha007: folds 
Uncalled bet (12600) returned to Tegenaria97
Tegenaria97 collected 35200 from pot
Tegenaria97: doesn't show hand 
*** SUMMARY ***
Total pot 35200 | Rake 0 
Board [2s 3d 8s]
Seat 1: EVeha007 (big blind) folded on the Flop
Seat 2: 55-Hugo FCF folded before Flop (didn't bet)
Seat 3: Kajoteiro folded before Flop (didn't bet)
Seat 4: GamblerLT1 folded before Flop (didn't bet)
Seat 5: Tegenaria97 collected (35200)
Seat 6: DavidsonPqdt folded before Flop (didn't bet)
Seat 7: Kikekss (button) folded before Flop (didn't bet)
Seat 8: deiraisetonuts (small blind) folded before Flop



PokerStars Hand #249072684471: Tournament #3714753588, €18+€2 EUR Hold'em No Limit - Level XVII (2500/5000) - 2024/02/24 18:25:57 BRT [2024/02/24 16:25:57 ET]
Table '3714753588 49' 8-max Seat #8 is the button
Seat 1: EVeha007 (104768 in chips) 
Seat 2: 55-Hugo FCF (24365 in chips) 
Seat 3: Kajoteiro (165572 in chips) 
Seat 4: GamblerLT1 (210578 in chips) 
Seat 5: Tegenaria97 (219591 in chips) 
Seat 6: DavidsonPqdt (127276 in chips) 
Seat 7: Kikekss (158850 in chips) 
Seat 8: deiraisetonuts (28875 in chips) 
EVeha007: posts the ante 625
55-Hugo FCF: posts the ante 625
Kajoteiro: posts the ante 625
GamblerLT1: posts the ante 625
Tegenaria97: posts the ante 625
DavidsonPqdt: posts the ante 625
Kikekss: posts the ante 625
deiraisetonuts: posts the ante 625
EVeha007: posts small blind 2500
55-Hugo FCF: posts big blind 5000
*** HOLE CARDS ***
Dealt to deiraisetonuts [Qh 7s]
Kajoteiro: folds 
GamblerLT1: folds 
Tegenaria97: folds 
DavidsonPqdt: folds 
Kikekss: folds 
deiraisetonuts: folds 
EVeha007: raises 99143 to 104143 and is all-in
55-Hugo FCF: calls 18740 and is all-in
Uncalled bet (80403) returned to EVeha007
*** FLOP *** [5d 4d Qd]
*** TURN *** [5d 4d Qd] [8s]
*** RIVER *** [5d 4d Qd 8s] [3h]
*** SHOW DOWN ***
EVeha007: shows [6h 7h] (a straight, Four to Eight)
55-Hugo FCF: shows [8c Tc] (a pair of Eights)
EVeha007 collected 52480 from pot
55-Hugo FCF finished the tournament in 280th place
*** SUMMARY ***
Total pot 52480 | Rake 0 
Board [5d 4d Qd 8s 3h]
Seat 1: EVeha007 (small blind) showed [6h 7h] and won (52480) with a straight, Four to Eight
Seat 2: 55-Hugo FCF (big blind) showed [8c Tc] and lost with a pair of Eights
Seat 3: Kajoteiro folded before Flop (didn't bet)
Seat 4: GamblerLT1 folded before Flop (didn't bet)
Seat 5: Tegenaria97 folded before Flop (didn't bet)
Seat 6: DavidsonPqdt folded before Flop (didn't bet)
Seat 7: Kikekss folded before Flop (didn't bet)
Seat 8: deiraisetonuts (button) folded before Flop (didn't bet)



PokerStars Hand #249072696849: Tournament #3714753588, €18+€2 EUR Hold'em No Limit - Level XVII (2500/5000) - 2024/02/24 18:26:32 BRT [2024/02/24 16:26:32 ET]
Table '3714753588 49' 8-max Seat #1 is the button
Seat 1: EVeha007 (132883 in chips) 
Seat 3: Kajoteiro (164947 in chips) 
Seat 4: GamblerLT1 (209953 in chips) 
Seat 5: Tegenaria97 (218966 in chips) 
Seat 6: DavidsonPqdt (126651 in chips) 
Seat 7: Kikekss (158225 in chips) 
Seat 8: deiraisetonuts (28250 in chips) 
EVeha007: posts the ante 625
Kajoteiro: posts the ante 625
GamblerLT1: posts the ante 625
Tegenaria97: posts the ante 625
DavidsonPqdt: posts the ante 625
Kikekss: posts the ante 625
deiraisetonuts: posts the ante 625
Kajoteiro: posts small blind 2500
GamblerLT1: posts big blind 5000
*** HOLE CARDS ***
Dealt to deiraisetonuts [8d 8s]
Tegenaria97: folds 
DavidsonPqdt: folds 
Kikekss: raises 5000 to 10000
deiraisetonuts: raises 17625 to 27625 and is all-in
EVeha007: folds 
Kajoteiro: folds 
GamblerLT1: folds 
b0t4n4hp0k3r is disconnected 
Kikekss: calls 17625
*** FLOP *** [Th 5s Qd]
*** TURN *** [Th 5s Qd] [5d]
*** RIVER *** [Th 5s Qd 5d] [4d]
*** SHOW DOWN ***
Kikekss: shows [Qs Jd] (two pair, Queens and Fives)
deiraisetonuts: shows [8d 8s] (two pair, Eights and Fives)
Kikekss collected 67125 from pot
deiraisetonuts finished the tournament in 271st place
*** SUMMARY ***
Total pot 67125 | Rake 0 
Board [Th 5s Qd 5d 4d]
Seat 1: EVeha007 (button) folded before Flop (didn't bet)
Seat 3: Kajoteiro (small blind) folded before Flop
Seat 4: GamblerLT1 (big blind) folded before Flop
Seat 5: Tegenaria97 folded before Flop (didn't bet)
Seat 6: DavidsonPqdt folded before Flop (didn't bet)
Seat 7: Kikekss showed [Qs Jd] and won (67125) with two pair, Queens and Fives
Seat 8: deiraisetonuts showed [8d 8s] and lost with two pair, Eights and Fives



