Poker Hand #TM313841798: Tournament #208266716, Bounty Hunters Deepstack Turbo $32 Hold'em No Limit - Level7(200/400) - 2025/05/29 19:12:17
Table '45' 8-max Seat #6 is the button
Seat 1: 5823c9c6 (19,659 in chips)
Seat 2: 438ad75a (14,914 in chips)
Seat 3: 5224f6c9 (19,157 in chips)
Seat 4: 766d22fe (20,000 in chips)
Seat 5: 49fa1389 (7,975 in chips)
Seat 6: Hero (20,642 in chips)
Seat 7: 480279a6 (30,128 in chips)
Seat 8: 61c36965 (42,596 in chips)
766d22fe: posts the ante 60
61c36965: posts the ante 60
5224f6c9: posts the ante 60
49fa1389: posts the ante 60
438ad75a: posts the ante 60
480279a6: posts the ante 60
Hero: posts the ante 60
5823c9c6: posts the ante 60
480279a6: posts small blind 200
61c36965: posts big blind 400
*** HOLE CARDS ***
Dealt to 5823c9c6 
Dealt to 438ad75a 
Dealt to 5224f6c9 
Dealt to 766d22fe 
Dealt to 49fa1389 
Dealt to Hero [6s 7d]
Dealt to 480279a6 
Dealt to 61c36965 
5823c9c6: folds
438ad75a: folds
5224f6c9: folds
766d22fe: folds
49fa1389: folds
Hero: raises 400 to 800
480279a6: folds
61c36965: calls 400
*** FLOP *** [Jd Kd As]
61c36965: checks
Hero: bets 570
61c36965: calls 570
*** TURN *** [Jd Kd As] [8d]
61c36965: checks
Hero: bets 3,440
61c36965: calls 3,440
*** RIVER *** [Jd Kd As 8d] [3c]
61c36965: checks
Hero: bets 15,772
61c36965: calls 15,772
Hero: shows [6s 7d] (Ace high)
61c36965: shows [5d Jh] (a pair of Jacks)
*** SHOWDOWN ***
61c36965 collected 41,844 from pot
*** SUMMARY ***
Total pot 41,844 | Rake 0 | Jackpot 0 | Bingo 0 | Fortune 0 | Tax 0
Board [Jd Kd As 8d 3c]
Seat 1: 5823c9c6 folded before Flop
Seat 2: 438ad75a folded before Flop
Seat 3: 5224f6c9 folded before Flop
Seat 4: 766d22fe folded before Flop
Seat 5: 49fa1389 folded before Flop
Seat 6: Hero (button) showed [6s 7d] and lost with Ace high
Seat 7: 480279a6 (small blind) folded before Flop
Seat 8: 61c36965 (big blind) showed [5d Jh] and won (41,844) with a pair of Jacks


Poker Hand #TM311371773: Tournament #208266716, Bounty Hunters Deepstack Turbo $32 Hold'em No Limit - Level7(200/400) - 2025/05/29 19:11:07
Table '45' 8-max Seat #5 is the button
Seat 1: 5823c9c6 (20,519 in chips)
Seat 2: 438ad75a (15,774 in chips)
Seat 3: 5224f6c9 (19,217 in chips)
Seat 5: 49fa1389 (8,035 in chips)
Seat 6: Hero (20,902 in chips)
Seat 7: 480279a6 (27,968 in chips)
Seat 8: 61c36965 (42,656 in chips)
61c36965: posts the ante 60
5224f6c9: posts the ante 60
49fa1389: posts the ante 60
438ad75a: posts the ante 60
480279a6: posts the ante 60
Hero: posts the ante 60
5823c9c6: posts the ante 60
Hero: posts small blind 200
480279a6: posts big blind 400
*** HOLE CARDS ***
Dealt to 5823c9c6 
Dealt to 438ad75a 
Dealt to 5224f6c9 
Dealt to 49fa1389 
Dealt to Hero [6d Td]
Dealt to 480279a6 
Dealt to 61c36965 
61c36965: folds
5823c9c6: raises 400 to 800
438ad75a: calls 800
5224f6c9: folds
49fa1389: folds
Hero: folds
480279a6: raises 3,620 to 4,420
5823c9c6: folds
438ad75a: folds
Uncalled bet (3,620) returned to 480279a6
*** SHOWDOWN ***
480279a6 collected 3,020 from pot
*** SUMMARY ***
Total pot 3,020 | Rake 0 | Jackpot 0 | Bingo 0 | Fortune 0 | Tax 0
Seat 1: 5823c9c6 folded before Flop
Seat 2: 438ad75a folded before Flop
Seat 3: 5224f6c9 folded before Flop
Seat 5: 49fa1389 (button) folded before Flop
Seat 6: Hero (small blind) folded before Flop
Seat 7: 480279a6 (big blind) collected (3,020)
Seat 8: 61c36965 folded before Flop


Poker Hand #TM311371744: Tournament #208266716, Bounty Hunters Deepstack Turbo $32 Hold'em No Limit - Level6(150/300) - 2025/05/29 19:09:32
Table '45' 8-max Seat #4 is the button
Seat 1: 5823c9c6 (20,564 in chips)
Seat 2: 438ad75a (15,819 in chips)
Seat 3: 5224f6c9 (19,892 in chips)
Seat 4: bbc8b94b (8,046 in chips)
Seat 5: 49fa1389 (8,230 in chips)
Seat 6: Hero (21,247 in chips)
Seat 7: 480279a6 (18,572 in chips)
Seat 8: 61c36965 (42,701 in chips)
bbc8b94b: posts the ante 45
61c36965: posts the ante 45
5224f6c9: posts the ante 45
438ad75a: posts the ante 45
480279a6: posts the ante 45
49fa1389: posts the ante 45
Hero: posts the ante 45
5823c9c6: posts the ante 45
49fa1389: posts small blind 150
Hero: posts big blind 300
*** HOLE CARDS ***
Dealt to 5823c9c6 
Dealt to 438ad75a 
Dealt to 5224f6c9 
Dealt to bbc8b94b 
Dealt to 49fa1389 
Dealt to Hero [Qs Jh]
Dealt to 480279a6 
Dealt to 61c36965 
480279a6: raises 330 to 630
61c36965: folds
5823c9c6: folds
438ad75a: folds
5224f6c9: calls 630
bbc8b94b: raises 1,830 to 2,460
49fa1389: folds
Hero: folds
480279a6: raises 16,067 to 18,527
5224f6c9: folds
bbc8b94b: calls 5,541
Uncalled bet (10,526) returned to 480279a6
480279a6: shows [Ts Td]
bbc8b94b: shows [Ac Tc]
*** FLOP *** [4d Qd 4c]
*** TURN *** [4d Qd 4c] [9d]
*** RIVER *** [4d Qd 4c 9d] [2c]
*** SHOWDOWN ***
480279a6 collected 17,442 from pot
*** SUMMARY ***
Total pot 17,442 | Rake 0 | Jackpot 0 | Bingo 0 | Fortune 0 | Tax 0
Board [4d Qd 4c 9d 2c]
Seat 1: 5823c9c6 folded before Flop
Seat 2: 438ad75a folded before Flop
Seat 3: 5224f6c9 folded before Flop
Seat 4: bbc8b94b (button) showed [Ac Tc] and lost with a pair of Fours
Seat 5: 49fa1389 (small blind) folded before Flop
Seat 6: Hero (big blind) folded before Flop
Seat 7: 480279a6 showed [Ts Td] and won (17,442) with two pair, Tens and Fours
Seat 8: 61c36965 folded before Flop


Poker Hand #TM311371729: Tournament #208266716, Bounty Hunters Deepstack Turbo $32 Hold'em No Limit - Level6(150/300) - 2025/05/29 19:08:46
Table '45' 8-max Seat #3 is the button
Seat 1: 5823c9c6 (20,609 in chips)
Seat 2: 438ad75a (15,864 in chips)
Seat 3: 5224f6c9 (19,937 in chips)
Seat 4: bbc8b94b (8,241 in chips)
Seat 5: 49fa1389 (8,575 in chips)
Seat 6: Hero (21,292 in chips)
Seat 7: 480279a6 (17,807 in chips)
Seat 8: 61c36965 (42,746 in chips)
bbc8b94b: posts the ante 45
61c36965: posts the ante 45
5224f6c9: posts the ante 45
438ad75a: posts the ante 45
480279a6: posts the ante 45
49fa1389: posts the ante 45
Hero: posts the ante 45
5823c9c6: posts the ante 45
bbc8b94b: posts small blind 150
49fa1389: posts big blind 300
*** HOLE CARDS ***
Dealt to 5823c9c6 
Dealt to 438ad75a 
Dealt to 5224f6c9 
Dealt to bbc8b94b 
Dealt to 49fa1389 
Dealt to Hero [4d 2h]
Dealt to 480279a6 
Dealt to 61c36965 
Hero: folds
480279a6: raises 330 to 630
61c36965: folds
5823c9c6: folds
438ad75a: folds
5224f6c9: folds
bbc8b94b: folds
49fa1389: folds
Uncalled bet (330) returned to 480279a6
*** SHOWDOWN ***
480279a6 collected 1,110 from pot
*** SUMMARY ***
Total pot 1,110 | Rake 0 | Jackpot 0 | Bingo 0 | Fortune 0 | Tax 0
Seat 1: 5823c9c6 folded before Flop
Seat 2: 438ad75a folded before Flop
Seat 3: 5224f6c9 (button) folded before Flop
Seat 4: bbc8b94b (small blind) folded before Flop
Seat 5: 49fa1389 (big blind) folded before Flop
Seat 6: Hero folded before Flop
Seat 7: 480279a6 collected (1,110)
Seat 8: 61c36965 folded before Flop


Poker Hand #TM311371719: Tournament #208266716, Bounty Hunters Deepstack Turbo $32 Hold'em No Limit - Level6(150/300) - 2025/05/29 19:08:22
Table '45' 8-max Seat #2 is the button
Seat 1: 5823c9c6 (20,654 in chips)
Seat 2: 438ad75a (15,909 in chips)
Seat 3: 5224f6c9 (20,132 in chips)
Seat 4: bbc8b94b (7,776 in chips)
Seat 5: 49fa1389 (8,620 in chips)
Seat 6: Hero (21,337 in chips)
Seat 7: 480279a6 (17,852 in chips)
Seat 8: 61c36965 (42,791 in chips)
bbc8b94b: posts the ante 45
61c36965: posts the ante 45
5224f6c9: posts the ante 45
438ad75a: posts the ante 45
480279a6: posts the ante 45
49fa1389: posts the ante 45
Hero: posts the ante 45
5823c9c6: posts the ante 45
5224f6c9: posts small blind 150
bbc8b94b: posts big blind 300
*** HOLE CARDS ***
Dealt to 5823c9c6 
Dealt to 438ad75a 
Dealt to 5224f6c9 
Dealt to bbc8b94b 
Dealt to 49fa1389 
Dealt to Hero [Kd 5s]
Dealt to 480279a6 
Dealt to 61c36965 
49fa1389: folds
Hero: folds
480279a6: folds
61c36965: folds
5823c9c6: folds
438ad75a: folds
5224f6c9: folds
Uncalled bet (150) returned to bbc8b94b
*** SHOWDOWN ***
bbc8b94b collected 660 from pot
*** SUMMARY ***
Total pot 660 | Rake 0 | Jackpot 0 | Bingo 0 | Fortune 0 | Tax 0
Seat 1: 5823c9c6 folded before Flop
Seat 2: 438ad75a (button) folded before Flop
Seat 3: 5224f6c9 (small blind) folded before Flop
Seat 4: bbc8b94b (big blind) collected (660)
Seat 5: 49fa1389 folded before Flop
Seat 6: Hero folded before Flop
Seat 7: 480279a6 folded before Flop
Seat 8: 61c36965 folded before Flop


Poker Hand #TM311371690: Tournament #208266716, Bounty Hunters Deepstack Turbo $32 Hold'em No Limit - Level6(150/300) - 2025/05/29 19:06:45
Table '45' 8-max Seat #1 is the button
Seat 1: 5823c9c6 (20,699 in chips)
Seat 2: 438ad75a (16,104 in chips)
Seat 3: 5224f6c9 (20,777 in chips)
Seat 4: bbc8b94b (6,711 in chips)
Seat 5: 49fa1389 (8,665 in chips)
Seat 6: Hero (21,382 in chips)
Seat 7: 480279a6 (17,897 in chips)
Seat 8: 61c36965 (42,836 in chips)
bbc8b94b: posts the ante 45
61c36965: posts the ante 45
5224f6c9: posts the ante 45
480279a6: posts the ante 45
49fa1389: posts the ante 45
438ad75a: posts the ante 45
Hero: posts the ante 45
5823c9c6: posts the ante 45
438ad75a: posts small blind 150
5224f6c9: posts big blind 300
*** HOLE CARDS ***
Dealt to 5823c9c6 
Dealt to 438ad75a 
Dealt to 5224f6c9 
Dealt to bbc8b94b 
Dealt to 49fa1389 
Dealt to Hero [8s 2h]
Dealt to 480279a6 
Dealt to 61c36965 
bbc8b94b: raises 300 to 600
49fa1389: folds
Hero: folds
480279a6: folds
61c36965: folds
5823c9c6: folds
438ad75a: folds
5224f6c9: calls 300
*** FLOP *** [4c Ts 3h]
5224f6c9: checks
bbc8b94b: checks
*** TURN *** [4c Ts 3h] [6s]
5224f6c9: checks
bbc8b94b: checks
*** RIVER *** [4c Ts 3h 6s] [Qs]
5224f6c9: checks
bbc8b94b: bets 565
5224f6c9: folds
Uncalled bet (565) returned to bbc8b94b
*** SHOWDOWN ***
bbc8b94b collected 1,710 from pot
*** SUMMARY ***
Total pot 1,710 | Rake 0 | Jackpot 0 | Bingo 0 | Fortune 0 | Tax 0
Board [4c Ts 3h 6s Qs]
Seat 1: 5823c9c6 (button) folded before Flop
Seat 2: 438ad75a (small blind) folded before Flop
Seat 3: 5224f6c9 (big blind) folded on the River
Seat 4: bbc8b94b won (1,710)
Seat 5: 49fa1389 folded before Flop
Seat 6: Hero folded before Flop
Seat 7: 480279a6 folded before Flop
Seat 8: 61c36965 folded before Flop


Poker Hand #TM311371664: Tournament #208266716, Bounty Hunters Deepstack Turbo $32 Hold'em No Limit - Level6(150/300) - 2025/05/29 19:05:26
Table '45' 8-max Seat #8 is the button
Seat 1: 5823c9c6 (20,894 in chips)
Seat 2: 438ad75a (16,449 in chips)
Seat 3: 5224f6c9 (23,072 in chips)
Seat 4: bbc8b94b (6,756 in chips)
Seat 5: 49fa1389 (8,710 in chips)
Seat 6: Hero (21,427 in chips)
Seat 7: 480279a6 (17,942 in chips)
Seat 8: 61c36965 (39,821 in chips)
bbc8b94b: posts the ante 45
61c36965: posts the ante 45
5224f6c9: posts the ante 45
480279a6: posts the ante 45
49fa1389: posts the ante 45
438ad75a: posts the ante 45
Hero: posts the ante 45
5823c9c6: posts the ante 45
5823c9c6: posts small blind 150
438ad75a: posts big blind 300
*** HOLE CARDS ***
Dealt to 5823c9c6 
Dealt to 438ad75a 
Dealt to 5224f6c9 
Dealt to bbc8b94b 
Dealt to 49fa1389 
Dealt to Hero [Kh 9c]
Dealt to 480279a6 
Dealt to 61c36965 
5224f6c9: raises 300 to 600
bbc8b94b: folds
49fa1389: folds
Hero: folds
480279a6: folds
61c36965: raises 1,650 to 2,250
5823c9c6: folds
438ad75a: folds
5224f6c9: calls 1,650
*** FLOP *** [7d Qd 6c]
5224f6c9: checks
61c36965: bets 1,410
5224f6c9: folds
Uncalled bet (1,410) returned to 61c36965
*** SHOWDOWN ***
61c36965 collected 5,310 from pot
*** SUMMARY ***
Total pot 5,310 | Rake 0 | Jackpot 0 | Bingo 0 | Fortune 0 | Tax 0
Board [7d Qd 6c]
Seat 1: 5823c9c6 (small blind) folded before Flop
Seat 2: 438ad75a (big blind) folded before Flop
Seat 3: 5224f6c9 folded on the Flop
Seat 4: bbc8b94b folded before Flop
Seat 5: 49fa1389 folded before Flop
Seat 6: Hero folded before Flop
Seat 7: 480279a6 folded before Flop
Seat 8: 61c36965 (button) won (5,310)


Poker Hand #TM311371647: Tournament #208266716, Bounty Hunters Deepstack Turbo $32 Hold'em No Limit - Level6(150/300) - 2025/05/29 19:04:23
Table '45' 8-max Seat #7 is the button
Seat 1: 5823c9c6 (21,239 in chips)
Seat 2: 438ad75a (16,494 in chips)
Seat 3: 5224f6c9 (23,117 in chips)
Seat 4: bbc8b94b (6,801 in chips)
Seat 5: 49fa1389 (8,755 in chips)
Seat 6: Hero (24,322 in chips)
Seat 7: 480279a6 (17,987 in chips)
Seat 8: 61c36965 (36,356 in chips)
bbc8b94b: posts the ante 45
61c36965: posts the ante 45
5224f6c9: posts the ante 45
480279a6: posts the ante 45
49fa1389: posts the ante 45
438ad75a: posts the ante 45
Hero: posts the ante 45
5823c9c6: posts the ante 45
61c36965: posts small blind 150
5823c9c6: posts big blind 300
*** HOLE CARDS ***
Dealt to 5823c9c6 
Dealt to 438ad75a 
Dealt to 5224f6c9 
Dealt to bbc8b94b 
Dealt to 49fa1389 
Dealt to Hero [Jc Qh]
Dealt to 480279a6 
Dealt to 61c36965 
438ad75a: folds
5224f6c9: folds
bbc8b94b: folds
49fa1389: folds
Hero: raises 300 to 600
480279a6: folds
61c36965: raises 2,250 to 2,850
5823c9c6: folds
Hero: calls 2,250
*** FLOP *** [Ah As Ac]
61c36965: bets 1,650
Hero: folds
Uncalled bet (1,650) returned to 61c36965
*** SHOWDOWN ***
61c36965 collected 6,360 from pot
*** SUMMARY ***
Total pot 6,360 | Rake 0 | Jackpot 0 | Bingo 0 | Fortune 0 | Tax 0
Board [Ah As Ac]
Seat 1: 5823c9c6 (big blind) folded before Flop
Seat 2: 438ad75a folded before Flop
Seat 3: 5224f6c9 folded before Flop
Seat 4: bbc8b94b folded before Flop
Seat 5: 49fa1389 folded before Flop
Seat 6: Hero folded on the Flop
Seat 7: 480279a6 (button) folded before Flop
Seat 8: 61c36965 (small blind) won (6,360)


Poker Hand #TM311371621: Tournament #208266716, Bounty Hunters Deepstack Turbo $32 Hold'em No Limit - Level6(150/300) - 2025/05/29 19:03:10
Table '45' 8-max Seat #6 is the button
Seat 1: 5823c9c6 (22,484 in chips)
Seat 2: 438ad75a (16,539 in chips)
Seat 3: 5224f6c9 (20,852 in chips)
Seat 4: bbc8b94b (6,846 in chips)
Seat 5: 49fa1389 (8,800 in chips)
Seat 6: Hero (24,367 in chips)
Seat 7: 480279a6 (18,182 in chips)
Seat 8: 61c36965 (37,001 in chips)
bbc8b94b: posts the ante 45
61c36965: posts the ante 45
5224f6c9: posts the ante 45
49fa1389: posts the ante 45
438ad75a: posts the ante 45
480279a6: posts the ante 45
Hero: posts the ante 45
5823c9c6: posts the ante 45
480279a6: posts small blind 150
61c36965: posts big blind 300
*** HOLE CARDS ***
Dealt to 5823c9c6 
Dealt to 438ad75a 
Dealt to 5224f6c9 
Dealt to bbc8b94b 
Dealt to 49fa1389 
Dealt to Hero [Qd 3h]
Dealt to 480279a6 
Dealt to 61c36965 
5823c9c6: raises 300 to 600
438ad75a: folds
5224f6c9: calls 600
bbc8b94b: folds
49fa1389: folds
Hero: folds
480279a6: folds
61c36965: calls 300
*** FLOP *** [Ks 3d Jc]
61c36965: checks
5823c9c6: bets 600
5224f6c9: raises 1,650 to 2,250
61c36965: folds
5823c9c6: folds
Uncalled bet (1,650) returned to 5224f6c9
*** SHOWDOWN ***
5224f6c9 collected 3,510 from pot
*** SUMMARY ***
Total pot 3,510 | Rake 0 | Jackpot 0 | Bingo 0 | Fortune 0 | Tax 0
Board [Ks 3d Jc]
Seat 1: 5823c9c6 folded on the Flop
Seat 2: 438ad75a folded before Flop
Seat 3: 5224f6c9 won (3,510)
Seat 4: bbc8b94b folded before Flop
Seat 5: 49fa1389 folded before Flop
Seat 6: Hero (button) folded before Flop
Seat 7: 480279a6 (small blind) folded before Flop
Seat 8: 61c36965 (big blind) folded on the Flop


Poker Hand #TM311371600: Tournament #208266716, Bounty Hunters Deepstack Turbo $32 Hold'em No Limit - Level6(150/300) - 2025/05/29 19:01:57
Table '45' 8-max Seat #5 is the button
Seat 1: 5823c9c6 (22,529 in chips)
Seat 2: 438ad75a (16,584 in chips)
Seat 3: 5224f6c9 (20,897 in chips)
Seat 4: bbc8b94b (6,891 in chips)
Seat 5: 49fa1389 (4,115 in chips)
Seat 6: Hero (28,482 in chips)
Seat 7: 480279a6 (18,527 in chips)
Seat 8: 61c36965 (37,046 in chips)
bbc8b94b: posts the ante 45
61c36965: posts the ante 45
5224f6c9: posts the ante 45
49fa1389: posts the ante 45
438ad75a: posts the ante 45
480279a6: posts the ante 45
Hero: posts the ante 45
5823c9c6: posts the ante 45
Hero: posts small blind 150
480279a6: posts big blind 300
*** HOLE CARDS ***
Dealt to 5823c9c6 
Dealt to 438ad75a 
Dealt to 5224f6c9 
Dealt to bbc8b94b 
Dealt to 49fa1389 
Dealt to Hero [6s 8d]
Dealt to 480279a6 
Dealt to 61c36965 
61c36965: folds
5823c9c6: folds
438ad75a: folds
5224f6c9: folds
bbc8b94b: folds
49fa1389: raises 3,770 to 4,070
Hero: calls 3,920
480279a6: folds
49fa1389: shows [Kh 5h]
Hero: shows [6s 8d]
*** FLOP *** [7d 2c As]
*** TURN *** [7d 2c As] [3s]
*** RIVER *** [7d 2c As 3s] [Qh]
*** SHOWDOWN ***
49fa1389 collected 8,800 from pot
*** SUMMARY ***
Total pot 8,800 | Rake 0 | Jackpot 0 | Bingo 0 | Fortune 0 | Tax 0
Board [7d 2c As 3s Qh]
Seat 1: 5823c9c6 folded before Flop
Seat 2: 438ad75a folded before Flop
Seat 3: 5224f6c9 folded before Flop
Seat 4: bbc8b94b folded before Flop
Seat 5: 49fa1389 (button) showed [Kh 5h] and won (8,800) with Ace high
Seat 6: Hero (small blind) showed [6s 8d] and lost with Ace high
Seat 7: 480279a6 (big blind) folded before Flop
Seat 8: 61c36965 folded before Flop


Poker Hand #TM311371576: Tournament #208266716, Bounty Hunters Deepstack Turbo $32 Hold'em No Limit - Level5(125/250) - 2025/05/29 18:54:33
Table '45' 8-max Seat #4 is the button
Seat 1: 5823c9c6 (22,564 in chips)
Seat 2: 438ad75a (16,619 in chips)
Seat 3: 5224f6c9 (20,932 in chips)
Seat 4: bbc8b94b (6,926 in chips)
Seat 5: 49fa1389 (22,408 in chips)
Seat 6: Hero (28,767 in chips)
Seat 7: 480279a6 (18,562 in chips)
Seat 8: 61c36965 (18,293 in chips)
bbc8b94b: posts the ante 35
61c36965: posts the ante 35
5224f6c9: posts the ante 35
438ad75a: posts the ante 35
480279a6: posts the ante 35
49fa1389: posts the ante 35
Hero: posts the ante 35
5823c9c6: posts the ante 35
49fa1389: posts small blind 125
Hero: posts big blind 250
*** HOLE CARDS ***
Dealt to 5823c9c6 
Dealt to 438ad75a 
Dealt to 5224f6c9 
Dealt to bbc8b94b 
Dealt to 49fa1389 
Dealt to Hero [4h 2d]
Dealt to 480279a6 
Dealt to 61c36965 
480279a6: folds
61c36965: raises 250 to 500
5823c9c6: folds
438ad75a: folds
5224f6c9: folds
bbc8b94b: folds
49fa1389: raises 1,625 to 2,125
Hero: folds
61c36965: raises 2,625 to 4,750
49fa1389: raises 17,623 to 22,373
61c36965: calls 13,508
Uncalled bet (4,115) returned to 49fa1389
49fa1389: shows [Qd Qc]
61c36965: shows [Kh Ah]
*** FLOP *** [Jh 8h 5h]
*** TURN *** [Jh 8h 5h] [9d]
*** RIVER *** [Jh 8h 5h 9d] [Td]
*** SHOWDOWN ***
61c36965 collected 37,046 from pot
*** SUMMARY ***
Total pot 37,046 | Rake 0 | Jackpot 0 | Bingo 0 | Fortune 0 | Tax 0
Board [Jh 8h 5h 9d Td]
Seat 1: 5823c9c6 folded before Flop
Seat 2: 438ad75a folded before Flop
Seat 3: 5224f6c9 folded before Flop
Seat 4: bbc8b94b (button) folded before Flop
Seat 5: 49fa1389 (small blind) showed [Qd Qc] and lost with a straight, Queen to Eight
Seat 6: Hero (big blind) folded before Flop
Seat 7: 480279a6 folded before Flop
Seat 8: 61c36965 showed [Kh Ah] and won (37,046) with a flush Ace high


Poker Hand #TM311371557: Tournament #208266716, Bounty Hunters Deepstack Turbo $32 Hold'em No Limit - Level5(125/250) - 2025/05/29 18:53:25
Table '45' 8-max Seat #3 is the button
Seat 1: 5823c9c6 (22,599 in chips)
Seat 2: 438ad75a (16,654 in chips)
Seat 3: 5224f6c9 (20,967 in chips)
Seat 4: bbc8b94b (7,711 in chips)
Seat 5: 49fa1389 (21,413 in chips)
Seat 6: Hero (28,802 in chips)
Seat 7: 480279a6 (18,597 in chips)
Seat 8: 61c36965 (18,328 in chips)
bbc8b94b: posts the ante 35
61c36965: posts the ante 35
5224f6c9: posts the ante 35
438ad75a: posts the ante 35
480279a6: posts the ante 35
49fa1389: posts the ante 35
Hero: posts the ante 35
5823c9c6: posts the ante 35
bbc8b94b: posts small blind 125
49fa1389: posts big blind 250
*** HOLE CARDS ***
Dealt to 5823c9c6 
Dealt to 438ad75a 
Dealt to 5224f6c9 
Dealt to bbc8b94b 
Dealt to 49fa1389 
Dealt to Hero [4h 7s]
Dealt to 480279a6 
Dealt to 61c36965 
Hero: folds
480279a6: folds
61c36965: folds
5823c9c6: folds
438ad75a: folds
5224f6c9: folds
bbc8b94b: raises 500 to 750
49fa1389: raises 20,628 to 21,378
bbc8b94b: folds
Uncalled bet (20,628) returned to 49fa1389
*** SHOWDOWN ***
49fa1389 collected 1,780 from pot
*** SUMMARY ***
Total pot 1,780 | Rake 0 | Jackpot 0 | Bingo 0 | Fortune 0 | Tax 0
Seat 1: 5823c9c6 folded before Flop
Seat 2: 438ad75a folded before Flop
Seat 3: 5224f6c9 (button) folded before Flop
Seat 4: bbc8b94b (small blind) folded before Flop
Seat 5: 49fa1389 (big blind) collected (1,780)
Seat 6: Hero folded before Flop
Seat 7: 480279a6 folded before Flop
Seat 8: 61c36965 folded before Flop


Poker Hand #TM311371549: Tournament #208266716, Bounty Hunters Deepstack Turbo $32 Hold'em No Limit - Level5(125/250) - 2025/05/29 18:52:55
Table '45' 8-max Seat #2 is the button
Seat 1: 5823c9c6 (21,979 in chips)
Seat 2: 438ad75a (16,689 in chips)
Seat 3: 5224f6c9 (21,127 in chips)
Seat 4: bbc8b94b (7,996 in chips)
Seat 5: 49fa1389 (21,448 in chips)
Seat 6: Hero (28,837 in chips)
Seat 7: 480279a6 (18,632 in chips)
Seat 8: 61c36965 (18,363 in chips)
bbc8b94b: posts the ante 35
61c36965: posts the ante 35
5224f6c9: posts the ante 35
438ad75a: posts the ante 35
480279a6: posts the ante 35
49fa1389: posts the ante 35
Hero: posts the ante 35
5823c9c6: posts the ante 35
5224f6c9: posts small blind 125
bbc8b94b: posts big blind 250
*** HOLE CARDS ***
Dealt to 5823c9c6 
Dealt to 438ad75a 
Dealt to 5224f6c9 
Dealt to bbc8b94b 
Dealt to 49fa1389 
Dealt to Hero [Qh 6h]
Dealt to 480279a6 
Dealt to 61c36965 
49fa1389: folds
Hero: folds
480279a6: folds
61c36965: folds
5823c9c6: raises 250 to 500
438ad75a: folds
5224f6c9: folds
bbc8b94b: folds
Uncalled bet (250) returned to 5823c9c6
*** SHOWDOWN ***
5823c9c6 collected 905 from pot
*** SUMMARY ***
Total pot 905 | Rake 0 | Jackpot 0 | Bingo 0 | Fortune 0 | Tax 0
Seat 1: 5823c9c6 collected (905)
Seat 2: 438ad75a (button) folded before Flop
Seat 3: 5224f6c9 (small blind) folded before Flop
Seat 4: bbc8b94b (big blind) folded before Flop
Seat 5: 49fa1389 folded before Flop
Seat 6: Hero folded before Flop
Seat 7: 480279a6 folded before Flop
Seat 8: 61c36965 folded before Flop


Poker Hand #TM311371520: Tournament #208266716, Bounty Hunters Deepstack Turbo $32 Hold'em No Limit - Level5(125/250) - 2025/05/29 18:51:21
Table '45' 8-max Seat #1 is the button
Seat 1: 5823c9c6 (18,453 in chips)
Seat 2: 438ad75a (16,849 in chips)
Seat 3: 5224f6c9 (21,687 in chips)
Seat 4: bbc8b94b (8,031 in chips)
Seat 5: 49fa1389 (21,483 in chips)
Seat 6: Hero (28,872 in chips)
Seat 7: 480279a6 (21,298 in chips)
Seat 8: 61c36965 (18,398 in chips)
bbc8b94b: posts the ante 35
61c36965: posts the ante 35
5224f6c9: posts the ante 35
480279a6: posts the ante 35
49fa1389: posts the ante 35
438ad75a: posts the ante 35
Hero: posts the ante 35
5823c9c6: posts the ante 35
438ad75a: posts small blind 125
5224f6c9: posts big blind 250
*** HOLE CARDS ***
Dealt to 5823c9c6 
Dealt to 438ad75a 
Dealt to 5224f6c9 
Dealt to bbc8b94b 
Dealt to 49fa1389 
Dealt to Hero [As 4h]
Dealt to 480279a6 
Dealt to 61c36965 
bbc8b94b: folds
49fa1389: folds
Hero: folds
480279a6: raises 275 to 525
61c36965: folds
5823c9c6: calls 525
438ad75a: folds
5224f6c9: calls 275
*** FLOP *** [7c Ad Jh]
5224f6c9: checks
480279a6: checks
5823c9c6: bets 875
5224f6c9: folds
480279a6: calls 875
*** TURN *** [7c Ad Jh] [Jc]
480279a6: bets 1,231
5823c9c6: raises 2,894 to 4,125
480279a6: folds
Uncalled bet (2,894) returned to 5823c9c6
*** SHOWDOWN ***
5823c9c6 collected 6,192 from pot
*** SUMMARY ***
Total pot 6,192 | Rake 0 | Jackpot 0 | Bingo 0 | Fortune 0 | Tax 0
Board [7c Ad Jh Jc]
Seat 1: 5823c9c6 (button) won (6,192)
Seat 2: 438ad75a (small blind) folded before Flop
Seat 3: 5224f6c9 (big blind) folded on the Flop
Seat 4: bbc8b94b folded before Flop
Seat 5: 49fa1389 folded before Flop
Seat 6: Hero folded before Flop
Seat 7: 480279a6 folded on the Turn
Seat 8: 61c36965 folded before Flop


Poker Hand #TM311371510: Tournament #208266716, Bounty Hunters Deepstack Turbo $32 Hold'em No Limit - Level5(125/250) - 2025/05/29 18:50:49
Table '45' 8-max Seat #8 is the button
Seat 1: 5823c9c6 (18,613 in chips)
Seat 2: 438ad75a (17,134 in chips)
Seat 3: 5224f6c9 (21,067 in chips)
Seat 4: bbc8b94b (8,066 in chips)
Seat 5: 49fa1389 (21,518 in chips)
Seat 6: Hero (28,907 in chips)
Seat 7: 480279a6 (21,333 in chips)
Seat 8: 61c36965 (18,433 in chips)
bbc8b94b: posts the ante 35
61c36965: posts the ante 35
5224f6c9: posts the ante 35
480279a6: posts the ante 35
49fa1389: posts the ante 35
438ad75a: posts the ante 35
Hero: posts the ante 35
5823c9c6: posts the ante 35
5823c9c6: posts small blind 125
438ad75a: posts big blind 250
*** HOLE CARDS ***
Dealt to 5823c9c6 
Dealt to 438ad75a 
Dealt to 5224f6c9 
Dealt to bbc8b94b 
Dealt to 49fa1389 
Dealt to Hero [4s 5c]
Dealt to 480279a6 
Dealt to 61c36965 
5224f6c9: raises 250 to 500
bbc8b94b: folds
49fa1389: folds
Hero: folds
480279a6: folds
61c36965: folds
5823c9c6: folds
438ad75a: folds
Uncalled bet (250) returned to 5224f6c9
*** SHOWDOWN ***
5224f6c9 collected 905 from pot
*** SUMMARY ***
Total pot 905 | Rake 0 | Jackpot 0 | Bingo 0 | Fortune 0 | Tax 0
Seat 1: 5823c9c6 (small blind) folded before Flop
Seat 2: 438ad75a (big blind) folded before Flop
Seat 3: 5224f6c9 collected (905)
Seat 4: bbc8b94b folded before Flop
Seat 5: 49fa1389 folded before Flop
Seat 6: Hero folded before Flop
Seat 7: 480279a6 folded before Flop
Seat 8: 61c36965 (button) folded before Flop


Poker Hand #TM311371484: Tournament #208266716, Bounty Hunters Deepstack Turbo $32 Hold'em No Limit - Level5(125/250) - 2025/05/29 18:49:19
Table '45' 8-max Seat #7 is the button
Seat 1: 5823c9c6 (19,148 in chips)
Seat 2: 438ad75a (17,169 in chips)
Seat 3: 5224f6c9 (21,102 in chips)
Seat 4: bbc8b94b (8,101 in chips)
Seat 5: 49fa1389 (20,648 in chips)
Seat 6: Hero (28,942 in chips)
Seat 7: 480279a6 (21,368 in chips)
Seat 8: 61c36965 (18,593 in chips)
bbc8b94b: posts the ante 35
61c36965: posts the ante 35
5224f6c9: posts the ante 35
480279a6: posts the ante 35
49fa1389: posts the ante 35
438ad75a: posts the ante 35
Hero: posts the ante 35
5823c9c6: posts the ante 35
61c36965: posts small blind 125
5823c9c6: posts big blind 250
*** HOLE CARDS ***
Dealt to 5823c9c6 
Dealt to 438ad75a 
Dealt to 5224f6c9 
Dealt to bbc8b94b 
Dealt to 49fa1389 
Dealt to Hero [Jh 4d]
Dealt to 480279a6 
Dealt to 61c36965 
438ad75a: folds
5224f6c9: folds
bbc8b94b: folds
49fa1389: raises 250 to 500
Hero: folds
480279a6: folds
61c36965: folds
5823c9c6: calls 250
*** FLOP *** [3d 7s Js]
5823c9c6: checks
49fa1389: bets 1,054
5823c9c6: folds
Uncalled bet (1,054) returned to 49fa1389
*** SHOWDOWN ***
49fa1389 collected 1,405 from pot
*** SUMMARY ***
Total pot 1,405 | Rake 0 | Jackpot 0 | Bingo 0 | Fortune 0 | Tax 0
Board [3d 7s Js]
Seat 1: 5823c9c6 (big blind) folded on the Flop
Seat 2: 438ad75a folded before Flop
Seat 3: 5224f6c9 folded before Flop
Seat 4: bbc8b94b folded before Flop
Seat 5: 49fa1389 won (1,405)
Seat 6: Hero folded before Flop
Seat 7: 480279a6 (button) folded before Flop
Seat 8: 61c36965 (small blind) folded before Flop


Poker Hand #TM311371456: Tournament #208266716, Bounty Hunters Deepstack Turbo $32 Hold'em No Limit - Level5(125/250) - 2025/05/29 18:47:22
Table '45' 8-max Seat #6 is the button
Seat 1: 5823c9c6 (19,183 in chips)
Seat 2: 438ad75a (17,204 in chips)
Seat 3: 5224f6c9 (21,137 in chips)
Seat 4: bbc8b94b (8,136 in chips)
Seat 5: 49fa1389 (18,356 in chips)
Seat 6: Hero (29,527 in chips)
Seat 7: 480279a6 (21,528 in chips)
Seat 8: 61c36965 (20,000 in chips)
bbc8b94b: posts the ante 35
61c36965: posts the ante 35
5224f6c9: posts the ante 35
49fa1389: posts the ante 35
438ad75a: posts the ante 35
480279a6: posts the ante 35
Hero: posts the ante 35
5823c9c6: posts the ante 35
480279a6: posts small blind 125
61c36965: posts big blind 250
*** HOLE CARDS ***
Dealt to 5823c9c6 
Dealt to 438ad75a 
Dealt to 5224f6c9 
Dealt to bbc8b94b 
Dealt to 49fa1389 
Dealt to Hero [Th 9d]
Dealt to 480279a6 
Dealt to 61c36965 
5823c9c6: folds
438ad75a: folds
5224f6c9: folds
bbc8b94b: folds
49fa1389: raises 300 to 550
Hero: calls 550
480279a6: folds
61c36965: calls 300
*** FLOP *** [Ac Kh 7d]
61c36965: checks
49fa1389: bets 822
Hero: folds
61c36965: calls 822
*** TURN *** [Ac Kh 7d] [6d]
61c36965: checks
49fa1389: bets 2,775
61c36965: folds
Uncalled bet (2,775) returned to 49fa1389
*** SHOWDOWN ***
49fa1389 collected 3,699 from pot
*** SUMMARY ***
Total pot 3,699 | Rake 0 | Jackpot 0 | Bingo 0 | Fortune 0 | Tax 0
Board [Ac Kh 7d 6d]
Seat 1: 5823c9c6 folded before Flop
Seat 2: 438ad75a folded before Flop
Seat 3: 5224f6c9 folded before Flop
Seat 4: bbc8b94b folded before Flop
Seat 5: 49fa1389 won (3,699)
Seat 6: Hero (button) folded on the Flop
Seat 7: 480279a6 (small blind) folded before Flop
Seat 8: 61c36965 (big blind) folded on the Turn


Poker Hand #TM311371443: Tournament #208266716, Bounty Hunters Deepstack Turbo $32 Hold'em No Limit - Level4(100/200) - 2025/05/29 18:46:52
Table '45' 8-max Seat #5 is the button
Seat 1: 5823c9c6 (19,213 in chips)
Seat 2: 438ad75a (17,234 in chips)
Seat 3: 5224f6c9 (21,167 in chips)
Seat 4: bbc8b94b (8,166 in chips)
Seat 5: 49fa1389 (18,386 in chips)
Seat 6: Hero (30,257 in chips)
Seat 7: 480279a6 (20,648 in chips)
bbc8b94b: posts the ante 30
5224f6c9: posts the ante 30
49fa1389: posts the ante 30
438ad75a: posts the ante 30
480279a6: posts the ante 30
Hero: posts the ante 30
5823c9c6: posts the ante 30
Hero: posts small blind 100
480279a6: posts big blind 200
*** HOLE CARDS ***
Dealt to 5823c9c6 
Dealt to 438ad75a 
Dealt to 5224f6c9 
Dealt to bbc8b94b 
Dealt to 49fa1389 
Dealt to Hero [Kc 9d]
Dealt to 480279a6 
5823c9c6: folds
438ad75a: folds
5224f6c9: folds
bbc8b94b: folds
49fa1389: folds
Hero: raises 500 to 700
480279a6: raises 1,900 to 2,600
Hero: folds
Uncalled bet (1,900) returned to 480279a6
*** SHOWDOWN ***
480279a6 collected 1,610 from pot
*** SUMMARY ***
Total pot 1,610 | Rake 0 | Jackpot 0 | Bingo 0 | Fortune 0 | Tax 0
Seat 1: 5823c9c6 folded before Flop
Seat 2: 438ad75a folded before Flop
Seat 3: 5224f6c9 folded before Flop
Seat 4: bbc8b94b folded before Flop
Seat 5: 49fa1389 (button) folded before Flop
Seat 6: Hero (small blind) folded before Flop
Seat 7: 480279a6 (big blind) collected (1,610)


Poker Hand #TM311371433: Tournament #208266716, Bounty Hunters Deepstack Turbo $32 Hold'em No Limit - Level4(100/200) - 2025/05/29 18:46:02
Table '45' 8-max Seat #4 is the button
Seat 1: 5823c9c6 (19,243 in chips)
Seat 2: 438ad75a (17,264 in chips)
Seat 3: 5224f6c9 (21,197 in chips)
Seat 4: bbc8b94b (8,196 in chips)
Seat 5: 49fa1389 (18,516 in chips)
Seat 6: Hero (30,707 in chips)
Seat 7: 480279a6 (19,918 in chips)
Seat 8: db41ecd7 (23,118 in chips)
db41ecd7: posts the ante 30
bbc8b94b: posts the ante 30
5224f6c9: posts the ante 30
438ad75a: posts the ante 30
480279a6: posts the ante 30
49fa1389: posts the ante 30
Hero: posts the ante 30
5823c9c6: posts the ante 30
49fa1389: posts small blind 100
Hero: posts big blind 200
*** HOLE CARDS ***
Dealt to 5823c9c6 
Dealt to 438ad75a 
Dealt to 5224f6c9 
Dealt to bbc8b94b 
Dealt to 49fa1389 
Dealt to Hero [Kh 9c]
Dealt to 480279a6 
Dealt to db41ecd7 
480279a6: raises 220 to 420
db41ecd7: folds
5823c9c6: folds
438ad75a: folds
5224f6c9: folds
bbc8b94b: folds
49fa1389: folds
Hero: calls 220
*** FLOP *** [4s 4c 5s]
Hero: checks
480279a6: bets 390
Hero: folds
Uncalled bet (390) returned to 480279a6
*** SHOWDOWN ***
480279a6 collected 1,180 from pot
*** SUMMARY ***
Total pot 1,180 | Rake 0 | Jackpot 0 | Bingo 0 | Fortune 0 | Tax 0
Board [4s 4c 5s]
Seat 1: 5823c9c6 folded before Flop
Seat 2: 438ad75a folded before Flop
Seat 3: 5224f6c9 folded before Flop
Seat 4: bbc8b94b (button) folded before Flop
Seat 5: 49fa1389 (small blind) folded before Flop
Seat 6: Hero (big blind) folded on the Flop
Seat 7: 480279a6 won (1,180)
Seat 8: db41ecd7 folded before Flop


Poker Hand #TM311371420: Tournament #208266716, Bounty Hunters Deepstack Turbo $32 Hold'em No Limit - Level4(100/200) - 2025/05/29 18:45:19
Table '45' 8-max Seat #3 is the button
Seat 1: 5823c9c6 (16,820 in chips)
Seat 2: 438ad75a (17,294 in chips)
Seat 3: 5224f6c9 (21,227 in chips)
Seat 4: bbc8b94b (8,326 in chips)
Seat 5: 49fa1389 (18,746 in chips)
Seat 6: Hero (31,137 in chips)
Seat 7: 480279a6 (19,948 in chips)
Seat 8: db41ecd7 (24,661 in chips)
db41ecd7: posts the ante 30
bbc8b94b: posts the ante 30
5224f6c9: posts the ante 30
438ad75a: posts the ante 30
480279a6: posts the ante 30
49fa1389: posts the ante 30
Hero: posts the ante 30
5823c9c6: posts the ante 30
bbc8b94b: posts small blind 100
49fa1389: posts big blind 200
*** HOLE CARDS ***
Dealt to 5823c9c6 
Dealt to 438ad75a 
Dealt to 5224f6c9 
Dealt to bbc8b94b 
Dealt to 49fa1389 
Dealt to Hero [Jd Qc]
Dealt to 480279a6 
Dealt to db41ecd7 
Hero: raises 200 to 400
480279a6: folds
db41ecd7: raises 1,113 to 1,513
5823c9c6: raises 2,182 to 3,695
438ad75a: folds
5224f6c9: folds
bbc8b94b: folds
49fa1389: folds
Hero: folds
db41ecd7: folds
Uncalled bet (2,182) returned to 5823c9c6
*** SHOWDOWN ***
5823c9c6 collected 3,966 from pot
*** SUMMARY ***
Total pot 3,966 | Rake 0 | Jackpot 0 | Bingo 0 | Fortune 0 | Tax 0
Seat 1: 5823c9c6 collected (3,966)
Seat 2: 438ad75a folded before Flop
Seat 3: 5224f6c9 (button) folded before Flop
Seat 4: bbc8b94b (small blind) folded before Flop
Seat 5: 49fa1389 (big blind) folded before Flop
Seat 6: Hero folded before Flop
Seat 7: 480279a6 folded before Flop
Seat 8: db41ecd7 folded before Flop


Poker Hand #TM311371403: Tournament #208266716, Bounty Hunters Deepstack Turbo $32 Hold'em No Limit - Level4(100/200) - 2025/05/29 18:44:12
Table '45' 8-max Seat #2 is the button
Seat 1: 5823c9c6 (16,850 in chips)
Seat 2: 438ad75a (16,184 in chips)
Seat 3: 5224f6c9 (21,357 in chips)
Seat 4: bbc8b94b (8,756 in chips)
Seat 5: 49fa1389 (18,776 in chips)
Seat 6: Hero (31,167 in chips)
Seat 7: 480279a6 (19,978 in chips)
Seat 8: db41ecd7 (25,091 in chips)
db41ecd7: posts the ante 30
bbc8b94b: posts the ante 30
5224f6c9: posts the ante 30
438ad75a: posts the ante 30
480279a6: posts the ante 30
49fa1389: posts the ante 30
Hero: posts the ante 30
5823c9c6: posts the ante 30
5224f6c9: posts small blind 100
bbc8b94b: posts big blind 200
*** HOLE CARDS ***
Dealt to 5823c9c6 
Dealt to 438ad75a 
Dealt to 5224f6c9 
Dealt to bbc8b94b 
Dealt to 49fa1389 
Dealt to Hero [5d Jh]
Dealt to 480279a6 
Dealt to db41ecd7 
49fa1389: folds
Hero: folds
480279a6: folds
db41ecd7: raises 200 to 400
5823c9c6: folds
438ad75a: calls 400
5224f6c9: folds
bbc8b94b: calls 200
*** FLOP *** [Kh Qc 3c]
bbc8b94b: checks
db41ecd7: checks
438ad75a: bets 1,017
bbc8b94b: folds
db41ecd7: folds
Uncalled bet (1,017) returned to 438ad75a
*** SHOWDOWN ***
438ad75a collected 1,540 from pot
*** SUMMARY ***
Total pot 1,540 | Rake 0 | Jackpot 0 | Bingo 0 | Fortune 0 | Tax 0
Board [Kh Qc 3c]
Seat 1: 5823c9c6 folded before Flop
Seat 2: 438ad75a (button) won (1,540)
Seat 3: 5224f6c9 (small blind) folded before Flop
Seat 4: bbc8b94b (big blind) folded on the Flop
Seat 5: 49fa1389 folded before Flop
Seat 6: Hero folded before Flop
Seat 7: 480279a6 folded before Flop
Seat 8: db41ecd7 folded on the Flop


Poker Hand #TM311371390: Tournament #208266716, Bounty Hunters Deepstack Turbo $32 Hold'em No Limit - Level4(100/200) - 2025/05/29 18:43:29
Table '45' 8-max Seat #1 is the button
Seat 1: 5823c9c6 (16,880 in chips)
Seat 2: 438ad75a (16,314 in chips)
Seat 3: 5224f6c9 (21,587 in chips)
Seat 4: bbc8b94b (8,786 in chips)
Seat 5: 49fa1389 (18,806 in chips)
Seat 6: Hero (30,657 in chips)
Seat 7: 480279a6 (20,008 in chips)
Seat 8: db41ecd7 (25,121 in chips)
db41ecd7: posts the ante 30
bbc8b94b: posts the ante 30
5224f6c9: posts the ante 30
480279a6: posts the ante 30
49fa1389: posts the ante 30
438ad75a: posts the ante 30
Hero: posts the ante 30
5823c9c6: posts the ante 30
438ad75a: posts small blind 100
5224f6c9: posts big blind 200
*** HOLE CARDS ***
Dealt to 5823c9c6 
Dealt to 438ad75a 
Dealt to 5224f6c9 
Dealt to bbc8b94b 
Dealt to 49fa1389 
Dealt to Hero [8h 8c]
Dealt to 480279a6 
Dealt to db41ecd7 
bbc8b94b: folds
49fa1389: folds
Hero: raises 200 to 400
480279a6: folds
db41ecd7: folds
5823c9c6: folds
438ad75a: folds
5224f6c9: folds
Uncalled bet (200) returned to Hero
*** SHOWDOWN ***
Hero collected 740 from pot
*** SUMMARY ***
Total pot 740 | Rake 0 | Jackpot 0 | Bingo 0 | Fortune 0 | Tax 0
Seat 1: 5823c9c6 (button) folded before Flop
Seat 2: 438ad75a (small blind) folded before Flop
Seat 3: 5224f6c9 (big blind) folded before Flop
Seat 4: bbc8b94b folded before Flop
Seat 5: 49fa1389 folded before Flop
Seat 6: Hero collected (740)
Seat 7: 480279a6 folded before Flop
Seat 8: db41ecd7 folded before Flop


Poker Hand #TM311371366: Tournament #208266716, Bounty Hunters Deepstack Turbo $32 Hold'em No Limit - Level4(100/200) - 2025/05/29 18:42:20
Table '45' 8-max Seat #8 is the button
Seat 1: 5823c9c6 (19,310 in chips)
Seat 2: 438ad75a (12,864 in chips)
Seat 3: 5224f6c9 (21,617 in chips)
Seat 4: bbc8b94b (8,816 in chips)
Seat 5: 49fa1389 (18,836 in chips)
Seat 6: Hero (30,687 in chips)
Seat 7: 480279a6 (20,458 in chips)
Seat 8: db41ecd7 (25,571 in chips)
db41ecd7: posts the ante 30
bbc8b94b: posts the ante 30
5224f6c9: posts the ante 30
480279a6: posts the ante 30
49fa1389: posts the ante 30
438ad75a: posts the ante 30
Hero: posts the ante 30
5823c9c6: posts the ante 30
5823c9c6: posts small blind 100
438ad75a: posts big blind 200
*** HOLE CARDS ***
Dealt to 5823c9c6 
Dealt to 438ad75a 
Dealt to 5224f6c9 
Dealt to bbc8b94b 
Dealt to 49fa1389 
Dealt to Hero [2s Qd]
Dealt to 480279a6 
Dealt to db41ecd7 
5224f6c9: folds
bbc8b94b: folds
49fa1389: folds
Hero: folds
480279a6: raises 220 to 420
db41ecd7: calls 420
5823c9c6: raises 1,980 to 2,400
438ad75a: raises 10,434 to 12,834
480279a6: folds
db41ecd7: folds
5823c9c6: folds
Uncalled bet (10,434) returned to 438ad75a
*** SHOWDOWN ***
438ad75a collected 5,880 from pot
*** SUMMARY ***
Total pot 5,880 | Rake 0 | Jackpot 0 | Bingo 0 | Fortune 0 | Tax 0
Seat 1: 5823c9c6 (small blind) folded before Flop
Seat 2: 438ad75a (big blind) collected (5,880)
Seat 3: 5224f6c9 folded before Flop
Seat 4: bbc8b94b folded before Flop
Seat 5: 49fa1389 folded before Flop
Seat 6: Hero folded before Flop
Seat 7: 480279a6 folded before Flop
Seat 8: db41ecd7 (button) folded before Flop


Poker Hand #TM311371337: Tournament #208266716, Bounty Hunters Deepstack Turbo $32 Hold'em No Limit - Level4(100/200) - 2025/05/29 18:40:45
Table '45' 8-max Seat #7 is the button
Seat 1: 5823c9c6 (19,900 in chips)
Seat 2: 438ad75a (12,894 in chips)
Seat 3: 5224f6c9 (21,647 in chips)
Seat 4: bbc8b94b (7,946 in chips)
Seat 5: 49fa1389 (18,866 in chips)
Seat 6: Hero (30,717 in chips)
Seat 7: 480279a6 (20,488 in chips)
Seat 8: db41ecd7 (25,701 in chips)
db41ecd7: posts the ante 30
bbc8b94b: posts the ante 30
5224f6c9: posts the ante 30
480279a6: posts the ante 30
49fa1389: posts the ante 30
438ad75a: posts the ante 30
Hero: posts the ante 30
5823c9c6: posts the ante 30
db41ecd7: posts small blind 100
5823c9c6: posts big blind 200
*** HOLE CARDS ***
Dealt to 5823c9c6 
Dealt to 438ad75a 
Dealt to 5224f6c9 
Dealt to bbc8b94b 
Dealt to 49fa1389 
Dealt to Hero [5d 3s]
Dealt to 480279a6 
Dealt to db41ecd7 
438ad75a: folds
5224f6c9: folds
bbc8b94b: raises 360 to 560
49fa1389: folds
Hero: folds
480279a6: folds
db41ecd7: folds
5823c9c6: calls 360
*** FLOP *** [Qh 4h Qd]
5823c9c6: checks
bbc8b94b: checks
*** TURN *** [Qh 4h Qd] [8d]
5823c9c6: checks
bbc8b94b: bets 600
5823c9c6: folds
Uncalled bet (600) returned to bbc8b94b
*** SHOWDOWN ***
bbc8b94b collected 1,460 from pot
*** SUMMARY ***
Total pot 1,460 | Rake 0 | Jackpot 0 | Bingo 0 | Fortune 0 | Tax 0
Board [Qh 4h Qd 8d]
Seat 1: 5823c9c6 (big blind) folded on the Turn
Seat 2: 438ad75a folded before Flop
Seat 3: 5224f6c9 folded before Flop
Seat 4: bbc8b94b won (1,460)
Seat 5: 49fa1389 folded before Flop
Seat 6: Hero folded before Flop
Seat 7: 480279a6 (button) folded before Flop
Seat 8: db41ecd7 (small blind) folded before Flop


Poker Hand #TM311371321: Tournament #208266716, Bounty Hunters Deepstack Turbo $32 Hold'em No Limit - Level4(100/200) - 2025/05/29 18:40:00
Table '45' 8-max Seat #6 is the button
Seat 1: 5823c9c6 (19,930 in chips)
Seat 2: 438ad75a (12,924 in chips)
Seat 3: 5224f6c9 (21,677 in chips)
Seat 4: bbc8b94b (8,576 in chips)
Seat 5: 49fa1389 (18,896 in chips)
Seat 6: Hero (29,607 in chips)
Seat 7: 480279a6 (20,618 in chips)
Seat 8: db41ecd7 (25,931 in chips)
db41ecd7: posts the ante 30
bbc8b94b: posts the ante 30
5224f6c9: posts the ante 30
49fa1389: posts the ante 30
438ad75a: posts the ante 30
480279a6: posts the ante 30
Hero: posts the ante 30
5823c9c6: posts the ante 30
480279a6: posts small blind 100
db41ecd7: posts big blind 200
*** HOLE CARDS ***
Dealt to 5823c9c6 
Dealt to 438ad75a 
Dealt to 5224f6c9 
Dealt to bbc8b94b 
Dealt to 49fa1389 
Dealt to Hero [Kd Ah]
Dealt to 480279a6 
Dealt to db41ecd7 
5823c9c6: folds
438ad75a: folds
5224f6c9: folds
bbc8b94b: raises 400 to 600
49fa1389: folds
Hero: raises 1,200 to 1,800
480279a6: folds
db41ecd7: folds
bbc8b94b: folds
Uncalled bet (1,200) returned to Hero
*** SHOWDOWN ***
Hero collected 1,740 from pot
*** SUMMARY ***
Total pot 1,740 | Rake 0 | Jackpot 0 | Bingo 0 | Fortune 0 | Tax 0
Seat 1: 5823c9c6 folded before Flop
Seat 2: 438ad75a folded before Flop
Seat 3: 5224f6c9 folded before Flop
Seat 4: bbc8b94b folded before Flop
Seat 5: 49fa1389 folded before Flop
Seat 6: Hero (button) collected (1,740)
Seat 7: 480279a6 (small blind) folded before Flop
Seat 8: db41ecd7 (big blind) folded before Flop


Poker Hand #TM311371309: Tournament #208266716, Bounty Hunters Deepstack Turbo $32 Hold'em No Limit - Level4(100/200) - 2025/05/29 18:39:19
Table '45' 8-max Seat #5 is the button
Seat 1: 5823c9c6 (19,960 in chips)
Seat 2: 438ad75a (12,954 in chips)
Seat 3: 5224f6c9 (21,167 in chips)
Seat 4: bbc8b94b (8,606 in chips)
Seat 5: 49fa1389 (18,926 in chips)
Seat 6: Hero (29,737 in chips)
Seat 7: 480279a6 (20,848 in chips)
Seat 8: db41ecd7 (25,961 in chips)
db41ecd7: posts the ante 30
bbc8b94b: posts the ante 30
5224f6c9: posts the ante 30
49fa1389: posts the ante 30
438ad75a: posts the ante 30
480279a6: posts the ante 30
Hero: posts the ante 30
5823c9c6: posts the ante 30
Hero: posts small blind 100
480279a6: posts big blind 200
*** HOLE CARDS ***
Dealt to 5823c9c6 
Dealt to 438ad75a 
Dealt to 5224f6c9 
Dealt to bbc8b94b 
Dealt to 49fa1389 
Dealt to Hero [2s 7d]
Dealt to 480279a6 
Dealt to db41ecd7 
db41ecd7: folds
5823c9c6: folds
438ad75a: folds
5224f6c9: raises 259 to 459
bbc8b94b: folds
49fa1389: folds
Hero: folds
480279a6: folds
Uncalled bet (259) returned to 5224f6c9
*** SHOWDOWN ***
5224f6c9 collected 740 from pot
*** SUMMARY ***
Total pot 740 | Rake 0 | Jackpot 0 | Bingo 0 | Fortune 0 | Tax 0
Seat 1: 5823c9c6 folded before Flop
Seat 2: 438ad75a folded before Flop
Seat 3: 5224f6c9 collected (740)
Seat 4: bbc8b94b folded before Flop
Seat 5: 49fa1389 (button) folded before Flop
Seat 6: Hero (small blind) folded before Flop
Seat 7: 480279a6 (big blind) folded before Flop
Seat 8: db41ecd7 folded before Flop


Poker Hand #TM311371270: Tournament #208266716, Bounty Hunters Deepstack Turbo $32 Hold'em No Limit - Level3(75/150) - 2025/05/29 18:37:25
Table '45' 8-max Seat #4 is the button
Seat 1: 5823c9c6 (19,980 in chips)
Seat 2: 438ad75a (12,974 in chips)
Seat 3: 5224f6c9 (21,187 in chips)
Seat 4: bbc8b94b (13,294 in chips)
Seat 5: 49fa1389 (19,021 in chips)
Seat 6: Hero (29,907 in chips)
Seat 7: 480279a6 (20,868 in chips)
Seat 8: db41ecd7 (20,928 in chips)
db41ecd7: posts the ante 20
bbc8b94b: posts the ante 20
5224f6c9: posts the ante 20
438ad75a: posts the ante 20
480279a6: posts the ante 20
49fa1389: posts the ante 20
Hero: posts the ante 20
5823c9c6: posts the ante 20
49fa1389: posts small blind 75
Hero: posts big blind 150
*** HOLE CARDS ***
Dealt to 5823c9c6 
Dealt to 438ad75a 
Dealt to 5224f6c9 
Dealt to bbc8b94b 
Dealt to 49fa1389 
Dealt to Hero [Ac Jh]
Dealt to 480279a6 
Dealt to db41ecd7 
480279a6: folds
db41ecd7: raises 150 to 300
5823c9c6: folds
438ad75a: folds
5224f6c9: folds
bbc8b94b: raises 651 to 951
49fa1389: folds
Hero: folds
db41ecd7: calls 651
*** FLOP *** [Qd 4c Tc]
db41ecd7: checks
bbc8b94b: bets 1,007
db41ecd7: raises 2,710 to 3,717
bbc8b94b: calls 2,710
*** TURN *** [Qd 4c Tc] [Jd]
db41ecd7: bets 16,240
bbc8b94b: folds
Uncalled bet (16,240) returned to db41ecd7
*** SHOWDOWN ***
db41ecd7 collected 9,721 from pot
*** SUMMARY ***
Total pot 9,721 | Rake 0 | Jackpot 0 | Bingo 0 | Fortune 0 | Tax 0
Board [Qd 4c Tc Jd]
Seat 1: 5823c9c6 folded before Flop
Seat 2: 438ad75a folded before Flop
Seat 3: 5224f6c9 folded before Flop
Seat 4: bbc8b94b (button) folded on the Turn
Seat 5: 49fa1389 (small blind) folded before Flop
Seat 6: Hero (big blind) folded before Flop
Seat 7: 480279a6 folded before Flop
Seat 8: db41ecd7 won (9,721)


Poker Hand #TM311371251: Tournament #208266716, Bounty Hunters Deepstack Turbo $32 Hold'em No Limit - Level3(75/150) - 2025/05/29 18:36:38
Table '45' 8-max Seat #3 is the button
Seat 1: 5823c9c6 (20,000 in chips)
Seat 2: 438ad75a (12,994 in chips)
Seat 3: 5224f6c9 (21,207 in chips)
Seat 4: bbc8b94b (13,389 in chips)
Seat 5: 49fa1389 (19,191 in chips)
Seat 6: Hero (29,927 in chips)
Seat 7: 480279a6 (20,888 in chips)
Seat 8: db41ecd7 (20,563 in chips)
db41ecd7: posts the ante 20
bbc8b94b: posts the ante 20
5224f6c9: posts the ante 20
438ad75a: posts the ante 20
480279a6: posts the ante 20
49fa1389: posts the ante 20
Hero: posts the ante 20
5823c9c6: posts the ante 20
bbc8b94b: posts small blind 75
49fa1389: posts big blind 150
*** HOLE CARDS ***
Dealt to 5823c9c6 
Dealt to 438ad75a 
Dealt to 5224f6c9 
Dealt to bbc8b94b 
Dealt to 49fa1389 
Dealt to Hero [6h 4h]
Dealt to 480279a6 
Dealt to db41ecd7 
Hero: folds
480279a6: folds
db41ecd7: raises 150 to 300
5823c9c6: folds
438ad75a: folds
5224f6c9: folds
bbc8b94b: folds
49fa1389: folds
Uncalled bet (150) returned to db41ecd7
*** SHOWDOWN ***
db41ecd7 collected 535 from pot
*** SUMMARY ***
Total pot 535 | Rake 0 | Jackpot 0 | Bingo 0 | Fortune 0 | Tax 0
Seat 1: 5823c9c6 folded before Flop
Seat 2: 438ad75a folded before Flop
Seat 3: 5224f6c9 (button) folded before Flop
Seat 4: bbc8b94b (small blind) folded before Flop
Seat 5: 49fa1389 (big blind) folded before Flop
Seat 6: Hero folded before Flop
Seat 7: 480279a6 folded before Flop
Seat 8: db41ecd7 collected (535)


Poker Hand #TM311371214: Tournament #208266716, Bounty Hunters Deepstack Turbo $32 Hold'em No Limit - Level3(75/150) - 2025/05/29 18:35:06
Table '45' 8-max Seat #8 is the button
Seat 3: 5224f6c9 (19,382 in chips)
Seat 4: bbc8b94b (15,134 in chips)
Seat 5: 49fa1389 (19,211 in chips)
Seat 6: Hero (29,947 in chips)
Seat 7: 480279a6 (20,908 in chips)
Seat 8: db41ecd7 (20,583 in chips)
db41ecd7: posts the ante 20
bbc8b94b: posts the ante 20
5224f6c9: posts the ante 20
480279a6: posts the ante 20
49fa1389: posts the ante 20
Hero: posts the ante 20
5224f6c9: posts small blind 75
bbc8b94b: posts big blind 150
*** HOLE CARDS ***
Dealt to 5224f6c9 
Dealt to bbc8b94b 
Dealt to 49fa1389 
Dealt to Hero [9s 8d]
Dealt to 480279a6 
Dealt to db41ecd7 
49fa1389: folds
Hero: folds
480279a6: folds
db41ecd7: folds
5224f6c9: raises 375 to 525
bbc8b94b: calls 375
*** FLOP *** [Ts 7s Jc]
5224f6c9: checks
bbc8b94b: bets 450
5224f6c9: calls 450
*** TURN *** [Ts 7s Jc] [7h]
5224f6c9: checks
bbc8b94b: bets 750
5224f6c9: calls 750
*** RIVER *** [Ts 7s Jc 7h] [2d]
5224f6c9: checks
bbc8b94b: checks
5224f6c9: shows [Tc Kd] (two pair, Tens and Sevens)
bbc8b94b: shows [Qh 2c] (two pair, Sevens and Twos)
*** SHOWDOWN ***
5224f6c9 collected 3,570 from pot
*** SUMMARY ***
Total pot 3,570 | Rake 0 | Jackpot 0 | Bingo 0 | Fortune 0 | Tax 0
Board [Ts 7s Jc 7h 2d]
Seat 3: 5224f6c9 (small blind) showed [Tc Kd] and won (3,570) with two pair, Tens and Sevens
Seat 4: bbc8b94b (big blind) showed [Qh 2c] and lost with two pair, Sevens and Twos
Seat 5: 49fa1389 folded before Flop
Seat 6: Hero folded before Flop
Seat 7: 480279a6 folded before Flop
Seat 8: db41ecd7 (button) folded before Flop


Poker Hand #TM312148509: Tournament #208266716, Bounty Hunters Deepstack Turbo $32 Hold'em No Limit - Level3(75/150) - 2025/05/29 18:34:37
Table '37' 8-max Seat #8 is the button
Seat 1: 20cf9e4 (19,262 in chips)
Seat 2: 8d9d98c (22,992 in chips)
Seat 3: Hero (29,967 in chips)
Seat 4: f39037f4 (22,164 in chips)
Seat 5: 5cd07bf5 (19,810 in chips)
Seat 6: 719a858b (23,453 in chips)
Seat 7: 178afece (22,587 in chips)
Seat 8: ec814c20 (17,560 in chips)
ec814c20: posts the ante 20
f39037f4: posts the ante 20
178afece: posts the ante 20
8d9d98c: posts the ante 20
5cd07bf5: posts the ante 20
Hero: posts the ante 20
719a858b: posts the ante 20
20cf9e4: posts the ante 20
20cf9e4: posts small blind 75
8d9d98c: posts big blind 150
*** HOLE CARDS ***
Dealt to 20cf9e4 
Dealt to 8d9d98c 
Dealt to Hero [6c 5h]
Dealt to f39037f4 
Dealt to 5cd07bf5 
Dealt to 719a858b 
Dealt to 178afece 
Dealt to ec814c20 
Hero: folds
f39037f4: raises 225 to 375
5cd07bf5: folds
719a858b: folds
178afece: folds
ec814c20: folds
20cf9e4: folds
8d9d98c: folds
Uncalled bet (225) returned to f39037f4
*** SHOWDOWN ***
f39037f4 collected 535 from pot
*** SUMMARY ***
Total pot 535 | Rake 0 | Jackpot 0 | Bingo 0 | Fortune 0 | Tax 0
Seat 1: 20cf9e4 (small blind) folded before Flop
Seat 2: 8d9d98c (big blind) folded before Flop
Seat 3: Hero folded before Flop
Seat 4: f39037f4 collected (535)
Seat 5: 5cd07bf5 folded before Flop
Seat 6: 719a858b folded before Flop
Seat 7: 178afece folded before Flop
Seat 8: ec814c20 (button) folded before Flop


Poker Hand #TM312148479: Tournament #208266716, Bounty Hunters Deepstack Turbo $32 Hold'em No Limit - Level3(75/150) - 2025/05/29 18:33:31
Table '37' 8-max Seat #7 is the button
Seat 1: 20cf9e4 (19,432 in chips)
Seat 2: 8d9d98c (23,012 in chips)
Seat 3: Hero (29,987 in chips)
Seat 4: f39037f4 (20,074 in chips)
Seat 5: 5cd07bf5 (19,830 in chips)
Seat 6: 719a858b (23,473 in chips)
Seat 7: 178afece (22,607 in chips)
Seat 8: ec814c20 (19,380 in chips)
ec814c20: posts the ante 20
f39037f4: posts the ante 20
178afece: posts the ante 20
8d9d98c: posts the ante 20
5cd07bf5: posts the ante 20
Hero: posts the ante 20
719a858b: posts the ante 20
20cf9e4: posts the ante 20
ec814c20: posts small blind 75
20cf9e4: posts big blind 150
*** HOLE CARDS ***
Dealt to 20cf9e4 
Dealt to 8d9d98c 
Dealt to Hero [Kc 9h]
Dealt to f39037f4 
Dealt to 5cd07bf5 
Dealt to 719a858b 
Dealt to 178afece 
Dealt to ec814c20 
8d9d98c: folds
Hero: folds
f39037f4: raises 225 to 375
5cd07bf5: folds
719a858b: folds
178afece: folds
ec814c20: raises 1,425 to 1,800
20cf9e4: folds
f39037f4: raises 2,475 to 4,275
ec814c20: folds
Uncalled bet (2,475) returned to f39037f4
*** SHOWDOWN ***
f39037f4 collected 3,910 from pot
*** SUMMARY ***
Total pot 3,910 | Rake 0 | Jackpot 0 | Bingo 0 | Fortune 0 | Tax 0
Seat 1: 20cf9e4 (big blind) folded before Flop
Seat 2: 8d9d98c folded before Flop
Seat 3: Hero folded before Flop
Seat 4: f39037f4 collected (3,910)
Seat 5: 5cd07bf5 folded before Flop
Seat 6: 719a858b folded before Flop
Seat 7: 178afece (button) folded before Flop
Seat 8: ec814c20 (small blind) folded before Flop


Poker Hand #TM312148457: Tournament #208266716, Bounty Hunters Deepstack Turbo $32 Hold'em No Limit - Level3(75/150) - 2025/05/29 18:32:42
Table '37' 8-max Seat #6 is the button
Seat 1: 20cf9e4 (19,452 in chips)
Seat 2: 8d9d98c (23,032 in chips)
Seat 3: Hero (30,007 in chips)
Seat 4: f39037f4 (20,094 in chips)
Seat 5: 5cd07bf5 (19,850 in chips)
Seat 6: 719a858b (23,493 in chips)
Seat 7: 178afece (21,867 in chips)
Seat 8: ec814c20 (20,000 in chips)
ec814c20: posts the ante 20
f39037f4: posts the ante 20
178afece: posts the ante 20
8d9d98c: posts the ante 20
5cd07bf5: posts the ante 20
Hero: posts the ante 20
719a858b: posts the ante 20
20cf9e4: posts the ante 20
178afece: posts small blind 75
ec814c20: posts big blind 150
*** HOLE CARDS ***
Dealt to 20cf9e4 
Dealt to 8d9d98c 
Dealt to Hero [2d Qh]
Dealt to f39037f4 
Dealt to 5cd07bf5 
Dealt to 719a858b 
Dealt to 178afece 
Dealt to ec814c20 
20cf9e4: folds
8d9d98c: folds
Hero: folds
f39037f4: folds
5cd07bf5: folds
719a858b: folds
178afece: calls 75
ec814c20: raises 450 to 600
178afece: raises 1,650 to 2,250
ec814c20: folds
Uncalled bet (1,650) returned to 178afece
*** SHOWDOWN ***
178afece collected 1,360 from pot
*** SUMMARY ***
Total pot 1,360 | Rake 0 | Jackpot 0 | Bingo 0 | Fortune 0 | Tax 0
Seat 1: 20cf9e4 folded before Flop
Seat 2: 8d9d98c folded before Flop
Seat 3: Hero folded before Flop
Seat 4: f39037f4 folded before Flop
Seat 5: 5cd07bf5 folded before Flop
Seat 6: 719a858b (button) folded before Flop
Seat 7: 178afece (small blind) collected (1,360)
Seat 8: ec814c20 (big blind) folded before Flop


Poker Hand #TM312148435: Tournament #208266716, Bounty Hunters Deepstack Turbo $32 Hold'em No Limit - Level3(75/150) - 2025/05/29 18:32:00
Table '37' 8-max Seat #5 is the button
Seat 1: 20cf9e4 (19,472 in chips)
Seat 2: 8d9d98c (23,052 in chips)
Seat 3: Hero (30,027 in chips)
Seat 4: f39037f4 (20,114 in chips)
Seat 5: 5cd07bf5 (19,505 in chips)
Seat 6: 719a858b (23,588 in chips)
Seat 7: 178afece (22,037 in chips)
f39037f4: posts the ante 20
178afece: posts the ante 20
8d9d98c: posts the ante 20
5cd07bf5: posts the ante 20
Hero: posts the ante 20
20cf9e4: posts the ante 20
719a858b: posts the ante 20
719a858b: posts small blind 75
178afece: posts big blind 150
*** HOLE CARDS ***
Dealt to 20cf9e4 
Dealt to 8d9d98c 
Dealt to Hero [5s 6c]
Dealt to f39037f4 
Dealt to 5cd07bf5 
Dealt to 719a858b 
Dealt to 178afece 
20cf9e4: folds
8d9d98c: folds
Hero: folds
f39037f4: folds
5cd07bf5: raises 150 to 300
719a858b: folds
178afece: folds
Uncalled bet (150) returned to 5cd07bf5
*** SHOWDOWN ***
5cd07bf5 collected 515 from pot
*** SUMMARY ***
Total pot 515 | Rake 0 | Jackpot 0 | Bingo 0 | Fortune 0 | Tax 0
Seat 1: 20cf9e4 folded before Flop
Seat 2: 8d9d98c folded before Flop
Seat 3: Hero folded before Flop
Seat 4: f39037f4 folded before Flop
Seat 5: 5cd07bf5 (button) collected (515)
Seat 6: 719a858b (small blind) folded before Flop
Seat 7: 178afece (big blind) folded before Flop


Poker Hand #TM312148381: Tournament #208266716, Bounty Hunters Deepstack Turbo $32 Hold'em No Limit - Level2(60/120) - 2025/05/29 18:30:16
Table '37' 8-max Seat #4 is the button
Seat 1: 20cf9e4 (19,490 in chips)
Seat 2: 8d9d98c (23,070 in chips)
Seat 3: Hero (31,926 in chips)
Seat 4: f39037f4 (20,132 in chips)
Seat 5: 5cd07bf5 (19,583 in chips)
Seat 6: 719a858b (23,726 in chips)
Seat 7: 178afece (19,850 in chips)
Seat 8: 17f2a240 (36,044 in chips)
17f2a240: posts the ante 18
f39037f4: posts the ante 18
178afece: posts the ante 18
8d9d98c: posts the ante 18
5cd07bf5: posts the ante 18
Hero: posts the ante 18
20cf9e4: posts the ante 18
719a858b: posts the ante 18
5cd07bf5: posts small blind 60
719a858b: posts big blind 120
*** HOLE CARDS ***
Dealt to 20cf9e4 
Dealt to 8d9d98c 
Dealt to Hero [Qh Ah]
Dealt to f39037f4 
Dealt to 5cd07bf5 
Dealt to 719a858b 
Dealt to 178afece 
Dealt to 17f2a240 
178afece: raises 180 to 300
17f2a240: folds
20cf9e4: folds
8d9d98c: folds
Hero: raises 900 to 1,200
f39037f4: folds
5cd07bf5: folds
719a858b: folds
178afece: calls 900
*** FLOP *** [Ks 8h 3s]
178afece: checks
Hero: bets 681
178afece: calls 681
*** TURN *** [Ks 8h 3s] [Js]
178afece: checks
Hero: checks
*** RIVER *** [Ks 8h 3s Js] [7s]
178afece: bets 1,349
Hero: folds
Uncalled bet (1,349) returned to 178afece
*** SHOWDOWN ***
178afece collected 4,086 from pot
*** SUMMARY ***
Total pot 4,086 | Rake 0 | Jackpot 0 | Bingo 0 | Fortune 0 | Tax 0
Board [Ks 8h 3s Js 7s]
Seat 1: 20cf9e4 folded before Flop
Seat 2: 8d9d98c folded before Flop
Seat 3: Hero folded on the River
Seat 4: f39037f4 (button) folded before Flop
Seat 5: 5cd07bf5 (small blind) folded before Flop
Seat 6: 719a858b (big blind) folded before Flop
Seat 7: 178afece won (4,086)
Seat 8: 17f2a240 folded before Flop


Poker Hand #TM312148361: Tournament #208266716, Bounty Hunters Deepstack Turbo $32 Hold'em No Limit - Level2(60/120) - 2025/05/29 18:29:46
Table '37' 8-max Seat #3 is the button
Seat 1: 20cf9e4 (19,508 in chips)
Seat 2: 8d9d98c (23,088 in chips)
Seat 3: Hero (31,620 in chips)
Seat 4: f39037f4 (20,210 in chips)
Seat 5: 5cd07bf5 (19,721 in chips)
Seat 6: 719a858b (23,744 in chips)
Seat 7: 178afece (19,868 in chips)
Seat 8: 17f2a240 (36,062 in chips)
17f2a240: posts the ante 18
f39037f4: posts the ante 18
178afece: posts the ante 18
8d9d98c: posts the ante 18
5cd07bf5: posts the ante 18
Hero: posts the ante 18
20cf9e4: posts the ante 18
719a858b: posts the ante 18
f39037f4: posts small blind 60
5cd07bf5: posts big blind 120
*** HOLE CARDS ***
Dealt to 20cf9e4 
Dealt to 8d9d98c 
Dealt to Hero [Ts As]
Dealt to f39037f4 
Dealt to 5cd07bf5 
Dealt to 719a858b 
Dealt to 178afece 
Dealt to 17f2a240 
719a858b: folds
178afece: folds
17f2a240: folds
20cf9e4: folds
8d9d98c: folds
Hero: raises 180 to 300
f39037f4: folds
5cd07bf5: folds
Uncalled bet (180) returned to Hero
*** SHOWDOWN ***
Hero collected 444 from pot
*** SUMMARY ***
Total pot 444 | Rake 0 | Jackpot 0 | Bingo 0 | Fortune 0 | Tax 0
Seat 1: 20cf9e4 folded before Flop
Seat 2: 8d9d98c folded before Flop
Seat 3: Hero (button) collected (444)
Seat 4: f39037f4 (small blind) folded before Flop
Seat 5: 5cd07bf5 (big blind) folded before Flop
Seat 6: 719a858b folded before Flop
Seat 7: 178afece folded before Flop
Seat 8: 17f2a240 folded before Flop


Poker Hand #TM312148343: Tournament #208266716, Bounty Hunters Deepstack Turbo $32 Hold'em No Limit - Level2(60/120) - 2025/05/29 18:29:05
Table '37' 8-max Seat #2 is the button
Seat 1: 20cf9e4 (19,526 in chips)
Seat 2: 8d9d98c (23,106 in chips)
Seat 3: Hero (31,758 in chips)
Seat 4: f39037f4 (19,964 in chips)
Seat 5: 5cd07bf5 (19,739 in chips)
Seat 6: 719a858b (23,762 in chips)
Seat 7: 178afece (19,886 in chips)
Seat 8: 17f2a240 (36,080 in chips)
17f2a240: posts the ante 18
f39037f4: posts the ante 18
178afece: posts the ante 18
8d9d98c: posts the ante 18
5cd07bf5: posts the ante 18
Hero: posts the ante 18
20cf9e4: posts the ante 18
719a858b: posts the ante 18
Hero: posts small blind 60
f39037f4: posts big blind 120
*** HOLE CARDS ***
Dealt to 20cf9e4 
Dealt to 8d9d98c 
Dealt to Hero [9c 2s]
Dealt to f39037f4 
Dealt to 5cd07bf5 
Dealt to 719a858b 
Dealt to 178afece 
Dealt to 17f2a240 
5cd07bf5: folds
719a858b: folds
178afece: folds
17f2a240: folds
20cf9e4: folds
8d9d98c: folds
Hero: calls 60
f39037f4: raises 360 to 480
Hero: folds
Uncalled bet (360) returned to f39037f4
*** SHOWDOWN ***
f39037f4 collected 384 from pot
*** SUMMARY ***
Total pot 384 | Rake 0 | Jackpot 0 | Bingo 0 | Fortune 0 | Tax 0
Seat 1: 20cf9e4 folded before Flop
Seat 2: 8d9d98c (button) folded before Flop
Seat 3: Hero (small blind) folded before Flop
Seat 4: f39037f4 (big blind) collected (384)
Seat 5: 5cd07bf5 folded before Flop
Seat 6: 719a858b folded before Flop
Seat 7: 178afece folded before Flop
Seat 8: 17f2a240 folded before Flop


Poker Hand #TM312148320: Tournament #208266716, Bounty Hunters Deepstack Turbo $32 Hold'em No Limit - Level2(60/120) - 2025/05/29 18:28:16
Table '37' 8-max Seat #1 is the button
Seat 1: 20cf9e4 (19,544 in chips)
Seat 2: 8d9d98c (23,184 in chips)
Seat 3: Hero (32,052 in chips)
Seat 4: f39037f4 (19,982 in chips)
Seat 5: 5cd07bf5 (19,757 in chips)
Seat 6: 719a858b (23,780 in chips)
Seat 7: 178afece (19,904 in chips)
Seat 8: 17f2a240 (35,618 in chips)
17f2a240: posts the ante 18
f39037f4: posts the ante 18
178afece: posts the ante 18
8d9d98c: posts the ante 18
5cd07bf5: posts the ante 18
Hero: posts the ante 18
20cf9e4: posts the ante 18
719a858b: posts the ante 18
8d9d98c: posts small blind 60
Hero: posts big blind 120
*** HOLE CARDS ***
Dealt to 20cf9e4 
Dealt to 8d9d98c 
Dealt to Hero [Qh 8c]
Dealt to f39037f4 
Dealt to 5cd07bf5 
Dealt to 719a858b 
Dealt to 178afece 
Dealt to 17f2a240 
f39037f4: folds
5cd07bf5: folds
719a858b: folds
178afece: folds
17f2a240: raises 156 to 276
20cf9e4: folds
8d9d98c: folds
Hero: calls 156
*** FLOP *** [7s 5s 2c]
Hero: checks
17f2a240: bets 499
Hero: folds
Uncalled bet (499) returned to 17f2a240
*** SHOWDOWN ***
17f2a240 collected 756 from pot
*** SUMMARY ***
Total pot 756 | Rake 0 | Jackpot 0 | Bingo 0 | Fortune 0 | Tax 0
Board [7s 5s 2c]
Seat 1: 20cf9e4 (button) folded before Flop
Seat 2: 8d9d98c (small blind) folded before Flop
Seat 3: Hero (big blind) folded on the Flop
Seat 4: f39037f4 folded before Flop
Seat 5: 5cd07bf5 folded before Flop
Seat 6: 719a858b folded before Flop
Seat 7: 178afece folded before Flop
Seat 8: 17f2a240 won (756)


Poker Hand #TM312148296: Tournament #208266716, Bounty Hunters Deepstack Turbo $32 Hold'em No Limit - Level2(60/120) - 2025/05/29 18:27:27
Table '37' 8-max Seat #8 is the button
Seat 1: 20cf9e4 (19,862 in chips)
Seat 2: 8d9d98c (22,458 in chips)
Seat 3: Hero (32,070 in chips)
Seat 4: f39037f4 (20,000 in chips)
Seat 5: 5cd07bf5 (19,775 in chips)
Seat 6: 719a858b (23,798 in chips)
Seat 7: 178afece (20,222 in chips)
Seat 8: 17f2a240 (35,636 in chips)
17f2a240: posts the ante 18
f39037f4: posts the ante 18
178afece: posts the ante 18
8d9d98c: posts the ante 18
5cd07bf5: posts the ante 18
Hero: posts the ante 18
719a858b: posts the ante 18
20cf9e4: posts the ante 18
20cf9e4: posts small blind 60
8d9d98c: posts big blind 120
*** HOLE CARDS ***
Dealt to 20cf9e4 
Dealt to 8d9d98c 
Dealt to Hero [2c Kc]
Dealt to f39037f4 
Dealt to 5cd07bf5 
Dealt to 719a858b 
Dealt to 178afece 
Dealt to 17f2a240 
Hero: folds
f39037f4: folds
5cd07bf5: folds
719a858b: folds
178afece: raises 180 to 300
17f2a240: folds
20cf9e4: calls 240
8d9d98c: raises 1,500 to 1,800
178afece: folds
20cf9e4: folds
Uncalled bet (1,500) returned to 8d9d98c
*** SHOWDOWN ***
8d9d98c collected 1,044 from pot
*** SUMMARY ***
Total pot 1,044 | Rake 0 | Jackpot 0 | Bingo 0 | Fortune 0 | Tax 0
Seat 1: 20cf9e4 (small blind) folded before Flop
Seat 2: 8d9d98c (big blind) collected (1,044)
Seat 3: Hero folded before Flop
Seat 4: f39037f4 folded before Flop
Seat 5: 5cd07bf5 folded before Flop
Seat 6: 719a858b folded before Flop
Seat 7: 178afece folded before Flop
Seat 8: 17f2a240 (button) folded before Flop


Poker Hand #TM312148286: Tournament #208266716, Bounty Hunters Deepstack Turbo $32 Hold'em No Limit - Level2(60/120) - 2025/05/29 18:27:07
Table '37' 8-max Seat #7 is the button
Seat 1: 20cf9e4 (20,000 in chips)
Seat 2: 8d9d98c (22,476 in chips)
Seat 3: Hero (32,088 in chips)
Seat 5: 5cd07bf5 (19,793 in chips)
Seat 6: 719a858b (23,816 in chips)
Seat 7: 178afece (20,240 in chips)
Seat 8: 17f2a240 (35,408 in chips)
17f2a240: posts the ante 18
178afece: posts the ante 18
8d9d98c: posts the ante 18
5cd07bf5: posts the ante 18
Hero: posts the ante 18
719a858b: posts the ante 18
20cf9e4: posts the ante 18
17f2a240: posts small blind 60
20cf9e4: posts big blind 120
*** HOLE CARDS ***
Dealt to 20cf9e4 
Dealt to 8d9d98c 
Dealt to Hero [7c Ah]
Dealt to 5cd07bf5 
Dealt to 719a858b 
Dealt to 178afece 
Dealt to 17f2a240 
8d9d98c: folds
Hero: folds
5cd07bf5: folds
719a858b: folds
178afece: folds
17f2a240: raises 300 to 420
20cf9e4: folds
Uncalled bet (300) returned to 17f2a240
*** SHOWDOWN ***
17f2a240 collected 366 from pot
*** SUMMARY ***
Total pot 366 | Rake 0 | Jackpot 0 | Bingo 0 | Fortune 0 | Tax 0
Seat 1: 20cf9e4 (big blind) folded before Flop
Seat 2: 8d9d98c folded before Flop
Seat 3: Hero folded before Flop
Seat 5: 5cd07bf5 folded before Flop
Seat 6: 719a858b folded before Flop
Seat 7: 178afece (button) folded before Flop
Seat 8: 17f2a240 (small blind) collected (366)


Poker Hand #TM312953997: Tournament #208266716, Bounty Hunters Deepstack Turbo $32 Hold'em No Limit - Level2(60/120) - 2025/05/29 18:24:48
Table '19' 8-max Seat #1 is the button
Seat 1: 1aa77ea4 (20,019 in chips)
Seat 2: c126945e (19,289 in chips)
Seat 3: 86a5655a (19,770 in chips)
Seat 4: Hero (31,782 in chips)
Seat 5: 49a586d7 (9,393 in chips)
Seat 6: ad15b2b4 (19,689 in chips)
Seat 7: 3edb134c (21,529 in chips)
Seat 8: 49957d2 (18,529 in chips)
3edb134c: posts the ante 18
49957d2: posts the ante 18
49a586d7: posts the ante 18
1aa77ea4: posts the ante 18
c126945e: posts the ante 18
Hero: posts the ante 18
ad15b2b4: posts the ante 18
86a5655a: posts the ante 18
c126945e: posts small blind 60
86a5655a: posts big blind 120
*** HOLE CARDS ***
Dealt to 1aa77ea4 
Dealt to c126945e 
Dealt to 86a5655a 
Dealt to Hero [Ah Jh]
Dealt to 49a586d7 
Dealt to ad15b2b4 
Dealt to 3edb134c 
Dealt to 49957d2 
Hero: raises 120 to 240
49a586d7: folds
ad15b2b4: folds
3edb134c: folds
49957d2: folds
1aa77ea4: folds
c126945e: folds
86a5655a: folds
Uncalled bet (120) returned to Hero
*** SHOWDOWN ***
Hero collected 444 from pot
*** SUMMARY ***
Total pot 444 | Rake 0 | Jackpot 0 | Bingo 0 | Fortune 0 | Tax 0
Seat 1: 1aa77ea4 (button) folded before Flop
Seat 2: c126945e (small blind) folded before Flop
Seat 3: 86a5655a (big blind) folded before Flop
Seat 4: Hero collected (444)
Seat 5: 49a586d7 folded before Flop
Seat 6: ad15b2b4 folded before Flop
Seat 7: 3edb134c folded before Flop
Seat 8: 49957d2 folded before Flop


Poker Hand #TM312953962: Tournament #208266716, Bounty Hunters Deepstack Turbo $32 Hold'em No Limit - Level2(60/120) - 2025/05/29 18:23:44
Table '19' 8-max Seat #8 is the button
Seat 1: 1aa77ea4 (20,157 in chips)
Seat 2: c126945e (19,907 in chips)
Seat 3: 86a5655a (19,788 in chips)
Seat 4: Hero (31,800 in chips)
Seat 5: 49a586d7 (8,547 in chips)
Seat 6: ad15b2b4 (19,707 in chips)
Seat 7: 3edb134c (21,547 in chips)
Seat 8: 49957d2 (18,547 in chips)
3edb134c: posts the ante 18
49957d2: posts the ante 18
49a586d7: posts the ante 18
1aa77ea4: posts the ante 18
c126945e: posts the ante 18
Hero: posts the ante 18
ad15b2b4: posts the ante 18
86a5655a: posts the ante 18
1aa77ea4: posts small blind 60
c126945e: posts big blind 120
*** HOLE CARDS ***
Dealt to 1aa77ea4 
Dealt to c126945e 
Dealt to 86a5655a 
Dealt to Hero [2s 7s]
Dealt to 49a586d7 
Dealt to ad15b2b4 
Dealt to 3edb134c 
Dealt to 49957d2 
86a5655a: folds
Hero: folds
49a586d7: calls 120
ad15b2b4: folds
3edb134c: folds
49957d2: folds
1aa77ea4: calls 60
c126945e: raises 480 to 600
49a586d7: calls 480
1aa77ea4: folds
*** FLOP *** [Jd 4c Kc]
c126945e: checks
49a586d7: bets 1,098
c126945e: folds
Uncalled bet (1,098) returned to 49a586d7
*** SHOWDOWN ***
49a586d7 collected 1,464 from pot
*** SUMMARY ***
Total pot 1,464 | Rake 0 | Jackpot 0 | Bingo 0 | Fortune 0 | Tax 0
Board [Jd 4c Kc]
Seat 1: 1aa77ea4 (small blind) folded before Flop
Seat 2: c126945e (big blind) folded on the Flop
Seat 3: 86a5655a folded before Flop
Seat 4: Hero folded before Flop
Seat 5: 49a586d7 won (1,464)
Seat 6: ad15b2b4 folded before Flop
Seat 7: 3edb134c folded before Flop
Seat 8: 49957d2 (button) folded before Flop


Poker Hand #TM312953947: Tournament #208266716, Bounty Hunters Deepstack Turbo $32 Hold'em No Limit - Level2(60/120) - 2025/05/29 18:23:05
Table '19' 8-max Seat #7 is the button
Seat 1: 1aa77ea4 (20,295 in chips)
Seat 2: c126945e (19,925 in chips)
Seat 3: 86a5655a (19,482 in chips)
Seat 4: Hero (31,818 in chips)
Seat 5: 49a586d7 (8,565 in chips)
Seat 6: ad15b2b4 (19,725 in chips)
Seat 7: 3edb134c (21,565 in chips)
Seat 8: 49957d2 (18,625 in chips)
3edb134c: posts the ante 18
49957d2: posts the ante 18
49a586d7: posts the ante 18
1aa77ea4: posts the ante 18
c126945e: posts the ante 18
Hero: posts the ante 18
ad15b2b4: posts the ante 18
86a5655a: posts the ante 18
49957d2: posts small blind 60
1aa77ea4: posts big blind 120
*** HOLE CARDS ***
Dealt to 1aa77ea4 
Dealt to c126945e 
Dealt to 86a5655a 
Dealt to Hero [2s Th]
Dealt to 49a586d7 
Dealt to ad15b2b4 
Dealt to 3edb134c 
Dealt to 49957d2 
c126945e: folds
86a5655a: raises 180 to 300
Hero: folds
49a586d7: folds
ad15b2b4: folds
3edb134c: folds
49957d2: folds
1aa77ea4: folds
Uncalled bet (180) returned to 86a5655a
*** SHOWDOWN ***
86a5655a collected 444 from pot
*** SUMMARY ***
Total pot 444 | Rake 0 | Jackpot 0 | Bingo 0 | Fortune 0 | Tax 0
Seat 1: 1aa77ea4 (big blind) folded before Flop
Seat 2: c126945e folded before Flop
Seat 3: 86a5655a collected (444)
Seat 4: Hero folded before Flop
Seat 5: 49a586d7 folded before Flop
Seat 6: ad15b2b4 folded before Flop
Seat 7: 3edb134c (button) folded before Flop
Seat 8: 49957d2 (small blind) folded before Flop


Poker Hand #TM312953917: Tournament #208266716, Bounty Hunters Deepstack Turbo $32 Hold'em No Limit - Level1(50/100) - 2025/05/29 18:22:01
Table '19' 8-max Seat #6 is the button
Seat 1: 1aa77ea4 (19,940 in chips)
Seat 2: c126945e (19,940 in chips)
Seat 3: 86a5655a (19,497 in chips)
Seat 4: Hero (31,833 in chips)
Seat 5: 49a586d7 (8,580 in chips)
Seat 6: ad15b2b4 (19,740 in chips)
Seat 7: 3edb134c (21,630 in chips)
Seat 8: 49957d2 (18,840 in chips)
3edb134c: posts the ante 15
49957d2: posts the ante 15
49a586d7: posts the ante 15
1aa77ea4: posts the ante 15
c126945e: posts the ante 15
Hero: posts the ante 15
ad15b2b4: posts the ante 15
86a5655a: posts the ante 15
3edb134c: posts small blind 50
49957d2: posts big blind 100
*** HOLE CARDS ***
Dealt to 1aa77ea4 
Dealt to c126945e 
Dealt to 86a5655a 
Dealt to Hero [Ah 4s]
Dealt to 49a586d7 
Dealt to ad15b2b4 
Dealt to 3edb134c 
Dealt to 49957d2 
1aa77ea4: raises 100 to 200
c126945e: folds
86a5655a: folds
Hero: folds
49a586d7: folds
ad15b2b4: folds
3edb134c: folds
49957d2: calls 100
*** FLOP *** [8c 7h Jc]
49957d2: checks
1aa77ea4: bets 314
49957d2: folds
Uncalled bet (314) returned to 1aa77ea4
*** SHOWDOWN ***
1aa77ea4 collected 570 from pot
*** SUMMARY ***
Total pot 570 | Rake 0 | Jackpot 0 | Bingo 0 | Fortune 0 | Tax 0
Board [8c 7h Jc]
Seat 1: 1aa77ea4 won (570)
Seat 2: c126945e folded before Flop
Seat 3: 86a5655a folded before Flop
Seat 4: Hero folded before Flop
Seat 5: 49a586d7 folded before Flop
Seat 6: ad15b2b4 (button) folded before Flop
Seat 7: 3edb134c (small blind) folded before Flop
Seat 8: 49957d2 (big blind) folded on the Flop


Poker Hand #TM312953879: Tournament #208266716, Bounty Hunters Deepstack Turbo $32 Hold'em No Limit - Level1(50/100) - 2025/05/29 18:20:50
Table '19' 8-max Seat #5 is the button
Seat 1: 1aa77ea4 (19,955 in chips)
Seat 2: c126945e (19,955 in chips)
Seat 3: 86a5655a (19,512 in chips)
Seat 4: Hero (31,848 in chips)
Seat 5: 49a586d7 (8,695 in chips)
Seat 6: ad15b2b4 (19,855 in chips)
Seat 7: 3edb134c (21,325 in chips)
Seat 8: 49957d2 (18,855 in chips)
3edb134c: posts the ante 15
49957d2: posts the ante 15
49a586d7: posts the ante 15
1aa77ea4: posts the ante 15
c126945e: posts the ante 15
Hero: posts the ante 15
86a5655a: posts the ante 15
ad15b2b4: posts the ante 15
ad15b2b4: posts small blind 50
3edb134c: posts big blind 100
*** HOLE CARDS ***
Dealt to 1aa77ea4 
Dealt to c126945e 
Dealt to 86a5655a 
Dealt to Hero [8c 9h]
Dealt to 49a586d7 
Dealt to ad15b2b4 
Dealt to 3edb134c 
Dealt to 49957d2 
49957d2: folds
1aa77ea4: folds
c126945e: folds
86a5655a: folds
Hero: folds
49a586d7: calls 100
ad15b2b4: calls 50
3edb134c: checks
*** FLOP *** [9s 9c 2s]
ad15b2b4: checks
3edb134c: bets 139
49a586d7: folds
ad15b2b4: folds
Uncalled bet (139) returned to 3edb134c
*** SHOWDOWN ***
3edb134c collected 420 from pot
*** SUMMARY ***
Total pot 420 | Rake 0 | Jackpot 0 | Bingo 0 | Fortune 0 | Tax 0
Board [9s 9c 2s]
Seat 1: 1aa77ea4 folded before Flop
Seat 2: c126945e folded before Flop
Seat 3: 86a5655a folded before Flop
Seat 4: Hero folded before Flop
Seat 5: 49a586d7 (button) folded on the Flop
Seat 6: ad15b2b4 (small blind) folded on the Flop
Seat 7: 3edb134c (big blind) won (420)
Seat 8: 49957d2 folded before Flop


Poker Hand #TM312953817: Tournament #208266716, Bounty Hunters Deepstack Turbo $32 Hold'em No Limit - Level1(50/100) - 2025/05/29 18:18:07
Table '19' 8-max Seat #4 is the button
Seat 1: 1aa77ea4 (19,970 in chips)
Seat 2: c126945e (19,970 in chips)
Seat 3: 86a5655a (19,527 in chips)
Seat 4: Hero (31,863 in chips)
Seat 5: 49a586d7 (8,760 in chips)
Seat 6: ad15b2b4 (19,970 in chips)
Seat 7: 3edb134c (19,970 in chips)
Seat 8: 49957d2 (19,970 in chips)
3edb134c: posts the ante 15
49957d2: posts the ante 15
49a586d7: posts the ante 15
1aa77ea4: posts the ante 15
c126945e: posts the ante 15
Hero: posts the ante 15
86a5655a: posts the ante 15
ad15b2b4: posts the ante 15
49a586d7: posts small blind 50
ad15b2b4: posts big blind 100
*** HOLE CARDS ***
Dealt to 1aa77ea4 
Dealt to c126945e 
Dealt to 86a5655a 
Dealt to Hero [8s 2s]
Dealt to 49a586d7 
Dealt to ad15b2b4 
Dealt to 3edb134c 
Dealt to 49957d2 
3edb134c: raises 110 to 210
49957d2: calls 210
1aa77ea4: folds
c126945e: folds
86a5655a: folds
Hero: folds
49a586d7: folds
ad15b2b4: folds
*** FLOP *** [7s 2h 3d]
3edb134c: checks
49957d2: bets 278
3edb134c: raises 612 to 890
49957d2: calls 612
*** TURN *** [7s 2h 3d] [7h]
3edb134c: checks
49957d2: checks
*** RIVER *** [7s 2h 3d 7h] [3s]
3edb134c: checks
49957d2: checks
3edb134c: shows [Ks 6s] (two pair, Sevens and Threes)
49957d2: shows [5h 6h] (two pair, Sevens and Threes)
*** SHOWDOWN ***
3edb134c collected 2,470 from pot
*** SUMMARY ***
Total pot 2,470 | Rake 0 | Jackpot 0 | Bingo 0 | Fortune 0 | Tax 0
Board [7s 2h 3d 7h 3s]
Seat 1: 1aa77ea4 folded before Flop
Seat 2: c126945e folded before Flop
Seat 3: 86a5655a folded before Flop
Seat 4: Hero (button) folded before Flop
Seat 5: 49a586d7 (small blind) folded before Flop
Seat 6: ad15b2b4 (big blind) folded before Flop
Seat 7: 3edb134c showed [Ks 6s] and won (2,470) with two pair, Sevens and Threes
Seat 8: 49957d2 showed [5h 6h] and lost with two pair, Sevens and Threes


Poker Hand #TM312953790: Tournament #208266716, Bounty Hunters Deepstack Turbo $32 Hold'em No Limit - Level1(50/100) - 2025/05/29 18:17:08
Table '19' 8-max Seat #3 is the button
Seat 1: 1aa77ea4 (19,985 in chips)
Seat 2: c126945e (19,985 in chips)
Seat 3: 86a5655a (19,885 in chips)
Seat 4: Hero (31,928 in chips)
Seat 5: 49a586d7 (8,262 in chips)
Seat 6: ad15b2b4 (19,985 in chips)
Seat 7: 3edb134c (19,985 in chips)
Seat 8: 49957d2 (19,985 in chips)
3edb134c: posts the ante 15
49957d2: posts the ante 15
49a586d7: posts the ante 15
1aa77ea4: posts the ante 15
c126945e: posts the ante 15
Hero: posts the ante 15
86a5655a: posts the ante 15
ad15b2b4: posts the ante 15
Hero: posts small blind 50
49a586d7: posts big blind 100
*** HOLE CARDS ***
Dealt to 1aa77ea4 
Dealt to c126945e 
Dealt to 86a5655a 
Dealt to Hero [2c 4s]
Dealt to 49a586d7 
Dealt to ad15b2b4 
Dealt to 3edb134c 
Dealt to 49957d2 
ad15b2b4: folds
3edb134c: folds
49957d2: folds
1aa77ea4: folds
c126945e: folds
86a5655a: raises 100 to 200
Hero: folds
49a586d7: calls 100
*** FLOP *** [Jh Th Js]
49a586d7: checks
86a5655a: bets 143
49a586d7: calls 143
*** TURN *** [Jh Th Js] [9s]
49a586d7: checks
86a5655a: checks
*** RIVER *** [Jh Th Js 9s] [Jd]
49a586d7: bets 642
86a5655a: folds
Uncalled bet (642) returned to 49a586d7
*** SHOWDOWN ***
49a586d7 collected 856 from pot
*** SUMMARY ***
Total pot 856 | Rake 0 | Jackpot 0 | Bingo 0 | Fortune 0 | Tax 0
Board [Jh Th Js 9s Jd]
Seat 1: 1aa77ea4 folded before Flop
Seat 2: c126945e folded before Flop
Seat 3: 86a5655a (button) folded on the River
Seat 4: Hero (small blind) folded before Flop
Seat 5: 49a586d7 (big blind) won (856)
Seat 6: ad15b2b4 folded before Flop
Seat 7: 3edb134c folded before Flop
Seat 8: 49957d2 folded before Flop


Poker Hand #TM312953739: Tournament #208266716, Bounty Hunters Deepstack Turbo $32 Hold'em No Limit - Level1(50/100) - 2025/05/29 18:15:02
Table '19' 8-max Seat #2 is the button
Seat 1: 1aa77ea4 (20,000 in chips)
Seat 2: c126945e (20,000 in chips)
Seat 3: 86a5655a (20,000 in chips)
Seat 4: Hero (20,000 in chips)
Seat 5: 49a586d7 (20,000 in chips)
Seat 6: ad15b2b4 (20,000 in chips)
Seat 7: 3edb134c (20,000 in chips)
Seat 8: 49957d2 (20,000 in chips)
3edb134c: posts the ante 15
49957d2: posts the ante 15
49a586d7: posts the ante 15
1aa77ea4: posts the ante 15
c126945e: posts the ante 15
Hero: posts the ante 15
ad15b2b4: posts the ante 15
86a5655a: posts the ante 15
86a5655a: posts small blind 50
Hero: posts big blind 100
*** HOLE CARDS ***
Dealt to 1aa77ea4 
Dealt to c126945e 
Dealt to 86a5655a 
Dealt to Hero [Tc 4s]
Dealt to 49a586d7 
Dealt to ad15b2b4 
Dealt to 3edb134c 
Dealt to 49957d2 
49a586d7: calls 100
ad15b2b4: folds
3edb134c: folds
49957d2: folds
1aa77ea4: folds
c126945e: folds
86a5655a: calls 50
Hero: checks
*** FLOP *** [Qs Th 4c]
86a5655a: checks
Hero: checks
49a586d7: bets 315
86a5655a: folds
Hero: raises 788 to 1,103
49a586d7: calls 788
*** TURN *** [Qs Th 4c] [7h]
Hero: bets 3,420
49a586d7: calls 3,420
*** RIVER *** [Qs Th 4c 7h] [9s]
Hero: bets 7,100
49a586d7: calls 7,100
Hero: shows [Tc 4s] (two pair, Tens and Fours)
49a586d7: shows [Qh Ad] (a pair of Queens)
*** SHOWDOWN ***
Hero collected 23,666 from pot
*** SUMMARY ***
Total pot 23,666 | Rake 0 | Jackpot 0 | Bingo 0 | Fortune 0 | Tax 0
Board [Qs Th 4c 7h 9s]
Seat 1: 1aa77ea4 folded before Flop
Seat 2: c126945e (button) folded before Flop
Seat 3: 86a5655a (small blind) folded on the Flop
Seat 4: Hero (big blind) showed [Tc 4s] and won (23,666) with two pair, Tens and Fours
Seat 5: 49a586d7 showed [Qh Ad] and lost with a pair of Queens
Seat 6: ad15b2b4 folded before Flop
Seat 7: 3edb134c folded before Flop
Seat 8: 49957d2 folded before Flop


