Poker Hand #TM303258282: Tournament #207747006, Daily Hyper $50 Hold'em No Limit - Level15(500/1,000) - 2025/05/26 22:33:18
Table '26' 6-max Seat #3 is the button
Seat 1: ef8944e4 (10,000 in chips)
Seat 2: 9fe3b06b (10,000 in chips)
Seat 3: 86f8812a (10,000 in chips)
Seat 4: Hero (10,000 in chips)
Seat 5: 6eae1d1 (10,000 in chips)
6eae1d1: posts the ante 150
ef8944e4: posts the ante 150
Hero: posts the ante 150
86f8812a: posts the ante 150
9fe3b06b: posts the ante 150
Hero: posts small blind 500
6eae1d1: posts big blind 1,000
*** HOLE CARDS ***
Dealt to ef8944e4 
Dealt to 9fe3b06b 
Dealt to 86f8812a 
Dealt to Hero [Qs Ad]
Dealt to 6eae1d1 
ef8944e4: folds
9fe3b06b: folds
86f8812a: raises 8,850 to 9,850
Hero: calls 9,350
6eae1d1: folds
86f8812a: shows [Kh Kd]
Hero: shows [Qs Ad]
*** FLOP *** [3d 6s 9s]
*** TURN *** [3d 6s 9s] [4d]
*** RIVER *** [3d 6s 9s 4d] [2c]
*** SHOWDOWN ***
86f8812a collected 21,450 from pot
*** SUMMARY ***
Total pot 21,450 | Rake 0 | Jackpot 0 | Bingo 0 | Fortune 0 | Tax 0
Board [3d 6s 9s 4d 2c]
Seat 1: ef8944e4 folded before Flop
Seat 2: 9fe3b06b folded before Flop
Seat 3: 86f8812a (button) showed [Kh Kd] and won (21,450) with a pair of Kings
Seat 4: Hero (small blind) showed [Qs Ad] and lost with Ace high
Seat 5: 6eae1d1 (big blind) folded before Flop


