Poker Hand #TM313582442: Tournament #208260906, Bounty Hunters Forty Stack $44 Hold'em No Limit - Level5(250/500) - 2025/05/29 18:32:41
Table '7' 8-max Seat #8 is the button
Seat 1: Hero (1,048 in chips)
Seat 2: f130ef9c (110,719 in chips)
Seat 3: 729aaf2e (40,450 in chips)
Seat 4: f0fdacad (20,333 in chips)
Seat 5: dec3e5b8 (37,657 in chips)
Seat 6: 73ee84c6 (42,033 in chips)
Seat 7: 31856bbf (5,831 in chips)
Seat 8: d56f1c42 (93,688 in chips)
729aaf2e: posts the ante 75
d56f1c42: posts the ante 75
31856bbf: posts the ante 75
f0fdacad: posts the ante 75
73ee84c6: posts the ante 75
dec3e5b8: posts the ante 75
f130ef9c: posts the ante 75
Hero: posts the ante 75
Hero: posts small blind 250
f130ef9c: posts big blind 500
*** HOLE CARDS ***
Dealt to Hero [7c 9s]
Dealt to f130ef9c 
Dealt to 729aaf2e 
Dealt to f0fdacad 
Dealt to dec3e5b8 
Dealt to 73ee84c6 
Dealt to 31856bbf 
Dealt to d56f1c42 
729aaf2e: folds
f0fdacad: folds
dec3e5b8: raises 1,000 to 1,500
73ee84c6: folds
31856bbf: folds
d56f1c42: raises 5,000 to 6,500
Hero: calls 723
f130ef9c: folds
dec3e5b8: raises 7,537 to 14,037
d56f1c42: raises 79,576 to 93,613
dec3e5b8: calls 23,545
Uncalled bet (56,031) returned to d56f1c42
d56f1c42: shows [Kd Kh]
Hero: shows [7c 9s]
dec3e5b8: shows [Kc Th]
*** FLOP *** [4c 3c Tc]
*** TURN *** [4c 3c Tc] [9c]
*** RIVER *** [4c 3c Tc 9c] [Qd]
*** SHOWDOWN ***
dec3e5b8 collected 4,019 from pot
dec3e5b8 collected 73,218 from pot
*** SUMMARY ***
Total pot 77,237 | Rake 0 | Jackpot 0 | Bingo 0 | Fortune 0 | Tax 0
Board [4c 3c Tc 9c Qd]
Seat 1: Hero (small blind) showed [7c 9s] and lost with a flush Ten high
Seat 2: f130ef9c (big blind) folded before Flop
Seat 3: 729aaf2e folded before Flop
Seat 4: f0fdacad folded before Flop
Seat 5: dec3e5b8 showed [Kc Th] and won (77,237) with a flush King high
Seat 6: 73ee84c6 folded before Flop
Seat 7: 31856bbf folded before Flop
Seat 8: d56f1c42 (button) showed [Kd Kh] and lost with a pair of Kings


Poker Hand #TM313582360: Tournament #208260906, Bounty Hunters Forty Stack $44 Hold'em No Limit - Level5(250/500) - 2025/05/29 18:31:04
Table '7' 8-max Seat #7 is the button
Seat 1: Hero (47,092 in chips)
Seat 2: f130ef9c (110,794 in chips)
Seat 3: 729aaf2e (40,525 in chips)
Seat 4: f0fdacad (21,558 in chips)
Seat 5: dec3e5b8 (37,732 in chips)
Seat 6: 73ee84c6 (42,108 in chips)
Seat 7: 31856bbf (5,906 in chips)
Seat 8: d56f1c42 (46,044 in chips)
729aaf2e: posts the ante 75
d56f1c42: posts the ante 75
31856bbf: posts the ante 75
f0fdacad: posts the ante 75
73ee84c6: posts the ante 75
dec3e5b8: posts the ante 75
f130ef9c: posts the ante 75
Hero: posts the ante 75
d56f1c42: posts small blind 250
Hero: posts big blind 500
*** HOLE CARDS ***
Dealt to Hero [As Ks]
Dealt to f130ef9c 
Dealt to 729aaf2e 
Dealt to f0fdacad 
Dealt to dec3e5b8 
Dealt to 73ee84c6 
Dealt to 31856bbf 
Dealt to d56f1c42 
f130ef9c: folds
729aaf2e: folds
f0fdacad: raises 650 to 1,150
dec3e5b8: folds
73ee84c6: folds
31856bbf: folds
d56f1c42: raises 3,350 to 4,500
Hero: raises 6,500 to 11,000
f0fdacad: folds
d56f1c42: raises 34,969 to 45,969
Hero: calls 34,969
d56f1c42: shows [Ac Kh]
Hero: shows [As Ks]
*** FLOP *** [Ah 3h 5s]
*** TURN *** [Ah 3h 5s] [7h]
*** RIVER *** [Ah 3h 5s 7h] [Th]
*** SHOWDOWN ***
d56f1c42 collected 93,688 from pot
*** SUMMARY ***
Total pot 93,688 | Rake 0 | Jackpot 0 | Bingo 0 | Fortune 0 | Tax 0
Board [Ah 3h 5s 7h Th]
Seat 1: Hero (big blind) showed [As Ks] and lost with a pair of Aces
Seat 2: f130ef9c folded before Flop
Seat 3: 729aaf2e folded before Flop
Seat 4: f0fdacad folded before Flop
Seat 5: dec3e5b8 folded before Flop
Seat 6: 73ee84c6 folded before Flop
Seat 7: 31856bbf (button) folded before Flop
Seat 8: d56f1c42 (small blind) showed [Ac Kh] and won (93,688) with a flush Ace high


Poker Hand #TM313582311: Tournament #208260906, Bounty Hunters Forty Stack $44 Hold'em No Limit - Level5(250/500) - 2025/05/29 18:29:58
Table '7' 8-max Seat #6 is the button
Seat 1: Hero (47,167 in chips)
Seat 2: f130ef9c (110,869 in chips)
Seat 3: 729aaf2e (40,600 in chips)
Seat 4: f0fdacad (23,571 in chips)
Seat 5: dec3e5b8 (37,807 in chips)
Seat 6: 73ee84c6 (42,183 in chips)
Seat 7: 31856bbf (6,231 in chips)
Seat 8: d56f1c42 (43,331 in chips)
729aaf2e: posts the ante 75
d56f1c42: posts the ante 75
f0fdacad: posts the ante 75
31856bbf: posts the ante 75
73ee84c6: posts the ante 75
dec3e5b8: posts the ante 75
f130ef9c: posts the ante 75
Hero: posts the ante 75
31856bbf: posts small blind 250
d56f1c42: posts big blind 500
*** HOLE CARDS ***
Dealt to Hero [Jc 7s]
Dealt to f130ef9c 
Dealt to 729aaf2e 
Dealt to f0fdacad 
Dealt to dec3e5b8 
Dealt to 73ee84c6 
Dealt to 31856bbf 
Dealt to d56f1c42 
Hero: folds
f130ef9c: folds
729aaf2e: folds
f0fdacad: raises 650 to 1,150
dec3e5b8: folds
73ee84c6: folds
31856bbf: folds
d56f1c42: calls 650
*** FLOP *** [6d 4d 2d]
d56f1c42: checks
f0fdacad: bets 788
d56f1c42: raises 2,962 to 3,750
f0fdacad: folds
Uncalled bet (2,962) returned to d56f1c42
*** SHOWDOWN ***
d56f1c42 collected 4,726 from pot
*** SUMMARY ***
Total pot 4,726 | Rake 0 | Jackpot 0 | Bingo 0 | Fortune 0 | Tax 0
Board [6d 4d 2d]
Seat 1: Hero folded before Flop
Seat 2: f130ef9c folded before Flop
Seat 3: 729aaf2e folded before Flop
Seat 4: f0fdacad folded on the Flop
Seat 5: dec3e5b8 folded before Flop
Seat 6: 73ee84c6 (button) folded before Flop
Seat 7: 31856bbf (small blind) folded before Flop
Seat 8: d56f1c42 (big blind) won (4,726)


Poker Hand #TM313582238: Tournament #208260906, Bounty Hunters Forty Stack $44 Hold'em No Limit - Level4(200/400) - 2025/05/29 18:28:36
Table '7' 8-max Seat #5 is the button
Seat 1: Hero (47,227 in chips)
Seat 2: f130ef9c (110,929 in chips)
Seat 3: 729aaf2e (40,660 in chips)
Seat 4: f0fdacad (23,631 in chips)
Seat 5: dec3e5b8 (35,368 in chips)
Seat 6: 73ee84c6 (43,862 in chips)
Seat 7: 31856bbf (6,691 in chips)
Seat 8: d56f1c42 (43,391 in chips)
729aaf2e: posts the ante 60
d56f1c42: posts the ante 60
f0fdacad: posts the ante 60
31856bbf: posts the ante 60
73ee84c6: posts the ante 60
dec3e5b8: posts the ante 60
f130ef9c: posts the ante 60
Hero: posts the ante 60
73ee84c6: posts small blind 200
31856bbf: posts big blind 400
*** HOLE CARDS ***
Dealt to Hero [Jh 5h]
Dealt to f130ef9c 
Dealt to 729aaf2e 
Dealt to f0fdacad 
Dealt to dec3e5b8 
Dealt to 73ee84c6 
Dealt to 31856bbf 
Dealt to d56f1c42 
d56f1c42: folds
Hero: folds
f130ef9c: folds
729aaf2e: folds
f0fdacad: folds
dec3e5b8: raises 400 to 800
73ee84c6: calls 600
31856bbf: folds
*** FLOP *** [8h 9c 5d]
73ee84c6: checks
dec3e5b8: bets 819
73ee84c6: calls 819
*** TURN *** [8h 9c 5d] [Td]
73ee84c6: checks
dec3e5b8: checks
*** RIVER *** [8h 9c 5d Td] [6d]
73ee84c6: checks
dec3e5b8: bets 4,118
73ee84c6: folds
Uncalled bet (4,118) returned to dec3e5b8
*** SHOWDOWN ***
dec3e5b8 collected 4,118 from pot
*** SUMMARY ***
Total pot 4,118 | Rake 0 | Jackpot 0 | Bingo 0 | Fortune 0 | Tax 0
Board [8h 9c 5d Td 6d]
Seat 1: Hero folded before Flop
Seat 2: f130ef9c folded before Flop
Seat 3: 729aaf2e folded before Flop
Seat 4: f0fdacad folded before Flop
Seat 5: dec3e5b8 (button) won (4,118)
Seat 6: 73ee84c6 (small blind) folded on the River
Seat 7: 31856bbf (big blind) folded before Flop
Seat 8: d56f1c42 folded before Flop


Poker Hand #TM313582140: Tournament #208260906, Bounty Hunters Forty Stack $44 Hold'em No Limit - Level4(200/400) - 2025/05/29 18:26:42
Table '7' 8-max Seat #4 is the button
Seat 1: Hero (47,287 in chips)
Seat 2: f130ef9c (110,989 in chips)
Seat 3: 729aaf2e (40,720 in chips)
Seat 4: f0fdacad (23,691 in chips)
Seat 5: dec3e5b8 (35,628 in chips)
Seat 6: 73ee84c6 (46,693 in chips)
Seat 7: 31856bbf (6,751 in chips)
Seat 8: d56f1c42 (40,000 in chips)
729aaf2e: posts the ante 60
d56f1c42: posts the ante 60
f0fdacad: posts the ante 60
31856bbf: posts the ante 60
73ee84c6: posts the ante 60
dec3e5b8: posts the ante 60
f130ef9c: posts the ante 60
Hero: posts the ante 60
dec3e5b8: posts small blind 200
73ee84c6: posts big blind 400
*** HOLE CARDS ***
Dealt to Hero [9h 5d]
Dealt to f130ef9c 
Dealt to 729aaf2e 
Dealt to f0fdacad 
Dealt to dec3e5b8 
Dealt to 73ee84c6 
Dealt to 31856bbf 
Dealt to d56f1c42 
31856bbf: folds
d56f1c42: raises 800 to 1,200
Hero: folds
f130ef9c: folds
729aaf2e: folds
f0fdacad: folds
dec3e5b8: folds
73ee84c6: calls 800
*** FLOP *** [9c 7d Ad]
73ee84c6: checks
d56f1c42: bets 1,571
73ee84c6: calls 1,571
*** TURN *** [9c 7d Ad] [6s]
73ee84c6: checks
d56f1c42: bets 6,845
73ee84c6: folds
Uncalled bet (6,845) returned to d56f1c42
*** SHOWDOWN ***
d56f1c42 collected 6,222 from pot
*** SUMMARY ***
Total pot 6,222 | Rake 0 | Jackpot 0 | Bingo 0 | Fortune 0 | Tax 0
Board [9c 7d Ad 6s]
Seat 1: Hero folded before Flop
Seat 2: f130ef9c folded before Flop
Seat 3: 729aaf2e folded before Flop
Seat 4: f0fdacad (button) folded before Flop
Seat 5: dec3e5b8 (small blind) folded before Flop
Seat 6: 73ee84c6 (big blind) folded on the Turn
Seat 7: 31856bbf folded before Flop
Seat 8: d56f1c42 won (6,222)


Poker Hand #TM313581988: Tournament #208260906, Bounty Hunters Forty Stack $44 Hold'em No Limit - Level4(200/400) - 2025/05/29 18:23:54
Table '7' 8-max Seat #3 is the button
Seat 1: Hero (47,347 in chips)
Seat 2: f130ef9c (40,429 in chips)
Seat 3: 729aaf2e (40,780 in chips)
Seat 4: f0fdacad (23,951 in chips)
Seat 5: dec3e5b8 (36,088 in chips)
Seat 6: 73ee84c6 (46,753 in chips)
Seat 7: 31856bbf (47,180 in chips)
Seat 8: 2bca4fc9 (29,231 in chips)
729aaf2e: posts the ante 60
31856bbf: posts the ante 60
f0fdacad: posts the ante 60
73ee84c6: posts the ante 60
2bca4fc9: posts the ante 60
dec3e5b8: posts the ante 60
f130ef9c: posts the ante 60
Hero: posts the ante 60
f0fdacad: posts small blind 200
dec3e5b8: posts big blind 400
*** HOLE CARDS ***
Dealt to Hero [Ac Td]
Dealt to f130ef9c 
Dealt to 729aaf2e 
Dealt to f0fdacad 
Dealt to dec3e5b8 
Dealt to 73ee84c6 
Dealt to 31856bbf 
Dealt to 2bca4fc9 
73ee84c6: folds
31856bbf: raises 400 to 800
2bca4fc9: raises 1,600 to 2,400
Hero: folds
f130ef9c: calls 2,400
729aaf2e: folds
f0fdacad: folds
dec3e5b8: folds
31856bbf: raises 5,200 to 7,600
2bca4fc9: calls 5,200
f130ef9c: calls 5,200
*** FLOP *** [4c As 8c]
31856bbf: checks
2bca4fc9: checks
f130ef9c: checks
*** TURN *** [4c As 8c] [9d]
31856bbf: bets 8,132
2bca4fc9: calls 8,132
f130ef9c: raises 24,637 to 32,769
31856bbf: calls 24,637
2bca4fc9: calls 13,439
f130ef9c: shows [9s 9h] (three of a kind, Nines)
31856bbf: shows [Qd Ad] (a pair of Aces)
2bca4fc9: shows [Qc Tc] (Ace high)
*** RIVER *** [4c As 8c 9d] [8s]
*** SHOWDOWN ***
f130ef9c collected 88,593 from pot
f130ef9c collected 22,396 from pot
*** SUMMARY ***
Total pot 110,989 | Rake 0 | Jackpot 0 | Bingo 0 | Fortune 0 | Tax 0
Board [4c As 8c 9d 8s]
Seat 1: Hero folded before Flop
Seat 2: f130ef9c showed [9s 9h] and won (110,989) with a full house, Nines full of Eights
Seat 3: 729aaf2e (button) folded before Flop
Seat 4: f0fdacad (small blind) folded before Flop
Seat 5: dec3e5b8 (big blind) folded before Flop
Seat 6: 73ee84c6 folded before Flop
Seat 7: 31856bbf showed [Qd Ad] and lost with two pair, Aces and Eights
Seat 8: 2bca4fc9 showed [Qc Tc] and lost with a pair of Eights


Poker Hand #TM313581916: Tournament #208260906, Bounty Hunters Forty Stack $44 Hold'em No Limit - Level4(200/400) - 2025/05/29 18:22:31
Table '7' 8-max Seat #2 is the button
Seat 1: Hero (47,407 in chips)
Seat 2: f130ef9c (40,489 in chips)
Seat 3: 729aaf2e (41,040 in chips)
Seat 4: f0fdacad (32,484 in chips)
Seat 5: dec3e5b8 (36,148 in chips)
Seat 6: 73ee84c6 (37,660 in chips)
Seat 7: 31856bbf (47,240 in chips)
Seat 8: 2bca4fc9 (29,291 in chips)
729aaf2e: posts the ante 60
31856bbf: posts the ante 60
f0fdacad: posts the ante 60
73ee84c6: posts the ante 60
2bca4fc9: posts the ante 60
dec3e5b8: posts the ante 60
f130ef9c: posts the ante 60
Hero: posts the ante 60
729aaf2e: posts small blind 200
f0fdacad: posts big blind 400
*** HOLE CARDS ***
Dealt to Hero [Kh 3h]
Dealt to f130ef9c 
Dealt to 729aaf2e 
Dealt to f0fdacad 
Dealt to dec3e5b8 
Dealt to 73ee84c6 
Dealt to 31856bbf 
Dealt to 2bca4fc9 
dec3e5b8: folds
73ee84c6: raises 400 to 800
31856bbf: folds
2bca4fc9: folds
Hero: folds
f130ef9c: folds
729aaf2e: folds
f0fdacad: calls 400
*** FLOP *** [9s Ah Td]
f0fdacad: checks
73ee84c6: bets 753
f0fdacad: calls 753
*** TURN *** [9s Ah Td] [4c]
f0fdacad: checks
73ee84c6: checks
*** RIVER *** [9s Ah Td 4c] [Th]
f0fdacad: bets 400
73ee84c6: raises 6,520 to 6,920
f0fdacad: calls 6,520
73ee84c6: shows [Ts Qd] (three of a kind, Tens)
f0fdacad: shows [As 8s] (two pair, Aces and Tens)
*** SHOWDOWN ***
73ee84c6 collected 17,626 from pot
*** SUMMARY ***
Total pot 17,626 | Rake 0 | Jackpot 0 | Bingo 0 | Fortune 0 | Tax 0
Board [9s Ah Td 4c Th]
Seat 1: Hero folded before Flop
Seat 2: f130ef9c (button) folded before Flop
Seat 3: 729aaf2e (small blind) folded before Flop
Seat 4: f0fdacad (big blind) showed [As 8s] and lost with two pair, Aces and Tens
Seat 5: dec3e5b8 folded before Flop
Seat 6: 73ee84c6 showed [Ts Qd] and won (17,626) with three of a kind, Tens
Seat 7: 31856bbf folded before Flop
Seat 8: 2bca4fc9 folded before Flop


Poker Hand #TM313581871: Tournament #208260906, Bounty Hunters Forty Stack $44 Hold'em No Limit - Level4(200/400) - 2025/05/29 18:21:39
Table '7' 8-max Seat #1 is the button
Seat 1: Hero (45,987 in chips)
Seat 2: f130ef9c (40,749 in chips)
Seat 3: 729aaf2e (41,900 in chips)
Seat 4: f0fdacad (32,544 in chips)
Seat 5: dec3e5b8 (36,208 in chips)
Seat 6: 73ee84c6 (37,720 in chips)
Seat 7: 31856bbf (47,300 in chips)
Seat 8: 2bca4fc9 (29,351 in chips)
729aaf2e: posts the ante 60
31856bbf: posts the ante 60
f0fdacad: posts the ante 60
73ee84c6: posts the ante 60
2bca4fc9: posts the ante 60
dec3e5b8: posts the ante 60
f130ef9c: posts the ante 60
Hero: posts the ante 60
f130ef9c: posts small blind 200
729aaf2e: posts big blind 400
*** HOLE CARDS ***
Dealt to Hero [3h 3s]
Dealt to f130ef9c 
Dealt to 729aaf2e 
Dealt to f0fdacad 
Dealt to dec3e5b8 
Dealt to 73ee84c6 
Dealt to 31856bbf 
Dealt to 2bca4fc9 
f0fdacad: folds
dec3e5b8: folds
73ee84c6: folds
31856bbf: folds
2bca4fc9: folds
Hero: raises 400 to 800
f130ef9c: folds
729aaf2e: calls 400
*** FLOP *** [Jc Td 6h]
729aaf2e: checks
Hero: bets 753
729aaf2e: folds
Uncalled bet (753) returned to Hero
*** SHOWDOWN ***
Hero collected 2,280 from pot
*** SUMMARY ***
Total pot 2,280 | Rake 0 | Jackpot 0 | Bingo 0 | Fortune 0 | Tax 0
Board [Jc Td 6h]
Seat 1: Hero (button) won (2,280)
Seat 2: f130ef9c (small blind) folded before Flop
Seat 3: 729aaf2e (big blind) folded on the Flop
Seat 4: f0fdacad folded before Flop
Seat 5: dec3e5b8 folded before Flop
Seat 6: 73ee84c6 folded before Flop
Seat 7: 31856bbf folded before Flop
Seat 8: 2bca4fc9 folded before Flop


Poker Hand #TM313581788: Tournament #208260906, Bounty Hunters Forty Stack $44 Hold'em No Limit - Level4(200/400) - 2025/05/29 18:20:10
Table '7' 8-max Seat #8 is the button
Seat 1: Hero (51,967 in chips)
Seat 2: f130ef9c (41,209 in chips)
Seat 3: 729aaf2e (41,960 in chips)
Seat 4: f0fdacad (32,604 in chips)
Seat 5: dec3e5b8 (36,268 in chips)
Seat 6: 73ee84c6 (30,980 in chips)
Seat 7: 31856bbf (47,360 in chips)
Seat 8: 2bca4fc9 (29,411 in chips)
729aaf2e: posts the ante 60
31856bbf: posts the ante 60
f0fdacad: posts the ante 60
73ee84c6: posts the ante 60
2bca4fc9: posts the ante 60
dec3e5b8: posts the ante 60
f130ef9c: posts the ante 60
Hero: posts the ante 60
Hero: posts small blind 200
f130ef9c: posts big blind 400
*** HOLE CARDS ***
Dealt to Hero [Kc Qd]
Dealt to f130ef9c 
Dealt to 729aaf2e 
Dealt to f0fdacad 
Dealt to dec3e5b8 
Dealt to 73ee84c6 
Dealt to 31856bbf 
Dealt to 2bca4fc9 
729aaf2e: folds
f0fdacad: folds
dec3e5b8: folds
73ee84c6: raises 400 to 800
31856bbf: folds
2bca4fc9: folds
Hero: raises 3,000 to 3,800
f130ef9c: folds
73ee84c6: calls 3,000
*** FLOP *** [2h 8s Ad]
Hero: bets 2,120
73ee84c6: calls 2,120
*** TURN *** [2h 8s Ad] [Jh]
Hero: checks
73ee84c6: bets 3,180
Hero: folds
Uncalled bet (3,180) returned to 73ee84c6
*** SHOWDOWN ***
73ee84c6 collected 12,720 from pot
*** SUMMARY ***
Total pot 12,720 | Rake 0 | Jackpot 0 | Bingo 0 | Fortune 0 | Tax 0
Board [2h 8s Ad Jh]
Seat 1: Hero (small blind) folded on the Turn
Seat 2: f130ef9c (big blind) folded before Flop
Seat 3: 729aaf2e folded before Flop
Seat 4: f0fdacad folded before Flop
Seat 5: dec3e5b8 folded before Flop
Seat 6: 73ee84c6 won (12,720)
Seat 7: 31856bbf folded before Flop
Seat 8: 2bca4fc9 (button) folded before Flop


Poker Hand #TM312811734: Tournament #208260906, Bounty Hunters Forty Stack $44 Hold'em No Limit - Level4(200/400) - 2025/05/29 18:19:16
Table '7' 8-max Seat #7 is the button
Seat 1: Hero (52,427 in chips)
Seat 2: f130ef9c (41,269 in chips)
Seat 3: 729aaf2e (37,328 in chips)
Seat 4: f0fdacad (32,664 in chips)
Seat 5: dec3e5b8 (39,940 in chips)
Seat 6: 73ee84c6 (31,040 in chips)
Seat 7: 31856bbf (47,420 in chips)
Seat 8: 2bca4fc9 (29,671 in chips)
729aaf2e: posts the ante 60
31856bbf: posts the ante 60
f0fdacad: posts the ante 60
73ee84c6: posts the ante 60
dec3e5b8: posts the ante 60
2bca4fc9: posts the ante 60
f130ef9c: posts the ante 60
Hero: posts the ante 60
2bca4fc9: posts small blind 200
Hero: posts big blind 400
*** HOLE CARDS ***
Dealt to Hero [3s 7d]
Dealt to f130ef9c 
Dealt to 729aaf2e 
Dealt to f0fdacad 
Dealt to dec3e5b8 
Dealt to 73ee84c6 
Dealt to 31856bbf 
Dealt to 2bca4fc9 
f130ef9c: folds
729aaf2e: raises 400 to 800
f0fdacad: folds
dec3e5b8: calls 800
73ee84c6: folds
31856bbf: folds
2bca4fc9: folds
Hero: folds
*** FLOP *** [4c Ac 2d]
729aaf2e: bets 1,019
dec3e5b8: calls 1,019
*** TURN *** [4c Ac 2d] [Td]
729aaf2e: bets 1,793
dec3e5b8: calls 1,793
*** RIVER *** [4c Ac 2d Td] [As]
729aaf2e: checks
dec3e5b8: checks
729aaf2e: shows [3d Ad] (three of a kind, Aces)
dec3e5b8: shows [8d 8c] (two pair, Aces and Eights)
*** SHOWDOWN ***
729aaf2e collected 8,304 from pot
*** SUMMARY ***
Total pot 8,304 | Rake 0 | Jackpot 0 | Bingo 0 | Fortune 0 | Tax 0
Board [4c Ac 2d Td As]
Seat 1: Hero (big blind) folded before Flop
Seat 2: f130ef9c folded before Flop
Seat 3: 729aaf2e showed [3d Ad] and won (8,304) with three of a kind, Aces
Seat 4: f0fdacad folded before Flop
Seat 5: dec3e5b8 showed [8d 8c] and lost with two pair, Aces and Eights
Seat 6: 73ee84c6 folded before Flop
Seat 7: 31856bbf (button) folded before Flop
Seat 8: 2bca4fc9 (small blind) folded before Flop


Poker Hand #TM312811687: Tournament #208260906, Bounty Hunters Forty Stack $44 Hold'em No Limit - Level4(200/400) - 2025/05/29 18:18:22
Table '7' 8-max Seat #6 is the button
Seat 1: Hero (52,487 in chips)
Seat 2: f130ef9c (39,369 in chips)
Seat 3: 729aaf2e (38,268 in chips)
Seat 4: f0fdacad (32,724 in chips)
Seat 5: dec3e5b8 (40,000 in chips)
Seat 6: 73ee84c6 (31,100 in chips)
Seat 7: 31856bbf (47,680 in chips)
Seat 8: 2bca4fc9 (30,131 in chips)
729aaf2e: posts the ante 60
f0fdacad: posts the ante 60
31856bbf: posts the ante 60
73ee84c6: posts the ante 60
dec3e5b8: posts the ante 60
2bca4fc9: posts the ante 60
f130ef9c: posts the ante 60
Hero: posts the ante 60
31856bbf: posts small blind 200
2bca4fc9: posts big blind 400
*** HOLE CARDS ***
Dealt to Hero [Qs 3h]
Dealt to f130ef9c 
Dealt to 729aaf2e 
Dealt to f0fdacad 
Dealt to dec3e5b8 
Dealt to 73ee84c6 
Dealt to 31856bbf 
Dealt to 2bca4fc9 
Hero: folds
f130ef9c: raises 480 to 880
729aaf2e: calls 880
f0fdacad: folds
dec3e5b8: folds
73ee84c6: folds
31856bbf: folds
2bca4fc9: folds
*** FLOP *** [Ad 7c Th]
f130ef9c: bets 938
729aaf2e: folds
Uncalled bet (938) returned to f130ef9c
*** SHOWDOWN ***
f130ef9c collected 2,840 from pot
*** SUMMARY ***
Total pot 2,840 | Rake 0 | Jackpot 0 | Bingo 0 | Fortune 0 | Tax 0
Board [Ad 7c Th]
Seat 1: Hero folded before Flop
Seat 2: f130ef9c won (2,840)
Seat 3: 729aaf2e folded on the Flop
Seat 4: f0fdacad folded before Flop
Seat 5: dec3e5b8 folded before Flop
Seat 6: 73ee84c6 (button) folded before Flop
Seat 7: 31856bbf (small blind) folded before Flop
Seat 8: 2bca4fc9 (big blind) folded before Flop


Poker Hand #TM312811591: Tournament #208260906, Bounty Hunters Forty Stack $44 Hold'em No Limit - Level3(150/300) - 2025/05/29 18:16:54
Table '7' 8-max Seat #4 is the button
Seat 1: Hero (46,060 in chips)
Seat 2: f130ef9c (39,414 in chips)
Seat 3: 729aaf2e (44,020 in chips)
Seat 4: f0fdacad (32,769 in chips)
Seat 6: 73ee84c6 (31,295 in chips)
Seat 7: 31856bbf (48,025 in chips)
Seat 8: 2bca4fc9 (30,176 in chips)
729aaf2e: posts the ante 45
f0fdacad: posts the ante 45
31856bbf: posts the ante 45
73ee84c6: posts the ante 45
2bca4fc9: posts the ante 45
f130ef9c: posts the ante 45
Hero: posts the ante 45
73ee84c6: posts small blind 150
31856bbf: posts big blind 300
*** HOLE CARDS ***
Dealt to Hero [Kc Jh]
Dealt to f130ef9c 
Dealt to 729aaf2e 
Dealt to f0fdacad 
Dealt to 73ee84c6 
Dealt to 31856bbf 
Dealt to 2bca4fc9 
2bca4fc9: folds
Hero: raises 300 to 600
f130ef9c: folds
729aaf2e: raises 983 to 1,583
f0fdacad: folds
73ee84c6: folds
31856bbf: folds
Hero: calls 983
*** FLOP *** [8d Th Kd]
Hero: checks
729aaf2e: bets 1,494
Hero: calls 1,494
*** TURN *** [8d Th Kd] [7s]
Hero: checks
729aaf2e: bets 2,630
Hero: calls 2,630
*** RIVER *** [8d Th Kd 7s] [Tc]
Hero: checks
729aaf2e: checks
Hero: shows [Kc Jh] (two pair, Kings and Tens)
729aaf2e: shows [As Qs] (a pair of Tens)
*** SHOWDOWN ***
Hero collected 12,179 from pot
*** SUMMARY ***
Total pot 12,179 | Rake 0 | Jackpot 0 | Bingo 0 | Fortune 0 | Tax 0
Board [8d Th Kd 7s Tc]
Seat 1: Hero showed [Kc Jh] and won (12,179) with two pair, Kings and Tens
Seat 2: f130ef9c folded before Flop
Seat 3: 729aaf2e showed [As Qs] and lost with a pair of Tens
Seat 4: f0fdacad (button) folded before Flop
Seat 6: 73ee84c6 (small blind) folded before Flop
Seat 7: 31856bbf (big blind) folded before Flop
Seat 8: 2bca4fc9 folded before Flop


Poker Hand #TM312811547: Tournament #208260906, Bounty Hunters Forty Stack $44 Hold'em No Limit - Level3(150/300) - 2025/05/29 18:16:09
Table '7' 8-max Seat #3 is the button
Seat 1: Hero (46,105 in chips)
Seat 2: f130ef9c (39,459 in chips)
Seat 3: 729aaf2e (44,065 in chips)
Seat 4: f0fdacad (33,624 in chips)
Seat 6: 73ee84c6 (30,215 in chips)
Seat 7: 31856bbf (48,070 in chips)
Seat 8: 2bca4fc9 (30,221 in chips)
729aaf2e: posts the ante 45
31856bbf: posts the ante 45
f0fdacad: posts the ante 45
73ee84c6: posts the ante 45
2bca4fc9: posts the ante 45
f130ef9c: posts the ante 45
Hero: posts the ante 45
f0fdacad: posts small blind 150
73ee84c6: posts big blind 300
*** HOLE CARDS ***
Dealt to Hero [7s 6h]
Dealt to f130ef9c 
Dealt to 729aaf2e 
Dealt to f0fdacad 
Dealt to 73ee84c6 
Dealt to 31856bbf 
Dealt to 2bca4fc9 
31856bbf: folds
2bca4fc9: folds
Hero: folds
f130ef9c: folds
729aaf2e: folds
f0fdacad: raises 510 to 810
73ee84c6: raises 3,240 to 4,050
f0fdacad: folds
Uncalled bet (3,240) returned to 73ee84c6
*** SHOWDOWN ***
73ee84c6 collected 1,935 from pot
*** SUMMARY ***
Total pot 1,935 | Rake 0 | Jackpot 0 | Bingo 0 | Fortune 0 | Tax 0
Seat 1: Hero folded before Flop
Seat 2: f130ef9c folded before Flop
Seat 3: 729aaf2e (button) folded before Flop
Seat 4: f0fdacad (small blind) folded before Flop
Seat 6: 73ee84c6 (big blind) collected (1,935)
Seat 7: 31856bbf folded before Flop
Seat 8: 2bca4fc9 folded before Flop


Poker Hand #TM312811468: Tournament #208260906, Bounty Hunters Forty Stack $44 Hold'em No Limit - Level3(150/300) - 2025/05/29 18:14:49
Table '7' 8-max Seat #2 is the button
Seat 1: Hero (52,000 in chips)
Seat 2: f130ef9c (32,844 in chips)
Seat 3: 729aaf2e (44,260 in chips)
Seat 4: f0fdacad (33,969 in chips)
Seat 5: b3caeeda (47,390 in chips)
Seat 6: 73ee84c6 (30,260 in chips)
Seat 7: 31856bbf (48,115 in chips)
Seat 8: 2bca4fc9 (30,266 in chips)
729aaf2e: posts the ante 45
31856bbf: posts the ante 45
f0fdacad: posts the ante 45
73ee84c6: posts the ante 45
b3caeeda: posts the ante 45
2bca4fc9: posts the ante 45
f130ef9c: posts the ante 45
Hero: posts the ante 45
729aaf2e: posts small blind 150
f0fdacad: posts big blind 300
*** HOLE CARDS ***
Dealt to Hero [7h 6h]
Dealt to f130ef9c 
Dealt to 729aaf2e 
Dealt to f0fdacad 
Dealt to b3caeeda 
Dealt to 73ee84c6 
Dealt to 31856bbf 
Dealt to 2bca4fc9 
b3caeeda: folds
73ee84c6: folds
31856bbf: folds
2bca4fc9: folds
Hero: raises 300 to 600
f130ef9c: raises 1,350 to 1,950
729aaf2e: folds
f0fdacad: folds
Hero: raises 3,900 to 5,850
f130ef9c: raises 7,050 to 12,900
Hero: folds
Uncalled bet (7,050) returned to f130ef9c
*** SHOWDOWN ***
f130ef9c collected 12,510 from pot
*** SUMMARY ***
Total pot 12,510 | Rake 0 | Jackpot 0 | Bingo 0 | Fortune 0 | Tax 0
Seat 1: Hero folded before Flop
Seat 2: f130ef9c (button) collected (12,510)
Seat 3: 729aaf2e (small blind) folded before Flop
Seat 4: f0fdacad (big blind) folded before Flop
Seat 5: b3caeeda folded before Flop
Seat 6: 73ee84c6 folded before Flop
Seat 7: 31856bbf folded before Flop
Seat 8: 2bca4fc9 folded before Flop


Poker Hand #TM312811392: Tournament #208260906, Bounty Hunters Forty Stack $44 Hold'em No Limit - Level3(150/300) - 2025/05/29 18:13:38
Table '7' 8-max Seat #1 is the button
Seat 1: Hero (52,645 in chips)
Seat 2: f130ef9c (26,829 in chips)
Seat 3: 729aaf2e (46,855 in chips)
Seat 4: f0fdacad (34,014 in chips)
Seat 5: b3caeeda (47,435 in chips)
Seat 6: 73ee84c6 (32,855 in chips)
Seat 7: 31856bbf (48,160 in chips)
Seat 8: 2bca4fc9 (30,311 in chips)
729aaf2e: posts the ante 45
31856bbf: posts the ante 45
f0fdacad: posts the ante 45
73ee84c6: posts the ante 45
b3caeeda: posts the ante 45
2bca4fc9: posts the ante 45
f130ef9c: posts the ante 45
Hero: posts the ante 45
f130ef9c: posts small blind 150
729aaf2e: posts big blind 300
*** HOLE CARDS ***
Dealt to Hero [Kc Ts]
Dealt to f130ef9c 
Dealt to 729aaf2e 
Dealt to f0fdacad 
Dealt to b3caeeda 
Dealt to 73ee84c6 
Dealt to 31856bbf 
Dealt to 2bca4fc9 
f0fdacad: folds
b3caeeda: folds
73ee84c6: raises 300 to 600
31856bbf: folds
2bca4fc9: folds
Hero: calls 600
f130ef9c: raises 1,950 to 2,550
729aaf2e: calls 2,250
73ee84c6: calls 1,950
Hero: folds
*** FLOP *** [4c 4d Kh]
f130ef9c: bets 3,300
729aaf2e: folds
73ee84c6: folds
Uncalled bet (3,300) returned to f130ef9c
*** SHOWDOWN ***
f130ef9c collected 8,610 from pot
*** SUMMARY ***
Total pot 8,610 | Rake 0 | Jackpot 0 | Bingo 0 | Fortune 0 | Tax 0
Board [4c 4d Kh]
Seat 1: Hero (button) folded before Flop
Seat 2: f130ef9c (small blind) won (8,610)
Seat 3: 729aaf2e (big blind) folded on the Flop
Seat 4: f0fdacad folded before Flop
Seat 5: b3caeeda folded before Flop
Seat 6: 73ee84c6 folded on the Flop
Seat 7: 31856bbf folded before Flop
Seat 8: 2bca4fc9 folded before Flop


Poker Hand #TM312811350: Tournament #208260906, Bounty Hunters Forty Stack $44 Hold'em No Limit - Level3(150/300) - 2025/05/29 18:12:48
Table '7' 8-max Seat #8 is the button
Seat 1: Hero (52,840 in chips)
Seat 2: f130ef9c (27,174 in chips)
Seat 3: 729aaf2e (43,690 in chips)
Seat 4: f0fdacad (34,059 in chips)
Seat 5: b3caeeda (47,480 in chips)
Seat 6: 73ee84c6 (35,300 in chips)
Seat 7: 31856bbf (48,205 in chips)
Seat 8: 2bca4fc9 (30,356 in chips)
729aaf2e: posts the ante 45
31856bbf: posts the ante 45
f0fdacad: posts the ante 45
73ee84c6: posts the ante 45
b3caeeda: posts the ante 45
2bca4fc9: posts the ante 45
f130ef9c: posts the ante 45
Hero: posts the ante 45
Hero: posts small blind 150
f130ef9c: posts big blind 300
*** HOLE CARDS ***
Dealt to Hero [As 3s]
Dealt to f130ef9c 
Dealt to 729aaf2e 
Dealt to f0fdacad 
Dealt to b3caeeda 
Dealt to 73ee84c6 
Dealt to 31856bbf 
Dealt to 2bca4fc9 
729aaf2e: raises 360 to 660
f0fdacad: folds
b3caeeda: folds
73ee84c6: raises 1,740 to 2,400
31856bbf: folds
2bca4fc9: folds
Hero: folds
f130ef9c: folds
729aaf2e: raises 4,200 to 6,600
73ee84c6: folds
Uncalled bet (4,200) returned to 729aaf2e
*** SHOWDOWN ***
729aaf2e collected 5,610 from pot
*** SUMMARY ***
Total pot 5,610 | Rake 0 | Jackpot 0 | Bingo 0 | Fortune 0 | Tax 0
Seat 1: Hero (small blind) folded before Flop
Seat 2: f130ef9c (big blind) folded before Flop
Seat 3: 729aaf2e collected (5,610)
Seat 4: f0fdacad folded before Flop
Seat 5: b3caeeda folded before Flop
Seat 6: 73ee84c6 folded before Flop
Seat 7: 31856bbf folded before Flop
Seat 8: 2bca4fc9 (button) folded before Flop


Poker Hand #TM312811253: Tournament #208260906, Bounty Hunters Forty Stack $44 Hold'em No Limit - Level3(150/300) - 2025/05/29 18:11:23
Table '7' 8-max Seat #7 is the button
Seat 1: Hero (55,613 in chips)
Seat 2: f130ef9c (27,219 in chips)
Seat 3: 729aaf2e (43,735 in chips)
Seat 4: f0fdacad (34,104 in chips)
Seat 5: b3caeeda (47,525 in chips)
Seat 6: 73ee84c6 (32,107 in chips)
Seat 7: 31856bbf (48,250 in chips)
Seat 8: 2bca4fc9 (30,551 in chips)
729aaf2e: posts the ante 45
31856bbf: posts the ante 45
f0fdacad: posts the ante 45
73ee84c6: posts the ante 45
b3caeeda: posts the ante 45
2bca4fc9: posts the ante 45
f130ef9c: posts the ante 45
Hero: posts the ante 45
2bca4fc9: posts small blind 150
Hero: posts big blind 300
*** HOLE CARDS ***
Dealt to Hero [Jc Qc]
Dealt to f130ef9c 
Dealt to 729aaf2e 
Dealt to f0fdacad 
Dealt to b3caeeda 
Dealt to 73ee84c6 
Dealt to 31856bbf 
Dealt to 2bca4fc9 
f130ef9c: folds
729aaf2e: folds
f0fdacad: folds
b3caeeda: folds
73ee84c6: raises 300 to 600
31856bbf: folds
2bca4fc9: folds
Hero: calls 300
*** FLOP *** [7s Ac Ts]
Hero: checks
73ee84c6: bets 565
Hero: calls 565
*** TURN *** [7s Ac Ts] [Qh]
Hero: checks
73ee84c6: bets 1,563
Hero: calls 1,563
*** RIVER *** [7s Ac Ts Qh] [Th]
Hero: checks
73ee84c6: checks
Hero: shows [Jc Qc] (two pair, Queens and Tens)
73ee84c6: shows [As 2c] (two pair, Aces and Tens)
*** SHOWDOWN ***
73ee84c6 collected 5,966 from pot
*** SUMMARY ***
Total pot 5,966 | Rake 0 | Jackpot 0 | Bingo 0 | Fortune 0 | Tax 0
Board [7s Ac Ts Qh Th]
Seat 1: Hero (big blind) showed [Jc Qc] and lost with two pair, Queens and Tens
Seat 2: f130ef9c folded before Flop
Seat 3: 729aaf2e folded before Flop
Seat 4: f0fdacad folded before Flop
Seat 5: b3caeeda folded before Flop
Seat 6: 73ee84c6 showed [As 2c] and won (5,966) with two pair, Aces and Tens
Seat 7: 31856bbf (button) folded before Flop
Seat 8: 2bca4fc9 (small blind) folded before Flop


Poker Hand #TM312811203: Tournament #208260906, Bounty Hunters Forty Stack $44 Hold'em No Limit - Level3(150/300) - 2025/05/29 18:10:35
Table '7' 8-max Seat #6 is the button
Seat 1: Hero (55,658 in chips)
Seat 2: f130ef9c (27,264 in chips)
Seat 3: 729aaf2e (42,610 in chips)
Seat 4: f0fdacad (34,149 in chips)
Seat 5: b3caeeda (47,570 in chips)
Seat 6: 73ee84c6 (32,152 in chips)
Seat 7: 31856bbf (48,445 in chips)
Seat 8: 2bca4fc9 (31,256 in chips)
729aaf2e: posts the ante 45
f0fdacad: posts the ante 45
31856bbf: posts the ante 45
73ee84c6: posts the ante 45
b3caeeda: posts the ante 45
2bca4fc9: posts the ante 45
f130ef9c: posts the ante 45
Hero: posts the ante 45
31856bbf: posts small blind 150
2bca4fc9: posts big blind 300
*** HOLE CARDS ***
Dealt to Hero [Kc 6c]
Dealt to f130ef9c 
Dealt to 729aaf2e 
Dealt to f0fdacad 
Dealt to b3caeeda 
Dealt to 73ee84c6 
Dealt to 31856bbf 
Dealt to 2bca4fc9 
Hero: folds
f130ef9c: folds
729aaf2e: raises 360 to 660
f0fdacad: folds
b3caeeda: folds
73ee84c6: folds
31856bbf: folds
2bca4fc9: calls 360
*** FLOP *** [Ac Kh 6d]
2bca4fc9: checks
729aaf2e: bets 696
2bca4fc9: folds
Uncalled bet (696) returned to 729aaf2e
*** SHOWDOWN ***
729aaf2e collected 1,830 from pot
*** SUMMARY ***
Total pot 1,830 | Rake 0 | Jackpot 0 | Bingo 0 | Fortune 0 | Tax 0
Board [Ac Kh 6d]
Seat 1: Hero folded before Flop
Seat 2: f130ef9c folded before Flop
Seat 3: 729aaf2e won (1,830)
Seat 4: f0fdacad folded before Flop
Seat 5: b3caeeda folded before Flop
Seat 6: 73ee84c6 (button) folded before Flop
Seat 7: 31856bbf (small blind) folded before Flop
Seat 8: 2bca4fc9 (big blind) folded on the Flop


Poker Hand #TM312811066: Tournament #208260906, Bounty Hunters Forty Stack $44 Hold'em No Limit - Level3(150/300) - 2025/05/29 18:08:25
Table '7' 8-max Seat #5 is the button
Seat 1: Hero (55,703 in chips)
Seat 2: f130ef9c (35,289 in chips)
Seat 3: 729aaf2e (42,655 in chips)
Seat 4: f0fdacad (34,194 in chips)
Seat 5: b3caeeda (47,615 in chips)
Seat 6: 73ee84c6 (32,347 in chips)
Seat 7: 31856bbf (40,000 in chips)
Seat 8: 2bca4fc9 (31,301 in chips)
729aaf2e: posts the ante 45
f0fdacad: posts the ante 45
31856bbf: posts the ante 45
73ee84c6: posts the ante 45
b3caeeda: posts the ante 45
2bca4fc9: posts the ante 45
f130ef9c: posts the ante 45
Hero: posts the ante 45
73ee84c6: posts small blind 150
31856bbf: posts big blind 300
*** HOLE CARDS ***
Dealt to Hero [9c Jh]
Dealt to f130ef9c 
Dealt to 729aaf2e 
Dealt to f0fdacad 
Dealt to b3caeeda 
Dealt to 73ee84c6 
Dealt to 31856bbf 
Dealt to 2bca4fc9 
2bca4fc9: folds
Hero: folds
f130ef9c: raises 360 to 660
729aaf2e: folds
f0fdacad: folds
b3caeeda: folds
73ee84c6: folds
31856bbf: calls 360
*** FLOP *** [Ts 3c 5s]
31856bbf: checks
f130ef9c: bets 660
31856bbf: raises 1,560 to 2,220
f130ef9c: calls 1,560
*** TURN *** [Ts 3c 5s] [7h]
31856bbf: bets 1,205
f130ef9c: raises 3,895 to 5,100
31856bbf: calls 3,895
*** RIVER *** [Ts 3c 5s 7h] [8s]
31856bbf: bets 31,975
f130ef9c: folds
Uncalled bet (31,975) returned to 31856bbf
*** SHOWDOWN ***
31856bbf collected 16,470 from pot
*** SUMMARY ***
Total pot 16,470 | Rake 0 | Jackpot 0 | Bingo 0 | Fortune 0 | Tax 0
Board [Ts 3c 5s 7h 8s]
Seat 1: Hero folded before Flop
Seat 2: f130ef9c folded on the River
Seat 3: 729aaf2e folded before Flop
Seat 4: f0fdacad folded before Flop
Seat 5: b3caeeda (button) folded before Flop
Seat 6: 73ee84c6 (small blind) folded before Flop
Seat 7: 31856bbf (big blind) won (16,470)
Seat 8: 2bca4fc9 folded before Flop


Poker Hand #TM312810993: Tournament #208260906, Bounty Hunters Forty Stack $44 Hold'em No Limit - Level3(150/300) - 2025/05/29 18:07:12
Table '7' 8-max Seat #4 is the button
Seat 1: Hero (56,348 in chips)
Seat 2: f130ef9c (35,334 in chips)
Seat 3: 729aaf2e (42,700 in chips)
Seat 4: f0fdacad (34,839 in chips)
Seat 5: b3caeeda (47,810 in chips)
Seat 6: 73ee84c6 (30,682 in chips)
Seat 7: bb242767 (73,185 in chips)
Seat 8: 2bca4fc9 (31,346 in chips)
729aaf2e: posts the ante 45
f0fdacad: posts the ante 45
73ee84c6: posts the ante 45
b3caeeda: posts the ante 45
2bca4fc9: posts the ante 45
bb242767: posts the ante 45
f130ef9c: posts the ante 45
Hero: posts the ante 45
b3caeeda: posts small blind 150
73ee84c6: posts big blind 300
*** HOLE CARDS ***
Dealt to Hero [Tc Ad]
Dealt to f130ef9c 
Dealt to 729aaf2e 
Dealt to f0fdacad 
Dealt to b3caeeda 
Dealt to 73ee84c6 
Dealt to bb242767 
Dealt to 2bca4fc9 
bb242767: folds
2bca4fc9: folds
Hero: raises 300 to 600
f130ef9c: folds
729aaf2e: folds
f0fdacad: calls 600
b3caeeda: folds
73ee84c6: raises 4,650 to 5,250
Hero: folds
f0fdacad: folds
Uncalled bet (4,650) returned to 73ee84c6
*** SHOWDOWN ***
73ee84c6 collected 2,310 from pot
*** SUMMARY ***
Total pot 2,310 | Rake 0 | Jackpot 0 | Bingo 0 | Fortune 0 | Tax 0
Seat 1: Hero folded before Flop
Seat 2: f130ef9c folded before Flop
Seat 3: 729aaf2e folded before Flop
Seat 4: f0fdacad (button) folded before Flop
Seat 5: b3caeeda (small blind) folded before Flop
Seat 6: 73ee84c6 (big blind) collected (2,310)
Seat 7: bb242767 folded before Flop
Seat 8: 2bca4fc9 folded before Flop


Poker Hand #TM312810903: Tournament #208260906, Bounty Hunters Forty Stack $44 Hold'em No Limit - Level2(125/250) - 2025/05/29 18:05:47
Table '7' 8-max Seat #3 is the button
Seat 1: Hero (56,383 in chips)
Seat 2: f130ef9c (35,369 in chips)
Seat 3: 729aaf2e (42,735 in chips)
Seat 4: f0fdacad (43,374 in chips)
Seat 5: b3caeeda (39,065 in chips)
Seat 6: 73ee84c6 (30,717 in chips)
Seat 7: bb242767 (73,220 in chips)
Seat 8: 2bca4fc9 (31,381 in chips)
729aaf2e: posts the ante 35
f0fdacad: posts the ante 35
73ee84c6: posts the ante 35
b3caeeda: posts the ante 35
2bca4fc9: posts the ante 35
bb242767: posts the ante 35
f130ef9c: posts the ante 35
Hero: posts the ante 35
f0fdacad: posts small blind 125
b3caeeda: posts big blind 250
*** HOLE CARDS ***
Dealt to Hero [8s Kd]
Dealt to f130ef9c 
Dealt to 729aaf2e 
Dealt to f0fdacad 
Dealt to b3caeeda 
Dealt to 73ee84c6 
Dealt to bb242767 
Dealt to 2bca4fc9 
73ee84c6: folds
bb242767: folds
2bca4fc9: folds
Hero: folds
f130ef9c: folds
729aaf2e: folds
f0fdacad: raises 500 to 750
b3caeeda: calls 500
*** FLOP *** [9h 5d Td]
f0fdacad: bets 588
b3caeeda: calls 588
*** TURN *** [9h 5d Td] [2d]
f0fdacad: checks
b3caeeda: bets 2,467
f0fdacad: calls 2,467
*** RIVER *** [9h 5d Td 2d] [7c]
f0fdacad: checks
b3caeeda: bets 4,695
f0fdacad: calls 4,695
b3caeeda: shows [8d Tc] (a pair of Tens)
f0fdacad: shows [Ah 9s] (a pair of Nines)
*** SHOWDOWN ***
b3caeeda collected 17,280 from pot
*** SUMMARY ***
Total pot 17,280 | Rake 0 | Jackpot 0 | Bingo 0 | Fortune 0 | Tax 0
Board [9h 5d Td 2d 7c]
Seat 1: Hero folded before Flop
Seat 2: f130ef9c folded before Flop
Seat 3: 729aaf2e (button) folded before Flop
Seat 4: f0fdacad (small blind) showed [Ah 9s] and lost with a pair of Nines
Seat 5: b3caeeda (big blind) showed [8d Tc] and won (17,280) with a pair of Tens
Seat 6: 73ee84c6 folded before Flop
Seat 7: bb242767 folded before Flop
Seat 8: 2bca4fc9 folded before Flop


Poker Hand #TM312810780: Tournament #208260906, Bounty Hunters Forty Stack $44 Hold'em No Limit - Level2(125/250) - 2025/05/29 18:03:49
Table '7' 8-max Seat #2 is the button
Seat 1: Hero (38,915 in chips)
Seat 2: f130ef9c (35,404 in chips)
Seat 3: 729aaf2e (42,895 in chips)
Seat 4: f0fdacad (51,958 in chips)
Seat 5: b3caeeda (39,100 in chips)
Seat 6: 73ee84c6 (30,752 in chips)
Seat 7: bb242767 (73,255 in chips)
Seat 8: 2bca4fc9 (39,965 in chips)
729aaf2e: posts the ante 35
f0fdacad: posts the ante 35
73ee84c6: posts the ante 35
b3caeeda: posts the ante 35
2bca4fc9: posts the ante 35
bb242767: posts the ante 35
f130ef9c: posts the ante 35
Hero: posts the ante 35
729aaf2e: posts small blind 125
f0fdacad: posts big blind 250
*** HOLE CARDS ***
Dealt to Hero [Ks Kc]
Dealt to f130ef9c 
Dealt to 729aaf2e 
Dealt to f0fdacad 
Dealt to b3caeeda 
Dealt to 73ee84c6 
Dealt to bb242767 
Dealt to 2bca4fc9 
b3caeeda: folds
73ee84c6: folds
bb242767: folds
2bca4fc9: raises 375 to 625
Hero: raises 2,125 to 2,750
f130ef9c: folds
729aaf2e: folds
f0fdacad: calls 2,500
2bca4fc9: raises 5,799 to 8,549
Hero: calls 5,799
f0fdacad: calls 5,799
*** FLOP *** [9s 7h Th]
f0fdacad: checks
2bca4fc9: checks
Hero: checks
*** TURN *** [9s 7h Th] [As]
f0fdacad: checks
2bca4fc9: checks
Hero: checks
*** RIVER *** [9s 7h Th As] [Kh]
f0fdacad: checks
2bca4fc9: checks
Hero: bets 30,331
f0fdacad: folds
2bca4fc9: folds
Uncalled bet (30,331) returned to Hero
*** SHOWDOWN ***
Hero collected 26,052 from pot
*** SUMMARY ***
Total pot 26,052 | Rake 0 | Jackpot 0 | Bingo 0 | Fortune 0 | Tax 0
Board [9s 7h Th As Kh]
Seat 1: Hero won (26,052)
Seat 2: f130ef9c (button) folded before Flop
Seat 3: 729aaf2e (small blind) folded before Flop
Seat 4: f0fdacad (big blind) folded on the River
Seat 5: b3caeeda folded before Flop
Seat 6: 73ee84c6 folded before Flop
Seat 7: bb242767 folded before Flop
Seat 8: 2bca4fc9 folded on the River


Poker Hand #TM312810658: Tournament #208260906, Bounty Hunters Forty Stack $44 Hold'em No Limit - Level2(125/250) - 2025/05/29 18:01:52
Table '7' 8-max Seat #1 is the button
Seat 1: Hero (38,950 in chips)
Seat 2: f130ef9c (35,564 in chips)
Seat 3: 729aaf2e (43,180 in chips)
Seat 4: f0fdacad (41,015 in chips)
Seat 5: b3caeeda (39,135 in chips)
Seat 6: 73ee84c6 (41,110 in chips)
Seat 7: bb242767 (73,290 in chips)
Seat 8: 2bca4fc9 (40,000 in chips)
729aaf2e: posts the ante 35
f0fdacad: posts the ante 35
73ee84c6: posts the ante 35
b3caeeda: posts the ante 35
2bca4fc9: posts the ante 35
bb242767: posts the ante 35
f130ef9c: posts the ante 35
Hero: posts the ante 35
f130ef9c: posts small blind 125
729aaf2e: posts big blind 250
*** HOLE CARDS ***
Dealt to Hero [9h 3h]
Dealt to f130ef9c 
Dealt to 729aaf2e 
Dealt to f0fdacad 
Dealt to b3caeeda 
Dealt to 73ee84c6 
Dealt to bb242767 
Dealt to 2bca4fc9 
f0fdacad: raises 325 to 575
b3caeeda: folds
73ee84c6: raises 1,425 to 2,000
bb242767: folds
2bca4fc9: folds
Hero: folds
f130ef9c: folds
729aaf2e: folds
f0fdacad: calls 1,425
*** FLOP *** [Js 2d Tc]
f0fdacad: checks
73ee84c6: bets 1,537
f0fdacad: raises 2,551 to 4,088
73ee84c6: calls 2,551
*** TURN *** [Js 2d Tc] [Jh]
f0fdacad: bets 4,235
73ee84c6: calls 4,235
*** RIVER *** [Js 2d Tc Jh] [Ah]
f0fdacad: bets 30,657
73ee84c6: folds
Uncalled bet (30,657) returned to f0fdacad
*** SHOWDOWN ***
f0fdacad collected 21,301 from pot
*** SUMMARY ***
Total pot 21,301 | Rake 0 | Jackpot 0 | Bingo 0 | Fortune 0 | Tax 0
Board [Js 2d Tc Jh Ah]
Seat 1: Hero (button) folded before Flop
Seat 2: f130ef9c (small blind) folded before Flop
Seat 3: 729aaf2e (big blind) folded before Flop
Seat 4: f0fdacad won (21,301)
Seat 5: b3caeeda folded before Flop
Seat 6: 73ee84c6 folded on the River
Seat 7: bb242767 folded before Flop
Seat 8: 2bca4fc9 folded before Flop


Poker Hand #TM312810594: Tournament #208260906, Bounty Hunters Forty Stack $44 Hold'em No Limit - Level2(125/250) - 2025/05/29 17:54:32
Table '7' 8-max Seat #8 is the button
Seat 1: Hero (39,110 in chips)
Seat 2: f130ef9c (36,174 in chips)
Seat 3: 729aaf2e (43,215 in chips)
Seat 4: f0fdacad (41,050 in chips)
Seat 5: b3caeeda (39,170 in chips)
Seat 6: 73ee84c6 (41,145 in chips)
Seat 7: bb242767 (73,325 in chips)
Seat 8: 8a96918b (8,311 in chips)
729aaf2e: posts the ante 35
f0fdacad: posts the ante 35
73ee84c6: posts the ante 35
b3caeeda: posts the ante 35
bb242767: posts the ante 35
f130ef9c: posts the ante 35
Hero: posts the ante 35
8a96918b: posts the ante 35
Hero: posts small blind 125
f130ef9c: posts big blind 250
*** HOLE CARDS ***
Dealt to Hero [4c Ts]
Dealt to f130ef9c 
Dealt to 729aaf2e 
Dealt to f0fdacad 
Dealt to b3caeeda 
Dealt to 73ee84c6 
Dealt to bb242767 
Dealt to 8a96918b 
729aaf2e: folds
f0fdacad: folds
b3caeeda: folds
73ee84c6: folds
bb242767: folds
8a96918b: raises 325 to 575
Hero: folds
f130ef9c: calls 325
*** FLOP *** [Qh Ah 5c]
f130ef9c: checks
8a96918b: bets 389
f130ef9c: folds
Uncalled bet (389) returned to 8a96918b
*** SHOWDOWN ***
8a96918b collected 1,555 from pot
*** SUMMARY ***
Total pot 1,555 | Rake 0 | Jackpot 0 | Bingo 0 | Fortune 0 | Tax 0
Board [Qh Ah 5c]
Seat 1: Hero (small blind) folded before Flop
Seat 2: f130ef9c (big blind) folded on the Flop
Seat 3: 729aaf2e folded before Flop
Seat 4: f0fdacad folded before Flop
Seat 5: b3caeeda folded before Flop
Seat 6: 73ee84c6 folded before Flop
Seat 7: bb242767 folded before Flop
Seat 8: 8a96918b (button) won (1,555)


Poker Hand #TM312810556: Tournament #208260906, Bounty Hunters Forty Stack $44 Hold'em No Limit - Level2(125/250) - 2025/05/29 17:53:59
Table '7' 8-max Seat #7 is the button
Seat 1: Hero (39,395 in chips)
Seat 2: f130ef9c (36,209 in chips)
Seat 3: 729aaf2e (43,250 in chips)
Seat 4: f0fdacad (41,085 in chips)
Seat 5: b3caeeda (39,730 in chips)
Seat 6: 73ee84c6 (40,000 in chips)
Seat 7: bb242767 (73,360 in chips)
Seat 8: 8a96918b (8,471 in chips)
729aaf2e: posts the ante 35
f0fdacad: posts the ante 35
73ee84c6: posts the ante 35
b3caeeda: posts the ante 35
bb242767: posts the ante 35
f130ef9c: posts the ante 35
Hero: posts the ante 35
8a96918b: posts the ante 35
8a96918b: posts small blind 125
Hero: posts big blind 250
*** HOLE CARDS ***
Dealt to Hero [Jc 2c]
Dealt to f130ef9c 
Dealt to 729aaf2e 
Dealt to f0fdacad 
Dealt to b3caeeda 
Dealt to 73ee84c6 
Dealt to bb242767 
Dealt to 8a96918b 
f130ef9c: folds
729aaf2e: folds
f0fdacad: folds
b3caeeda: raises 275 to 525
73ee84c6: raises 1,475 to 2,000
bb242767: folds
8a96918b: folds
Hero: folds
b3caeeda: folds
Uncalled bet (1,475) returned to 73ee84c6
*** SHOWDOWN ***
73ee84c6 collected 1,705 from pot
*** SUMMARY ***
Total pot 1,705 | Rake 0 | Jackpot 0 | Bingo 0 | Fortune 0 | Tax 0
Seat 1: Hero (big blind) folded before Flop
Seat 2: f130ef9c folded before Flop
Seat 3: 729aaf2e folded before Flop
Seat 4: f0fdacad folded before Flop
Seat 5: b3caeeda folded before Flop
Seat 6: 73ee84c6 collected (1,705)
Seat 7: bb242767 (button) folded before Flop
Seat 8: 8a96918b (small blind) folded before Flop


Poker Hand #TM312810528: Tournament #208260906, Bounty Hunters Forty Stack $44 Hold'em No Limit - Level2(125/250) - 2025/05/29 17:53:28
Table '7' 8-max Seat #5 is the button
Seat 1: Hero (39,930 in chips)
Seat 2: f130ef9c (36,244 in chips)
Seat 3: 729aaf2e (43,285 in chips)
Seat 4: f0fdacad (40,000 in chips)
Seat 5: b3caeeda (39,765 in chips)
Seat 7: bb242767 (73,520 in chips)
Seat 8: 8a96918b (8,756 in chips)
729aaf2e: posts the ante 35
f0fdacad: posts the ante 35
b3caeeda: posts the ante 35
bb242767: posts the ante 35
f130ef9c: posts the ante 35
Hero: posts the ante 35
8a96918b: posts the ante 35
bb242767: posts small blind 125
8a96918b: posts big blind 250
*** HOLE CARDS ***
Dealt to Hero [Jh Kc]
Dealt to f130ef9c 
Dealt to 729aaf2e 
Dealt to f0fdacad 
Dealt to b3caeeda 
Dealt to bb242767 
Dealt to 8a96918b 
Hero: raises 250 to 500
f130ef9c: folds
729aaf2e: folds
f0fdacad: raises 1,500 to 2,000
b3caeeda: folds
bb242767: folds
8a96918b: folds
Hero: folds
Uncalled bet (1,500) returned to f0fdacad
*** SHOWDOWN ***
f0fdacad collected 1,620 from pot
*** SUMMARY ***
Total pot 1,620 | Rake 0 | Jackpot 0 | Bingo 0 | Fortune 0 | Tax 0
Seat 1: Hero folded before Flop
Seat 2: f130ef9c folded before Flop
Seat 3: 729aaf2e folded before Flop
Seat 4: f0fdacad collected (1,620)
Seat 5: b3caeeda (button) folded before Flop
Seat 7: bb242767 (small blind) folded before Flop
Seat 8: 8a96918b (big blind) folded before Flop


Poker Hand #TM312810475: Tournament #208260906, Bounty Hunters Forty Stack $44 Hold'em No Limit - Level2(125/250) - 2025/05/29 17:52:39
Table '7' 8-max Seat #3 is the button
Seat 1: Hero (39,965 in chips)
Seat 2: f130ef9c (36,854 in chips)
Seat 3: 729aaf2e (43,320 in chips)
Seat 5: b3caeeda (39,925 in chips)
Seat 7: bb242767 (74,130 in chips)
Seat 8: 8a96918b (7,306 in chips)
729aaf2e: posts the ante 35
b3caeeda: posts the ante 35
bb242767: posts the ante 35
f130ef9c: posts the ante 35
Hero: posts the ante 35
8a96918b: posts the ante 35
b3caeeda: posts small blind 125
bb242767: posts big blind 250
*** HOLE CARDS ***
Dealt to Hero [9c 4s]
Dealt to f130ef9c 
Dealt to 729aaf2e 
Dealt to b3caeeda 
Dealt to bb242767 
Dealt to 8a96918b 
8a96918b: raises 325 to 575
Hero: folds
f130ef9c: calls 575
729aaf2e: folds
b3caeeda: folds
bb242767: calls 325
*** FLOP *** [3c 7d 4d]
bb242767: checks
8a96918b: checks
f130ef9c: checks
*** TURN *** [3c 7d 4d] [Jd]
bb242767: checks
8a96918b: bets 1,360
f130ef9c: folds
bb242767: folds
Uncalled bet (1,360) returned to 8a96918b
*** SHOWDOWN ***
8a96918b collected 2,060 from pot
*** SUMMARY ***
Total pot 2,060 | Rake 0 | Jackpot 0 | Bingo 0 | Fortune 0 | Tax 0
Board [3c 7d 4d Jd]
Seat 1: Hero folded before Flop
Seat 2: f130ef9c folded on the Turn
Seat 3: 729aaf2e (button) folded before Flop
Seat 5: b3caeeda (small blind) folded before Flop
Seat 7: bb242767 (big blind) folded on the Turn
Seat 8: 8a96918b won (2,060)


Poker Hand #TM312810351: Tournament #208260906, Bounty Hunters Forty Stack $44 Hold'em No Limit - Level2(125/250) - 2025/05/29 17:50:41
Table '7' 8-max Seat #2 is the button
Seat 1: Hero (40,000 in chips)
Seat 2: f130ef9c (73,394 in chips)
Seat 3: 729aaf2e (43,480 in chips)
Seat 5: b3caeeda (40,210 in chips)
Seat 6: 630bb7da (39,085 in chips)
Seat 7: bb242767 (36,540 in chips)
Seat 8: 8a96918b (7,341 in chips)
729aaf2e: posts the ante 35
630bb7da: posts the ante 35
b3caeeda: posts the ante 35
bb242767: posts the ante 35
f130ef9c: posts the ante 35
Hero: posts the ante 35
8a96918b: posts the ante 35
729aaf2e: posts small blind 125
b3caeeda: posts big blind 250
*** HOLE CARDS ***
Dealt to Hero [4h 7h]
Dealt to f130ef9c 
Dealt to 729aaf2e 
Dealt to b3caeeda 
Dealt to 630bb7da 
Dealt to bb242767 
Dealt to 8a96918b 
630bb7da: raises 250 to 500
bb242767: calls 500
8a96918b: folds
Hero: folds
f130ef9c: raises 1,500 to 2,000
729aaf2e: folds
b3caeeda: folds
630bb7da: folds
bb242767: raises 4,375 to 6,375
f130ef9c: calls 4,375
*** FLOP *** [2d Jc 6c]
bb242767: bets 2,875
f130ef9c: calls 2,875
*** TURN *** [2d Jc 6c] [9h]
bb242767: checks
f130ef9c: bets 9,810
bb242767: raises 17,445 to 27,255
f130ef9c: calls 17,445
bb242767: shows [Kh Ks] (a pair of Kings)
f130ef9c: shows [Qs Qc] (a pair of Queens)
*** RIVER *** [2d Jc 6c 9h] [2s]
*** SHOWDOWN ***
bb242767 collected 74,130 from pot
*** SUMMARY ***
Total pot 74,130 | Rake 0 | Jackpot 0 | Bingo 0 | Fortune 0 | Tax 0
Board [2d Jc 6c 9h 2s]
Seat 1: Hero folded before Flop
Seat 2: f130ef9c (button) showed [Qs Qc] and lost with two pair, Queens and Twos
Seat 3: 729aaf2e (small blind) folded before Flop
Seat 5: b3caeeda (big blind) folded before Flop
Seat 6: 630bb7da folded before Flop
Seat 7: bb242767 showed [Kh Ks] and won (74,130) with two pair, Kings and Twos
Seat 8: 8a96918b folded before Flop


