Poker Hand #TM330116996: Tournament #209049564, Bounty Hunters 50 Grand $108 Hold'em No Limit - Level1(50/100) - 2025/06/02 20:34:32
Table '24' 8-max Seat #5 is the button
Seat 1: de040f20 (19,495 in chips)
Seat 2: 483c8ae5 (9,955 in chips)
Seat 3: cccc80cf (9,905 in chips)
Seat 4: 85ca19e9 (9,805 in chips)
Seat 5: d94019c8 (9,805 in chips)
Seat 6: 4de1c94 (10,175 in chips)
Seat 7: Hero (890 in chips)
Seat 8: 7941491e (9,970 in chips)
7941491e: posts the ante 15
d94019c8: posts the ante 15
cccc80cf: posts the ante 15
85ca19e9: posts the ante 15
4de1c94: posts the ante 15
de040f20: posts the ante 15
483c8ae5: posts the ante 15
Hero: posts the ante 15
4de1c94: posts small blind 50
Hero: posts big blind 100
*** HOLE CARDS ***
Dealt to de040f20 
Dealt to 483c8ae5 
Dealt to cccc80cf 
Dealt to 85ca19e9 
Dealt to d94019c8 
Dealt to 4de1c94 
Dealt to Hero [4h Ad]
Dealt to 7941491e 
7941491e: raises 129 to 229
de040f20: folds
483c8ae5: folds
cccc80cf: folds
85ca19e9: folds
d94019c8: folds
4de1c94: folds
Hero: raises 646 to 875
7941491e: calls 646
Hero: shows [4h Ad]
7941491e: shows [Jc Qc]
*** FLOP *** [3c Js 4s]
*** TURN *** [3c Js 4s] [Kc]
*** RIVER *** [3c Js 4s Kc] [7s]
*** SHOWDOWN ***
7941491e collected 1,920 from pot
*** SUMMARY ***
Total pot 1,920 | Rake 0 | Jackpot 0 | Bingo 0 | Fortune 0 | Tax 0
Board [3c Js 4s Kc 7s]
Seat 1: de040f20 folded before Flop
Seat 2: 483c8ae5 folded before Flop
Seat 3: cccc80cf folded before Flop
Seat 4: 85ca19e9 folded before Flop
Seat 5: d94019c8 (button) folded before Flop
Seat 6: 4de1c94 (small blind) folded before Flop
Seat 7: Hero (big blind) showed [4h Ad] and lost with a pair of Fours
Seat 8: 7941491e showed [Jc Qc] and won (1,920) with a pair of Jacks


Poker Hand #TM330116931: Tournament #209049564, Bounty Hunters 50 Grand $108 Hold'em No Limit - Level1(50/100) - 2025/06/02 20:33:13
Table '24' 8-max Seat #4 is the button
Seat 1: de040f20 (20,210 in chips)
Seat 2: 483c8ae5 (9,970 in chips)
Seat 3: cccc80cf (9,920 in chips)
Seat 4: 85ca19e9 (9,820 in chips)
Seat 5: d94019c8 (9,870 in chips)
Seat 6: 4de1c94 (9,970 in chips)
Seat 7: Hero (255 in chips)
Seat 8: 7941491e (9,985 in chips)
7941491e: posts the ante 15
cccc80cf: posts the ante 15
d94019c8: posts the ante 15
85ca19e9: posts the ante 15
4de1c94: posts the ante 15
de040f20: posts the ante 15
483c8ae5: posts the ante 15
Hero: posts the ante 15
d94019c8: posts small blind 50
4de1c94: posts big blind 100
*** HOLE CARDS ***
Dealt to de040f20 
Dealt to 483c8ae5 
Dealt to cccc80cf 
Dealt to 85ca19e9 
Dealt to d94019c8 
Dealt to 4de1c94 
Dealt to Hero [Js Qh]
Dealt to 7941491e 
Hero: raises 100 to 200
7941491e: folds
de040f20: raises 500 to 700
483c8ae5: folds
cccc80cf: folds
85ca19e9: folds
d94019c8: folds
4de1c94: raises 9,255 to 9,955
Hero: calls 40
de040f20: folds
Uncalled bet (9,255) returned to 4de1c94
4de1c94: shows [9d 9s]
Hero: shows [Js Qh]
*** FLOP *** [Ad 4c Kd]
*** TURN *** [Ad 4c Kd] [Th]
*** RIVER *** [Ad 4c Kd Th] [9h]
*** SHOWDOWN ***
Hero collected 890 from pot
4de1c94 collected 920 from pot
*** SUMMARY ***
Total pot 1,810 | Rake 0 | Jackpot 0 | Bingo 0 | Fortune 0 | Tax 0
Board [Ad 4c Kd Th 9h]
Seat 1: de040f20 folded before Flop
Seat 2: 483c8ae5 folded before Flop
Seat 3: cccc80cf folded before Flop
Seat 4: 85ca19e9 (button) folded before Flop
Seat 5: d94019c8 (small blind) folded before Flop
Seat 6: 4de1c94 (big blind) showed [9d 9s] and won (920) with three of a kind, Nines
Seat 7: Hero showed [Js Qh] and won (890) with a straight, Ace to Ten
Seat 8: 7941491e folded before Flop


Poker Hand #TM330116813: Tournament #209049564, Bounty Hunters 50 Grand $108 Hold'em No Limit - Level1(50/100) - 2025/06/02 20:30:56
Table '24' 8-max Seat #3 is the button
Seat 1: de040f20 (9,985 in chips)
Seat 2: 483c8ae5 (9,985 in chips)
Seat 3: cccc80cf (9,935 in chips)
Seat 4: 85ca19e9 (9,885 in chips)
Seat 5: d94019c8 (9,985 in chips)
Seat 6: 4de1c94 (9,985 in chips)
Seat 7: Hero (10,240 in chips)
Seat 8: 7941491e (10,000 in chips)
7941491e: posts the ante 15
cccc80cf: posts the ante 15
d94019c8: posts the ante 15
85ca19e9: posts the ante 15
4de1c94: posts the ante 15
de040f20: posts the ante 15
483c8ae5: posts the ante 15
Hero: posts the ante 15
85ca19e9: posts small blind 50
d94019c8: posts big blind 100
*** HOLE CARDS ***
Dealt to de040f20 
Dealt to 483c8ae5 
Dealt to cccc80cf 
Dealt to 85ca19e9 
Dealt to d94019c8 
Dealt to 4de1c94 
Dealt to Hero [Qh Kh]
Dealt to 7941491e 
4de1c94: folds
Hero: raises 100 to 200
7941491e: folds
de040f20: raises 550 to 750
483c8ae5: folds
cccc80cf: folds
85ca19e9: folds
d94019c8: folds
Hero: calls 550
*** FLOP *** [Th Kd 3c]
Hero: checks
de040f20: bets 585
Hero: calls 585
*** TURN *** [Th Kd 3c] [4d]
Hero: checks
de040f20: bets 1,970
Hero: raises 6,920 to 8,890
de040f20: calls 6,665
Uncalled bet (255) returned to Hero
Hero: shows [Qh Kh] (a pair of Kings)
de040f20: shows [Kc Ac] (a pair of Kings)
*** RIVER *** [Th Kd 3c 4d] [2c]
*** SHOWDOWN ***
de040f20 collected 20,210 from pot
*** SUMMARY ***
Total pot 20,210 | Rake 0 | Jackpot 0 | Bingo 0 | Fortune 0 | Tax 0
Board [Th Kd 3c 4d 2c]
Seat 1: de040f20 showed [Kc Ac] and won (20,210) with a pair of Kings
Seat 2: 483c8ae5 folded before Flop
Seat 3: cccc80cf (button) folded before Flop
Seat 4: 85ca19e9 (small blind) folded before Flop
Seat 5: d94019c8 (big blind) folded before Flop
Seat 6: 4de1c94 folded before Flop
Seat 7: Hero showed [Qh Kh] and lost with a pair of Kings
Seat 8: 7941491e folded before Flop


Poker Hand #TM330116768: Tournament #209049564, Bounty Hunters 50 Grand $108 Hold'em No Limit - Level1(50/100) - 2025/06/02 20:30:02
Table '24' 8-max Seat #2 is the button
Seat 1: de040f20 (10,000 in chips)
Seat 2: 483c8ae5 (10,000 in chips)
Seat 3: cccc80cf (10,000 in chips)
Seat 4: 85ca19e9 (10,000 in chips)
Seat 5: d94019c8 (10,000 in chips)
Seat 6: 4de1c94 (10,000 in chips)
Seat 7: Hero (10,000 in chips)
d94019c8: posts the ante 15
cccc80cf: posts the ante 15
85ca19e9: posts the ante 15
4de1c94: posts the ante 15
de040f20: posts the ante 15
483c8ae5: posts the ante 15
Hero: posts the ante 15
cccc80cf: posts small blind 50
85ca19e9: posts big blind 100
*** HOLE CARDS ***
Dealt to de040f20 
Dealt to 483c8ae5 
Dealt to cccc80cf 
Dealt to 85ca19e9 
Dealt to d94019c8 
Dealt to 4de1c94 
Dealt to Hero [Kh Jc]
d94019c8: folds
4de1c94: folds
Hero: raises 100 to 200
de040f20: folds
483c8ae5: folds
cccc80cf: folds
85ca19e9: folds
Uncalled bet (100) returned to Hero
*** SHOWDOWN ***
Hero collected 355 from pot
*** SUMMARY ***
Total pot 355 | Rake 0 | Jackpot 0 | Bingo 0 | Fortune 0 | Tax 0
Seat 1: de040f20 folded before Flop
Seat 2: 483c8ae5 (button) folded before Flop
Seat 3: cccc80cf (small blind) folded before Flop
Seat 4: 85ca19e9 (big blind) folded before Flop
Seat 5: d94019c8 folded before Flop
Seat 6: 4de1c94 folded before Flop
Seat 7: Hero collected (355)


