Poker Hand #TM309359085: Tournament #208079642, Bounty Hunters Forty Stack $44 Hold'em No Limit - Level8(500/1,000) - 2025/05/28 19:19:56
Table '114' 8-max Seat #2 is the button
Seat 1: Hero (2,381 in chips)
Seat 2: 671cb04b (80,760 in chips)
Seat 3: 78b4ee5c (64,386 in chips)
Seat 4: 4b2289a (26,793 in chips)
Seat 5: 287c7f83 (69,782 in chips)
Seat 6: 4f3b147f (92,754 in chips)
Seat 7: 45e3c366 (39,850 in chips)
Seat 8: d5972bfe (106,426 in chips)
671cb04b: posts the ante 150
287c7f83: posts the ante 150
45e3c366: posts the ante 150
4f3b147f: posts the ante 150
Hero: posts the ante 150
d5972bfe: posts the ante 150
4b2289a: posts the ante 150
78b4ee5c: posts the ante 150
78b4ee5c: posts small blind 500
4b2289a: posts big blind 1,000
*** HOLE CARDS ***
Dealt to Hero [Ac 9h]
Dealt to 671cb04b 
Dealt to 78b4ee5c 
Dealt to 4b2289a 
Dealt to 287c7f83 
Dealt to 4f3b147f 
Dealt to 45e3c366 
Dealt to d5972bfe 
287c7f83: folds
4f3b147f: folds
45e3c366: folds
d5972bfe: folds
Hero: raises 1,000 to 2,000
671cb04b: raises 2,500 to 4,500
78b4ee5c: raises 9,500 to 14,000
4b2289a: folds
Hero: calls 231
671cb04b: folds
Uncalled bet (9,500) returned to 78b4ee5c
78b4ee5c: shows [Qc Qd]
Hero: shows [Ac 9h]
*** FLOP *** [8s 8c 9d]
*** TURN *** [8s 8c 9d] [7s]
*** RIVER *** [8s 8c 9d 7s] [3h]
*** SHOWDOWN ***
78b4ee5c collected 8,893 from pot
78b4ee5c collected 4,538 from pot
*** SUMMARY ***
Total pot 13,431 | Rake 0 | Jackpot 0 | Bingo 0 | Fortune 0 | Tax 0
Board [8s 8c 9d 7s 3h]
Seat 1: Hero showed [Ac 9h] and lost with two pair, Nines and Eights
Seat 2: 671cb04b (button) folded before Flop
Seat 3: 78b4ee5c (small blind) showed [Qc Qd] and won (13,431) with two pair, Queens and Eights
Seat 4: 4b2289a (big blind) folded before Flop
Seat 5: 287c7f83 folded before Flop
Seat 6: 4f3b147f folded before Flop
Seat 7: 45e3c366 folded before Flop
Seat 8: d5972bfe folded before Flop


Poker Hand #TM309359023: Tournament #208079642, Bounty Hunters Forty Stack $44 Hold'em No Limit - Level8(500/1,000) - 2025/05/28 19:18:38
Table '114' 8-max Seat #1 is the button
Seat 1: Hero (40,811 in chips)
Seat 2: 671cb04b (38,430 in chips)
Seat 3: 78b4ee5c (65,536 in chips)
Seat 4: 4b2289a (26,943 in chips)
Seat 5: 287c7f83 (69,932 in chips)
Seat 6: 4f3b147f (92,904 in chips)
Seat 7: 45e3c366 (40,000 in chips)
Seat 8: d5972bfe (108,576 in chips)
671cb04b: posts the ante 150
287c7f83: posts the ante 150
45e3c366: posts the ante 150
4f3b147f: posts the ante 150
Hero: posts the ante 150
d5972bfe: posts the ante 150
4b2289a: posts the ante 150
78b4ee5c: posts the ante 150
671cb04b: posts small blind 500
78b4ee5c: posts big blind 1,000
*** HOLE CARDS ***
Dealt to Hero [Qd Ah]
Dealt to 671cb04b 
Dealt to 78b4ee5c 
Dealt to 4b2289a 
Dealt to 287c7f83 
Dealt to 4f3b147f 
Dealt to 45e3c366 
Dealt to d5972bfe 
4b2289a: folds
287c7f83: folds
4f3b147f: folds
45e3c366: folds
d5972bfe: raises 1,000 to 2,000
Hero: calls 2,000
671cb04b: raises 7,000 to 9,000
78b4ee5c: folds
d5972bfe: folds
Hero: raises 31,661 to 40,661
671cb04b: calls 29,280
Uncalled bet (2,381) returned to Hero
Hero: shows [Qd Ah]
671cb04b: shows [Jh Jd]
*** FLOP *** [3d 9h 7d]
*** TURN *** [3d 9h 7d] [9s]
*** RIVER *** [3d 9h 7d 9s] [Td]
*** SHOWDOWN ***
671cb04b collected 80,760 from pot
*** SUMMARY ***
Total pot 80,760 | Rake 0 | Jackpot 0 | Bingo 0 | Fortune 0 | Tax 0
Board [3d 9h 7d 9s Td]
Seat 1: Hero (button) showed [Qd Ah] and lost with a pair of Nines
Seat 2: 671cb04b (small blind) showed [Jh Jd] and won (80,760) with two pair, Jacks and Nines
Seat 3: 78b4ee5c (big blind) folded before Flop
Seat 4: 4b2289a folded before Flop
Seat 5: 287c7f83 folded before Flop
Seat 6: 4f3b147f folded before Flop
Seat 7: 45e3c366 folded before Flop
Seat 8: d5972bfe folded before Flop


Poker Hand #TM309358958: Tournament #208079642, Bounty Hunters Forty Stack $44 Hold'em No Limit - Level8(500/1,000) - 2025/05/28 19:17:14
Table '114' 8-max Seat #8 is the button
Seat 1: Hero (41,461 in chips)
Seat 2: 671cb04b (39,580 in chips)
Seat 3: 78b4ee5c (65,686 in chips)
Seat 4: 4b2289a (25,818 in chips)
Seat 5: 287c7f83 (70,082 in chips)
Seat 6: 4f3b147f (91,779 in chips)
Seat 8: d5972bfe (108,726 in chips)
671cb04b: posts the ante 150
287c7f83: posts the ante 150
4f3b147f: posts the ante 150
Hero: posts the ante 150
d5972bfe: posts the ante 150
4b2289a: posts the ante 150
78b4ee5c: posts the ante 150
Hero: posts small blind 500
671cb04b: posts big blind 1,000
*** HOLE CARDS ***
Dealt to Hero [As 6d]
Dealt to 671cb04b 
Dealt to 78b4ee5c 
Dealt to 4b2289a 
Dealt to 287c7f83 
Dealt to 4f3b147f 
Dealt to d5972bfe 
78b4ee5c: folds
4b2289a: raises 1,000 to 2,000
287c7f83: folds
4f3b147f: calls 2,000
d5972bfe: folds
Hero: folds
671cb04b: folds
*** FLOP *** [9d 9h 9c]
4b2289a: checks
4f3b147f: bets 2,162
4b2289a: raises 5,546 to 7,708
4f3b147f: calls 5,546
*** TURN *** [9d 9h 9c] [Ks]
4b2289a: bets 15,960
4f3b147f: calls 15,960
4b2289a: shows [Ac Kc] (a full house, Nines full of Kings)
4f3b147f: shows [Kh Jh] (a full house, Nines full of Kings)
*** RIVER *** [9d 9h 9c Ks] [2s]
*** SHOWDOWN ***
4f3b147f collected 26,943 from pot
4b2289a collected 26,943 from pot
*** SUMMARY ***
Total pot 53,886 | Rake 0 | Jackpot 0 | Bingo 0 | Fortune 0 | Tax 0
Board [9d 9h 9c Ks 2s]
Seat 1: Hero (small blind) folded before Flop
Seat 2: 671cb04b (big blind) folded before Flop
Seat 3: 78b4ee5c folded before Flop
Seat 4: 4b2289a showed [Ac Kc] and won (26,943) with a full house, Nines full of Kings
Seat 5: 287c7f83 folded before Flop
Seat 6: 4f3b147f showed [Kh Jh] and won (26,943) with a full house, Nines full of Kings
Seat 8: d5972bfe (button) folded before Flop


Poker Hand #TM309358865: Tournament #208079642, Bounty Hunters Forty Stack $44 Hold'em No Limit - Level8(500/1,000) - 2025/05/28 19:15:19
Table '114' 8-max Seat #6 is the button
Seat 1: Hero (41,611 in chips)
Seat 2: 671cb04b (39,730 in chips)
Seat 3: 78b4ee5c (65,836 in chips)
Seat 4: 4b2289a (25,968 in chips)
Seat 5: 287c7f83 (70,232 in chips)
Seat 6: 4f3b147f (91,929 in chips)
Seat 7: c2540950 (40,681 in chips)
Seat 8: d5972bfe (67,145 in chips)
671cb04b: posts the ante 150
287c7f83: posts the ante 150
c2540950: posts the ante 150
4f3b147f: posts the ante 150
Hero: posts the ante 150
d5972bfe: posts the ante 150
4b2289a: posts the ante 150
78b4ee5c: posts the ante 150
c2540950: posts small blind 500
d5972bfe: posts big blind 1,000
*** HOLE CARDS ***
Dealt to Hero [Qs 6d]
Dealt to 671cb04b 
Dealt to 78b4ee5c 
Dealt to 4b2289a 
Dealt to 287c7f83 
Dealt to 4f3b147f 
Dealt to c2540950 
Dealt to d5972bfe 
Hero: folds
671cb04b: folds
78b4ee5c: folds
4b2289a: folds
287c7f83: folds
4f3b147f: folds
c2540950: raises 2,000 to 3,000
d5972bfe: raises 6,000 to 9,000
c2540950: calls 6,000
*** FLOP *** [Qh 7s 9d]
c2540950: checks
d5972bfe: bets 4,000
c2540950: calls 4,000
*** TURN *** [Qh 7s 9d] [Kc]
c2540950: checks
d5972bfe: bets 11,000
c2540950: calls 11,000
*** RIVER *** [Qh 7s 9d Kc] [8h]
c2540950: checks
d5972bfe: bets 17,000
c2540950: calls 16,531
Uncalled bet (469) returned to d5972bfe
d5972bfe: shows [As Ks] (a pair of Kings)
c2540950: shows [Jc Kh] (a pair of Kings)
*** SHOWDOWN ***
d5972bfe collected 82,262 from pot
*** SUMMARY ***
Total pot 82,262 | Rake 0 | Jackpot 0 | Bingo 0 | Fortune 0 | Tax 0
Board [Qh 7s 9d Kc 8h]
Seat 1: Hero folded before Flop
Seat 2: 671cb04b folded before Flop
Seat 3: 78b4ee5c folded before Flop
Seat 4: 4b2289a folded before Flop
Seat 5: 287c7f83 folded before Flop
Seat 6: 4f3b147f (button) folded before Flop
Seat 7: c2540950 (small blind) showed [Jc Kh] and lost with a pair of Kings
Seat 8: d5972bfe (big blind) showed [As Ks] and won (82,262) with a pair of Kings


Poker Hand #TM309358826: Tournament #208079642, Bounty Hunters Forty Stack $44 Hold'em No Limit - Level8(500/1,000) - 2025/05/28 19:14:29
Table '114' 8-max Seat #5 is the button
Seat 1: Hero (41,761 in chips)
Seat 2: 671cb04b (39,880 in chips)
Seat 3: 78b4ee5c (61,986 in chips)
Seat 4: 4b2289a (26,118 in chips)
Seat 5: 287c7f83 (70,382 in chips)
Seat 6: 4f3b147f (92,579 in chips)
Seat 7: c2540950 (43,131 in chips)
Seat 8: d5972bfe (67,295 in chips)
671cb04b: posts the ante 150
287c7f83: posts the ante 150
c2540950: posts the ante 150
4f3b147f: posts the ante 150
Hero: posts the ante 150
d5972bfe: posts the ante 150
4b2289a: posts the ante 150
78b4ee5c: posts the ante 150
4f3b147f: posts small blind 500
c2540950: posts big blind 1,000
*** HOLE CARDS ***
Dealt to Hero [3d 2h]
Dealt to 671cb04b 
Dealt to 78b4ee5c 
Dealt to 4b2289a 
Dealt to 287c7f83 
Dealt to 4f3b147f 
Dealt to c2540950 
Dealt to d5972bfe 
d5972bfe: folds
Hero: folds
671cb04b: folds
78b4ee5c: raises 1,300 to 2,300
4b2289a: folds
287c7f83: folds
4f3b147f: folds
c2540950: calls 1,300
*** FLOP *** [Ad Td 8c]
c2540950: checks
78b4ee5c: bets 2,079
c2540950: folds
Uncalled bet (2,079) returned to 78b4ee5c
*** SHOWDOWN ***
78b4ee5c collected 6,300 from pot
*** SUMMARY ***
Total pot 6,300 | Rake 0 | Jackpot 0 | Bingo 0 | Fortune 0 | Tax 0
Board [Ad Td 8c]
Seat 1: Hero folded before Flop
Seat 2: 671cb04b folded before Flop
Seat 3: 78b4ee5c won (6,300)
Seat 4: 4b2289a folded before Flop
Seat 5: 287c7f83 (button) folded before Flop
Seat 6: 4f3b147f (small blind) folded before Flop
Seat 7: c2540950 (big blind) folded on the Flop
Seat 8: d5972bfe folded before Flop


Poker Hand #TM309358787: Tournament #208079642, Bounty Hunters Forty Stack $44 Hold'em No Limit - Level7(400/800) - 2025/05/28 19:13:35
Table '114' 8-max Seat #4 is the button
Seat 1: Hero (41,881 in chips)
Seat 2: 671cb04b (40,000 in chips)
Seat 3: 78b4ee5c (62,106 in chips)
Seat 4: 4b2289a (23,278 in chips)
Seat 5: 287c7f83 (70,902 in chips)
Seat 6: 4f3b147f (94,299 in chips)
Seat 7: c2540950 (43,251 in chips)
Seat 8: d5972bfe (67,415 in chips)
671cb04b: posts the ante 120
287c7f83: posts the ante 120
c2540950: posts the ante 120
4f3b147f: posts the ante 120
Hero: posts the ante 120
d5972bfe: posts the ante 120
4b2289a: posts the ante 120
78b4ee5c: posts the ante 120
287c7f83: posts small blind 400
4f3b147f: posts big blind 800
*** HOLE CARDS ***
Dealt to Hero [8c Jd]
Dealt to 671cb04b 
Dealt to 78b4ee5c 
Dealt to 4b2289a 
Dealt to 287c7f83 
Dealt to 4f3b147f 
Dealt to c2540950 
Dealt to d5972bfe 
c2540950: folds
d5972bfe: folds
Hero: folds
671cb04b: folds
78b4ee5c: folds
4b2289a: raises 800 to 1,600
287c7f83: folds
4f3b147f: calls 800
*** FLOP *** [Qc 8h Qs]
4f3b147f: checks
4b2289a: bets 1,505
4f3b147f: folds
Uncalled bet (1,505) returned to 4b2289a
*** SHOWDOWN ***
4b2289a collected 4,560 from pot
*** SUMMARY ***
Total pot 4,560 | Rake 0 | Jackpot 0 | Bingo 0 | Fortune 0 | Tax 0
Board [Qc 8h Qs]
Seat 1: Hero folded before Flop
Seat 2: 671cb04b folded before Flop
Seat 3: 78b4ee5c folded before Flop
Seat 4: 4b2289a (button) won (4,560)
Seat 5: 287c7f83 (small blind) folded before Flop
Seat 6: 4f3b147f (big blind) folded on the Flop
Seat 7: c2540950 folded before Flop
Seat 8: d5972bfe folded before Flop


Poker Hand #TM309358750: Tournament #208079642, Bounty Hunters Forty Stack $44 Hold'em No Limit - Level7(400/800) - 2025/05/28 19:12:52
Table '114' 8-max Seat #3 is the button
Seat 1: Hero (42,001 in chips)
Seat 3: 78b4ee5c (62,226 in chips)
Seat 4: 4b2289a (21,758 in chips)
Seat 5: 287c7f83 (71,822 in chips)
Seat 6: 4f3b147f (94,419 in chips)
Seat 7: c2540950 (43,371 in chips)
Seat 8: d5972bfe (67,535 in chips)
287c7f83: posts the ante 120
c2540950: posts the ante 120
4f3b147f: posts the ante 120
Hero: posts the ante 120
d5972bfe: posts the ante 120
78b4ee5c: posts the ante 120
4b2289a: posts the ante 120
4b2289a: posts small blind 400
287c7f83: posts big blind 800
*** HOLE CARDS ***
Dealt to Hero [4d 8h]
Dealt to 78b4ee5c 
Dealt to 4b2289a 
Dealt to 287c7f83 
Dealt to 4f3b147f 
Dealt to c2540950 
Dealt to d5972bfe 
4f3b147f: folds
c2540950: folds
d5972bfe: folds
Hero: folds
78b4ee5c: folds
4b2289a: calls 400
287c7f83: checks
*** FLOP *** [6d 6c 7c]
4b2289a: bets 1,245
287c7f83: folds
Uncalled bet (1,245) returned to 4b2289a
*** SHOWDOWN ***
4b2289a collected 2,440 from pot
*** SUMMARY ***
Total pot 2,440 | Rake 0 | Jackpot 0 | Bingo 0 | Fortune 0 | Tax 0
Board [6d 6c 7c]
Seat 1: Hero folded before Flop
Seat 3: 78b4ee5c (button) folded before Flop
Seat 4: 4b2289a (small blind) won (2,440)
Seat 5: 287c7f83 (big blind) folded on the Flop
Seat 6: 4f3b147f folded before Flop
Seat 7: c2540950 folded before Flop
Seat 8: d5972bfe folded before Flop


Poker Hand #TM309358664: Tournament #208079642, Bounty Hunters Forty Stack $44 Hold'em No Limit - Level7(400/800) - 2025/05/28 19:11:05
Table '114' 8-max Seat #1 is the button
Seat 1: Hero (43,721 in chips)
Seat 2: 90a2fb1 (25,702 in chips)
Seat 3: 78b4ee5c (31,004 in chips)
Seat 4: 4b2289a (21,878 in chips)
Seat 5: 287c7f83 (73,542 in chips)
Seat 6: 4f3b147f (94,539 in chips)
Seat 7: c2540950 (45,091 in chips)
Seat 8: d5972bfe (67,655 in chips)
287c7f83: posts the ante 120
90a2fb1: posts the ante 120
c2540950: posts the ante 120
4f3b147f: posts the ante 120
Hero: posts the ante 120
d5972bfe: posts the ante 120
4b2289a: posts the ante 120
78b4ee5c: posts the ante 120
90a2fb1: posts small blind 400
78b4ee5c: posts big blind 800
*** HOLE CARDS ***
Dealt to Hero [Ac 2c]
Dealt to 90a2fb1 
Dealt to 78b4ee5c 
Dealt to 4b2289a 
Dealt to 287c7f83 
Dealt to 4f3b147f 
Dealt to c2540950 
Dealt to d5972bfe 
4b2289a: folds
287c7f83: raises 800 to 1,600
4f3b147f: folds
c2540950: calls 1,600
d5972bfe: folds
Hero: calls 1,600
90a2fb1: calls 1,200
78b4ee5c: raises 29,284 to 30,884
287c7f83: folds
c2540950: folds
Hero: folds
90a2fb1: calls 23,982
Uncalled bet (5,302) returned to 78b4ee5c
78b4ee5c: shows [Ks Kd]
90a2fb1: shows [9c Jc]
*** FLOP *** [Ah Tc 2d]
*** TURN *** [Ah Tc 2d] [9h]
*** RIVER *** [Ah Tc 2d 9h] [3c]
*** SHOWDOWN ***
78b4ee5c collected 56,924 from pot
*** SUMMARY ***
Total pot 56,924 | Rake 0 | Jackpot 0 | Bingo 0 | Fortune 0 | Tax 0
Board [Ah Tc 2d 9h 3c]
Seat 1: Hero (button) folded before Flop
Seat 2: 90a2fb1 (small blind) showed [9c Jc] and lost with a pair of Nines
Seat 3: 78b4ee5c (big blind) showed [Ks Kd] and won (56,924) with a pair of Kings
Seat 4: 4b2289a folded before Flop
Seat 5: 287c7f83 folded before Flop
Seat 6: 4f3b147f folded before Flop
Seat 7: c2540950 folded before Flop
Seat 8: d5972bfe folded before Flop


Poker Hand #TM309358595: Tournament #208079642, Bounty Hunters Forty Stack $44 Hold'em No Limit - Level7(400/800) - 2025/05/28 19:09:42
Table '114' 8-max Seat #8 is the button
Seat 1: Hero (48,667 in chips)
Seat 2: 90a2fb1 (27,422 in chips)
Seat 3: 78b4ee5c (31,124 in chips)
Seat 4: 4b2289a (21,998 in chips)
Seat 5: 287c7f83 (73,662 in chips)
Seat 6: 4f3b147f (94,659 in chips)
Seat 7: c2540950 (45,211 in chips)
Seat 8: d5972bfe (60,389 in chips)
287c7f83: posts the ante 120
90a2fb1: posts the ante 120
c2540950: posts the ante 120
4f3b147f: posts the ante 120
Hero: posts the ante 120
d5972bfe: posts the ante 120
4b2289a: posts the ante 120
78b4ee5c: posts the ante 120
Hero: posts small blind 400
90a2fb1: posts big blind 800
*** HOLE CARDS ***
Dealt to Hero [Ah Tc]
Dealt to 90a2fb1 
Dealt to 78b4ee5c 
Dealt to 4b2289a 
Dealt to 287c7f83 
Dealt to 4f3b147f 
Dealt to c2540950 
Dealt to d5972bfe 
78b4ee5c: folds
4b2289a: folds
287c7f83: folds
4f3b147f: folds
c2540950: folds
d5972bfe: raises 800 to 1,600
Hero: calls 1,200
90a2fb1: calls 800
*** FLOP *** [6d 9c 7s]
Hero: checks
90a2fb1: checks
d5972bfe: bets 3,226
Hero: calls 3,226
90a2fb1: folds
*** TURN *** [6d 9c 7s] [2s]
Hero: checks
d5972bfe: bets 8,400
Hero: folds
Uncalled bet (8,400) returned to d5972bfe
*** SHOWDOWN ***
d5972bfe collected 12,212 from pot
*** SUMMARY ***
Total pot 12,212 | Rake 0 | Jackpot 0 | Bingo 0 | Fortune 0 | Tax 0
Board [6d 9c 7s 2s]
Seat 1: Hero (small blind) folded on the Turn
Seat 2: 90a2fb1 (big blind) folded on the Flop
Seat 3: 78b4ee5c folded before Flop
Seat 4: 4b2289a folded before Flop
Seat 5: 287c7f83 folded before Flop
Seat 6: 4f3b147f folded before Flop
Seat 7: c2540950 folded before Flop
Seat 8: d5972bfe (button) won (12,212)


Poker Hand #TM309358529: Tournament #208079642, Bounty Hunters Forty Stack $44 Hold'em No Limit - Level7(400/800) - 2025/05/28 19:08:22
Table '114' 8-max Seat #7 is the button
Seat 1: Hero (49,587 in chips)
Seat 2: 90a2fb1 (40,836 in chips)
Seat 3: 78b4ee5c (31,244 in chips)
Seat 4: 4b2289a (22,118 in chips)
Seat 5: 287c7f83 (75,382 in chips)
Seat 6: 4f3b147f (77,725 in chips)
Seat 7: c2540950 (45,331 in chips)
Seat 8: d5972bfe (60,909 in chips)
287c7f83: posts the ante 120
90a2fb1: posts the ante 120
c2540950: posts the ante 120
4f3b147f: posts the ante 120
Hero: posts the ante 120
d5972bfe: posts the ante 120
4b2289a: posts the ante 120
78b4ee5c: posts the ante 120
d5972bfe: posts small blind 400
Hero: posts big blind 800
*** HOLE CARDS ***
Dealt to Hero [2d 2h]
Dealt to 90a2fb1 
Dealt to 78b4ee5c 
Dealt to 4b2289a 
Dealt to 287c7f83 
Dealt to 4f3b147f 
Dealt to c2540950 
Dealt to d5972bfe 
90a2fb1: raises 800 to 1,600
78b4ee5c: folds
4b2289a: folds
287c7f83: calls 1,600
4f3b147f: raises 4,697 to 6,297
c2540950: folds
d5972bfe: folds
Hero: folds
90a2fb1: calls 4,697
287c7f83: folds
*** FLOP *** [8c 3d 4d]
90a2fb1: checks
4f3b147f: bets 6,997
90a2fb1: calls 6,997
*** TURN *** [8c 3d 4d] [2c]
90a2fb1: checks
4f3b147f: bets 30,348
90a2fb1: folds
Uncalled bet (30,348) returned to 4f3b147f
*** SHOWDOWN ***
4f3b147f collected 30,348 from pot
*** SUMMARY ***
Total pot 30,348 | Rake 0 | Jackpot 0 | Bingo 0 | Fortune 0 | Tax 0
Board [8c 3d 4d 2c]
Seat 1: Hero (big blind) folded before Flop
Seat 2: 90a2fb1 folded on the Turn
Seat 3: 78b4ee5c folded before Flop
Seat 4: 4b2289a folded before Flop
Seat 5: 287c7f83 folded before Flop
Seat 6: 4f3b147f won (30,348)
Seat 7: c2540950 (button) folded before Flop
Seat 8: d5972bfe (small blind) folded before Flop


Poker Hand #TM309358502: Tournament #208079642, Bounty Hunters Forty Stack $44 Hold'em No Limit - Level7(400/800) - 2025/05/28 19:07:49
Table '114' 8-max Seat #6 is the button
Seat 1: Hero (49,707 in chips)
Seat 2: 90a2fb1 (40,956 in chips)
Seat 3: 78b4ee5c (31,364 in chips)
Seat 4: 4b2289a (22,238 in chips)
Seat 5: 287c7f83 (73,342 in chips)
Seat 6: 4f3b147f (77,845 in chips)
Seat 7: c2540950 (45,851 in chips)
Seat 8: d5972bfe (61,829 in chips)
287c7f83: posts the ante 120
90a2fb1: posts the ante 120
c2540950: posts the ante 120
4f3b147f: posts the ante 120
Hero: posts the ante 120
d5972bfe: posts the ante 120
4b2289a: posts the ante 120
78b4ee5c: posts the ante 120
c2540950: posts small blind 400
d5972bfe: posts big blind 800
*** HOLE CARDS ***
Dealt to Hero [3d Th]
Dealt to 90a2fb1 
Dealt to 78b4ee5c 
Dealt to 4b2289a 
Dealt to 287c7f83 
Dealt to 4f3b147f 
Dealt to c2540950 
Dealt to d5972bfe 
Hero: folds
90a2fb1: folds
78b4ee5c: folds
4b2289a: folds
287c7f83: raises 800 to 1,600
4f3b147f: folds
c2540950: folds
d5972bfe: folds
Uncalled bet (800) returned to 287c7f83
*** SHOWDOWN ***
287c7f83 collected 2,960 from pot
*** SUMMARY ***
Total pot 2,960 | Rake 0 | Jackpot 0 | Bingo 0 | Fortune 0 | Tax 0
Seat 1: Hero folded before Flop
Seat 2: 90a2fb1 folded before Flop
Seat 3: 78b4ee5c folded before Flop
Seat 4: 4b2289a folded before Flop
Seat 5: 287c7f83 collected (2,960)
Seat 6: 4f3b147f (button) folded before Flop
Seat 7: c2540950 (small blind) folded before Flop
Seat 8: d5972bfe (big blind) folded before Flop


Poker Hand #TM309358451: Tournament #208079642, Bounty Hunters Forty Stack $44 Hold'em No Limit - Level7(400/800) - 2025/05/28 19:06:38
Table '114' 8-max Seat #5 is the button
Seat 1: Hero (49,827 in chips)
Seat 2: 90a2fb1 (41,076 in chips)
Seat 3: 78b4ee5c (31,484 in chips)
Seat 4: 4b2289a (22,358 in chips)
Seat 5: 287c7f83 (58,506 in chips)
Seat 6: 4f3b147f (78,365 in chips)
Seat 7: c2540950 (59,567 in chips)
Seat 8: d5972bfe (61,949 in chips)
287c7f83: posts the ante 120
90a2fb1: posts the ante 120
c2540950: posts the ante 120
4f3b147f: posts the ante 120
Hero: posts the ante 120
d5972bfe: posts the ante 120
4b2289a: posts the ante 120
78b4ee5c: posts the ante 120
4f3b147f: posts small blind 400
c2540950: posts big blind 800
*** HOLE CARDS ***
Dealt to Hero [Js 8d]
Dealt to 90a2fb1 
Dealt to 78b4ee5c 
Dealt to 4b2289a 
Dealt to 287c7f83 
Dealt to 4f3b147f 
Dealt to c2540950 
Dealt to d5972bfe 
d5972bfe: folds
Hero: folds
90a2fb1: folds
78b4ee5c: folds
4b2289a: folds
287c7f83: raises 800 to 1,600
4f3b147f: folds
c2540950: calls 800
*** FLOP *** [3h 4d 6c]
c2540950: checks
287c7f83: checks
*** TURN *** [3h 4d 6c] [2d]
c2540950: bets 3,420
287c7f83: calls 3,420
*** RIVER *** [3h 4d 6c 2d] [6h]
c2540950: checks
287c7f83: bets 8,576
c2540950: calls 8,576
287c7f83: shows [5s 9s] (a straight, Six to Two)
c2540950: shows [7h 4c] (two pair, Sixes and Fours)
*** SHOWDOWN ***
287c7f83 collected 28,552 from pot
*** SUMMARY ***
Total pot 28,552 | Rake 0 | Jackpot 0 | Bingo 0 | Fortune 0 | Tax 0
Board [3h 4d 6c 2d 6h]
Seat 1: Hero folded before Flop
Seat 2: 90a2fb1 folded before Flop
Seat 3: 78b4ee5c folded before Flop
Seat 4: 4b2289a folded before Flop
Seat 5: 287c7f83 (button) showed [5s 9s] and won (28,552) with a straight, Six to Two
Seat 6: 4f3b147f (small blind) folded before Flop
Seat 7: c2540950 (big blind) showed [7h 4c] and lost with two pair, Sixes and Fours
Seat 8: d5972bfe folded before Flop


Poker Hand #TM309358382: Tournament #208079642, Bounty Hunters Forty Stack $44 Hold'em No Limit - Level7(400/800) - 2025/05/28 19:05:21
Table '114' 8-max Seat #4 is the button
Seat 1: Hero (49,947 in chips)
Seat 2: 90a2fb1 (36,731 in chips)
Seat 3: 78b4ee5c (31,604 in chips)
Seat 4: 4b2289a (22,478 in chips)
Seat 5: 287c7f83 (59,026 in chips)
Seat 6: 4f3b147f (81,590 in chips)
Seat 7: c2540950 (59,687 in chips)
Seat 8: d5972bfe (62,069 in chips)
287c7f83: posts the ante 120
90a2fb1: posts the ante 120
c2540950: posts the ante 120
4f3b147f: posts the ante 120
Hero: posts the ante 120
d5972bfe: posts the ante 120
4b2289a: posts the ante 120
78b4ee5c: posts the ante 120
287c7f83: posts small blind 400
4f3b147f: posts big blind 800
*** HOLE CARDS ***
Dealt to Hero [2c 7d]
Dealt to 90a2fb1 
Dealt to 78b4ee5c 
Dealt to 4b2289a 
Dealt to 287c7f83 
Dealt to 4f3b147f 
Dealt to c2540950 
Dealt to d5972bfe 
c2540950: folds
d5972bfe: folds
Hero: folds
90a2fb1: raises 800 to 1,600
78b4ee5c: folds
4b2289a: folds
287c7f83: folds
4f3b147f: calls 800
*** FLOP *** [8d Kh Jc]
4f3b147f: checks
90a2fb1: bets 1,505
4f3b147f: calls 1,505
*** TURN *** [8d Kh Jc] [2s]
4f3b147f: checks
90a2fb1: bets 3,785
4f3b147f: folds
Uncalled bet (3,785) returned to 90a2fb1
*** SHOWDOWN ***
90a2fb1 collected 7,570 from pot
*** SUMMARY ***
Total pot 7,570 | Rake 0 | Jackpot 0 | Bingo 0 | Fortune 0 | Tax 0
Board [8d Kh Jc 2s]
Seat 1: Hero folded before Flop
Seat 2: 90a2fb1 won (7,570)
Seat 3: 78b4ee5c folded before Flop
Seat 4: 4b2289a (button) folded before Flop
Seat 5: 287c7f83 (small blind) folded before Flop
Seat 6: 4f3b147f (big blind) folded on the Turn
Seat 7: c2540950 folded before Flop
Seat 8: d5972bfe folded before Flop


Poker Hand #TM309358279: Tournament #208079642, Bounty Hunters Forty Stack $44 Hold'em No Limit - Level7(400/800) - 2025/05/28 19:03:07
Table '114' 8-max Seat #3 is the button
Seat 1: Hero (50,067 in chips)
Seat 2: 90a2fb1 (36,851 in chips)
Seat 3: 78b4ee5c (31,724 in chips)
Seat 4: 4b2289a (18,438 in chips)
Seat 5: 287c7f83 (60,746 in chips)
Seat 6: 4f3b147f (81,710 in chips)
Seat 7: c2540950 (59,807 in chips)
Seat 8: d5972bfe (63,789 in chips)
287c7f83: posts the ante 120
90a2fb1: posts the ante 120
c2540950: posts the ante 120
4f3b147f: posts the ante 120
Hero: posts the ante 120
d5972bfe: posts the ante 120
78b4ee5c: posts the ante 120
4b2289a: posts the ante 120
4b2289a: posts small blind 400
287c7f83: posts big blind 800
*** HOLE CARDS ***
Dealt to Hero [Td 6c]
Dealt to 90a2fb1 
Dealt to 78b4ee5c 
Dealt to 4b2289a 
Dealt to 287c7f83 
Dealt to 4f3b147f 
Dealt to c2540950 
Dealt to d5972bfe 
4f3b147f: folds
c2540950: folds
d5972bfe: raises 800 to 1,600
Hero: folds
90a2fb1: folds
78b4ee5c: folds
4b2289a: calls 1,200
287c7f83: calls 800
*** FLOP *** [9d Ks 6h]
4b2289a: checks
287c7f83: checks
d5972bfe: checks
*** TURN *** [9d Ks 6h] [7d]
4b2289a: bets 2,938
287c7f83: folds
d5972bfe: folds
Uncalled bet (2,938) returned to 4b2289a
*** SHOWDOWN ***
4b2289a collected 5,760 from pot
*** SUMMARY ***
Total pot 5,760 | Rake 0 | Jackpot 0 | Bingo 0 | Fortune 0 | Tax 0
Board [9d Ks 6h 7d]
Seat 1: Hero folded before Flop
Seat 2: 90a2fb1 folded before Flop
Seat 3: 78b4ee5c (button) folded before Flop
Seat 4: 4b2289a (small blind) won (5,760)
Seat 5: 287c7f83 (big blind) folded on the Turn
Seat 6: 4f3b147f folded before Flop
Seat 7: c2540950 folded before Flop
Seat 8: d5972bfe folded on the Turn


Poker Hand #TM309358254: Tournament #208079642, Bounty Hunters Forty Stack $44 Hold'em No Limit - Level7(400/800) - 2025/05/28 19:02:34
Table '114' 8-max Seat #2 is the button
Seat 1: Hero (50,187 in chips)
Seat 2: 90a2fb1 (36,971 in chips)
Seat 3: 78b4ee5c (32,244 in chips)
Seat 4: 4b2289a (19,358 in chips)
Seat 5: 287c7f83 (62,466 in chips)
Seat 6: 4f3b147f (81,830 in chips)
Seat 7: c2540950 (56,167 in chips)
Seat 8: d5972bfe (63,909 in chips)
287c7f83: posts the ante 120
90a2fb1: posts the ante 120
c2540950: posts the ante 120
4f3b147f: posts the ante 120
Hero: posts the ante 120
d5972bfe: posts the ante 120
4b2289a: posts the ante 120
78b4ee5c: posts the ante 120
78b4ee5c: posts small blind 400
4b2289a: posts big blind 800
*** HOLE CARDS ***
Dealt to Hero [8s Ad]
Dealt to 90a2fb1 
Dealt to 78b4ee5c 
Dealt to 4b2289a 
Dealt to 287c7f83 
Dealt to 4f3b147f 
Dealt to c2540950 
Dealt to d5972bfe 
287c7f83: raises 800 to 1,600
4f3b147f: folds
c2540950: raises 4,000 to 5,600
d5972bfe: folds
Hero: folds
90a2fb1: folds
78b4ee5c: folds
4b2289a: folds
287c7f83: folds
Uncalled bet (4,000) returned to c2540950
*** SHOWDOWN ***
c2540950 collected 5,360 from pot
*** SUMMARY ***
Total pot 5,360 | Rake 0 | Jackpot 0 | Bingo 0 | Fortune 0 | Tax 0
Seat 1: Hero folded before Flop
Seat 2: 90a2fb1 (button) folded before Flop
Seat 3: 78b4ee5c (small blind) folded before Flop
Seat 4: 4b2289a (big blind) folded before Flop
Seat 5: 287c7f83 folded before Flop
Seat 6: 4f3b147f folded before Flop
Seat 7: c2540950 collected (5,360)
Seat 8: d5972bfe folded before Flop


Poker Hand #TM309358207: Tournament #208079642, Bounty Hunters Forty Stack $44 Hold'em No Limit - Level7(400/800) - 2025/05/28 18:54:50
Table '114' 8-max Seat #1 is the button
Seat 1: Hero (38,290 in chips)
Seat 2: 90a2fb1 (37,491 in chips)
Seat 3: 78b4ee5c (33,164 in chips)
Seat 4: 4b2289a (29,335 in chips)
Seat 5: 287c7f83 (62,586 in chips)
Seat 6: 4f3b147f (81,950 in chips)
Seat 7: c2540950 (56,287 in chips)
Seat 8: d5972bfe (64,029 in chips)
287c7f83: posts the ante 120
90a2fb1: posts the ante 120
c2540950: posts the ante 120
4f3b147f: posts the ante 120
Hero: posts the ante 120
d5972bfe: posts the ante 120
4b2289a: posts the ante 120
78b4ee5c: posts the ante 120
90a2fb1: posts small blind 400
78b4ee5c: posts big blind 800
*** HOLE CARDS ***
Dealt to Hero [As Js]
Dealt to 90a2fb1 
Dealt to 78b4ee5c 
Dealt to 4b2289a 
Dealt to 287c7f83 
Dealt to 4f3b147f 
Dealt to c2540950 
Dealt to d5972bfe 
4b2289a: raises 800 to 1,600
287c7f83: folds
4f3b147f: folds
c2540950: folds
d5972bfe: folds
Hero: calls 1,600
90a2fb1: folds
78b4ee5c: folds
*** FLOP *** [2s Qc 9s]
4b2289a: checks
Hero: checks
*** TURN *** [2s Qc 9s] [8c]
4b2289a: bets 2,734
Hero: calls 2,734
*** RIVER *** [2s Qc 9s 8c] [Ad]
4b2289a: bets 5,523
Hero: calls 5,523
4b2289a: shows [Jc Kc] (Ace high)
Hero: shows [As Js] (a pair of Aces)
*** SHOWDOWN ***
Hero collected 21,874 from pot
*** SUMMARY ***
Total pot 21,874 | Rake 0 | Jackpot 0 | Bingo 0 | Fortune 0 | Tax 0
Board [2s Qc 9s 8c Ad]
Seat 1: Hero (button) showed [As Js] and won (21,874) with a pair of Aces
Seat 2: 90a2fb1 (small blind) folded before Flop
Seat 3: 78b4ee5c (big blind) folded before Flop
Seat 4: 4b2289a showed [Jc Kc] and lost with Ace high
Seat 5: 287c7f83 folded before Flop
Seat 6: 4f3b147f folded before Flop
Seat 7: c2540950 folded before Flop
Seat 8: d5972bfe folded before Flop


Poker Hand #TM309358156: Tournament #208079642, Bounty Hunters Forty Stack $44 Hold'em No Limit - Level6(300/600) - 2025/05/28 18:53:45
Table '114' 8-max Seat #8 is the button
Seat 1: Hero (38,680 in chips)
Seat 2: 90a2fb1 (41,950 in chips)
Seat 3: 78b4ee5c (33,254 in chips)
Seat 4: 4b2289a (29,425 in chips)
Seat 5: 287c7f83 (62,676 in chips)
Seat 6: 4f3b147f (82,040 in chips)
Seat 7: c2540950 (50,988 in chips)
Seat 8: d5972bfe (64,119 in chips)
287c7f83: posts the ante 90
90a2fb1: posts the ante 90
c2540950: posts the ante 90
4f3b147f: posts the ante 90
Hero: posts the ante 90
d5972bfe: posts the ante 90
4b2289a: posts the ante 90
78b4ee5c: posts the ante 90
Hero: posts small blind 300
90a2fb1: posts big blind 600
*** HOLE CARDS ***
Dealt to Hero [Ts 3s]
Dealt to 90a2fb1 
Dealt to 78b4ee5c 
Dealt to 4b2289a 
Dealt to 287c7f83 
Dealt to 4f3b147f 
Dealt to c2540950 
Dealt to d5972bfe 
78b4ee5c: folds
4b2289a: folds
287c7f83: folds
4f3b147f: folds
c2540950: raises 660 to 1,260
d5972bfe: folds
Hero: folds
90a2fb1: calls 660
*** FLOP *** [2s 4h 5h]
90a2fb1: checks
c2540950: bets 1,169
90a2fb1: raises 1,940 to 3,109
c2540950: calls 1,940
*** TURN *** [2s 4h 5h] [Qd]
90a2fb1: checks
c2540950: bets 3,221
90a2fb1: folds
Uncalled bet (3,221) returned to c2540950
*** SHOWDOWN ***
c2540950 collected 9,758 from pot
*** SUMMARY ***
Total pot 9,758 | Rake 0 | Jackpot 0 | Bingo 0 | Fortune 0 | Tax 0
Board [2s 4h 5h Qd]
Seat 1: Hero (small blind) folded before Flop
Seat 2: 90a2fb1 (big blind) folded on the Turn
Seat 3: 78b4ee5c folded before Flop
Seat 4: 4b2289a folded before Flop
Seat 5: 287c7f83 folded before Flop
Seat 6: 4f3b147f folded before Flop
Seat 7: c2540950 won (9,758)
Seat 8: d5972bfe (button) folded before Flop


Poker Hand #TM309358115: Tournament #208079642, Bounty Hunters Forty Stack $44 Hold'em No Limit - Level6(300/600) - 2025/05/28 18:52:46
Table '114' 8-max Seat #7 is the button
Seat 1: Hero (39,970 in chips)
Seat 2: 90a2fb1 (39,820 in chips)
Seat 3: 78b4ee5c (33,344 in chips)
Seat 4: 4b2289a (29,515 in chips)
Seat 5: 287c7f83 (62,766 in chips)
Seat 6: 4f3b147f (82,130 in chips)
Seat 7: c2540950 (51,078 in chips)
Seat 8: d5972bfe (64,509 in chips)
287c7f83: posts the ante 90
90a2fb1: posts the ante 90
c2540950: posts the ante 90
4f3b147f: posts the ante 90
Hero: posts the ante 90
d5972bfe: posts the ante 90
4b2289a: posts the ante 90
78b4ee5c: posts the ante 90
d5972bfe: posts small blind 300
Hero: posts big blind 600
*** HOLE CARDS ***
Dealt to Hero [7d 5c]
Dealt to 90a2fb1 
Dealt to 78b4ee5c 
Dealt to 4b2289a 
Dealt to 287c7f83 
Dealt to 4f3b147f 
Dealt to c2540950 
Dealt to d5972bfe 
90a2fb1: raises 600 to 1,200
78b4ee5c: folds
4b2289a: folds
287c7f83: folds
4f3b147f: folds
c2540950: folds
d5972bfe: folds
Hero: calls 600
*** FLOP *** [3h Kh Qc]
Hero: checks
90a2fb1: bets 1,129
Hero: folds
Uncalled bet (1,129) returned to 90a2fb1
*** SHOWDOWN ***
90a2fb1 collected 3,420 from pot
*** SUMMARY ***
Total pot 3,420 | Rake 0 | Jackpot 0 | Bingo 0 | Fortune 0 | Tax 0
Board [3h Kh Qc]
Seat 1: Hero (big blind) folded on the Flop
Seat 2: 90a2fb1 won (3,420)
Seat 3: 78b4ee5c folded before Flop
Seat 4: 4b2289a folded before Flop
Seat 5: 287c7f83 folded before Flop
Seat 6: 4f3b147f folded before Flop
Seat 7: c2540950 (button) folded before Flop
Seat 8: d5972bfe (small blind) folded before Flop


Poker Hand #TM309358052: Tournament #208079642, Bounty Hunters Forty Stack $44 Hold'em No Limit - Level6(300/600) - 2025/05/28 18:51:31
Table '114' 8-max Seat #6 is the button
Seat 1: Hero (41,260 in chips)
Seat 2: 90a2fb1 (39,910 in chips)
Seat 3: 78b4ee5c (33,434 in chips)
Seat 4: 4b2289a (29,605 in chips)
Seat 5: 287c7f83 (64,056 in chips)
Seat 6: 4f3b147f (83,420 in chips)
Seat 7: c2540950 (51,468 in chips)
Seat 8: d5972bfe (59,979 in chips)
287c7f83: posts the ante 90
90a2fb1: posts the ante 90
c2540950: posts the ante 90
4f3b147f: posts the ante 90
Hero: posts the ante 90
d5972bfe: posts the ante 90
4b2289a: posts the ante 90
78b4ee5c: posts the ante 90
c2540950: posts small blind 300
d5972bfe: posts big blind 600
*** HOLE CARDS ***
Dealt to Hero [Qc As]
Dealt to 90a2fb1 
Dealt to 78b4ee5c 
Dealt to 4b2289a 
Dealt to 287c7f83 
Dealt to 4f3b147f 
Dealt to c2540950 
Dealt to d5972bfe 
Hero: raises 600 to 1,200
90a2fb1: folds
78b4ee5c: folds
4b2289a: folds
287c7f83: calls 1,200
4f3b147f: calls 1,200
c2540950: folds
d5972bfe: calls 600
*** FLOP *** [Qh Kh 4c]
d5972bfe: checks
Hero: checks
287c7f83: checks
4f3b147f: checks
*** TURN *** [Qh Kh 4c] [8d]
d5972bfe: bets 3,900
Hero: folds
287c7f83: folds
4f3b147f: folds
Uncalled bet (3,900) returned to d5972bfe
*** SHOWDOWN ***
d5972bfe collected 5,820 from pot
*** SUMMARY ***
Total pot 5,820 | Rake 0 | Jackpot 0 | Bingo 0 | Fortune 0 | Tax 0
Board [Qh Kh 4c 8d]
Seat 1: Hero folded on the Turn
Seat 2: 90a2fb1 folded before Flop
Seat 3: 78b4ee5c folded before Flop
Seat 4: 4b2289a folded before Flop
Seat 5: 287c7f83 folded on the Turn
Seat 6: 4f3b147f (button) folded on the Turn
Seat 7: c2540950 (small blind) folded before Flop
Seat 8: d5972bfe (big blind) won (5,820)


Poker Hand #TM309357971: Tournament #208079642, Bounty Hunters Forty Stack $44 Hold'em No Limit - Level6(300/600) - 2025/05/28 18:49:47
Table '114' 8-max Seat #5 is the button
Seat 1: Hero (41,350 in chips)
Seat 2: 90a2fb1 (40,000 in chips)
Seat 3: 78b4ee5c (33,524 in chips)
Seat 4: 4b2289a (44,680 in chips)
Seat 5: 287c7f83 (47,541 in chips)
Seat 6: 4f3b147f (83,810 in chips)
Seat 7: c2540950 (52,158 in chips)
Seat 8: d5972bfe (60,069 in chips)
287c7f83: posts the ante 90
90a2fb1: posts the ante 90
c2540950: posts the ante 90
4f3b147f: posts the ante 90
Hero: posts the ante 90
d5972bfe: posts the ante 90
4b2289a: posts the ante 90
78b4ee5c: posts the ante 90
4f3b147f: posts small blind 300
c2540950: posts big blind 600
*** HOLE CARDS ***
Dealt to Hero [8s Jh]
Dealt to 90a2fb1 
Dealt to 78b4ee5c 
Dealt to 4b2289a 
Dealt to 287c7f83 
Dealt to 4f3b147f 
Dealt to c2540950 
Dealt to d5972bfe 
d5972bfe: folds
Hero: folds
90a2fb1: folds
78b4ee5c: folds
4b2289a: raises 600 to 1,200
287c7f83: raises 2,700 to 3,900
4f3b147f: folds
c2540950: folds
4b2289a: calls 2,700
*** FLOP *** [9c 8d 4c]
4b2289a: checks
287c7f83: checks
*** TURN *** [9c 8d 4c] [2h]
4b2289a: bets 3,109
287c7f83: calls 3,109
*** RIVER *** [9c 8d 4c 2h] [2d]
4b2289a: bets 7,976
287c7f83: calls 7,976
4b2289a: shows [Jc Qc] (a pair of Twos)
287c7f83: shows [Qd Ah] (a pair of Twos)
*** SHOWDOWN ***
287c7f83 collected 31,590 from pot
*** SUMMARY ***
Total pot 31,590 | Rake 0 | Jackpot 0 | Bingo 0 | Fortune 0 | Tax 0
Board [9c 8d 4c 2h 2d]
Seat 1: Hero folded before Flop
Seat 2: 90a2fb1 folded before Flop
Seat 3: 78b4ee5c folded before Flop
Seat 4: 4b2289a showed [Jc Qc] and lost with a pair of Twos
Seat 5: 287c7f83 (button) showed [Qd Ah] and won (31,590) with a pair of Twos
Seat 6: 4f3b147f (small blind) folded before Flop
Seat 7: c2540950 (big blind) folded before Flop
Seat 8: d5972bfe folded before Flop


Poker Hand #TM309357928: Tournament #208079642, Bounty Hunters Forty Stack $44 Hold'em No Limit - Level6(300/600) - 2025/05/28 18:48:45
Table '114' 8-max Seat #4 is the button
Seat 1: Hero (41,440 in chips)
Seat 3: 78b4ee5c (37,762 in chips)
Seat 4: 4b2289a (44,770 in chips)
Seat 5: 287c7f83 (47,931 in chips)
Seat 6: 4f3b147f (84,500 in chips)
Seat 7: c2540950 (52,248 in chips)
Seat 8: d5972bfe (54,481 in chips)
287c7f83: posts the ante 90
c2540950: posts the ante 90
4f3b147f: posts the ante 90
Hero: posts the ante 90
d5972bfe: posts the ante 90
4b2289a: posts the ante 90
78b4ee5c: posts the ante 90
287c7f83: posts small blind 300
4f3b147f: posts big blind 600
*** HOLE CARDS ***
Dealt to Hero [As 9d]
Dealt to 78b4ee5c 
Dealt to 4b2289a 
Dealt to 287c7f83 
Dealt to 4f3b147f 
Dealt to c2540950 
Dealt to d5972bfe 
c2540950: folds
d5972bfe: raises 600 to 1,200
Hero: folds
78b4ee5c: raises 2,948 to 4,148
4b2289a: folds
287c7f83: folds
4f3b147f: folds
d5972bfe: raises 5,752 to 9,900
78b4ee5c: folds
Uncalled bet (5,752) returned to d5972bfe
*** SHOWDOWN ***
d5972bfe collected 9,826 from pot
*** SUMMARY ***
Total pot 9,826 | Rake 0 | Jackpot 0 | Bingo 0 | Fortune 0 | Tax 0
Seat 1: Hero folded before Flop
Seat 3: 78b4ee5c folded before Flop
Seat 4: 4b2289a (button) folded before Flop
Seat 5: 287c7f83 (small blind) folded before Flop
Seat 6: 4f3b147f (big blind) folded before Flop
Seat 7: c2540950 folded before Flop
Seat 8: d5972bfe collected (9,826)


Poker Hand #TM309357906: Tournament #208079642, Bounty Hunters Forty Stack $44 Hold'em No Limit - Level6(300/600) - 2025/05/28 18:48:17
Table '114' 8-max Seat #3 is the button
Seat 1: Hero (40,000 in chips)
Seat 3: 78b4ee5c (37,852 in chips)
Seat 4: 4b2289a (45,160 in chips)
Seat 5: 287c7f83 (48,621 in chips)
Seat 6: 4f3b147f (84,590 in chips)
Seat 7: c2540950 (52,338 in chips)
Seat 8: d5972bfe (54,571 in chips)
287c7f83: posts the ante 90
c2540950: posts the ante 90
4f3b147f: posts the ante 90
Hero: posts the ante 90
d5972bfe: posts the ante 90
78b4ee5c: posts the ante 90
4b2289a: posts the ante 90
4b2289a: posts small blind 300
287c7f83: posts big blind 600
*** HOLE CARDS ***
Dealt to Hero [Ad Kd]
Dealt to 78b4ee5c 
Dealt to 4b2289a 
Dealt to 287c7f83 
Dealt to 4f3b147f 
Dealt to c2540950 
Dealt to d5972bfe 
4f3b147f: folds
c2540950: folds
d5972bfe: folds
Hero: raises 660 to 1,260
78b4ee5c: folds
4b2289a: folds
287c7f83: folds
Uncalled bet (660) returned to Hero
*** SHOWDOWN ***
Hero collected 2,130 from pot
*** SUMMARY ***
Total pot 2,130 | Rake 0 | Jackpot 0 | Bingo 0 | Fortune 0 | Tax 0
Seat 1: Hero collected (2,130)
Seat 3: 78b4ee5c (button) folded before Flop
Seat 4: 4b2289a (small blind) folded before Flop
Seat 5: 287c7f83 (big blind) folded before Flop
Seat 6: 4f3b147f folded before Flop
Seat 7: c2540950 folded before Flop
Seat 8: d5972bfe folded before Flop


