Poker Hand #TM309210182: Tournament #208093763, GGMasters Classic $25, $45K GTD Hold'em No Limit - Level16(500/1,000) - 2025/05/28 21:50:55
Table '172' 8-max Seat #5 is the button
Seat 1: c71b9bbb (12,125 in chips)
Seat 2: a0b1d647 (9,750 in chips)
Seat 3: Hero (8,750 in chips)
Seat 4: 85e843cb (48,820 in chips)
Seat 5: 72bfc3fd (22,415 in chips)
Seat 6: d23bb7f3 (33,103 in chips)
Seat 7: f2a44ad4 (84,839 in chips)
Seat 8: cac87eb1 (32,619 in chips)
c71b9bbb: posts the ante 125
72bfc3fd: posts the ante 125
f2a44ad4: posts the ante 125
a0b1d647: posts the ante 125
85e843cb: posts the ante 125
cac87eb1: posts the ante 125
Hero: posts the ante 125
d23bb7f3: posts the ante 125
d23bb7f3: posts small blind 500
f2a44ad4: posts big blind 1,000
*** HOLE CARDS ***
Dealt to c71b9bbb 
Dealt to a0b1d647 
Dealt to Hero [Qs Ac]
Dealt to 85e843cb 
Dealt to 72bfc3fd 
Dealt to d23bb7f3 
Dealt to f2a44ad4 
Dealt to cac87eb1 
cac87eb1: folds
c71b9bbb: folds
a0b1d647: folds
Hero: raises 7,625 to 8,625
85e843cb: folds
72bfc3fd: folds
d23bb7f3: calls 8,125
f2a44ad4: folds
Hero: shows [Qs Ac]
d23bb7f3: shows [As Ah]
*** FLOP *** [9h Th 3d]
*** TURN *** [9h Th 3d] [2d]
*** RIVER *** [9h Th 3d 2d] [5h]
*** SHOWDOWN ***
d23bb7f3 collected 19,250 from pot
*** SUMMARY ***
Total pot 19,250 | Rake 0 | Jackpot 0 | Bingo 0 | Fortune 0 | Tax 0
Board [9h Th 3d 2d 5h]
Seat 1: c71b9bbb folded before Flop
Seat 2: a0b1d647 folded before Flop
Seat 3: Hero showed [Qs Ac] and lost with Ace high
Seat 4: 85e843cb folded before Flop
Seat 5: 72bfc3fd (button) folded before Flop
Seat 6: d23bb7f3 (small blind) showed [As Ah] and won (19,250) with a pair of Aces
Seat 7: f2a44ad4 (big blind) folded before Flop
Seat 8: cac87eb1 folded before Flop


Poker Hand #TM310842853: Tournament #208093763, GGMasters Classic $25, $45K GTD Hold'em No Limit - Level16(500/1,000) - 2025/05/28 21:49:51
Table '81' 8-max Seat #8 is the button
Seat 1: f32ee258 (22,455 in chips)
Seat 2: Hero (9,875 in chips)
Seat 3: b475a06b (60,856 in chips)
Seat 4: 6c9dc455 (19,873 in chips)
Seat 5: 7e6b14b7 (8,985 in chips)
Seat 6: 864f712 (35,184 in chips)
Seat 7: 58ad825f (17,318 in chips)
Seat 8: 5cf8c117 (4,995 in chips)
864f712: posts the ante 125
6c9dc455: posts the ante 125
7e6b14b7: posts the ante 125
b475a06b: posts the ante 125
Hero: posts the ante 125
f32ee258: posts the ante 125
5cf8c117: posts the ante 125
58ad825f: posts the ante 125
f32ee258: posts small blind 500
Hero: posts big blind 1,000
*** HOLE CARDS ***
Dealt to f32ee258 
Dealt to Hero [Qh 9h]
Dealt to b475a06b 
Dealt to 6c9dc455 
Dealt to 7e6b14b7 
Dealt to 864f712 
Dealt to 58ad825f 
Dealt to 5cf8c117 
b475a06b: folds
6c9dc455: folds
7e6b14b7: folds
864f712: raises 1,000 to 2,000
58ad825f: raises 15,193 to 17,193
5cf8c117: folds
f32ee258: folds
Hero: folds
864f712: calls 15,193
58ad825f: shows [Qs Ah]
864f712: shows [7s 7d]
*** FLOP *** [Qc 2d 7h]
*** TURN *** [Qc 2d 7h] [Jc]
*** RIVER *** [Qc 2d 7h Jc] [Tc]
*** SHOWDOWN ***
864f712 collected 36,886 from pot
*** SUMMARY ***
Total pot 36,886 | Rake 0 | Jackpot 0 | Bingo 0 | Fortune 0 | Tax 0
Board [Qc 2d 7h Jc Tc]
Seat 1: f32ee258 (small blind) folded before Flop
Seat 2: Hero (big blind) folded before Flop
Seat 3: b475a06b folded before Flop
Seat 4: 6c9dc455 folded before Flop
Seat 5: 7e6b14b7 folded before Flop
Seat 6: 864f712 showed [7s 7d] and won (36,886) with three of a kind, Sevens
Seat 7: 58ad825f showed [Qs Ah] and lost with a pair of Queens
Seat 8: 5cf8c117 (button) folded before Flop


Poker Hand #TM310842843: Tournament #208093763, GGMasters Classic $25, $45K GTD Hold'em No Limit - Level16(500/1,000) - 2025/05/28 21:49:15
Table '81' 8-max Seat #7 is the button
Seat 1: f32ee258 (23,580 in chips)
Seat 2: Hero (10,000 in chips)
Seat 3: b475a06b (58,481 in chips)
Seat 4: 6c9dc455 (19,998 in chips)
Seat 5: 7e6b14b7 (9,110 in chips)
Seat 6: 864f712 (35,309 in chips)
Seat 7: 58ad825f (17,443 in chips)
Seat 8: 5cf8c117 (5,620 in chips)
864f712: posts the ante 125
6c9dc455: posts the ante 125
7e6b14b7: posts the ante 125
b475a06b: posts the ante 125
Hero: posts the ante 125
f32ee258: posts the ante 125
5cf8c117: posts the ante 125
58ad825f: posts the ante 125
5cf8c117: posts small blind 500
f32ee258: posts big blind 1,000
*** HOLE CARDS ***
Dealt to f32ee258 
Dealt to Hero [7c 6s]
Dealt to b475a06b 
Dealt to 6c9dc455 
Dealt to 7e6b14b7 
Dealt to 864f712 
Dealt to 58ad825f 
Dealt to 5cf8c117 
Hero: folds
b475a06b: raises 1,000 to 2,000
6c9dc455: folds
7e6b14b7: folds
864f712: folds
58ad825f: folds
5cf8c117: folds
f32ee258: folds
Uncalled bet (1,000) returned to b475a06b
*** SHOWDOWN ***
b475a06b collected 3,500 from pot
*** SUMMARY ***
Total pot 3,500 | Rake 0 | Jackpot 0 | Bingo 0 | Fortune 0 | Tax 0
Seat 1: f32ee258 (big blind) folded before Flop
Seat 2: Hero folded before Flop
Seat 3: b475a06b collected (3,500)
Seat 4: 6c9dc455 folded before Flop
Seat 5: 7e6b14b7 folded before Flop
Seat 6: 864f712 folded before Flop
Seat 7: 58ad825f (button) folded before Flop
Seat 8: 5cf8c117 (small blind) folded before Flop


