Poker Hand #TM313854296: Tournament #209319729, 233-M: $55 Bounty Hunters Daily Main [8-Max] Hold'em No Limit - Level6(300/600) - 2025/05/29 19:45:52
Table '91' 8-max Seat #7 is the button
Seat 1: 82145f9a (66,222 in chips)
Seat 2: 18c10874 (21,174 in chips)
Seat 3: 2d23e672 (37,151 in chips)
Seat 4: Hero (13,576 in chips)
Seat 5: f73f30b6 (27,903 in chips)
Seat 6: 494d12f7 (20,351 in chips)
Seat 7: a1c83dad (16,656 in chips)
Seat 8: e2149d01 (33,727 in chips)
f73f30b6: posts the ante 90
e2149d01: posts the ante 90
2d23e672: posts the ante 90
a1c83dad: posts the ante 90
494d12f7: posts the ante 90
Hero: posts the ante 90
18c10874: posts the ante 90
82145f9a: posts the ante 90
e2149d01: posts small blind 300
82145f9a: posts big blind 600
*** HOLE CARDS ***
Dealt to 82145f9a 
Dealt to 18c10874 
Dealt to 2d23e672 
Dealt to Hero [Kc As]
Dealt to f73f30b6 
Dealt to 494d12f7 
Dealt to a1c83dad 
Dealt to e2149d01 
18c10874: folds
2d23e672: folds
Hero: raises 600 to 1,200
f73f30b6: folds
494d12f7: raises 3,210 to 4,410
a1c83dad: calls 4,410
e2149d01: folds
82145f9a: folds
Hero: raises 9,076 to 13,486
494d12f7: raises 6,775 to 20,261
a1c83dad: folds
Uncalled bet (6,775) returned to 494d12f7
494d12f7: shows [4c 4h]
Hero: shows [Kc As]
*** FLOP *** [6d 3s 7h]
*** TURN *** [6d 3s 7h] [2h]
*** RIVER *** [6d 3s 7h 2h] [Qs]
*** SHOWDOWN ***
494d12f7 collected 33,002 from pot
*** SUMMARY ***
Total pot 33,002 | Rake 0 | Jackpot 0 | Bingo 0 | Fortune 0 | Tax 0
Board [6d 3s 7h 2h Qs]
Seat 1: 82145f9a (big blind) folded before Flop
Seat 2: 18c10874 folded before Flop
Seat 3: 2d23e672 folded before Flop
Seat 4: Hero showed [Kc As] and lost with Ace high
Seat 5: f73f30b6 folded before Flop
Seat 6: 494d12f7 showed [4c 4h] and won (33,002) with a pair of Fours
Seat 7: a1c83dad (button) folded before Flop
Seat 8: e2149d01 (small blind) folded before Flop


Poker Hand #TM313854171: Tournament #209319729, 233-M: $55 Bounty Hunters Daily Main [8-Max] Hold'em No Limit - Level6(300/600) - 2025/05/29 19:44:09
Table '91' 8-max Seat #6 is the button
Seat 1: 82145f9a (55,287 in chips)
Seat 2: 18c10874 (21,264 in chips)
Seat 3: 2d23e672 (37,241 in chips)
Seat 4: Hero (13,666 in chips)
Seat 5: f73f30b6 (37,398 in chips)
Seat 6: 494d12f7 (20,441 in chips)
Seat 7: a1c83dad (17,046 in chips)
Seat 8: e2149d01 (34,417 in chips)
f73f30b6: posts the ante 90
e2149d01: posts the ante 90
2d23e672: posts the ante 90
494d12f7: posts the ante 90
a1c83dad: posts the ante 90
Hero: posts the ante 90
18c10874: posts the ante 90
82145f9a: posts the ante 90
a1c83dad: posts small blind 300
e2149d01: posts big blind 600
*** HOLE CARDS ***
Dealt to 82145f9a 
Dealt to 18c10874 
Dealt to 2d23e672 
Dealt to Hero [4s Ad]
Dealt to f73f30b6 
Dealt to 494d12f7 
Dealt to a1c83dad 
Dealt to e2149d01 
82145f9a: raises 1,200 to 1,800
18c10874: folds
2d23e672: folds
Hero: folds
f73f30b6: raises 4,200 to 6,000
494d12f7: folds
a1c83dad: folds
e2149d01: folds
82145f9a: calls 4,200
*** FLOP *** [Ts Jd Jh]
82145f9a: checks
f73f30b6: bets 3,405
82145f9a: calls 3,405
*** TURN *** [Ts Jd Jh] [Ac]
82145f9a: checks
f73f30b6: checks
*** RIVER *** [Ts Jd Jh Ac] [8c]
82145f9a: checks
f73f30b6: checks
82145f9a: shows [Js Th] (a full house, Jacks full of Tens)
f73f30b6: shows [Ks Kd] (two pair, Kings and Jacks)
*** SHOWDOWN ***
82145f9a collected 20,430 from pot
*** SUMMARY ***
Total pot 20,430 | Rake 0 | Jackpot 0 | Bingo 0 | Fortune 0 | Tax 0
Board [Ts Jd Jh Ac 8c]
Seat 1: 82145f9a showed [Js Th] and won (20,430) with a full house, Jacks full of Tens
Seat 2: 18c10874 folded before Flop
Seat 3: 2d23e672 folded before Flop
Seat 4: Hero folded before Flop
Seat 5: f73f30b6 showed [Ks Kd] and lost with two pair, Kings and Jacks
Seat 6: 494d12f7 (button) folded before Flop
Seat 7: a1c83dad (small blind) folded before Flop
Seat 8: e2149d01 (big blind) folded before Flop


Poker Hand #TM313854059: Tournament #209319729, 233-M: $55 Bounty Hunters Daily Main [8-Max] Hold'em No Limit - Level6(300/600) - 2025/05/29 19:42:50
Table '91' 8-max Seat #5 is the button
Seat 1: 82145f9a (55,377 in chips)
Seat 2: 18c10874 (21,354 in chips)
Seat 3: 2d23e672 (37,331 in chips)
Seat 4: Hero (13,756 in chips)
Seat 5: f73f30b6 (37,488 in chips)
Seat 6: 494d12f7 (21,731 in chips)
Seat 7: a1c83dad (17,736 in chips)
Seat 8: e2149d01 (31,987 in chips)
f73f30b6: posts the ante 90
e2149d01: posts the ante 90
2d23e672: posts the ante 90
a1c83dad: posts the ante 90
494d12f7: posts the ante 90
Hero: posts the ante 90
18c10874: posts the ante 90
82145f9a: posts the ante 90
494d12f7: posts small blind 300
a1c83dad: posts big blind 600
*** HOLE CARDS ***
Dealt to 82145f9a 
Dealt to 18c10874 
Dealt to 2d23e672 
Dealt to Hero [Kd Tc]
Dealt to f73f30b6 
Dealt to 494d12f7 
Dealt to a1c83dad 
Dealt to e2149d01 
e2149d01: raises 600 to 1,200
82145f9a: folds
18c10874: folds
2d23e672: folds
Hero: folds
f73f30b6: folds
494d12f7: calls 900
a1c83dad: folds
*** FLOP *** [6d Qc 7c]
494d12f7: checks
e2149d01: bets 2,700
494d12f7: folds
Uncalled bet (2,700) returned to e2149d01
*** SHOWDOWN ***
e2149d01 collected 3,720 from pot
*** SUMMARY ***
Total pot 3,720 | Rake 0 | Jackpot 0 | Bingo 0 | Fortune 0 | Tax 0
Board [6d Qc 7c]
Seat 1: 82145f9a folded before Flop
Seat 2: 18c10874 folded before Flop
Seat 3: 2d23e672 folded before Flop
Seat 4: Hero folded before Flop
Seat 5: f73f30b6 (button) folded before Flop
Seat 6: 494d12f7 (small blind) folded on the Flop
Seat 7: a1c83dad (big blind) folded before Flop
Seat 8: e2149d01 won (3,720)


Poker Hand #TM313853905: Tournament #209319729, 233-M: $55 Bounty Hunters Daily Main [8-Max] Hold'em No Limit - Level6(300/600) - 2025/05/29 19:40:53
Table '91' 8-max Seat #4 is the button
Seat 1: 82145f9a (24,910 in chips)
Seat 2: 18c10874 (25,561 in chips)
Seat 3: 2d23e672 (37,421 in chips)
Seat 4: Hero (38,666 in chips)
Seat 5: f73f30b6 (37,878 in chips)
Seat 6: 494d12f7 (22,421 in chips)
Seat 7: a1c83dad (17,826 in chips)
Seat 8: e2149d01 (32,077 in chips)
f73f30b6: posts the ante 90
e2149d01: posts the ante 90
2d23e672: posts the ante 90
a1c83dad: posts the ante 90
494d12f7: posts the ante 90
Hero: posts the ante 90
18c10874: posts the ante 90
82145f9a: posts the ante 90
f73f30b6: posts small blind 300
494d12f7: posts big blind 600
*** HOLE CARDS ***
Dealt to 82145f9a 
Dealt to 18c10874 
Dealt to 2d23e672 
Dealt to Hero [Ad 6d]
Dealt to f73f30b6 
Dealt to 494d12f7 
Dealt to a1c83dad 
Dealt to e2149d01 
a1c83dad: folds
e2149d01: folds
82145f9a: raises 1,200 to 1,800
18c10874: calls 1,800
2d23e672: folds
Hero: calls 1,800
f73f30b6: folds
494d12f7: folds
*** FLOP *** [As Td 6h]
82145f9a: checks
18c10874: bets 2,317
Hero: calls 2,317
82145f9a: calls 2,317
*** TURN *** [As Td 6h] [4d]
82145f9a: checks
18c10874: checks
Hero: bets 6,600
82145f9a: calls 6,600
18c10874: folds
*** RIVER *** [As Td 6h 4d] [9h]
82145f9a: checks
Hero: bets 27,859
82145f9a: calls 14,103
Uncalled bet (13,756) returned to Hero
Hero: shows [Ad 6d] (two pair, Aces and Sixes)
82145f9a: shows [9s Ah] (two pair, Aces and Nines)
*** SHOWDOWN ***
82145f9a collected 55,377 from pot
*** SUMMARY ***
Total pot 55,377 | Rake 0 | Jackpot 0 | Bingo 0 | Fortune 0 | Tax 0
Board [As Td 6h 4d 9h]
Seat 1: 82145f9a showed [9s Ah] and won (55,377) with two pair, Aces and Nines
Seat 2: 18c10874 folded on the Turn
Seat 3: 2d23e672 folded before Flop
Seat 4: Hero (button) showed [Ad 6d] and lost with two pair, Aces and Sixes
Seat 5: f73f30b6 (small blind) folded before Flop
Seat 6: 494d12f7 (big blind) folded before Flop
Seat 7: a1c83dad folded before Flop
Seat 8: e2149d01 folded before Flop


Poker Hand #TM313853811: Tournament #209319729, 233-M: $55 Bounty Hunters Daily Main [8-Max] Hold'em No Limit - Level6(300/600) - 2025/05/29 19:39:45
Table '91' 8-max Seat #3 is the button
Seat 1: 82145f9a (25,000 in chips)
Seat 2: 18c10874 (28,178 in chips)
Seat 3: 2d23e672 (37,511 in chips)
Seat 4: Hero (39,056 in chips)
Seat 5: f73f30b6 (38,568 in chips)
Seat 6: 494d12f7 (18,364 in chips)
Seat 7: a1c83dad (17,916 in chips)
Seat 8: e2149d01 (32,167 in chips)
f73f30b6: posts the ante 90
e2149d01: posts the ante 90
2d23e672: posts the ante 90
a1c83dad: posts the ante 90
494d12f7: posts the ante 90
18c10874: posts the ante 90
82145f9a: posts the ante 90
Hero: posts the ante 90
Hero: posts small blind 300
f73f30b6: posts big blind 600
*** HOLE CARDS ***
Dealt to 82145f9a 
Dealt to 18c10874 
Dealt to 2d23e672 
Dealt to Hero [2h 4c]
Dealt to f73f30b6 
Dealt to 494d12f7 
Dealt to a1c83dad 
Dealt to e2149d01 
494d12f7: raises 600 to 1,200
a1c83dad: folds
e2149d01: folds
82145f9a: folds
18c10874: calls 1,200
2d23e672: folds
Hero: folds
f73f30b6: folds
*** FLOP *** [3c Qd 6d]
494d12f7: checks
18c10874: bets 1,327
494d12f7: calls 1,327
*** TURN *** [3c Qd 6d] [As]
494d12f7: checks
18c10874: checks
*** RIVER *** [3c Qd 6d As] [Qs]
494d12f7: bets 5,006
18c10874: folds
Uncalled bet (5,006) returned to 494d12f7
*** SHOWDOWN ***
494d12f7 collected 6,674 from pot
*** SUMMARY ***
Total pot 6,674 | Rake 0 | Jackpot 0 | Bingo 0 | Fortune 0 | Tax 0
Board [3c Qd 6d As Qs]
Seat 1: 82145f9a folded before Flop
Seat 2: 18c10874 folded on the River
Seat 3: 2d23e672 (button) folded before Flop
Seat 4: Hero (small blind) folded before Flop
Seat 5: f73f30b6 (big blind) folded before Flop
Seat 6: 494d12f7 won (6,674)
Seat 7: a1c83dad folded before Flop
Seat 8: e2149d01 folded before Flop


Poker Hand #TM313853729: Tournament #209319729, 233-M: $55 Bounty Hunters Daily Main [8-Max] Hold'em No Limit - Level6(300/600) - 2025/05/29 19:38:41
Table '91' 8-max Seat #2 is the button
Seat 2: 18c10874 (28,268 in chips)
Seat 3: 2d23e672 (38,801 in chips)
Seat 4: Hero (39,746 in chips)
Seat 5: f73f30b6 (38,658 in chips)
Seat 6: 494d12f7 (18,454 in chips)
Seat 7: a1c83dad (18,006 in chips)
Seat 8: e2149d01 (29,827 in chips)
f73f30b6: posts the ante 90
e2149d01: posts the ante 90
2d23e672: posts the ante 90
a1c83dad: posts the ante 90
494d12f7: posts the ante 90
18c10874: posts the ante 90
Hero: posts the ante 90
2d23e672: posts small blind 300
Hero: posts big blind 600
*** HOLE CARDS ***
Dealt to 18c10874 
Dealt to 2d23e672 
Dealt to Hero [7c 4s]
Dealt to f73f30b6 
Dealt to 494d12f7 
Dealt to a1c83dad 
Dealt to e2149d01 
f73f30b6: folds
494d12f7: folds
a1c83dad: folds
e2149d01: raises 600 to 1,200
18c10874: folds
2d23e672: calls 900
Hero: folds
*** FLOP *** [9s 8d Th]
2d23e672: checks
e2149d01: bets 1,997
2d23e672: folds
Uncalled bet (1,997) returned to e2149d01
*** SHOWDOWN ***
e2149d01 collected 3,630 from pot
*** SUMMARY ***
Total pot 3,630 | Rake 0 | Jackpot 0 | Bingo 0 | Fortune 0 | Tax 0
Board [9s 8d Th]
Seat 2: 18c10874 (button) folded before Flop
Seat 3: 2d23e672 (small blind) folded on the Flop
Seat 4: Hero (big blind) folded before Flop
Seat 5: f73f30b6 folded before Flop
Seat 6: 494d12f7 folded before Flop
Seat 7: a1c83dad folded before Flop
Seat 8: e2149d01 won (3,630)


Poker Hand #TM313853632: Tournament #209319729, 233-M: $55 Bounty Hunters Daily Main [8-Max] Hold'em No Limit - Level5(250/500) - 2025/05/29 19:37:25
Table '91' 8-max Seat #1 is the button
Seat 1: 7911a201 (11,699 in chips)
Seat 2: 18c10874 (28,593 in chips)
Seat 3: 2d23e672 (39,376 in chips)
Seat 4: Hero (26,847 in chips)
Seat 5: f73f30b6 (38,733 in chips)
Seat 6: 494d12f7 (18,529 in chips)
Seat 7: a1c83dad (18,081 in chips)
Seat 8: e2149d01 (29,902 in chips)
f73f30b6: posts the ante 75
e2149d01: posts the ante 75
2d23e672: posts the ante 75
a1c83dad: posts the ante 75
494d12f7: posts the ante 75
Hero: posts the ante 75
18c10874: posts the ante 75
7911a201: posts the ante 75
18c10874: posts small blind 250
2d23e672: posts big blind 500
*** HOLE CARDS ***
Dealt to 7911a201 
Dealt to 18c10874 
Dealt to 2d23e672 
Dealt to Hero [Jh Js]
Dealt to f73f30b6 
Dealt to 494d12f7 
Dealt to a1c83dad 
Dealt to e2149d01 
Hero: raises 500 to 1,000
f73f30b6: folds
494d12f7: folds
a1c83dad: folds
e2149d01: folds
7911a201: raises 10,624 to 11,624
18c10874: folds
2d23e672: folds
Hero: calls 10,624
7911a201: shows [As Qs]
Hero: shows [Jh Js]
*** FLOP *** [8h 3d Jd]
*** TURN *** [8h 3d Jd] [8c]
*** RIVER *** [8h 3d Jd 8c] [4c]
*** SHOWDOWN ***
Hero collected 24,598 from pot
*** SUMMARY ***
Total pot 24,598 | Rake 0 | Jackpot 0 | Bingo 0 | Fortune 0 | Tax 0
Board [8h 3d Jd 8c 4c]
Seat 1: 7911a201 (button) showed [As Qs] and lost with a pair of Eights
Seat 2: 18c10874 (small blind) folded before Flop
Seat 3: 2d23e672 (big blind) folded before Flop
Seat 4: Hero showed [Jh Js] and won (24,598) with a full house, Jacks full of Eights
Seat 5: f73f30b6 folded before Flop
Seat 6: 494d12f7 folded before Flop
Seat 7: a1c83dad folded before Flop
Seat 8: e2149d01 folded before Flop


Poker Hand #TM313853533: Tournament #209319729, 233-M: $55 Bounty Hunters Daily Main [8-Max] Hold'em No Limit - Level5(250/500) - 2025/05/29 19:36:14
Table '91' 8-max Seat #8 is the button
Seat 1: 7911a201 (12,024 in chips)
Seat 2: 18c10874 (25,630 in chips)
Seat 3: 2d23e672 (39,451 in chips)
Seat 4: Hero (26,922 in chips)
Seat 5: f73f30b6 (40,996 in chips)
Seat 6: 494d12f7 (18,604 in chips)
Seat 7: a1c83dad (18,156 in chips)
Seat 8: e2149d01 (29,977 in chips)
f73f30b6: posts the ante 75
e2149d01: posts the ante 75
2d23e672: posts the ante 75
a1c83dad: posts the ante 75
494d12f7: posts the ante 75
Hero: posts the ante 75
18c10874: posts the ante 75
7911a201: posts the ante 75
7911a201: posts small blind 250
18c10874: posts big blind 500
*** HOLE CARDS ***
Dealt to 7911a201 
Dealt to 18c10874 
Dealt to 2d23e672 
Dealt to Hero [3d 4s]
Dealt to f73f30b6 
Dealt to 494d12f7 
Dealt to a1c83dad 
Dealt to e2149d01 
2d23e672: folds
Hero: folds
f73f30b6: raises 650 to 1,150
494d12f7: folds
a1c83dad: folds
e2149d01: folds
7911a201: folds
18c10874: calls 650
*** FLOP *** [7d 4d Tc]
18c10874: checks
f73f30b6: bets 1,038
18c10874: raises 5,226 to 6,264
f73f30b6: folds
Uncalled bet (5,226) returned to 18c10874
*** SHOWDOWN ***
18c10874 collected 5,226 from pot
*** SUMMARY ***
Total pot 5,226 | Rake 0 | Jackpot 0 | Bingo 0 | Fortune 0 | Tax 0
Board [7d 4d Tc]
Seat 1: 7911a201 (small blind) folded before Flop
Seat 2: 18c10874 (big blind) won (5,226)
Seat 3: 2d23e672 folded before Flop
Seat 4: Hero folded before Flop
Seat 5: f73f30b6 folded on the Flop
Seat 6: 494d12f7 folded before Flop
Seat 7: a1c83dad folded before Flop
Seat 8: e2149d01 (button) folded before Flop


Poker Hand #TM313853478: Tournament #209319729, 233-M: $55 Bounty Hunters Daily Main [8-Max] Hold'em No Limit - Level5(250/500) - 2025/05/29 19:35:33
Table '91' 8-max Seat #7 is the button
Seat 1: 7911a201 (13,099 in chips)
Seat 2: 18c10874 (25,705 in chips)
Seat 3: 2d23e672 (39,526 in chips)
Seat 4: Hero (25,147 in chips)
Seat 5: f73f30b6 (41,071 in chips)
Seat 6: 494d12f7 (18,679 in chips)
Seat 7: a1c83dad (18,231 in chips)
Seat 8: e2149d01 (30,302 in chips)
f73f30b6: posts the ante 75
e2149d01: posts the ante 75
2d23e672: posts the ante 75
a1c83dad: posts the ante 75
494d12f7: posts the ante 75
Hero: posts the ante 75
18c10874: posts the ante 75
7911a201: posts the ante 75
e2149d01: posts small blind 250
7911a201: posts big blind 500
*** HOLE CARDS ***
Dealt to 7911a201 
Dealt to 18c10874 
Dealt to 2d23e672 
Dealt to Hero [Qd Ah]
Dealt to f73f30b6 
Dealt to 494d12f7 
Dealt to a1c83dad 
Dealt to e2149d01 
18c10874: folds
2d23e672: folds
Hero: raises 500 to 1,000
f73f30b6: folds
494d12f7: folds
a1c83dad: folds
e2149d01: folds
7911a201: calls 500
*** FLOP *** [2c 4s Kc]
7911a201: checks
Hero: bets 713
7911a201: folds
Uncalled bet (713) returned to Hero
*** SHOWDOWN ***
Hero collected 2,850 from pot
*** SUMMARY ***
Total pot 2,850 | Rake 0 | Jackpot 0 | Bingo 0 | Fortune 0 | Tax 0
Board [2c 4s Kc]
Seat 1: 7911a201 (big blind) folded on the Flop
Seat 2: 18c10874 folded before Flop
Seat 3: 2d23e672 folded before Flop
Seat 4: Hero won (2,850)
Seat 5: f73f30b6 folded before Flop
Seat 6: 494d12f7 folded before Flop
Seat 7: a1c83dad (button) folded before Flop
Seat 8: e2149d01 (small blind) folded before Flop


Poker Hand #TM313853435: Tournament #209319729, 233-M: $55 Bounty Hunters Daily Main [8-Max] Hold'em No Limit - Level5(250/500) - 2025/05/29 19:35:04
Table '91' 8-max Seat #6 is the button
Seat 1: 7911a201 (13,174 in chips)
Seat 2: 18c10874 (25,780 in chips)
Seat 3: 2d23e672 (39,601 in chips)
Seat 4: Hero (25,222 in chips)
Seat 5: f73f30b6 (41,146 in chips)
Seat 6: 494d12f7 (18,754 in chips)
Seat 7: a1c83dad (18,556 in chips)
Seat 8: e2149d01 (29,527 in chips)
f73f30b6: posts the ante 75
e2149d01: posts the ante 75
2d23e672: posts the ante 75
494d12f7: posts the ante 75
a1c83dad: posts the ante 75
Hero: posts the ante 75
18c10874: posts the ante 75
7911a201: posts the ante 75
a1c83dad: posts small blind 250
e2149d01: posts big blind 500
*** HOLE CARDS ***
Dealt to 7911a201 
Dealt to 18c10874 
Dealt to 2d23e672 
Dealt to Hero [8s 4d]
Dealt to f73f30b6 
Dealt to 494d12f7 
Dealt to a1c83dad 
Dealt to e2149d01 
7911a201: folds
18c10874: folds
2d23e672: folds
Hero: folds
f73f30b6: folds
494d12f7: folds
a1c83dad: folds
Uncalled bet (250) returned to e2149d01
*** SHOWDOWN ***
e2149d01 collected 1,100 from pot
*** SUMMARY ***
Total pot 1,100 | Rake 0 | Jackpot 0 | Bingo 0 | Fortune 0 | Tax 0
Seat 1: 7911a201 folded before Flop
Seat 2: 18c10874 folded before Flop
Seat 3: 2d23e672 folded before Flop
Seat 4: Hero folded before Flop
Seat 5: f73f30b6 folded before Flop
Seat 6: 494d12f7 (button) folded before Flop
Seat 7: a1c83dad (small blind) folded before Flop
Seat 8: e2149d01 (big blind) collected (1,100)


Poker Hand #TM313853365: Tournament #209319729, 233-M: $55 Bounty Hunters Daily Main [8-Max] Hold'em No Limit - Level5(250/500) - 2025/05/29 19:34:12
Table '91' 8-max Seat #5 is the button
Seat 1: 7911a201 (13,249 in chips)
Seat 2: 18c10874 (25,855 in chips)
Seat 3: 2d23e672 (39,676 in chips)
Seat 4: Hero (25,297 in chips)
Seat 5: f73f30b6 (39,871 in chips)
Seat 6: 494d12f7 (19,079 in chips)
Seat 7: a1c83dad (19,131 in chips)
Seat 8: e2149d01 (29,602 in chips)
f73f30b6: posts the ante 75
e2149d01: posts the ante 75
2d23e672: posts the ante 75
a1c83dad: posts the ante 75
494d12f7: posts the ante 75
Hero: posts the ante 75
18c10874: posts the ante 75
7911a201: posts the ante 75
494d12f7: posts small blind 250
a1c83dad: posts big blind 500
*** HOLE CARDS ***
Dealt to 7911a201 
Dealt to 18c10874 
Dealt to 2d23e672 
Dealt to Hero [9h 8s]
Dealt to f73f30b6 
Dealt to 494d12f7 
Dealt to a1c83dad 
Dealt to e2149d01 
e2149d01: folds
7911a201: folds
18c10874: folds
2d23e672: folds
Hero: folds
f73f30b6: raises 500 to 1,000
494d12f7: folds
a1c83dad: folds
Uncalled bet (500) returned to f73f30b6
*** SHOWDOWN ***
f73f30b6 collected 1,850 from pot
*** SUMMARY ***
Total pot 1,850 | Rake 0 | Jackpot 0 | Bingo 0 | Fortune 0 | Tax 0
Seat 1: 7911a201 folded before Flop
Seat 2: 18c10874 folded before Flop
Seat 3: 2d23e672 folded before Flop
Seat 4: Hero folded before Flop
Seat 5: f73f30b6 (button) collected (1,850)
Seat 6: 494d12f7 (small blind) folded before Flop
Seat 7: a1c83dad (big blind) folded before Flop
Seat 8: e2149d01 folded before Flop


Poker Hand #TM313853208: Tournament #209319729, 233-M: $55 Bounty Hunters Daily Main [8-Max] Hold'em No Limit - Level5(250/500) - 2025/05/29 19:32:13
Table '91' 8-max Seat #4 is the button
Seat 1: 7911a201 (13,324 in chips)
Seat 2: 18c10874 (25,930 in chips)
Seat 3: 2d23e672 (39,751 in chips)
Seat 4: Hero (25,372 in chips)
Seat 5: f73f30b6 (43,396 in chips)
Seat 6: 494d12f7 (15,104 in chips)
Seat 7: a1c83dad (19,206 in chips)
Seat 8: e2149d01 (29,677 in chips)
f73f30b6: posts the ante 75
e2149d01: posts the ante 75
2d23e672: posts the ante 75
a1c83dad: posts the ante 75
494d12f7: posts the ante 75
Hero: posts the ante 75
18c10874: posts the ante 75
7911a201: posts the ante 75
f73f30b6: posts small blind 250
494d12f7: posts big blind 500
*** HOLE CARDS ***
Dealt to 7911a201 
Dealt to 18c10874 
Dealt to 2d23e672 
Dealt to Hero [7c 2h]
Dealt to f73f30b6 
Dealt to 494d12f7 
Dealt to a1c83dad 
Dealt to e2149d01 
a1c83dad: folds
e2149d01: folds
7911a201: folds
18c10874: folds
2d23e672: folds
Hero: folds
f73f30b6: calls 250
494d12f7: raises 1,700 to 2,200
f73f30b6: calls 1,700
*** FLOP *** [Ah 8c 5s]
f73f30b6: checks
494d12f7: bets 1,250
f73f30b6: calls 1,250
*** TURN *** [Ah 8c 5s] [9s]
f73f30b6: checks
494d12f7: bets 3,750
f73f30b6: folds
Uncalled bet (3,750) returned to 494d12f7
*** SHOWDOWN ***
494d12f7 collected 7,500 from pot
*** SUMMARY ***
Total pot 7,500 | Rake 0 | Jackpot 0 | Bingo 0 | Fortune 0 | Tax 0
Board [Ah 8c 5s 9s]
Seat 1: 7911a201 folded before Flop
Seat 2: 18c10874 folded before Flop
Seat 3: 2d23e672 folded before Flop
Seat 4: Hero (button) folded before Flop
Seat 5: f73f30b6 (small blind) folded on the Turn
Seat 6: 494d12f7 (big blind) won (7,500)
Seat 7: a1c83dad folded before Flop
Seat 8: e2149d01 folded before Flop


Poker Hand #TM313853102: Tournament #209319729, 233-M: $55 Bounty Hunters Daily Main [8-Max] Hold'em No Limit - Level5(250/500) - 2025/05/29 19:30:57
Table '91' 8-max Seat #3 is the button
Seat 1: 7911a201 (13,399 in chips)
Seat 2: 18c10874 (27,005 in chips)
Seat 3: 2d23e672 (29,472 in chips)
Seat 4: Hero (25,697 in chips)
Seat 5: f73f30b6 (43,971 in chips)
Seat 6: 494d12f7 (15,179 in chips)
Seat 7: a1c83dad (19,281 in chips)
Seat 8: e2149d01 (37,756 in chips)
f73f30b6: posts the ante 75
e2149d01: posts the ante 75
2d23e672: posts the ante 75
a1c83dad: posts the ante 75
494d12f7: posts the ante 75
18c10874: posts the ante 75
Hero: posts the ante 75
7911a201: posts the ante 75
Hero: posts small blind 250
f73f30b6: posts big blind 500
*** HOLE CARDS ***
Dealt to 7911a201 
Dealt to 18c10874 
Dealt to 2d23e672 
Dealt to Hero [8c 6s]
Dealt to f73f30b6 
Dealt to 494d12f7 
Dealt to a1c83dad 
Dealt to e2149d01 
494d12f7: folds
a1c83dad: folds
e2149d01: raises 500 to 1,000
7911a201: folds
18c10874: calls 1,000
2d23e672: raises 3,002 to 4,002
Hero: folds
f73f30b6: folds
e2149d01: raises 4,002 to 8,004
18c10874: folds
2d23e672: raises 21,393 to 29,397
e2149d01: folds
Uncalled bet (21,393) returned to 2d23e672
*** SHOWDOWN ***
2d23e672 collected 18,358 from pot
*** SUMMARY ***
Total pot 18,358 | Rake 0 | Jackpot 0 | Bingo 0 | Fortune 0 | Tax 0
Seat 1: 7911a201 folded before Flop
Seat 2: 18c10874 folded before Flop
Seat 3: 2d23e672 (button) collected (18,358)
Seat 4: Hero (small blind) folded before Flop
Seat 5: f73f30b6 (big blind) folded before Flop
Seat 6: 494d12f7 folded before Flop
Seat 7: a1c83dad folded before Flop
Seat 8: e2149d01 folded before Flop


Poker Hand #TM313853020: Tournament #209319729, 233-M: $55 Bounty Hunters Daily Main [8-Max] Hold'em No Limit - Level5(250/500) - 2025/05/29 19:29:55
Table '91' 8-max Seat #2 is the button
Seat 1: 7911a201 (13,474 in chips)
Seat 2: 18c10874 (31,580 in chips)
Seat 3: 2d23e672 (29,797 in chips)
Seat 4: Hero (20,422 in chips)
Seat 5: f73f30b6 (44,046 in chips)
Seat 6: 494d12f7 (15,254 in chips)
Seat 7: a1c83dad (19,356 in chips)
Seat 8: e2149d01 (37,831 in chips)
f73f30b6: posts the ante 75
e2149d01: posts the ante 75
2d23e672: posts the ante 75
a1c83dad: posts the ante 75
494d12f7: posts the ante 75
18c10874: posts the ante 75
Hero: posts the ante 75
7911a201: posts the ante 75
2d23e672: posts small blind 250
Hero: posts big blind 500
*** HOLE CARDS ***
Dealt to 7911a201 
Dealt to 18c10874 
Dealt to 2d23e672 
Dealt to Hero [Ad Ks]
Dealt to f73f30b6 
Dealt to 494d12f7 
Dealt to a1c83dad 
Dealt to e2149d01 
f73f30b6: folds
494d12f7: folds
a1c83dad: folds
e2149d01: folds
7911a201: folds
18c10874: raises 500 to 1,000
2d23e672: folds
Hero: raises 3,500 to 4,500
18c10874: calls 3,500
*** FLOP *** [6s 3h 4s]
Hero: bets 3,751
18c10874: folds
Uncalled bet (3,751) returned to Hero
*** SHOWDOWN ***
Hero collected 9,850 from pot
*** SUMMARY ***
Total pot 9,850 | Rake 0 | Jackpot 0 | Bingo 0 | Fortune 0 | Tax 0
Board [6s 3h 4s]
Seat 1: 7911a201 folded before Flop
Seat 2: 18c10874 (button) folded on the Flop
Seat 3: 2d23e672 (small blind) folded before Flop
Seat 4: Hero (big blind) won (9,850)
Seat 5: f73f30b6 folded before Flop
Seat 6: 494d12f7 folded before Flop
Seat 7: a1c83dad folded before Flop
Seat 8: e2149d01 folded before Flop


Poker Hand #TM313852923: Tournament #209319729, 233-M: $55 Bounty Hunters Daily Main [8-Max] Hold'em No Limit - Level5(250/500) - 2025/05/29 19:28:46
Table '91' 8-max Seat #1 is the button
Seat 1: 7911a201 (13,549 in chips)
Seat 2: 18c10874 (31,905 in chips)
Seat 3: 2d23e672 (30,372 in chips)
Seat 4: Hero (21,497 in chips)
Seat 5: f73f30b6 (44,121 in chips)
Seat 6: 494d12f7 (23,832 in chips)
Seat 7: a1c83dad (8,578 in chips)
Seat 8: e2149d01 (37,906 in chips)
f73f30b6: posts the ante 75
e2149d01: posts the ante 75
2d23e672: posts the ante 75
a1c83dad: posts the ante 75
494d12f7: posts the ante 75
Hero: posts the ante 75
18c10874: posts the ante 75
7911a201: posts the ante 75
18c10874: posts small blind 250
2d23e672: posts big blind 500
*** HOLE CARDS ***
Dealt to 7911a201 
Dealt to 18c10874 
Dealt to 2d23e672 
Dealt to Hero [Qc Js]
Dealt to f73f30b6 
Dealt to 494d12f7 
Dealt to a1c83dad 
Dealt to e2149d01 
Hero: raises 500 to 1,000
f73f30b6: folds
494d12f7: calls 1,000
a1c83dad: raises 7,503 to 8,503
e2149d01: folds
7911a201: folds
18c10874: folds
2d23e672: folds
Hero: folds
494d12f7: calls 7,503
a1c83dad: shows [Ks As]
494d12f7: shows [Qd 8d]
*** FLOP *** [9s 4d 9h]
*** TURN *** [9s 4d 9h] [Tc]
*** RIVER *** [9s 4d 9h Tc] [6d]
*** SHOWDOWN ***
a1c83dad collected 19,356 from pot
*** SUMMARY ***
Total pot 19,356 | Rake 0 | Jackpot 0 | Bingo 0 | Fortune 0 | Tax 0
Board [9s 4d 9h Tc 6d]
Seat 1: 7911a201 (button) folded before Flop
Seat 2: 18c10874 (small blind) folded before Flop
Seat 3: 2d23e672 (big blind) folded before Flop
Seat 4: Hero folded before Flop
Seat 5: f73f30b6 folded before Flop
Seat 6: 494d12f7 showed [Qd 8d] and lost with a pair of Nines
Seat 7: a1c83dad showed [Ks As] and won (19,356) with a pair of Nines
Seat 8: e2149d01 folded before Flop


Poker Hand #TM313852855: Tournament #209319729, 233-M: $55 Bounty Hunters Daily Main [8-Max] Hold'em No Limit - Level5(250/500) - 2025/05/29 19:27:52
Table '91' 8-max Seat #8 is the button
Seat 1: 7911a201 (13,874 in chips)
Seat 2: 18c10874 (30,130 in chips)
Seat 3: 2d23e672 (30,447 in chips)
Seat 4: Hero (21,572 in chips)
Seat 5: f73f30b6 (44,196 in chips)
Seat 6: 494d12f7 (23,907 in chips)
Seat 7: a1c83dad (9,653 in chips)
Seat 8: e2149d01 (37,981 in chips)
f73f30b6: posts the ante 75
e2149d01: posts the ante 75
2d23e672: posts the ante 75
a1c83dad: posts the ante 75
494d12f7: posts the ante 75
Hero: posts the ante 75
18c10874: posts the ante 75
7911a201: posts the ante 75
7911a201: posts small blind 250
18c10874: posts big blind 500
*** HOLE CARDS ***
Dealt to 7911a201 
Dealt to 18c10874 
Dealt to 2d23e672 
Dealt to Hero [Jc 3s]
Dealt to f73f30b6 
Dealt to 494d12f7 
Dealt to a1c83dad 
Dealt to e2149d01 
2d23e672: folds
Hero: folds
f73f30b6: folds
494d12f7: folds
a1c83dad: raises 500 to 1,000
e2149d01: folds
7911a201: folds
18c10874: calls 500
*** FLOP *** [8s 6s 9c]
18c10874: checks
a1c83dad: checks
*** TURN *** [8s 6s 9c] [4s]
18c10874: bets 941
a1c83dad: folds
Uncalled bet (941) returned to 18c10874
*** SHOWDOWN ***
18c10874 collected 2,850 from pot
*** SUMMARY ***
Total pot 2,850 | Rake 0 | Jackpot 0 | Bingo 0 | Fortune 0 | Tax 0
Board [8s 6s 9c 4s]
Seat 1: 7911a201 (small blind) folded before Flop
Seat 2: 18c10874 (big blind) won (2,850)
Seat 3: 2d23e672 folded before Flop
Seat 4: Hero folded before Flop
Seat 5: f73f30b6 folded before Flop
Seat 6: 494d12f7 folded before Flop
Seat 7: a1c83dad folded on the Turn
Seat 8: e2149d01 (button) folded before Flop


Poker Hand #TM313852704: Tournament #209319729, 233-M: $55 Bounty Hunters Daily Main [8-Max] Hold'em No Limit - Level4(200/400) - 2025/05/29 19:25:51
Table '91' 8-max Seat #7 is the button
Seat 1: 7911a201 (14,334 in chips)
Seat 2: 18c10874 (30,190 in chips)
Seat 3: 2d23e672 (31,507 in chips)
Seat 4: Hero (22,632 in chips)
Seat 5: f73f30b6 (36,740 in chips)
Seat 6: 494d12f7 (23,967 in chips)
Seat 7: a1c83dad (9,713 in chips)
Seat 8: e2149d01 (42,677 in chips)
f73f30b6: posts the ante 60
e2149d01: posts the ante 60
2d23e672: posts the ante 60
a1c83dad: posts the ante 60
494d12f7: posts the ante 60
Hero: posts the ante 60
18c10874: posts the ante 60
7911a201: posts the ante 60
e2149d01: posts small blind 200
7911a201: posts big blind 400
*** HOLE CARDS ***
Dealt to 7911a201 
Dealt to 18c10874 
Dealt to 2d23e672 
Dealt to Hero [9c 9d]
Dealt to f73f30b6 
Dealt to 494d12f7 
Dealt to a1c83dad 
Dealt to e2149d01 
18c10874: folds
2d23e672: raises 600 to 1,000
Hero: calls 1,000
f73f30b6: calls 1,000
494d12f7: folds
a1c83dad: folds
e2149d01: calls 800
7911a201: folds
*** FLOP *** [7d 2d Kh]
e2149d01: checks
2d23e672: checks
Hero: checks
f73f30b6: bets 1,220
e2149d01: raises 2,416 to 3,636
2d23e672: folds
Hero: folds
f73f30b6: raises 5,261 to 8,897
e2149d01: folds
Uncalled bet (5,261) returned to f73f30b6
*** SHOWDOWN ***
f73f30b6 collected 12,152 from pot
*** SUMMARY ***
Total pot 12,152 | Rake 0 | Jackpot 0 | Bingo 0 | Fortune 0 | Tax 0
Board [7d 2d Kh]
Seat 1: 7911a201 (big blind) folded before Flop
Seat 2: 18c10874 folded before Flop
Seat 3: 2d23e672 folded on the Flop
Seat 4: Hero folded on the Flop
Seat 5: f73f30b6 won (12,152)
Seat 6: 494d12f7 folded before Flop
Seat 7: a1c83dad (button) folded before Flop
Seat 8: e2149d01 (small blind) folded on the Flop


Poker Hand #TM313852589: Tournament #209319729, 233-M: $55 Bounty Hunters Daily Main [8-Max] Hold'em No Limit - Level4(200/400) - 2025/05/29 19:24:23
Table '91' 8-max Seat #6 is the button
Seat 1: 7911a201 (14,394 in chips)
Seat 2: 18c10874 (27,219 in chips)
Seat 3: 2d23e672 (31,567 in chips)
Seat 4: Hero (22,692 in chips)
Seat 5: f73f30b6 (36,800 in chips)
Seat 6: 494d12f7 (24,027 in chips)
Seat 7: a1c83dad (11,524 in chips)
Seat 8: e2149d01 (43,537 in chips)
f73f30b6: posts the ante 60
e2149d01: posts the ante 60
2d23e672: posts the ante 60
494d12f7: posts the ante 60
a1c83dad: posts the ante 60
Hero: posts the ante 60
18c10874: posts the ante 60
7911a201: posts the ante 60
a1c83dad: posts small blind 200
e2149d01: posts big blind 400
*** HOLE CARDS ***
Dealt to 7911a201 
Dealt to 18c10874 
Dealt to 2d23e672 
Dealt to Hero [Ac Td]
Dealt to f73f30b6 
Dealt to 494d12f7 
Dealt to a1c83dad 
Dealt to e2149d01 
7911a201: folds
18c10874: raises 400 to 800
2d23e672: folds
Hero: folds
f73f30b6: folds
494d12f7: folds
a1c83dad: calls 600
e2149d01: calls 400
*** FLOP *** [Ks Jd 7d]
a1c83dad: checks
e2149d01: checks
18c10874: bets 951
a1c83dad: calls 951
e2149d01: folds
*** TURN *** [Ks Jd 7d] [Ts]
a1c83dad: checks
18c10874: checks
*** RIVER *** [Ks Jd 7d Ts] [Jh]
a1c83dad: checks
18c10874: checks
a1c83dad: shows [9h Ad] (a pair of Jacks)
18c10874: shows [3s 3h] (two pair, Jacks and Threes)
*** SHOWDOWN ***
18c10874 collected 4,782 from pot
*** SUMMARY ***
Total pot 4,782 | Rake 0 | Jackpot 0 | Bingo 0 | Fortune 0 | Tax 0
Board [Ks Jd 7d Ts Jh]
Seat 1: 7911a201 folded before Flop
Seat 2: 18c10874 showed [3s 3h] and won (4,782) with two pair, Jacks and Threes
Seat 3: 2d23e672 folded before Flop
Seat 4: Hero folded before Flop
Seat 5: f73f30b6 folded before Flop
Seat 6: 494d12f7 (button) folded before Flop
Seat 7: a1c83dad (small blind) showed [9h Ad] and lost with a pair of Jacks
Seat 8: e2149d01 (big blind) folded on the Flop


Poker Hand #TM313852492: Tournament #209319729, 233-M: $55 Bounty Hunters Daily Main [8-Max] Hold'em No Limit - Level4(200/400) - 2025/05/29 19:23:06
Table '91' 8-max Seat #5 is the button
Seat 1: 7911a201 (14,454 in chips)
Seat 2: 18c10874 (28,079 in chips)
Seat 3: 2d23e672 (31,627 in chips)
Seat 4: Hero (22,752 in chips)
Seat 5: f73f30b6 (33,060 in chips)
Seat 6: 494d12f7 (25,807 in chips)
Seat 7: a1c83dad (12,384 in chips)
Seat 8: e2149d01 (43,597 in chips)
f73f30b6: posts the ante 60
e2149d01: posts the ante 60
2d23e672: posts the ante 60
a1c83dad: posts the ante 60
494d12f7: posts the ante 60
Hero: posts the ante 60
18c10874: posts the ante 60
7911a201: posts the ante 60
494d12f7: posts small blind 200
a1c83dad: posts big blind 400
*** HOLE CARDS ***
Dealt to 7911a201 
Dealt to 18c10874 
Dealt to 2d23e672 
Dealt to Hero [8d 6c]
Dealt to f73f30b6 
Dealt to 494d12f7 
Dealt to a1c83dad 
Dealt to e2149d01 
e2149d01: folds
7911a201: folds
18c10874: raises 400 to 800
2d23e672: folds
Hero: folds
f73f30b6: calls 800
494d12f7: calls 600
a1c83dad: calls 400
*** FLOP *** [Jc Ah 3c]
494d12f7: checks
a1c83dad: checks
18c10874: checks
f73f30b6: bets 920
494d12f7: calls 920
a1c83dad: folds
18c10874: folds
*** TURN *** [Jc Ah 3c] [9d]
494d12f7: checks
f73f30b6: checks
*** RIVER *** [Jc Ah 3c 9d] [5d]
494d12f7: checks
f73f30b6: checks
494d12f7: shows [5s 4c] (a pair of Fives)
f73f30b6: shows [Jh 7h] (a pair of Jacks)
*** SHOWDOWN ***
f73f30b6 collected 5,520 from pot
*** SUMMARY ***
Total pot 5,520 | Rake 0 | Jackpot 0 | Bingo 0 | Fortune 0 | Tax 0
Board [Jc Ah 3c 9d 5d]
Seat 1: 7911a201 folded before Flop
Seat 2: 18c10874 folded on the Flop
Seat 3: 2d23e672 folded before Flop
Seat 4: Hero folded before Flop
Seat 5: f73f30b6 (button) showed [Jh 7h] and won (5,520) with a pair of Jacks
Seat 6: 494d12f7 (small blind) showed [5s 4c] and lost with a pair of Fives
Seat 7: a1c83dad (big blind) folded on the Flop
Seat 8: e2149d01 folded before Flop


Poker Hand #TM313852393: Tournament #209319729, 233-M: $55 Bounty Hunters Daily Main [8-Max] Hold'em No Limit - Level4(200/400) - 2025/05/29 19:21:50
Table '91' 8-max Seat #4 is the button
Seat 1: 7911a201 (14,514 in chips)
Seat 2: 18c10874 (19,639 in chips)
Seat 3: 2d23e672 (31,687 in chips)
Seat 4: Hero (22,812 in chips)
Seat 5: f73f30b6 (33,320 in chips)
Seat 6: 494d12f7 (32,887 in chips)
Seat 7: a1c83dad (13,244 in chips)
Seat 8: e2149d01 (43,657 in chips)
f73f30b6: posts the ante 60
e2149d01: posts the ante 60
2d23e672: posts the ante 60
a1c83dad: posts the ante 60
494d12f7: posts the ante 60
Hero: posts the ante 60
18c10874: posts the ante 60
7911a201: posts the ante 60
f73f30b6: posts small blind 200
494d12f7: posts big blind 400
*** HOLE CARDS ***
Dealt to 7911a201 
Dealt to 18c10874 
Dealt to 2d23e672 
Dealt to Hero [3c 8s]
Dealt to f73f30b6 
Dealt to 494d12f7 
Dealt to a1c83dad 
Dealt to e2149d01 
a1c83dad: raises 400 to 800
e2149d01: folds
7911a201: folds
18c10874: calls 800
2d23e672: folds
Hero: folds
f73f30b6: folds
494d12f7: calls 400
*** FLOP *** [5h 3d 6c]
494d12f7: checks
a1c83dad: checks
18c10874: checks
*** TURN *** [5h 3d 6c] [3s]
494d12f7: bets 1,940
a1c83dad: folds
18c10874: calls 1,940
*** RIVER *** [5h 3d 6c 3s] [8h]
494d12f7: bets 4,280
18c10874: calls 4,280
494d12f7: shows [5d Ks] (two pair, Fives and Threes)
18c10874: shows [7c 8c] (two pair, Eights and Threes)
*** SHOWDOWN ***
18c10874 collected 15,520 from pot
*** SUMMARY ***
Total pot 15,520 | Rake 0 | Jackpot 0 | Bingo 0 | Fortune 0 | Tax 0
Board [5h 3d 6c 3s 8h]
Seat 1: 7911a201 folded before Flop
Seat 2: 18c10874 showed [7c 8c] and won (15,520) with two pair, Eights and Threes
Seat 3: 2d23e672 folded before Flop
Seat 4: Hero (button) folded before Flop
Seat 5: f73f30b6 (small blind) folded before Flop
Seat 6: 494d12f7 (big blind) showed [5d Ks] and lost with two pair, Fives and Threes
Seat 7: a1c83dad folded on the Turn
Seat 8: e2149d01 folded before Flop


Poker Hand #TM313852291: Tournament #209319729, 233-M: $55 Bounty Hunters Daily Main [8-Max] Hold'em No Limit - Level4(200/400) - 2025/05/29 19:20:31
Table '91' 8-max Seat #3 is the button
Seat 1: 7911a201 (14,574 in chips)
Seat 2: 18c10874 (19,699 in chips)
Seat 3: 2d23e672 (34,187 in chips)
Seat 4: Hero (23,072 in chips)
Seat 5: f73f30b6 (34,220 in chips)
Seat 6: 494d12f7 (28,987 in chips)
Seat 7: a1c83dad (13,304 in chips)
Seat 8: e2149d01 (43,717 in chips)
f73f30b6: posts the ante 60
e2149d01: posts the ante 60
2d23e672: posts the ante 60
a1c83dad: posts the ante 60
494d12f7: posts the ante 60
18c10874: posts the ante 60
Hero: posts the ante 60
7911a201: posts the ante 60
Hero: posts small blind 200
f73f30b6: posts big blind 400
*** HOLE CARDS ***
Dealt to 7911a201 
Dealt to 18c10874 
Dealt to 2d23e672 
Dealt to Hero [Jd 2d]
Dealt to f73f30b6 
Dealt to 494d12f7 
Dealt to a1c83dad 
Dealt to e2149d01 
494d12f7: raises 440 to 840
a1c83dad: folds
e2149d01: folds
7911a201: folds
18c10874: folds
2d23e672: calls 840
Hero: folds
f73f30b6: calls 440
*** FLOP *** [Jc 9h 8h]
f73f30b6: checks
494d12f7: bets 1,600
2d23e672: calls 1,600
f73f30b6: folds
*** TURN *** [Jc 9h 8h] [Kd]
494d12f7: bets 5,200
2d23e672: folds
Uncalled bet (5,200) returned to 494d12f7
*** SHOWDOWN ***
494d12f7 collected 6,400 from pot
*** SUMMARY ***
Total pot 6,400 | Rake 0 | Jackpot 0 | Bingo 0 | Fortune 0 | Tax 0
Board [Jc 9h 8h Kd]
Seat 1: 7911a201 folded before Flop
Seat 2: 18c10874 folded before Flop
Seat 3: 2d23e672 (button) folded on the Turn
Seat 4: Hero (small blind) folded before Flop
Seat 5: f73f30b6 (big blind) folded on the Flop
Seat 6: 494d12f7 won (6,400)
Seat 7: a1c83dad folded before Flop
Seat 8: e2149d01 folded before Flop


Poker Hand #TM313852248: Tournament #209319729, 233-M: $55 Bounty Hunters Daily Main [8-Max] Hold'em No Limit - Level4(200/400) - 2025/05/29 19:20:00
Table '91' 8-max Seat #2 is the button
Seat 1: 7911a201 (14,634 in chips)
Seat 2: 18c10874 (19,759 in chips)
Seat 3: 2d23e672 (34,447 in chips)
Seat 4: Hero (22,452 in chips)
Seat 5: f73f30b6 (34,280 in chips)
Seat 6: 494d12f7 (29,047 in chips)
Seat 7: a1c83dad (13,364 in chips)
Seat 8: e2149d01 (43,777 in chips)
f73f30b6: posts the ante 60
e2149d01: posts the ante 60
2d23e672: posts the ante 60
a1c83dad: posts the ante 60
494d12f7: posts the ante 60
18c10874: posts the ante 60
Hero: posts the ante 60
7911a201: posts the ante 60
2d23e672: posts small blind 200
Hero: posts big blind 400
*** HOLE CARDS ***
Dealt to 7911a201 
Dealt to 18c10874 
Dealt to 2d23e672 
Dealt to Hero [6d Th]
Dealt to f73f30b6 
Dealt to 494d12f7 
Dealt to a1c83dad 
Dealt to e2149d01 
f73f30b6: folds
494d12f7: folds
a1c83dad: folds
e2149d01: folds
7911a201: folds
18c10874: folds
2d23e672: folds
Uncalled bet (200) returned to Hero
*** SHOWDOWN ***
Hero collected 880 from pot
*** SUMMARY ***
Total pot 880 | Rake 0 | Jackpot 0 | Bingo 0 | Fortune 0 | Tax 0
Seat 1: 7911a201 folded before Flop
Seat 2: 18c10874 (button) folded before Flop
Seat 3: 2d23e672 (small blind) folded before Flop
Seat 4: Hero (big blind) collected (880)
Seat 5: f73f30b6 folded before Flop
Seat 6: 494d12f7 folded before Flop
Seat 7: a1c83dad folded before Flop
Seat 8: e2149d01 folded before Flop


Poker Hand #TM313852150: Tournament #209319729, 233-M: $55 Bounty Hunters Daily Main [8-Max] Hold'em No Limit - Level4(200/400) - 2025/05/29 19:18:42
Table '91' 8-max Seat #1 is the button
Seat 1: 7911a201 (14,694 in chips)
Seat 2: 18c10874 (17,340 in chips)
Seat 3: 2d23e672 (34,907 in chips)
Seat 4: Hero (22,512 in chips)
Seat 5: f73f30b6 (35,939 in chips)
Seat 6: 494d12f7 (29,107 in chips)
Seat 7: a1c83dad (13,424 in chips)
Seat 8: e2149d01 (43,837 in chips)
f73f30b6: posts the ante 60
e2149d01: posts the ante 60
2d23e672: posts the ante 60
a1c83dad: posts the ante 60
494d12f7: posts the ante 60
Hero: posts the ante 60
18c10874: posts the ante 60
7911a201: posts the ante 60
18c10874: posts small blind 200
2d23e672: posts big blind 400
*** HOLE CARDS ***
Dealt to 7911a201 
Dealt to 18c10874 
Dealt to 2d23e672 
Dealt to Hero [7d 9s]
Dealt to f73f30b6 
Dealt to 494d12f7 
Dealt to a1c83dad 
Dealt to e2149d01 
Hero: folds
f73f30b6: raises 519 to 919
494d12f7: folds
a1c83dad: folds
e2149d01: folds
7911a201: folds
18c10874: calls 719
2d23e672: folds
*** FLOP *** [6d 6c Qs]
18c10874: checks
f73f30b6: bets 680
18c10874: calls 680
*** TURN *** [6d 6c Qs] [6h]
18c10874: checks
f73f30b6: checks
*** RIVER *** [6d 6c Qs 6h] [3c]
18c10874: bets 1,346
f73f30b6: folds
Uncalled bet (1,346) returned to 18c10874
*** SHOWDOWN ***
18c10874 collected 4,078 from pot
*** SUMMARY ***
Total pot 4,078 | Rake 0 | Jackpot 0 | Bingo 0 | Fortune 0 | Tax 0
Board [6d 6c Qs 6h 3c]
Seat 1: 7911a201 (button) folded before Flop
Seat 2: 18c10874 (small blind) won (4,078)
Seat 3: 2d23e672 (big blind) folded before Flop
Seat 4: Hero folded before Flop
Seat 5: f73f30b6 folded on the River
Seat 6: 494d12f7 folded before Flop
Seat 7: a1c83dad folded before Flop
Seat 8: e2149d01 folded before Flop


Poker Hand #TM313852091: Tournament #209319729, 233-M: $55 Bounty Hunters Daily Main [8-Max] Hold'em No Limit - Level4(200/400) - 2025/05/29 19:18:02
Table '91' 8-max Seat #8 is the button
Seat 1: 7911a201 (14,954 in chips)
Seat 2: 18c10874 (18,200 in chips)
Seat 3: 2d23e672 (33,487 in chips)
Seat 4: Hero (22,572 in chips)
Seat 5: f73f30b6 (35,999 in chips)
Seat 6: 494d12f7 (29,167 in chips)
Seat 7: a1c83dad (13,484 in chips)
Seat 8: e2149d01 (43,897 in chips)
f73f30b6: posts the ante 60
e2149d01: posts the ante 60
2d23e672: posts the ante 60
a1c83dad: posts the ante 60
494d12f7: posts the ante 60
Hero: posts the ante 60
18c10874: posts the ante 60
7911a201: posts the ante 60
7911a201: posts small blind 200
18c10874: posts big blind 400
*** HOLE CARDS ***
Dealt to 7911a201 
Dealt to 18c10874 
Dealt to 2d23e672 
Dealt to Hero [Th 4s]
Dealt to f73f30b6 
Dealt to 494d12f7 
Dealt to a1c83dad 
Dealt to e2149d01 
2d23e672: raises 400 to 800
Hero: folds
f73f30b6: folds
494d12f7: folds
a1c83dad: folds
e2149d01: folds
7911a201: folds
18c10874: calls 400
*** FLOP *** [Jh 5s 2h]
18c10874: checks
2d23e672: bets 770
18c10874: folds
Uncalled bet (770) returned to 2d23e672
*** SHOWDOWN ***
2d23e672 collected 2,280 from pot
*** SUMMARY ***
Total pot 2,280 | Rake 0 | Jackpot 0 | Bingo 0 | Fortune 0 | Tax 0
Board [Jh 5s 2h]
Seat 1: 7911a201 (small blind) folded before Flop
Seat 2: 18c10874 (big blind) folded on the Flop
Seat 3: 2d23e672 won (2,280)
Seat 4: Hero folded before Flop
Seat 5: f73f30b6 folded before Flop
Seat 6: 494d12f7 folded before Flop
Seat 7: a1c83dad folded before Flop
Seat 8: e2149d01 (button) folded before Flop


Poker Hand #TM313852051: Tournament #209319729, 233-M: $55 Bounty Hunters Daily Main [8-Max] Hold'em No Limit - Level4(200/400) - 2025/05/29 19:17:27
Table '91' 8-max Seat #7 is the button
Seat 1: 7911a201 (14,134 in chips)
Seat 2: 18c10874 (18,260 in chips)
Seat 3: 2d23e672 (33,547 in chips)
Seat 4: Hero (22,632 in chips)
Seat 5: f73f30b6 (36,059 in chips)
Seat 6: 494d12f7 (29,227 in chips)
Seat 7: a1c83dad (13,544 in chips)
Seat 8: e2149d01 (44,357 in chips)
f73f30b6: posts the ante 60
e2149d01: posts the ante 60
2d23e672: posts the ante 60
a1c83dad: posts the ante 60
494d12f7: posts the ante 60
Hero: posts the ante 60
18c10874: posts the ante 60
7911a201: posts the ante 60
e2149d01: posts small blind 200
7911a201: posts big blind 400
*** HOLE CARDS ***
Dealt to 7911a201 
Dealt to 18c10874 
Dealt to 2d23e672 
Dealt to Hero [Qs 9d]
Dealt to f73f30b6 
Dealt to 494d12f7 
Dealt to a1c83dad 
Dealt to e2149d01 
18c10874: folds
2d23e672: folds
Hero: folds
f73f30b6: folds
494d12f7: folds
a1c83dad: folds
e2149d01: calls 200
7911a201: raises 1,000 to 1,400
e2149d01: folds
Uncalled bet (1,000) returned to 7911a201
*** SHOWDOWN ***
7911a201 collected 1,280 from pot
*** SUMMARY ***
Total pot 1,280 | Rake 0 | Jackpot 0 | Bingo 0 | Fortune 0 | Tax 0
Seat 1: 7911a201 (big blind) collected (1,280)
Seat 2: 18c10874 folded before Flop
Seat 3: 2d23e672 folded before Flop
Seat 4: Hero folded before Flop
Seat 5: f73f30b6 folded before Flop
Seat 6: 494d12f7 folded before Flop
Seat 7: a1c83dad (button) folded before Flop
Seat 8: e2149d01 (small blind) folded before Flop


Poker Hand #TM313851890: Tournament #209319729, 233-M: $55 Bounty Hunters Daily Main [8-Max] Hold'em No Limit - Level4(200/400) - 2025/05/29 19:15:28
Table '91' 8-max Seat #6 is the button
Seat 1: 7911a201 (14,194 in chips)
Seat 2: 18c10874 (21,920 in chips)
Seat 3: 2d23e672 (37,207 in chips)
Seat 4: Hero (22,692 in chips)
Seat 5: f73f30b6 (24,439 in chips)
Seat 6: 494d12f7 (29,287 in chips)
Seat 7: a1c83dad (17,204 in chips)
Seat 8: e2149d01 (44,817 in chips)
f73f30b6: posts the ante 60
e2149d01: posts the ante 60
2d23e672: posts the ante 60
494d12f7: posts the ante 60
a1c83dad: posts the ante 60
Hero: posts the ante 60
18c10874: posts the ante 60
7911a201: posts the ante 60
a1c83dad: posts small blind 200
e2149d01: posts big blind 400
*** HOLE CARDS ***
Dealt to 7911a201 
Dealt to 18c10874 
Dealt to 2d23e672 
Dealt to Hero [Kc 4s]
Dealt to f73f30b6 
Dealt to 494d12f7 
Dealt to a1c83dad 
Dealt to e2149d01 
7911a201: folds
18c10874: raises 400 to 800
2d23e672: calls 800
Hero: folds
f73f30b6: raises 2,800 to 3,600
494d12f7: folds
a1c83dad: calls 3,400
e2149d01: folds
18c10874: calls 2,800
2d23e672: calls 2,800
*** FLOP *** [7d Ac Js]
a1c83dad: checks
18c10874: checks
2d23e672: checks
f73f30b6: checks
*** TURN *** [7d Ac Js] [2h]
a1c83dad: checks
18c10874: checks
2d23e672: checks
f73f30b6: bets 3,820
a1c83dad: folds
18c10874: folds
2d23e672: folds
Uncalled bet (3,820) returned to f73f30b6
*** SHOWDOWN ***
f73f30b6 collected 15,280 from pot
*** SUMMARY ***
Total pot 15,280 | Rake 0 | Jackpot 0 | Bingo 0 | Fortune 0 | Tax 0
Board [7d Ac Js 2h]
Seat 1: 7911a201 folded before Flop
Seat 2: 18c10874 folded on the Turn
Seat 3: 2d23e672 folded on the Turn
Seat 4: Hero folded before Flop
Seat 5: f73f30b6 won (15,280)
Seat 6: 494d12f7 (button) folded before Flop
Seat 7: a1c83dad (small blind) folded on the Turn
Seat 8: e2149d01 (big blind) folded before Flop


Poker Hand #TM313851792: Tournament #209319729, 233-M: $55 Bounty Hunters Daily Main [8-Max] Hold'em No Limit - Level3(150/300) - 2025/05/29 19:14:08
Table '91' 8-max Seat #5 is the button
Seat 1: 7911a201 (14,239 in chips)
Seat 2: 18c10874 (21,965 in chips)
Seat 3: 2d23e672 (37,252 in chips)
Seat 4: Hero (25,690 in chips)
Seat 5: f73f30b6 (24,484 in chips)
Seat 6: 494d12f7 (29,482 in chips)
Seat 7: a1c83dad (13,786 in chips)
Seat 8: e2149d01 (44,862 in chips)
f73f30b6: posts the ante 45
e2149d01: posts the ante 45
2d23e672: posts the ante 45
a1c83dad: posts the ante 45
494d12f7: posts the ante 45
Hero: posts the ante 45
18c10874: posts the ante 45
7911a201: posts the ante 45
494d12f7: posts small blind 150
a1c83dad: posts big blind 300
*** HOLE CARDS ***
Dealt to 7911a201 
Dealt to 18c10874 
Dealt to 2d23e672 
Dealt to Hero [Ad 3h]
Dealt to f73f30b6 
Dealt to 494d12f7 
Dealt to a1c83dad 
Dealt to e2149d01 
e2149d01: folds
7911a201: folds
18c10874: folds
2d23e672: folds
Hero: raises 300 to 600
f73f30b6: folds
494d12f7: folds
a1c83dad: calls 300
*** FLOP *** [7c 2d 7h]
a1c83dad: checks
Hero: bets 428
a1c83dad: calls 428
*** TURN *** [7c 2d 7h] [6d]
a1c83dad: checks
Hero: bets 1,925
a1c83dad: raises 3,208 to 5,133
Hero: folds
Uncalled bet (3,208) returned to a1c83dad
*** SHOWDOWN ***
a1c83dad collected 6,416 from pot
*** SUMMARY ***
Total pot 6,416 | Rake 0 | Jackpot 0 | Bingo 0 | Fortune 0 | Tax 0
Board [7c 2d 7h 6d]
Seat 1: 7911a201 folded before Flop
Seat 2: 18c10874 folded before Flop
Seat 3: 2d23e672 folded before Flop
Seat 4: Hero folded on the Turn
Seat 5: f73f30b6 (button) folded before Flop
Seat 6: 494d12f7 (small blind) folded before Flop
Seat 7: a1c83dad (big blind) won (6,416)
Seat 8: e2149d01 folded before Flop


Poker Hand #TM312451739: Tournament #209319729, 233-M: $55 Bounty Hunters Daily Main [8-Max] Hold'em No Limit - Level3(150/300) - 2025/05/29 19:13:27
Table '91' 8-max Seat #4 is the button
Seat 1: 7911a201 (14,884 in chips)
Seat 2: 18c10874 (22,010 in chips)
Seat 3: 2d23e672 (37,297 in chips)
Seat 4: Hero (25,735 in chips)
Seat 5: f73f30b6 (23,269 in chips)
Seat 6: 494d12f7 (29,827 in chips)
Seat 7: a1c83dad (13,831 in chips)
Seat 8: e2149d01 (44,907 in chips)
f73f30b6: posts the ante 45
e2149d01: posts the ante 45
2d23e672: posts the ante 45
a1c83dad: posts the ante 45
494d12f7: posts the ante 45
Hero: posts the ante 45
18c10874: posts the ante 45
7911a201: posts the ante 45
f73f30b6: posts small blind 150
494d12f7: posts big blind 300
*** HOLE CARDS ***
Dealt to 7911a201 
Dealt to 18c10874 
Dealt to 2d23e672 
Dealt to Hero [Ad 4s]
Dealt to f73f30b6 
Dealt to 494d12f7 
Dealt to a1c83dad 
Dealt to e2149d01 
a1c83dad: folds
e2149d01: folds
7911a201: raises 300 to 600
18c10874: folds
2d23e672: folds
Hero: folds
f73f30b6: raises 1,860 to 2,460
494d12f7: folds
7911a201: folds
Uncalled bet (1,860) returned to f73f30b6
*** SHOWDOWN ***
f73f30b6 collected 1,860 from pot
*** SUMMARY ***
Total pot 1,860 | Rake 0 | Jackpot 0 | Bingo 0 | Fortune 0 | Tax 0
Seat 1: 7911a201 folded before Flop
Seat 2: 18c10874 folded before Flop
Seat 3: 2d23e672 folded before Flop
Seat 4: Hero (button) folded before Flop
Seat 5: f73f30b6 (small blind) collected (1,860)
Seat 6: 494d12f7 (big blind) folded before Flop
Seat 7: a1c83dad folded before Flop
Seat 8: e2149d01 folded before Flop


Poker Hand #TM312451708: Tournament #209319729, 233-M: $55 Bounty Hunters Daily Main [8-Max] Hold'em No Limit - Level3(150/300) - 2025/05/29 19:13:01
Table '91' 8-max Seat #3 is the button
Seat 1: 7911a201 (14,119 in chips)
Seat 2: 18c10874 (22,055 in chips)
Seat 3: 2d23e672 (37,342 in chips)
Seat 4: Hero (25,930 in chips)
Seat 5: f73f30b6 (23,614 in chips)
Seat 6: 494d12f7 (29,872 in chips)
Seat 7: a1c83dad (13,876 in chips)
Seat 8: e2149d01 (44,952 in chips)
f73f30b6: posts the ante 45
e2149d01: posts the ante 45
2d23e672: posts the ante 45
a1c83dad: posts the ante 45
494d12f7: posts the ante 45
18c10874: posts the ante 45
Hero: posts the ante 45
7911a201: posts the ante 45
Hero: posts small blind 150
f73f30b6: posts big blind 300
*** HOLE CARDS ***
Dealt to 7911a201 
Dealt to 18c10874 
Dealt to 2d23e672 
Dealt to Hero [8s 3h]
Dealt to f73f30b6 
Dealt to 494d12f7 
Dealt to a1c83dad 
Dealt to e2149d01 
494d12f7: folds
a1c83dad: folds
e2149d01: folds
7911a201: raises 300 to 600
18c10874: folds
2d23e672: folds
Hero: folds
f73f30b6: folds
Uncalled bet (300) returned to 7911a201
*** SHOWDOWN ***
7911a201 collected 1,110 from pot
*** SUMMARY ***
Total pot 1,110 | Rake 0 | Jackpot 0 | Bingo 0 | Fortune 0 | Tax 0
Seat 1: 7911a201 collected (1,110)
Seat 2: 18c10874 folded before Flop
Seat 3: 2d23e672 (button) folded before Flop
Seat 4: Hero (small blind) folded before Flop
Seat 5: f73f30b6 (big blind) folded before Flop
Seat 6: 494d12f7 folded before Flop
Seat 7: a1c83dad folded before Flop
Seat 8: e2149d01 folded before Flop


Poker Hand #TM312451622: Tournament #209319729, 233-M: $55 Bounty Hunters Daily Main [8-Max] Hold'em No Limit - Level3(150/300) - 2025/05/29 19:11:52
Table '91' 8-max Seat #2 is the button
Seat 1: 7911a201 (14,164 in chips)
Seat 2: 18c10874 (22,100 in chips)
Seat 3: 2d23e672 (37,537 in chips)
Seat 4: Hero (24,775 in chips)
Seat 5: f73f30b6 (23,659 in chips)
Seat 6: 494d12f7 (29,917 in chips)
Seat 7: a1c83dad (13,921 in chips)
Seat 8: e2149d01 (45,687 in chips)
f73f30b6: posts the ante 45
e2149d01: posts the ante 45
2d23e672: posts the ante 45
a1c83dad: posts the ante 45
494d12f7: posts the ante 45
18c10874: posts the ante 45
Hero: posts the ante 45
7911a201: posts the ante 45
2d23e672: posts small blind 150
Hero: posts big blind 300
*** HOLE CARDS ***
Dealt to 7911a201 
Dealt to 18c10874 
Dealt to 2d23e672 
Dealt to Hero [Ks 4s]
Dealt to f73f30b6 
Dealt to 494d12f7 
Dealt to a1c83dad 
Dealt to e2149d01 
f73f30b6: folds
494d12f7: folds
a1c83dad: folds
e2149d01: raises 390 to 690
7911a201: folds
18c10874: folds
2d23e672: folds
Hero: calls 390
*** FLOP *** [Kh Qs 5s]
Hero: checks
e2149d01: checks
*** TURN *** [Kh Qs 5s] [3c]
Hero: bets 1,800
e2149d01: folds
Uncalled bet (1,800) returned to Hero
*** SHOWDOWN ***
Hero collected 1,890 from pot
*** SUMMARY ***
Total pot 1,890 | Rake 0 | Jackpot 0 | Bingo 0 | Fortune 0 | Tax 0
Board [Kh Qs 5s 3c]
Seat 1: 7911a201 folded before Flop
Seat 2: 18c10874 (button) folded before Flop
Seat 3: 2d23e672 (small blind) folded before Flop
Seat 4: Hero (big blind) won (1,890)
Seat 5: f73f30b6 folded before Flop
Seat 6: 494d12f7 folded before Flop
Seat 7: a1c83dad folded before Flop
Seat 8: e2149d01 folded on the Turn


Poker Hand #TM312451490: Tournament #209319729, 233-M: $55 Bounty Hunters Daily Main [8-Max] Hold'em No Limit - Level3(150/300) - 2025/05/29 19:10:19
Table '91' 8-max Seat #1 is the button
Seat 1: 7911a201 (14,209 in chips)
Seat 2: 18c10874 (23,360 in chips)
Seat 3: 2d23e672 (37,882 in chips)
Seat 4: Hero (24,820 in chips)
Seat 5: f73f30b6 (21,229 in chips)
Seat 6: 494d12f7 (29,962 in chips)
Seat 7: a1c83dad (14,566 in chips)
Seat 8: e2149d01 (45,732 in chips)
f73f30b6: posts the ante 45
e2149d01: posts the ante 45
2d23e672: posts the ante 45
a1c83dad: posts the ante 45
494d12f7: posts the ante 45
Hero: posts the ante 45
18c10874: posts the ante 45
7911a201: posts the ante 45
18c10874: posts small blind 150
2d23e672: posts big blind 300
*** HOLE CARDS ***
Dealt to 7911a201 
Dealt to 18c10874 
Dealt to 2d23e672 
Dealt to Hero [6d 9d]
Dealt to f73f30b6 
Dealt to 494d12f7 
Dealt to a1c83dad 
Dealt to e2149d01 
Hero: folds
f73f30b6: raises 300 to 600
494d12f7: folds
a1c83dad: calls 600
e2149d01: folds
7911a201: folds
18c10874: calls 450
2d23e672: folds
*** FLOP *** [Ac 3s Qh]
18c10874: checks
f73f30b6: bets 615
a1c83dad: folds
18c10874: calls 615
*** TURN *** [Ac 3s Qh] [7d]
18c10874: checks
f73f30b6: bets 3,750
18c10874: folds
Uncalled bet (3,750) returned to f73f30b6
*** SHOWDOWN ***
f73f30b6 collected 3,690 from pot
*** SUMMARY ***
Total pot 3,690 | Rake 0 | Jackpot 0 | Bingo 0 | Fortune 0 | Tax 0
Board [Ac 3s Qh 7d]
Seat 1: 7911a201 (button) folded before Flop
Seat 2: 18c10874 (small blind) folded on the Turn
Seat 3: 2d23e672 (big blind) folded before Flop
Seat 4: Hero folded before Flop
Seat 5: f73f30b6 won (3,690)
Seat 6: 494d12f7 folded before Flop
Seat 7: a1c83dad folded on the Flop
Seat 8: e2149d01 folded before Flop


Poker Hand #TM312451425: Tournament #209319729, 233-M: $55 Bounty Hunters Daily Main [8-Max] Hold'em No Limit - Level3(150/300) - 2025/05/29 19:09:35
Table '91' 8-max Seat #8 is the button
Seat 1: 7911a201 (14,404 in chips)
Seat 2: 18c10874 (24,155 in chips)
Seat 3: 2d23e672 (35,917 in chips)
Seat 4: Hero (24,865 in chips)
Seat 5: f73f30b6 (21,274 in chips)
Seat 6: 494d12f7 (30,007 in chips)
Seat 7: a1c83dad (15,361 in chips)
Seat 8: e2149d01 (45,777 in chips)
f73f30b6: posts the ante 45
e2149d01: posts the ante 45
2d23e672: posts the ante 45
a1c83dad: posts the ante 45
494d12f7: posts the ante 45
Hero: posts the ante 45
18c10874: posts the ante 45
7911a201: posts the ante 45
7911a201: posts small blind 150
18c10874: posts big blind 300
*** HOLE CARDS ***
Dealt to 7911a201 
Dealt to 18c10874 
Dealt to 2d23e672 
Dealt to Hero [As 6h]
Dealt to f73f30b6 
Dealt to 494d12f7 
Dealt to a1c83dad 
Dealt to e2149d01 
2d23e672: raises 450 to 750
Hero: folds
f73f30b6: folds
494d12f7: folds
a1c83dad: calls 750
e2149d01: folds
7911a201: folds
18c10874: calls 450
*** FLOP *** [3h 9h Kh]
18c10874: checks
2d23e672: checks
a1c83dad: checks
*** TURN *** [3h 9h Kh] [9d]
18c10874: checks
2d23e672: bets 1,160
a1c83dad: folds
18c10874: folds
Uncalled bet (1,160) returned to 2d23e672
*** SHOWDOWN ***
2d23e672 collected 2,760 from pot
*** SUMMARY ***
Total pot 2,760 | Rake 0 | Jackpot 0 | Bingo 0 | Fortune 0 | Tax 0
Board [3h 9h Kh 9d]
Seat 1: 7911a201 (small blind) folded before Flop
Seat 2: 18c10874 (big blind) folded on the Turn
Seat 3: 2d23e672 won (2,760)
Seat 4: Hero folded before Flop
Seat 5: f73f30b6 folded before Flop
Seat 6: 494d12f7 folded before Flop
Seat 7: a1c83dad folded on the Turn
Seat 8: e2149d01 (button) folded before Flop


Poker Hand #TM312451281: Tournament #209319729, 233-M: $55 Bounty Hunters Daily Main [8-Max] Hold'em No Limit - Level3(150/300) - 2025/05/29 19:07:41
Table '91' 8-max Seat #7 is the button
Seat 1: 7911a201 (14,269 in chips)
Seat 2: 18c10874 (24,200 in chips)
Seat 3: 2d23e672 (35,962 in chips)
Seat 4: Hero (24,910 in chips)
Seat 5: f73f30b6 (21,319 in chips)
Seat 6: 494d12f7 (30,052 in chips)
Seat 7: a1c83dad (15,406 in chips)
Seat 8: e2149d01 (45,642 in chips)
f73f30b6: posts the ante 45
e2149d01: posts the ante 45
2d23e672: posts the ante 45
a1c83dad: posts the ante 45
494d12f7: posts the ante 45
Hero: posts the ante 45
18c10874: posts the ante 45
7911a201: posts the ante 45
e2149d01: posts small blind 150
7911a201: posts big blind 300
*** HOLE CARDS ***
Dealt to 7911a201 
Dealt to 18c10874 
Dealt to 2d23e672 
Dealt to Hero [6c Th]
Dealt to f73f30b6 
Dealt to 494d12f7 
Dealt to a1c83dad 
Dealt to e2149d01 
18c10874: folds
2d23e672: folds
Hero: folds
f73f30b6: folds
494d12f7: folds
a1c83dad: folds
e2149d01: calls 150
7911a201: raises 750 to 1,050
e2149d01: calls 750
*** FLOP *** [6h Qc 6d]
e2149d01: checks
7911a201: bets 812
e2149d01: calls 812
*** TURN *** [6h Qc 6d] [6s]
e2149d01: checks
7911a201: checks
*** RIVER *** [6h Qc 6d 6s] [7s]
e2149d01: checks
7911a201: checks
e2149d01: shows [Ad 4d] (three of a kind, Sixes)
7911a201: shows [As 9h] (three of a kind, Sixes)
*** SHOWDOWN ***
7911a201 collected 2,042 from pot
e2149d01 collected 2,042 from pot
*** SUMMARY ***
Total pot 4,084 | Rake 0 | Jackpot 0 | Bingo 0 | Fortune 0 | Tax 0
Board [6h Qc 6d 6s 7s]
Seat 1: 7911a201 (big blind) showed [As 9h] and won (2,042) with three of a kind, Sixes
Seat 2: 18c10874 folded before Flop
Seat 3: 2d23e672 folded before Flop
Seat 4: Hero folded before Flop
Seat 5: f73f30b6 folded before Flop
Seat 6: 494d12f7 folded before Flop
Seat 7: a1c83dad (button) folded before Flop
Seat 8: e2149d01 (small blind) showed [Ad 4d] and won (2,042) with three of a kind, Sixes


Poker Hand #TM312451182: Tournament #209319729, 233-M: $55 Bounty Hunters Daily Main [8-Max] Hold'em No Limit - Level3(150/300) - 2025/05/29 19:06:27
Table '91' 8-max Seat #6 is the button
Seat 1: 7911a201 (14,314 in chips)
Seat 2: 18c10874 (24,245 in chips)
Seat 3: 2d23e672 (36,007 in chips)
Seat 4: Hero (24,955 in chips)
Seat 5: f73f30b6 (21,964 in chips)
Seat 6: 494d12f7 (30,697 in chips)
Seat 7: a1c83dad (13,591 in chips)
Seat 8: e2149d01 (45,987 in chips)
f73f30b6: posts the ante 45
e2149d01: posts the ante 45
2d23e672: posts the ante 45
494d12f7: posts the ante 45
a1c83dad: posts the ante 45
Hero: posts the ante 45
18c10874: posts the ante 45
7911a201: posts the ante 45
a1c83dad: posts small blind 150
e2149d01: posts big blind 300
*** HOLE CARDS ***
Dealt to 7911a201 
Dealt to 18c10874 
Dealt to 2d23e672 
Dealt to Hero [2h Ks]
Dealt to f73f30b6 
Dealt to 494d12f7 
Dealt to a1c83dad 
Dealt to e2149d01 
7911a201: folds
18c10874: folds
2d23e672: folds
Hero: folds
f73f30b6: raises 300 to 600
494d12f7: calls 600
a1c83dad: calls 450
e2149d01: folds
*** FLOP *** [Qd 7h 3s]
a1c83dad: checks
f73f30b6: checks
494d12f7: checks
*** TURN *** [Qd 7h 3s] [Ah]
a1c83dad: checks
f73f30b6: checks
494d12f7: checks
*** RIVER *** [Qd 7h 3s Ah] [As]
a1c83dad: bets 3,000
f73f30b6: folds
494d12f7: folds
Uncalled bet (3,000) returned to a1c83dad
*** SHOWDOWN ***
a1c83dad collected 2,460 from pot
*** SUMMARY ***
Total pot 2,460 | Rake 0 | Jackpot 0 | Bingo 0 | Fortune 0 | Tax 0
Board [Qd 7h 3s Ah As]
Seat 1: 7911a201 folded before Flop
Seat 2: 18c10874 folded before Flop
Seat 3: 2d23e672 folded before Flop
Seat 4: Hero folded before Flop
Seat 5: f73f30b6 folded on the River
Seat 6: 494d12f7 (button) folded on the River
Seat 7: a1c83dad (small blind) won (2,460)
Seat 8: e2149d01 (big blind) folded before Flop


Poker Hand #TM312451005: Tournament #209319729, 233-M: $55 Bounty Hunters Daily Main [8-Max] Hold'em No Limit - Level3(150/300) - 2025/05/29 19:04:09
Table '91' 8-max Seat #5 is the button
Seat 1: 7911a201 (14,359 in chips)
Seat 2: 18c10874 (24,290 in chips)
Seat 3: 2d23e672 (25,874 in chips)
Seat 4: Hero (25,000 in chips)
Seat 5: f73f30b6 (31,377 in chips)
Seat 6: 494d12f7 (30,892 in chips)
Seat 7: a1c83dad (13,936 in chips)
Seat 8: e2149d01 (46,032 in chips)
f73f30b6: posts the ante 45
e2149d01: posts the ante 45
2d23e672: posts the ante 45
a1c83dad: posts the ante 45
494d12f7: posts the ante 45
Hero: posts the ante 45
18c10874: posts the ante 45
7911a201: posts the ante 45
494d12f7: posts small blind 150
a1c83dad: posts big blind 300
*** HOLE CARDS ***
Dealt to 7911a201 
Dealt to 18c10874 
Dealt to 2d23e672 
Dealt to Hero [9d 7s]
Dealt to f73f30b6 
Dealt to 494d12f7 
Dealt to a1c83dad 
Dealt to e2149d01 
e2149d01: folds
7911a201: folds
18c10874: folds
2d23e672: raises 300 to 600
Hero: folds
f73f30b6: raises 1,500 to 2,100
494d12f7: folds
a1c83dad: folds
2d23e672: calls 1,500
*** FLOP *** [As 7d 4s]
2d23e672: checks
f73f30b6: bets 1,253
2d23e672: raises 1,879 to 3,132
f73f30b6: calls 1,879
*** TURN *** [As 7d 4s] [6h]
2d23e672: bets 4,136
f73f30b6: calls 4,136
*** RIVER *** [As 7d 4s 6h] [3s]
2d23e672: bets 16,461
f73f30b6: folds
Uncalled bet (16,461) returned to 2d23e672
*** SHOWDOWN ***
2d23e672 collected 19,546 from pot
*** SUMMARY ***
Total pot 19,546 | Rake 0 | Jackpot 0 | Bingo 0 | Fortune 0 | Tax 0
Board [As 7d 4s 6h 3s]
Seat 1: 7911a201 folded before Flop
Seat 2: 18c10874 folded before Flop
Seat 3: 2d23e672 won (19,546)
Seat 4: Hero folded before Flop
Seat 5: f73f30b6 (button) folded on the River
Seat 6: 494d12f7 (small blind) folded before Flop
Seat 7: a1c83dad (big blind) folded before Flop
Seat 8: e2149d01 folded before Flop


