Poker Hand #TM314384218: Tournament #208273370, GGMasters Classic $25, $45K GTD Hold'em No Limit - Level16(500/1,000) - 2025/05/29 21:49:14
Table '34' 8-max Seat #5 is the button
Seat 1: 5fc5ed2d (26,781 in chips)
Seat 2: b4f41a5 (9,882 in chips)
Seat 3: 61ba5005 (56,109 in chips)
Seat 4: 96898fc6 (20,085 in chips)
Seat 5: 252d04e3 (34,135 in chips)
Seat 6: 107c83a8 (20,750 in chips)
Seat 7: Hero (9,875 in chips)
Seat 8: 8750ea74 (33,852 in chips)
b4f41a5: posts the ante 125
61ba5005: posts the ante 125
96898fc6: posts the ante 125
5fc5ed2d: posts the ante 125
8750ea74: posts the ante 125
252d04e3: posts the ante 125
Hero: posts the ante 125
107c83a8: posts the ante 125
107c83a8: posts small blind 500
Hero: posts big blind 1,000
*** HOLE CARDS ***
Dealt to 5fc5ed2d 
Dealt to b4f41a5 
Dealt to 61ba5005 
Dealt to 96898fc6 
Dealt to 252d04e3 
Dealt to 107c83a8 
Dealt to Hero [7s 5d]
Dealt to 8750ea74 
8750ea74: folds
5fc5ed2d: folds
b4f41a5: folds
61ba5005: folds
96898fc6: raises 1,000 to 2,000
252d04e3: folds
107c83a8: folds
Hero: calls 1,000
*** FLOP *** [9d 8h 5h]
Hero: checks
96898fc6: bets 17,960
Hero: calls 7,750
Uncalled bet (10,210) returned to 96898fc6
96898fc6: shows [Kh 2h] (King high)
Hero: shows [7s 5d] (a pair of Fives)
*** TURN *** [9d 8h 5h] [5c]
*** RIVER *** [9d 8h 5h 5c] [Jh]
*** SHOWDOWN ***
96898fc6 collected 21,000 from pot
*** SUMMARY ***
Total pot 21,000 | Rake 0 | Jackpot 0 | Bingo 0 | Fortune 0 | Tax 0
Board [9d 8h 5h 5c Jh]
Seat 1: 5fc5ed2d folded before Flop
Seat 2: b4f41a5 folded before Flop
Seat 3: 61ba5005 folded before Flop
Seat 4: 96898fc6 showed [Kh 2h] and won (21,000) with a flush King high
Seat 5: 252d04e3 (button) folded before Flop
Seat 6: 107c83a8 (small blind) folded before Flop
Seat 7: Hero (big blind) showed [7s 5d] and lost with three of a kind, Fives
Seat 8: 8750ea74 folded before Flop


Poker Hand #TM314384170: Tournament #208273370, GGMasters Classic $25, $45K GTD Hold'em No Limit - Level16(500/1,000) - 2025/05/29 21:48:16
Table '34' 8-max Seat #4 is the button
Seat 1: 5fc5ed2d (26,906 in chips)
Seat 2: b4f41a5 (10,007 in chips)
Seat 3: 61ba5005 (56,234 in chips)
Seat 4: 96898fc6 (20,210 in chips)
Seat 5: 252d04e3 (44,135 in chips)
Seat 6: 107c83a8 (10,000 in chips)
Seat 7: Hero (10,000 in chips)
Seat 8: 8750ea74 (33,977 in chips)
b4f41a5: posts the ante 125
61ba5005: posts the ante 125
96898fc6: posts the ante 125
5fc5ed2d: posts the ante 125
8750ea74: posts the ante 125
252d04e3: posts the ante 125
252d04e3: posts small blind 500
Hero: posts the ante 125
107c83a8: posts the ante 125
107c83a8: posts big blind 1,000
*** HOLE CARDS ***
Dealt to 5fc5ed2d 
Dealt to b4f41a5 
Dealt to 61ba5005 
Dealt to 96898fc6 
Dealt to 252d04e3 
Dealt to 107c83a8 
Dealt to Hero [8s Kh]
Dealt to 8750ea74 
Hero: folds
8750ea74: folds
5fc5ed2d: folds
b4f41a5: folds
61ba5005: folds
96898fc6: folds
252d04e3: calls 500
107c83a8: raises 8,875 to 9,875
252d04e3: calls 8,875
107c83a8: shows [6h 6c]
252d04e3: shows [Kd 3d]
*** FLOP *** [As 4c 8c]
*** TURN *** [As 4c 8c] [Td]
*** RIVER *** [As 4c 8c Td] [Ac]
*** SHOWDOWN ***
107c83a8 collected 20,750 from pot
*** SUMMARY ***
Total pot 20,750 | Rake 0 | Jackpot 0 | Bingo 0 | Fortune 0 | Tax 0
Board [As 4c 8c Td Ac]
Seat 1: 5fc5ed2d folded before Flop
Seat 2: b4f41a5 folded before Flop
Seat 3: 61ba5005 folded before Flop
Seat 4: 96898fc6 (button) folded before Flop
Seat 5: 252d04e3 (small blind) showed [Kd 3d] and lost with a pair of Aces
Seat 6: 107c83a8 (big blind) showed [6h 6c] and won (20,750) with two pair, Aces and Sixes
Seat 7: Hero folded before Flop
Seat 8: 8750ea74 folded before Flop


