Poker Hand #TM309671597: Tournament #208374549, 226-M: $55 Bounty Hunters Daily Main [6-Max] Hold'em No Limit - Level9(500/1,000) - 2025/05/28 20:24:09
Table '20' 6-max Seat #2 is the button
Seat 1: 96b6ae2 (25,047 in chips)
Seat 2: 88fa43e4 (171,251 in chips)
Seat 3: 71cff488 (38,140 in chips)
Seat 4: Hero (26,496 in chips)
Seat 5: b52c2b8b (49,651 in chips)
Seat 6: e6f812f6 (55,990 in chips)
e6f812f6: posts the ante 150
b52c2b8b: posts the ante 150
71cff488: posts the ante 150
88fa43e4: posts the ante 150
Hero: posts the ante 150
96b6ae2: posts the ante 150
71cff488: posts small blind 500
Hero: posts big blind 1,000
*** HOLE CARDS ***
Dealt to 96b6ae2 
Dealt to 88fa43e4 
Dealt to 71cff488 
Dealt to Hero [9h Ts]
Dealt to b52c2b8b 
Dealt to e6f812f6 
b52c2b8b: folds
e6f812f6: raises 1,000 to 2,000
96b6ae2: folds
88fa43e4: folds
71cff488: folds
Hero: calls 1,000
*** FLOP *** [7d 8s 9c]
Hero: checks
e6f812f6: bets 3,564
Hero: raises 4,564 to 8,128
e6f812f6: calls 4,564
*** TURN *** [7d 8s 9c] [Js]
Hero: bets 16,218
e6f812f6: calls 16,218
Hero: shows [9h Ts] (a straight, Jack to Seven)
e6f812f6: shows [9s Ks] (a pair of Nines)
*** RIVER *** [7d 8s 9c Js] [2s]
*** SHOWDOWN ***
e6f812f6 collected 54,092 from pot
*** SUMMARY ***
Total pot 54,092 | Rake 0 | Jackpot 0 | Bingo 0 | Fortune 0 | Tax 0
Board [7d 8s 9c Js 2s]
Seat 1: 96b6ae2 folded before Flop
Seat 2: 88fa43e4 (button) folded before Flop
Seat 3: 71cff488 (small blind) folded before Flop
Seat 4: Hero (big blind) showed [9h Ts] and lost with a straight, Jack to Seven
Seat 5: b52c2b8b folded before Flop
Seat 6: e6f812f6 showed [9s Ks] and won (54,092) with a flush King high


Poker Hand #TM309671534: Tournament #208374549, 226-M: $55 Bounty Hunters Daily Main [6-Max] Hold'em No Limit - Level9(500/1,000) - 2025/05/28 20:23:42
Table '20' 6-max Seat #1 is the button
Seat 1: 96b6ae2 (25,197 in chips)
Seat 2: 88fa43e4 (169,501 in chips)
Seat 3: 71cff488 (39,290 in chips)
Seat 4: Hero (26,646 in chips)
Seat 5: b52c2b8b (49,801 in chips)
Seat 6: e6f812f6 (56,140 in chips)
e6f812f6: posts the ante 150
b52c2b8b: posts the ante 150
71cff488: posts the ante 150
Hero: posts the ante 150
88fa43e4: posts the ante 150
96b6ae2: posts the ante 150
88fa43e4: posts small blind 500
71cff488: posts big blind 1,000
*** HOLE CARDS ***
Dealt to 96b6ae2 
Dealt to 88fa43e4 
Dealt to 71cff488 
Dealt to Hero [7c Qs]
Dealt to b52c2b8b 
Dealt to e6f812f6 
Hero: folds
b52c2b8b: folds
e6f812f6: folds
96b6ae2: folds
88fa43e4: raises 2,000 to 3,000
71cff488: folds
Uncalled bet (2,000) returned to 88fa43e4
*** SHOWDOWN ***
88fa43e4 collected 2,900 from pot
*** SUMMARY ***
Total pot 2,900 | Rake 0 | Jackpot 0 | Bingo 0 | Fortune 0 | Tax 0
Seat 1: 96b6ae2 (button) folded before Flop
Seat 2: 88fa43e4 (small blind) collected (2,900)
Seat 3: 71cff488 (big blind) folded before Flop
Seat 4: Hero folded before Flop
Seat 5: b52c2b8b folded before Flop
Seat 6: e6f812f6 folded before Flop


Poker Hand #TM309671435: Tournament #208374549, 226-M: $55 Bounty Hunters Daily Main [6-Max] Hold'em No Limit - Level9(500/1,000) - 2025/05/28 20:22:57
Table '20' 6-max Seat #6 is the button
Seat 1: 96b6ae2 (25,847 in chips)
Seat 2: 88fa43e4 (170,651 in chips)
Seat 3: 71cff488 (39,440 in chips)
Seat 4: Hero (26,796 in chips)
Seat 5: b52c2b8b (49,951 in chips)
Seat 6: e6f812f6 (53,890 in chips)
e6f812f6: posts the ante 150
b52c2b8b: posts the ante 150
71cff488: posts the ante 150
Hero: posts the ante 150
88fa43e4: posts the ante 150
96b6ae2: posts the ante 150
96b6ae2: posts small blind 500
88fa43e4: posts big blind 1,000
*** HOLE CARDS ***
Dealt to 96b6ae2 
Dealt to 88fa43e4 
Dealt to 71cff488 
Dealt to Hero [Qd 9c]
Dealt to b52c2b8b 
Dealt to e6f812f6 
71cff488: folds
Hero: folds
b52c2b8b: folds
e6f812f6: raises 1,000 to 2,000
96b6ae2: folds
88fa43e4: folds
Uncalled bet (1,000) returned to e6f812f6
*** SHOWDOWN ***
e6f812f6 collected 3,400 from pot
*** SUMMARY ***
Total pot 3,400 | Rake 0 | Jackpot 0 | Bingo 0 | Fortune 0 | Tax 0
Seat 1: 96b6ae2 (small blind) folded before Flop
Seat 2: 88fa43e4 (big blind) folded before Flop
Seat 3: 71cff488 folded before Flop
Seat 4: Hero folded before Flop
Seat 5: b52c2b8b folded before Flop
Seat 6: e6f812f6 (button) collected (3,400)


Poker Hand #TM309671320: Tournament #208374549, 226-M: $55 Bounty Hunters Daily Main [6-Max] Hold'em No Limit - Level9(500/1,000) - 2025/05/28 20:22:06
Table '20' 6-max Seat #5 is the button
Seat 1: 96b6ae2 (26,997 in chips)
Seat 2: 88fa43e4 (170,801 in chips)
Seat 3: 71cff488 (39,590 in chips)
Seat 4: Hero (26,946 in chips)
Seat 5: b52c2b8b (40,701 in chips)
Seat 6: e6f812f6 (61,540 in chips)
b52c2b8b: posts the ante 150
e6f812f6: posts the ante 150
71cff488: posts the ante 150
Hero: posts the ante 150
88fa43e4: posts the ante 150
96b6ae2: posts the ante 150
e6f812f6: posts small blind 500
96b6ae2: posts big blind 1,000
*** HOLE CARDS ***
Dealt to 96b6ae2 
Dealt to 88fa43e4 
Dealt to 71cff488 
Dealt to Hero [3h 9h]
Dealt to b52c2b8b 
Dealt to e6f812f6 
88fa43e4: folds
71cff488: folds
Hero: folds
b52c2b8b: raises 1,200 to 2,200
e6f812f6: raises 5,300 to 7,500
96b6ae2: folds
b52c2b8b: raises 33,051 to 40,551
e6f812f6: folds
Uncalled bet (33,051) returned to b52c2b8b
*** SHOWDOWN ***
b52c2b8b collected 16,900 from pot
*** SUMMARY ***
Total pot 16,900 | Rake 0 | Jackpot 0 | Bingo 0 | Fortune 0 | Tax 0
Seat 1: 96b6ae2 (big blind) folded before Flop
Seat 2: 88fa43e4 folded before Flop
Seat 3: 71cff488 folded before Flop
Seat 4: Hero folded before Flop
Seat 5: b52c2b8b (button) collected (16,900)
Seat 6: e6f812f6 (small blind) folded before Flop


Poker Hand #TM309671249: Tournament #208374549, 226-M: $55 Bounty Hunters Daily Main [6-Max] Hold'em No Limit - Level9(500/1,000) - 2025/05/28 20:21:34
Table '20' 6-max Seat #4 is the button
Seat 1: 96b6ae2 (27,147 in chips)
Seat 2: 88fa43e4 (168,551 in chips)
Seat 3: 71cff488 (39,740 in chips)
Seat 4: Hero (27,096 in chips)
Seat 5: b52c2b8b (41,351 in chips)
Seat 6: e6f812f6 (62,690 in chips)
e6f812f6: posts the ante 150
b52c2b8b: posts the ante 150
71cff488: posts the ante 150
Hero: posts the ante 150
88fa43e4: posts the ante 150
96b6ae2: posts the ante 150
b52c2b8b: posts small blind 500
e6f812f6: posts big blind 1,000
*** HOLE CARDS ***
Dealt to 96b6ae2 
Dealt to 88fa43e4 
Dealt to 71cff488 
Dealt to Hero [7c 9s]
Dealt to b52c2b8b 
Dealt to e6f812f6 
96b6ae2: folds
88fa43e4: raises 2,000 to 3,000
71cff488: folds
Hero: folds
b52c2b8b: folds
e6f812f6: folds
Uncalled bet (2,000) returned to 88fa43e4
*** SHOWDOWN ***
88fa43e4 collected 3,400 from pot
*** SUMMARY ***
Total pot 3,400 | Rake 0 | Jackpot 0 | Bingo 0 | Fortune 0 | Tax 0
Seat 1: 96b6ae2 folded before Flop
Seat 2: 88fa43e4 collected (3,400)
Seat 3: 71cff488 folded before Flop
Seat 4: Hero (button) folded before Flop
Seat 5: b52c2b8b (small blind) folded before Flop
Seat 6: e6f812f6 (big blind) folded before Flop


Poker Hand #TM309671120: Tournament #208374549, 226-M: $55 Bounty Hunters Daily Main [6-Max] Hold'em No Limit - Level8(400/800) - 2025/05/28 20:20:37
Table '20' 6-max Seat #3 is the button
Seat 1: 96b6ae2 (27,267 in chips)
Seat 2: 88fa43e4 (164,751 in chips)
Seat 3: 71cff488 (39,860 in chips)
Seat 4: Hero (28,816 in chips)
Seat 5: b52c2b8b (43,071 in chips)
Seat 6: e6f812f6 (62,810 in chips)
e6f812f6: posts the ante 120
b52c2b8b: posts the ante 120
71cff488: posts the ante 120
88fa43e4: posts the ante 120
Hero: posts the ante 120
96b6ae2: posts the ante 120
Hero: posts small blind 400
b52c2b8b: posts big blind 800
*** HOLE CARDS ***
Dealt to 96b6ae2 
Dealt to 88fa43e4 
Dealt to 71cff488 
Dealt to Hero [Ac 4c]
Dealt to b52c2b8b 
Dealt to e6f812f6 
e6f812f6: folds
96b6ae2: folds
88fa43e4: raises 800 to 1,600
71cff488: folds
Hero: calls 1,200
b52c2b8b: calls 800
*** FLOP *** [Tc 7s Kd]
Hero: checks
b52c2b8b: checks
88fa43e4: bets 4,140
Hero: folds
b52c2b8b: folds
Uncalled bet (4,140) returned to 88fa43e4
*** SHOWDOWN ***
88fa43e4 collected 5,520 from pot
*** SUMMARY ***
Total pot 5,520 | Rake 0 | Jackpot 0 | Bingo 0 | Fortune 0 | Tax 0
Board [Tc 7s Kd]
Seat 1: 96b6ae2 folded before Flop
Seat 2: 88fa43e4 won (5,520)
Seat 3: 71cff488 (button) folded before Flop
Seat 4: Hero (small blind) folded on the Flop
Seat 5: b52c2b8b (big blind) folded on the Flop
Seat 6: e6f812f6 folded before Flop


Poker Hand #TM309670877: Tournament #208374549, 226-M: $55 Bounty Hunters Daily Main [6-Max] Hold'em No Limit - Level8(400/800) - 2025/05/28 20:18:44
Table '20' 6-max Seat #2 is the button
Seat 1: 96b6ae2 (27,387 in chips)
Seat 2: 88fa43e4 (164,871 in chips)
Seat 3: 71cff488 (40,380 in chips)
Seat 4: Hero (34,153 in chips)
Seat 5: b52c2b8b (36,854 in chips)
Seat 6: e6f812f6 (62,930 in chips)
e6f812f6: posts the ante 120
b52c2b8b: posts the ante 120
71cff488: posts the ante 120
88fa43e4: posts the ante 120
Hero: posts the ante 120
96b6ae2: posts the ante 120
71cff488: posts small blind 400
Hero: posts big blind 800
*** HOLE CARDS ***
Dealt to 96b6ae2 
Dealt to 88fa43e4 
Dealt to 71cff488 
Dealt to Hero [5d 7d]
Dealt to b52c2b8b 
Dealt to e6f812f6 
b52c2b8b: raises 960 to 1,760
e6f812f6: folds
96b6ae2: folds
88fa43e4: folds
71cff488: folds
Hero: calls 960
*** FLOP *** [Ac 2d 8d]
Hero: checks
b52c2b8b: bets 1,160
Hero: calls 1,160
*** TURN *** [Ac 2d 8d] [Js]
Hero: checks
b52c2b8b: bets 2,297
Hero: calls 2,297
*** RIVER *** [Ac 2d 8d Js] [Ah]
Hero: checks
b52c2b8b: checks
Hero: shows [5d 7d] (a pair of Aces)
b52c2b8b: shows [Jc 9c] (two pair, Aces and Jacks)
*** SHOWDOWN ***
b52c2b8b collected 11,554 from pot
*** SUMMARY ***
Total pot 11,554 | Rake 0 | Jackpot 0 | Bingo 0 | Fortune 0 | Tax 0
Board [Ac 2d 8d Js Ah]
Seat 1: 96b6ae2 folded before Flop
Seat 2: 88fa43e4 (button) folded before Flop
Seat 3: 71cff488 (small blind) folded before Flop
Seat 4: Hero (big blind) showed [5d 7d] and lost with a pair of Aces
Seat 5: b52c2b8b showed [Jc 9c] and won (11,554) with two pair, Aces and Jacks
Seat 6: e6f812f6 folded before Flop


Poker Hand #TM309670802: Tournament #208374549, 226-M: $55 Bounty Hunters Daily Main [6-Max] Hold'em No Limit - Level8(400/800) - 2025/05/28 20:18:07
Table '20' 6-max Seat #1 is the button
Seat 1: 96b6ae2 (27,507 in chips)
Seat 2: 88fa43e4 (165,391 in chips)
Seat 3: 71cff488 (39,380 in chips)
Seat 4: Hero (34,273 in chips)
Seat 5: b52c2b8b (36,974 in chips)
Seat 6: e6f812f6 (63,050 in chips)
e6f812f6: posts the ante 120
b52c2b8b: posts the ante 120
71cff488: posts the ante 120
Hero: posts the ante 120
88fa43e4: posts the ante 120
96b6ae2: posts the ante 120
88fa43e4: posts small blind 400
71cff488: posts big blind 800
*** HOLE CARDS ***
Dealt to 96b6ae2 
Dealt to 88fa43e4 
Dealt to 71cff488 
Dealt to Hero [2d Qc]
Dealt to b52c2b8b 
Dealt to e6f812f6 
Hero: folds
b52c2b8b: folds
e6f812f6: folds
96b6ae2: folds
88fa43e4: folds
Uncalled bet (400) returned to 71cff488
*** SHOWDOWN ***
71cff488 collected 1,520 from pot
*** SUMMARY ***
Total pot 1,520 | Rake 0 | Jackpot 0 | Bingo 0 | Fortune 0 | Tax 0
Seat 1: 96b6ae2 (button) folded before Flop
Seat 2: 88fa43e4 (small blind) folded before Flop
Seat 3: 71cff488 (big blind) collected (1,520)
Seat 4: Hero folded before Flop
Seat 5: b52c2b8b folded before Flop
Seat 6: e6f812f6 folded before Flop


Poker Hand #TM309670730: Tournament #208374549, 226-M: $55 Bounty Hunters Daily Main [6-Max] Hold'em No Limit - Level8(400/800) - 2025/05/28 20:17:35
Table '20' 6-max Seat #6 is the button
Seat 1: 96b6ae2 (28,027 in chips)
Seat 2: 88fa43e4 (166,311 in chips)
Seat 3: 71cff488 (39,500 in chips)
Seat 4: Hero (34,393 in chips)
Seat 5: b52c2b8b (37,094 in chips)
Seat 6: e6f812f6 (61,250 in chips)
e6f812f6: posts the ante 120
b52c2b8b: posts the ante 120
71cff488: posts the ante 120
Hero: posts the ante 120
88fa43e4: posts the ante 120
96b6ae2: posts the ante 120
96b6ae2: posts small blind 400
88fa43e4: posts big blind 800
*** HOLE CARDS ***
Dealt to 96b6ae2 
Dealt to 88fa43e4 
Dealt to 71cff488 
Dealt to Hero [7d 8c]
Dealt to b52c2b8b 
Dealt to e6f812f6 
71cff488: folds
Hero: folds
b52c2b8b: folds
e6f812f6: raises 800 to 1,600
96b6ae2: folds
88fa43e4: folds
Uncalled bet (800) returned to e6f812f6
*** SHOWDOWN ***
e6f812f6 collected 2,720 from pot
*** SUMMARY ***
Total pot 2,720 | Rake 0 | Jackpot 0 | Bingo 0 | Fortune 0 | Tax 0
Seat 1: 96b6ae2 (small blind) folded before Flop
Seat 2: 88fa43e4 (big blind) folded before Flop
Seat 3: 71cff488 folded before Flop
Seat 4: Hero folded before Flop
Seat 5: b52c2b8b folded before Flop
Seat 6: e6f812f6 (button) collected (2,720)


Poker Hand #TM309670602: Tournament #208374549, 226-M: $55 Bounty Hunters Daily Main [6-Max] Hold'em No Limit - Level8(400/800) - 2025/05/28 20:16:36
Table '20' 6-max Seat #5 is the button
Seat 1: 96b6ae2 (28,947 in chips)
Seat 2: 88fa43e4 (166,431 in chips)
Seat 3: 71cff488 (39,620 in chips)
Seat 4: Hero (52,100 in chips)
Seat 5: b52c2b8b (17,707 in chips)
Seat 6: e6f812f6 (61,770 in chips)
b52c2b8b: posts the ante 120
e6f812f6: posts the ante 120
71cff488: posts the ante 120
Hero: posts the ante 120
88fa43e4: posts the ante 120
96b6ae2: posts the ante 120
e6f812f6: posts small blind 400
96b6ae2: posts big blind 800
*** HOLE CARDS ***
Dealt to 96b6ae2 
Dealt to 88fa43e4 
Dealt to 71cff488 
Dealt to Hero [5c 5d]
Dealt to b52c2b8b 
Dealt to e6f812f6 
88fa43e4: folds
71cff488: folds
Hero: raises 800 to 1,600
b52c2b8b: raises 15,987 to 17,587
e6f812f6: folds
96b6ae2: folds
Hero: calls 15,987
b52c2b8b: shows [6s 6c]
Hero: shows [5c 5d]
*** FLOP *** [Js 7c Ah]
*** TURN *** [Js 7c Ah] [6d]
*** RIVER *** [Js 7c Ah 6d] [8c]
*** SHOWDOWN ***
b52c2b8b collected 37,094 from pot
*** SUMMARY ***
Total pot 37,094 | Rake 0 | Jackpot 0 | Bingo 0 | Fortune 0 | Tax 0
Board [Js 7c Ah 6d 8c]
Seat 1: 96b6ae2 (big blind) folded before Flop
Seat 2: 88fa43e4 folded before Flop
Seat 3: 71cff488 folded before Flop
Seat 4: Hero showed [5c 5d] and lost with a pair of Fives
Seat 5: b52c2b8b (button) showed [6s 6c] and won (37,094) with three of a kind, Sixes
Seat 6: e6f812f6 (small blind) folded before Flop


Poker Hand #TM309670443: Tournament #208374549, 226-M: $55 Bounty Hunters Daily Main [6-Max] Hold'em No Limit - Level8(400/800) - 2025/05/28 20:15:25
Table '20' 6-max Seat #4 is the button
Seat 1: 96b6ae2 (29,067 in chips)
Seat 2: 88fa43e4 (166,551 in chips)
Seat 3: 71cff488 (39,740 in chips)
Seat 4: Hero (52,220 in chips)
Seat 5: b52c2b8b (15,507 in chips)
Seat 6: e6f812f6 (63,490 in chips)
e6f812f6: posts the ante 120
b52c2b8b: posts the ante 120
71cff488: posts the ante 120
Hero: posts the ante 120
88fa43e4: posts the ante 120
96b6ae2: posts the ante 120
b52c2b8b: posts small blind 400
e6f812f6: posts big blind 800
*** HOLE CARDS ***
Dealt to 96b6ae2 
Dealt to 88fa43e4 
Dealt to 71cff488 
Dealt to Hero [Jc 5s]
Dealt to b52c2b8b 
Dealt to e6f812f6 
96b6ae2: folds
88fa43e4: folds
71cff488: folds
Hero: folds
b52c2b8b: calls 400
e6f812f6: checks
*** FLOP *** [8c 5h Kc]
b52c2b8b: bets 800
e6f812f6: calls 800
*** TURN *** [8c 5h Kc] [Tc]
b52c2b8b: bets 3,136
e6f812f6: folds
Uncalled bet (3,136) returned to b52c2b8b
*** SHOWDOWN ***
b52c2b8b collected 3,920 from pot
*** SUMMARY ***
Total pot 3,920 | Rake 0 | Jackpot 0 | Bingo 0 | Fortune 0 | Tax 0
Board [8c 5h Kc Tc]
Seat 1: 96b6ae2 folded before Flop
Seat 2: 88fa43e4 folded before Flop
Seat 3: 71cff488 folded before Flop
Seat 4: Hero (button) folded before Flop
Seat 5: b52c2b8b (small blind) won (3,920)
Seat 6: e6f812f6 (big blind) folded on the Turn


Poker Hand #TM309670315: Tournament #208374549, 226-M: $55 Bounty Hunters Daily Main [6-Max] Hold'em No Limit - Level8(400/800) - 2025/05/28 20:14:27
Table '20' 6-max Seat #3 is the button
Seat 1: 96b6ae2 (29,187 in chips)
Seat 2: 88fa43e4 (172,271 in chips)
Seat 3: 71cff488 (39,860 in chips)
Seat 4: Hero (45,220 in chips)
Seat 5: b52c2b8b (16,427 in chips)
Seat 6: e6f812f6 (63,610 in chips)
e6f812f6: posts the ante 120
b52c2b8b: posts the ante 120
71cff488: posts the ante 120
88fa43e4: posts the ante 120
Hero: posts the ante 120
96b6ae2: posts the ante 120
Hero: posts small blind 400
b52c2b8b: posts big blind 800
*** HOLE CARDS ***
Dealt to 96b6ae2 
Dealt to 88fa43e4 
Dealt to 71cff488 
Dealt to Hero [Ks Jh]
Dealt to b52c2b8b 
Dealt to e6f812f6 
e6f812f6: folds
96b6ae2: folds
88fa43e4: raises 800 to 1,600
71cff488: folds
Hero: calls 1,200
b52c2b8b: folds
*** FLOP *** [Kc Tc 5h]
Hero: checks
88fa43e4: checks
*** TURN *** [Kc Tc 5h] [Th]
Hero: checks
88fa43e4: bets 4,000
Hero: calls 4,000
*** RIVER *** [Kc Tc 5h Th] [6d]
Hero: checks
88fa43e4: checks
Hero: shows [Ks Jh] (two pair, Kings and Tens)
88fa43e4: shows [Ah Qh] (a pair of Tens)
*** SHOWDOWN ***
Hero collected 12,720 from pot
*** SUMMARY ***
Total pot 12,720 | Rake 0 | Jackpot 0 | Bingo 0 | Fortune 0 | Tax 0
Board [Kc Tc 5h Th 6d]
Seat 1: 96b6ae2 folded before Flop
Seat 2: 88fa43e4 showed [Ah Qh] and lost with a pair of Tens
Seat 3: 71cff488 (button) folded before Flop
Seat 4: Hero (small blind) showed [Ks Jh] and won (12,720) with two pair, Kings and Tens
Seat 5: b52c2b8b (big blind) folded before Flop
Seat 6: e6f812f6 folded before Flop


Poker Hand #TM309670201: Tournament #208374549, 226-M: $55 Bounty Hunters Daily Main [6-Max] Hold'em No Limit - Level8(400/800) - 2025/05/28 20:13:35
Table '20' 6-max Seat #2 is the button
Seat 1: 96b6ae2 (54,347 in chips)
Seat 2: 88fa43e4 (145,431 in chips)
Seat 3: 71cff488 (40,380 in chips)
Seat 4: Hero (46,140 in chips)
Seat 5: b52c2b8b (16,547 in chips)
Seat 6: e6f812f6 (63,730 in chips)
e6f812f6: posts the ante 120
b52c2b8b: posts the ante 120
71cff488: posts the ante 120
88fa43e4: posts the ante 120
Hero: posts the ante 120
96b6ae2: posts the ante 120
71cff488: posts small blind 400
Hero: posts big blind 800
*** HOLE CARDS ***
Dealt to 96b6ae2 
Dealt to 88fa43e4 
Dealt to 71cff488 
Dealt to Hero [Jh 5d]
Dealt to b52c2b8b 
Dealt to e6f812f6 
b52c2b8b: folds
e6f812f6: folds
96b6ae2: raises 800 to 1,600
88fa43e4: calls 1,600
71cff488: folds
Hero: folds
*** FLOP *** [Ks Jc Qh]
96b6ae2: checks
88fa43e4: bets 1,600
96b6ae2: calls 1,600
*** TURN *** [Ks Jc Qh] [7s]
96b6ae2: checks
88fa43e4: bets 6,240
96b6ae2: calls 6,240
*** RIVER *** [Ks Jc Qh 7s] [6d]
96b6ae2: checks
88fa43e4: bets 15,600
96b6ae2: calls 15,600
88fa43e4: shows [Kd 9h] (a pair of Kings)
96b6ae2: shows [8h Qc] (a pair of Queens)
*** SHOWDOWN ***
88fa43e4 collected 52,000 from pot
*** SUMMARY ***
Total pot 52,000 | Rake 0 | Jackpot 0 | Bingo 0 | Fortune 0 | Tax 0
Board [Ks Jc Qh 7s 6d]
Seat 1: 96b6ae2 showed [8h Qc] and lost with a pair of Queens
Seat 2: 88fa43e4 (button) showed [Kd 9h] and won (52,000) with a pair of Kings
Seat 3: 71cff488 (small blind) folded before Flop
Seat 4: Hero (big blind) folded before Flop
Seat 5: b52c2b8b folded before Flop
Seat 6: e6f812f6 folded before Flop


Poker Hand #TM309670106: Tournament #208374549, 226-M: $55 Bounty Hunters Daily Main [6-Max] Hold'em No Limit - Level8(400/800) - 2025/05/28 20:12:51
Table '20' 6-max Seat #1 is the button
Seat 1: 96b6ae2 (54,467 in chips)
Seat 2: 88fa43e4 (145,951 in chips)
Seat 3: 71cff488 (41,300 in chips)
Seat 4: Hero (46,260 in chips)
Seat 5: b52c2b8b (14,747 in chips)
Seat 6: e6f812f6 (63,850 in chips)
e6f812f6: posts the ante 120
b52c2b8b: posts the ante 120
71cff488: posts the ante 120
Hero: posts the ante 120
88fa43e4: posts the ante 120
96b6ae2: posts the ante 120
88fa43e4: posts small blind 400
71cff488: posts big blind 800
*** HOLE CARDS ***
Dealt to 96b6ae2 
Dealt to 88fa43e4 
Dealt to 71cff488 
Dealt to Hero [6h 8d]
Dealt to b52c2b8b 
Dealt to e6f812f6 
Hero: folds
b52c2b8b: raises 800 to 1,600
e6f812f6: folds
96b6ae2: folds
88fa43e4: folds
71cff488: folds
Uncalled bet (800) returned to b52c2b8b
*** SHOWDOWN ***
b52c2b8b collected 2,720 from pot
*** SUMMARY ***
Total pot 2,720 | Rake 0 | Jackpot 0 | Bingo 0 | Fortune 0 | Tax 0
Seat 1: 96b6ae2 (button) folded before Flop
Seat 2: 88fa43e4 (small blind) folded before Flop
Seat 3: 71cff488 (big blind) folded before Flop
Seat 4: Hero folded before Flop
Seat 5: b52c2b8b collected (2,720)
Seat 6: e6f812f6 folded before Flop


Poker Hand #TM309670053: Tournament #208374549, 226-M: $55 Bounty Hunters Daily Main [6-Max] Hold'em No Limit - Level8(400/800) - 2025/05/28 20:12:22
Table '20' 6-max Seat #6 is the button
Seat 1: 96b6ae2 (54,987 in chips)
Seat 2: 88fa43e4 (147,671 in chips)
Seat 3: 71cff488 (41,420 in chips)
Seat 4: Hero (43,660 in chips)
Seat 5: b52c2b8b (14,867 in chips)
Seat 6: e6f812f6 (63,970 in chips)
e6f812f6: posts the ante 120
b52c2b8b: posts the ante 120
71cff488: posts the ante 120
Hero: posts the ante 120
88fa43e4: posts the ante 120
96b6ae2: posts the ante 120
96b6ae2: posts small blind 400
88fa43e4: posts big blind 800
*** HOLE CARDS ***
Dealt to 96b6ae2 
Dealt to 88fa43e4 
Dealt to 71cff488 
Dealt to Hero [Tc Kd]
Dealt to b52c2b8b 
Dealt to e6f812f6 
71cff488: folds
Hero: raises 800 to 1,600
b52c2b8b: folds
e6f812f6: folds
96b6ae2: folds
88fa43e4: calls 800
*** FLOP *** [9h 7c Th]
88fa43e4: checks
Hero: bets 1,426
88fa43e4: folds
Uncalled bet (1,426) returned to Hero
*** SHOWDOWN ***
Hero collected 4,320 from pot
*** SUMMARY ***
Total pot 4,320 | Rake 0 | Jackpot 0 | Bingo 0 | Fortune 0 | Tax 0
Board [9h 7c Th]
Seat 1: 96b6ae2 (small blind) folded before Flop
Seat 2: 88fa43e4 (big blind) folded on the Flop
Seat 3: 71cff488 folded before Flop
Seat 4: Hero won (4,320)
Seat 5: b52c2b8b folded before Flop
Seat 6: e6f812f6 (button) folded before Flop


Poker Hand #TM309669980: Tournament #208374549, 226-M: $55 Bounty Hunters Daily Main [6-Max] Hold'em No Limit - Level8(400/800) - 2025/05/28 20:11:45
Table '20' 6-max Seat #5 is the button
Seat 1: 96b6ae2 (52,387 in chips)
Seat 2: 88fa43e4 (147,791 in chips)
Seat 3: 71cff488 (41,540 in chips)
Seat 4: Hero (43,780 in chips)
Seat 5: b52c2b8b (16,587 in chips)
Seat 6: e6f812f6 (64,490 in chips)
b52c2b8b: posts the ante 120
e6f812f6: posts the ante 120
71cff488: posts the ante 120
Hero: posts the ante 120
88fa43e4: posts the ante 120
96b6ae2: posts the ante 120
e6f812f6: posts small blind 400
96b6ae2: posts big blind 800
*** HOLE CARDS ***
Dealt to 96b6ae2 
Dealt to 88fa43e4 
Dealt to 71cff488 
Dealt to Hero [3c 2s]
Dealt to b52c2b8b 
Dealt to e6f812f6 
88fa43e4: folds
71cff488: folds
Hero: folds
b52c2b8b: raises 800 to 1,600
e6f812f6: folds
96b6ae2: raises 50,667 to 52,267
b52c2b8b: folds
Uncalled bet (50,667) returned to 96b6ae2
*** SHOWDOWN ***
96b6ae2 collected 4,320 from pot
*** SUMMARY ***
Total pot 4,320 | Rake 0 | Jackpot 0 | Bingo 0 | Fortune 0 | Tax 0
Seat 1: 96b6ae2 (big blind) collected (4,320)
Seat 2: 88fa43e4 folded before Flop
Seat 3: 71cff488 folded before Flop
Seat 4: Hero folded before Flop
Seat 5: b52c2b8b (button) folded before Flop
Seat 6: e6f812f6 (small blind) folded before Flop


Poker Hand #TM309669805: Tournament #208374549, 226-M: $55 Bounty Hunters Daily Main [6-Max] Hold'em No Limit - Level8(400/800) - 2025/05/28 20:10:20
Table '20' 6-max Seat #4 is the button
Seat 1: 96b6ae2 (52,507 in chips)
Seat 2: 88fa43e4 (148,711 in chips)
Seat 3: 71cff488 (41,660 in chips)
Seat 4: Hero (43,900 in chips)
Seat 5: b52c2b8b (5,409 in chips)
Seat 6: e6f812f6 (74,388 in chips)
e6f812f6: posts the ante 120
b52c2b8b: posts the ante 120
71cff488: posts the ante 120
Hero: posts the ante 120
88fa43e4: posts the ante 120
96b6ae2: posts the ante 120
b52c2b8b: posts small blind 400
e6f812f6: posts big blind 800
*** HOLE CARDS ***
Dealt to 96b6ae2 
Dealt to 88fa43e4 
Dealt to 71cff488 
Dealt to Hero [4s 2c]
Dealt to b52c2b8b 
Dealt to e6f812f6 
96b6ae2: folds
88fa43e4: raises 800 to 1,600
71cff488: folds
Hero: folds
b52c2b8b: raises 3,689 to 5,289
e6f812f6: calls 4,489
88fa43e4: raises 4,489 to 9,778
e6f812f6: calls 4,489
*** FLOP *** [Ts 4d Ad]
e6f812f6: checks
88fa43e4: bets 8,437
e6f812f6: folds
Uncalled bet (8,437) returned to 88fa43e4
88fa43e4: shows [2d Qc] (Ace high)
b52c2b8b: shows [Tc As] (two pair, Aces and Tens)
*** TURN *** [Ts 4d Ad] [9h]
*** RIVER *** [Ts 4d Ad 9h] [Js]
*** SHOWDOWN ***
b52c2b8b collected 16,587 from pot
88fa43e4 collected 8,978 from pot
*** SUMMARY ***
Total pot 25,565 | Rake 0 | Jackpot 0 | Bingo 0 | Fortune 0 | Tax 0
Board [Ts 4d Ad 9h Js]
Seat 1: 96b6ae2 folded before Flop
Seat 2: 88fa43e4 showed [2d Qc] and won (8,978) with Ace high
Seat 3: 71cff488 folded before Flop
Seat 4: Hero (button) folded before Flop
Seat 5: b52c2b8b (small blind) showed [Tc As] and won (16,587) with two pair, Aces and Tens
Seat 6: e6f812f6 (big blind) folded on the Flop


Poker Hand #TM309669690: Tournament #208374549, 226-M: $55 Bounty Hunters Daily Main [6-Max] Hold'em No Limit - Level8(400/800) - 2025/05/28 20:09:24
Table '20' 6-max Seat #3 is the button
Seat 1: 96b6ae2 (52,627 in chips)
Seat 2: 88fa43e4 (148,831 in chips)
Seat 3: 71cff488 (19,790 in chips)
Seat 4: Hero (45,620 in chips)
Seat 5: b52c2b8b (25,199 in chips)
Seat 6: e6f812f6 (74,508 in chips)
e6f812f6: posts the ante 120
b52c2b8b: posts the ante 120
71cff488: posts the ante 120
88fa43e4: posts the ante 120
Hero: posts the ante 120
96b6ae2: posts the ante 120
Hero: posts small blind 400
b52c2b8b: posts big blind 800
*** HOLE CARDS ***
Dealt to 96b6ae2 
Dealt to 88fa43e4 
Dealt to 71cff488 
Dealt to Hero [8c 6c]
Dealt to b52c2b8b 
Dealt to e6f812f6 
e6f812f6: folds
96b6ae2: folds
88fa43e4: folds
71cff488: raises 800 to 1,600
Hero: calls 1,200
b52c2b8b: raises 23,479 to 25,079
71cff488: calls 18,070
Hero: folds
Uncalled bet (5,409) returned to b52c2b8b
b52c2b8b: shows [5h 5c]
71cff488: shows [Jc Js]
*** FLOP *** [2d Ts Qc]
*** TURN *** [2d Ts Qc] [3h]
*** RIVER *** [2d Ts Qc 3h] [6h]
*** SHOWDOWN ***
71cff488 collected 41,660 from pot
*** SUMMARY ***
Total pot 41,660 | Rake 0 | Jackpot 0 | Bingo 0 | Fortune 0 | Tax 0
Board [2d Ts Qc 3h 6h]
Seat 1: 96b6ae2 folded before Flop
Seat 2: 88fa43e4 folded before Flop
Seat 3: 71cff488 (button) showed [Jc Js] and won (41,660) with a pair of Jacks
Seat 4: Hero (small blind) folded before Flop
Seat 5: b52c2b8b (big blind) showed [5h 5c] and lost with a pair of Fives
Seat 6: e6f812f6 folded before Flop


Poker Hand #TM309669501: Tournament #208374549, 226-M: $55 Bounty Hunters Daily Main [6-Max] Hold'em No Limit - Level7(350/700) - 2025/05/28 20:07:51
Table '20' 6-max Seat #2 is the button
Seat 1: 96b6ae2 (64,679 in chips)
Seat 2: 88fa43e4 (150,331 in chips)
Seat 3: 71cff488 (20,240 in chips)
Seat 4: Hero (31,418 in chips)
Seat 5: b52c2b8b (25,299 in chips)
Seat 6: e6f812f6 (74,608 in chips)
e6f812f6: posts the ante 100
b52c2b8b: posts the ante 100
71cff488: posts the ante 100
88fa43e4: posts the ante 100
Hero: posts the ante 100
96b6ae2: posts the ante 100
71cff488: posts small blind 350
Hero: posts big blind 700
*** HOLE CARDS ***
Dealt to 96b6ae2 
Dealt to 88fa43e4 
Dealt to 71cff488 
Dealt to Hero [3d Jd]
Dealt to b52c2b8b 
Dealt to e6f812f6 
b52c2b8b: folds
e6f812f6: folds
96b6ae2: raises 700 to 1,400
88fa43e4: calls 1,400
71cff488: folds
Hero: calls 700
*** FLOP *** [7d 7s Qd]
Hero: checks
96b6ae2: bets 1,391
88fa43e4: folds
Hero: raises 2,791 to 4,182
96b6ae2: calls 2,791
*** TURN *** [7d 7s Qd] [Td]
Hero: bets 6,370
96b6ae2: calls 6,370
*** RIVER *** [7d 7s Qd Td] [Ks]
Hero: bets 9,014
96b6ae2: folds
Uncalled bet (9,014) returned to Hero
*** SHOWDOWN ***
Hero collected 26,254 from pot
*** SUMMARY ***
Total pot 26,254 | Rake 0 | Jackpot 0 | Bingo 0 | Fortune 0 | Tax 0
Board [7d 7s Qd Td Ks]
Seat 1: 96b6ae2 folded on the River
Seat 2: 88fa43e4 (button) folded on the Flop
Seat 3: 71cff488 (small blind) folded before Flop
Seat 4: Hero (big blind) won (26,254)
Seat 5: b52c2b8b folded before Flop
Seat 6: e6f812f6 folded before Flop


Poker Hand #TM309669382: Tournament #208374549, 226-M: $55 Bounty Hunters Daily Main [6-Max] Hold'em No Limit - Level7(350/700) - 2025/05/28 20:06:52
Table '20' 6-max Seat #1 is the button
Seat 1: 96b6ae2 (67,229 in chips)
Seat 2: 88fa43e4 (146,681 in chips)
Seat 3: 71cff488 (21,040 in chips)
Seat 4: Hero (31,518 in chips)
Seat 5: b52c2b8b (25,399 in chips)
Seat 6: e6f812f6 (74,708 in chips)
e6f812f6: posts the ante 100
b52c2b8b: posts the ante 100
71cff488: posts the ante 100
Hero: posts the ante 100
88fa43e4: posts the ante 100
96b6ae2: posts the ante 100
88fa43e4: posts small blind 350
71cff488: posts big blind 700
*** HOLE CARDS ***
Dealt to 96b6ae2 
Dealt to 88fa43e4 
Dealt to 71cff488 
Dealt to Hero [2s 5d]
Dealt to b52c2b8b 
Dealt to e6f812f6 
Hero: folds
b52c2b8b: folds
e6f812f6: folds
96b6ae2: raises 700 to 1,400
88fa43e4: calls 1,050
71cff488: folds
*** FLOP *** [3c 4s Js]
88fa43e4: checks
96b6ae2: bets 1,050
88fa43e4: calls 1,050
*** TURN *** [3c 4s Js] [Kh]
88fa43e4: checks
96b6ae2: checks
*** RIVER *** [3c 4s Js Kh] [6c]
88fa43e4: bets 4,650
96b6ae2: folds
Uncalled bet (4,650) returned to 88fa43e4
*** SHOWDOWN ***
88fa43e4 collected 6,200 from pot
*** SUMMARY ***
Total pot 6,200 | Rake 0 | Jackpot 0 | Bingo 0 | Fortune 0 | Tax 0
Board [3c 4s Js Kh 6c]
Seat 1: 96b6ae2 (button) folded on the River
Seat 2: 88fa43e4 (small blind) won (6,200)
Seat 3: 71cff488 (big blind) folded before Flop
Seat 4: Hero folded before Flop
Seat 5: b52c2b8b folded before Flop
Seat 6: e6f812f6 folded before Flop


Poker Hand #TM309669180: Tournament #208374549, 226-M: $55 Bounty Hunters Daily Main [6-Max] Hold'em No Limit - Level7(350/700) - 2025/05/28 20:05:16
Table '20' 6-max Seat #6 is the button
Seat 1: 96b6ae2 (63,043 in chips)
Seat 2: 88fa43e4 (147,481 in chips)
Seat 3: 71cff488 (21,140 in chips)
Seat 4: Hero (31,618 in chips)
Seat 5: b52c2b8b (28,485 in chips)
Seat 6: e6f812f6 (74,808 in chips)
e6f812f6: posts the ante 100
b52c2b8b: posts the ante 100
71cff488: posts the ante 100
Hero: posts the ante 100
88fa43e4: posts the ante 100
96b6ae2: posts the ante 100
96b6ae2: posts small blind 350
88fa43e4: posts big blind 700
*** HOLE CARDS ***
Dealt to 96b6ae2 
Dealt to 88fa43e4 
Dealt to 71cff488 
Dealt to Hero [3s 5h]
Dealt to b52c2b8b 
Dealt to e6f812f6 
71cff488: folds
Hero: folds
b52c2b8b: raises 840 to 1,540
e6f812f6: folds
96b6ae2: calls 1,190
88fa43e4: folds
*** FLOP *** [2c 4s Ad]
96b6ae2: checks
b52c2b8b: bets 1,446
96b6ae2: calls 1,446
*** TURN *** [2c 4s Ad] [6s]
96b6ae2: checks
b52c2b8b: checks
*** RIVER *** [2c 4s Ad 6s] [4d]
96b6ae2: checks
b52c2b8b: checks
96b6ae2: shows [9c Ah] (two pair, Aces and Fours)
b52c2b8b: shows [Kh 7h] (a pair of Fours)
*** SHOWDOWN ***
96b6ae2 collected 7,272 from pot
*** SUMMARY ***
Total pot 7,272 | Rake 0 | Jackpot 0 | Bingo 0 | Fortune 0 | Tax 0
Board [2c 4s Ad 6s 4d]
Seat 1: 96b6ae2 (small blind) showed [9c Ah] and won (7,272) with two pair, Aces and Fours
Seat 2: 88fa43e4 (big blind) folded before Flop
Seat 3: 71cff488 folded before Flop
Seat 4: Hero folded before Flop
Seat 5: b52c2b8b showed [Kh 7h] and lost with a pair of Fours
Seat 6: e6f812f6 (button) folded before Flop


Poker Hand #TM309669017: Tournament #208374549, 226-M: $55 Bounty Hunters Daily Main [6-Max] Hold'em No Limit - Level7(350/700) - 2025/05/28 20:03:59
Table '20' 6-max Seat #5 is the button
Seat 1: 96b6ae2 (52,643 in chips)
Seat 2: 88fa43e4 (156,081 in chips)
Seat 3: 71cff488 (21,240 in chips)
Seat 4: Hero (31,718 in chips)
Seat 5: b52c2b8b (28,585 in chips)
Seat 6: e6f812f6 (76,308 in chips)
b52c2b8b: posts the ante 100
e6f812f6: posts the ante 100
71cff488: posts the ante 100
Hero: posts the ante 100
88fa43e4: posts the ante 100
96b6ae2: posts the ante 100
e6f812f6: posts small blind 350
96b6ae2: posts big blind 700
*** HOLE CARDS ***
Dealt to 96b6ae2 
Dealt to 88fa43e4 
Dealt to 71cff488 
Dealt to Hero [5d 3c]
Dealt to b52c2b8b 
Dealt to e6f812f6 
88fa43e4: raises 700 to 1,400
71cff488: folds
Hero: folds
b52c2b8b: folds
e6f812f6: calls 1,050
96b6ae2: calls 700
*** FLOP *** [5h Kh 7d]
e6f812f6: checks
96b6ae2: checks
88fa43e4: bets 1,400
e6f812f6: folds
96b6ae2: calls 1,400
*** TURN *** [5h Kh 7d] [2s]
96b6ae2: checks
88fa43e4: bets 5,700
96b6ae2: calls 5,700
*** RIVER *** [5h Kh 7d 2s] [2c]
96b6ae2: checks
88fa43e4: checks
96b6ae2: shows [7c 9s] (two pair, Sevens and Twos)
88fa43e4: shows [8c 6c] (a pair of Twos)
*** SHOWDOWN ***
96b6ae2 collected 19,000 from pot
*** SUMMARY ***
Total pot 19,000 | Rake 0 | Jackpot 0 | Bingo 0 | Fortune 0 | Tax 0
Board [5h Kh 7d 2s 2c]
Seat 1: 96b6ae2 (big blind) showed [7c 9s] and won (19,000) with two pair, Sevens and Twos
Seat 2: 88fa43e4 showed [8c 6c] and lost with a pair of Twos
Seat 3: 71cff488 folded before Flop
Seat 4: Hero folded before Flop
Seat 5: b52c2b8b (button) folded before Flop
Seat 6: e6f812f6 (small blind) folded on the Flop


Poker Hand #TM309668924: Tournament #208374549, 226-M: $55 Bounty Hunters Daily Main [6-Max] Hold'em No Limit - Level7(350/700) - 2025/05/28 20:03:14
Table '20' 6-max Seat #4 is the button
Seat 1: 96b6ae2 (52,743 in chips)
Seat 2: 88fa43e4 (153,831 in chips)
Seat 3: 71cff488 (21,340 in chips)
Seat 4: Hero (31,818 in chips)
Seat 5: b52c2b8b (29,035 in chips)
Seat 6: e6f812f6 (77,808 in chips)
e6f812f6: posts the ante 100
b52c2b8b: posts the ante 100
71cff488: posts the ante 100
Hero: posts the ante 100
88fa43e4: posts the ante 100
96b6ae2: posts the ante 100
b52c2b8b: posts small blind 350
e6f812f6: posts big blind 700
*** HOLE CARDS ***
Dealt to 96b6ae2 
Dealt to 88fa43e4 
Dealt to 71cff488 
Dealt to Hero [4s 6d]
Dealt to b52c2b8b 
Dealt to e6f812f6 
96b6ae2: folds
88fa43e4: raises 700 to 1,400
71cff488: folds
Hero: folds
b52c2b8b: folds
e6f812f6: calls 700
*** FLOP *** [Ad Ts 9c]
e6f812f6: checks
88fa43e4: bets 1,400
e6f812f6: folds
Uncalled bet (1,400) returned to 88fa43e4
*** SHOWDOWN ***
88fa43e4 collected 3,750 from pot
*** SUMMARY ***
Total pot 3,750 | Rake 0 | Jackpot 0 | Bingo 0 | Fortune 0 | Tax 0
Board [Ad Ts 9c]
Seat 1: 96b6ae2 folded before Flop
Seat 2: 88fa43e4 won (3,750)
Seat 3: 71cff488 folded before Flop
Seat 4: Hero (button) folded before Flop
Seat 5: b52c2b8b (small blind) folded before Flop
Seat 6: e6f812f6 (big blind) folded on the Flop


Poker Hand #TM309668842: Tournament #208374549, 226-M: $55 Bounty Hunters Daily Main [6-Max] Hold'em No Limit - Level7(350/700) - 2025/05/28 20:02:29
Table '20' 6-max Seat #3 is the button
Seat 1: 96b6ae2 (52,843 in chips)
Seat 2: 88fa43e4 (153,931 in chips)
Seat 3: 71cff488 (21,440 in chips)
Seat 4: Hero (34,368 in chips)
Seat 5: b52c2b8b (26,085 in chips)
Seat 6: e6f812f6 (77,908 in chips)
e6f812f6: posts the ante 100
b52c2b8b: posts the ante 100
71cff488: posts the ante 100
88fa43e4: posts the ante 100
Hero: posts the ante 100
96b6ae2: posts the ante 100
Hero: posts small blind 350
b52c2b8b: posts big blind 700
*** HOLE CARDS ***
Dealt to 96b6ae2 
Dealt to 88fa43e4 
Dealt to 71cff488 
Dealt to Hero [8c 9s]
Dealt to b52c2b8b 
Dealt to e6f812f6 
e6f812f6: folds
96b6ae2: folds
88fa43e4: folds
71cff488: folds
Hero: raises 1,750 to 2,450
b52c2b8b: raises 23,535 to 25,985
Hero: folds
Uncalled bet (23,535) returned to b52c2b8b
*** SHOWDOWN ***
b52c2b8b collected 5,500 from pot
*** SUMMARY ***
Total pot 5,500 | Rake 0 | Jackpot 0 | Bingo 0 | Fortune 0 | Tax 0
Seat 1: 96b6ae2 folded before Flop
Seat 2: 88fa43e4 folded before Flop
Seat 3: 71cff488 (button) folded before Flop
Seat 4: Hero (small blind) folded before Flop
Seat 5: b52c2b8b (big blind) collected (5,500)
Seat 6: e6f812f6 folded before Flop


Poker Hand #TM309668787: Tournament #208374549, 226-M: $55 Bounty Hunters Daily Main [6-Max] Hold'em No Limit - Level7(350/700) - 2025/05/28 20:02:15
Table '20' 6-max Seat #2 is the button
Seat 1: 96b6ae2 (52,943 in chips)
Seat 2: 88fa43e4 (154,031 in chips)
Seat 3: 71cff488 (21,890 in chips)
Seat 4: Hero (33,518 in chips)
Seat 5: b52c2b8b (26,185 in chips)
Seat 6: e6f812f6 (78,008 in chips)
e6f812f6: posts the ante 100
b52c2b8b: posts the ante 100
71cff488: posts the ante 100
88fa43e4: posts the ante 100
Hero: posts the ante 100
96b6ae2: posts the ante 100
71cff488: posts small blind 350
Hero: posts big blind 700
*** HOLE CARDS ***
Dealt to 96b6ae2 
Dealt to 88fa43e4 
Dealt to 71cff488 
Dealt to Hero [Ks 3c]
Dealt to b52c2b8b 
Dealt to e6f812f6 
b52c2b8b: folds
e6f812f6: folds
96b6ae2: folds
88fa43e4: folds
71cff488: folds
Uncalled bet (350) returned to Hero
*** SHOWDOWN ***
Hero collected 1,300 from pot
*** SUMMARY ***
Total pot 1,300 | Rake 0 | Jackpot 0 | Bingo 0 | Fortune 0 | Tax 0
Seat 1: 96b6ae2 folded before Flop
Seat 2: 88fa43e4 (button) folded before Flop
Seat 3: 71cff488 (small blind) folded before Flop
Seat 4: Hero (big blind) collected (1,300)
Seat 5: b52c2b8b folded before Flop
Seat 6: e6f812f6 folded before Flop


Poker Hand #TM309668605: Tournament #208374549, 226-M: $55 Bounty Hunters Daily Main [6-Max] Hold'em No Limit - Level7(350/700) - 2025/05/28 19:54:46
Table '20' 6-max Seat #1 is the button
Seat 1: 96b6ae2 (53,043 in chips)
Seat 2: 88fa43e4 (154,481 in chips)
Seat 3: 71cff488 (24,800 in chips)
Seat 4: Hero (33,618 in chips)
Seat 5: b52c2b8b (19,715 in chips)
Seat 6: e6f812f6 (80,918 in chips)
e6f812f6: posts the ante 100
b52c2b8b: posts the ante 100
71cff488: posts the ante 100
Hero: posts the ante 100
88fa43e4: posts the ante 100
96b6ae2: posts the ante 100
88fa43e4: posts small blind 350
71cff488: posts big blind 700
*** HOLE CARDS ***
Dealt to 96b6ae2 
Dealt to 88fa43e4 
Dealt to 71cff488 
Dealt to Hero [6d 8h]
Dealt to b52c2b8b 
Dealt to e6f812f6 
Hero: folds
b52c2b8b: raises 770 to 1,470
e6f812f6: calls 1,470
96b6ae2: folds
88fa43e4: folds
71cff488: calls 770
*** FLOP *** [Qs 7d 5d]
71cff488: checks
b52c2b8b: bets 1,340
e6f812f6: calls 1,340
71cff488: calls 1,340
*** TURN *** [Qs 7d 5d] [Qd]
71cff488: checks
b52c2b8b: bets 3,096
e6f812f6: folds
71cff488: folds
Uncalled bet (3,096) returned to b52c2b8b
*** SHOWDOWN ***
b52c2b8b collected 9,380 from pot
*** SUMMARY ***
Total pot 9,380 | Rake 0 | Jackpot 0 | Bingo 0 | Fortune 0 | Tax 0
Board [Qs 7d 5d Qd]
Seat 1: 96b6ae2 (button) folded before Flop
Seat 2: 88fa43e4 (small blind) folded before Flop
Seat 3: 71cff488 (big blind) folded on the Turn
Seat 4: Hero folded before Flop
Seat 5: b52c2b8b won (9,380)
Seat 6: e6f812f6 folded on the Turn


Poker Hand #TM309668533: Tournament #208374549, 226-M: $55 Bounty Hunters Daily Main [6-Max] Hold'em No Limit - Level7(350/700) - 2025/05/28 19:53:51
Table '20' 6-max Seat #6 is the button
Seat 1: 96b6ae2 (53,493 in chips)
Seat 2: 88fa43e4 (155,281 in chips)
Seat 3: 71cff488 (24,900 in chips)
Seat 4: Hero (35,118 in chips)
Seat 5: b52c2b8b (24,015 in chips)
Seat 6: e6f812f6 (73,768 in chips)
e6f812f6: posts the ante 100
b52c2b8b: posts the ante 100
71cff488: posts the ante 100
Hero: posts the ante 100
88fa43e4: posts the ante 100
96b6ae2: posts the ante 100
96b6ae2: posts small blind 350
88fa43e4: posts big blind 700
*** HOLE CARDS ***
Dealt to 96b6ae2 
Dealt to 88fa43e4 
Dealt to 71cff488 
Dealt to Hero [3c 3d]
Dealt to b52c2b8b 
Dealt to e6f812f6 
71cff488: folds
Hero: raises 700 to 1,400
b52c2b8b: raises 2,800 to 4,200
e6f812f6: raises 6,650 to 10,850
96b6ae2: folds
88fa43e4: folds
Hero: folds
b52c2b8b: folds
Uncalled bet (6,650) returned to e6f812f6
*** SHOWDOWN ***
e6f812f6 collected 11,450 from pot
*** SUMMARY ***
Total pot 11,450 | Rake 0 | Jackpot 0 | Bingo 0 | Fortune 0 | Tax 0
Seat 1: 96b6ae2 (small blind) folded before Flop
Seat 2: 88fa43e4 (big blind) folded before Flop
Seat 3: 71cff488 folded before Flop
Seat 4: Hero folded before Flop
Seat 5: b52c2b8b folded before Flop
Seat 6: e6f812f6 (button) collected (11,450)


Poker Hand #TM309668452: Tournament #208374549, 226-M: $55 Bounty Hunters Daily Main [6-Max] Hold'em No Limit - Level7(350/700) - 2025/05/28 19:52:45
Table '20' 6-max Seat #5 is the button
Seat 1: 96b6ae2 (70,095 in chips)
Seat 2: 88fa43e4 (137,929 in chips)
Seat 3: 71cff488 (25,000 in chips)
Seat 4: Hero (35,218 in chips)
Seat 5: b52c2b8b (24,115 in chips)
Seat 6: e6f812f6 (74,218 in chips)
b52c2b8b: posts the ante 100
e6f812f6: posts the ante 100
71cff488: posts the ante 100
Hero: posts the ante 100
88fa43e4: posts the ante 100
96b6ae2: posts the ante 100
e6f812f6: posts small blind 350
96b6ae2: posts big blind 700
*** HOLE CARDS ***
Dealt to 96b6ae2 
Dealt to 88fa43e4 
Dealt to 71cff488 
Dealt to Hero [6d 8s]
Dealt to b52c2b8b 
Dealt to e6f812f6 
88fa43e4: raises 700 to 1,400
71cff488: folds
Hero: folds
b52c2b8b: folds
e6f812f6: folds
96b6ae2: calls 700
*** FLOP *** [8d 4h 9c]
96b6ae2: checks
88fa43e4: bets 1,400
96b6ae2: raises 4,550 to 5,950
88fa43e4: calls 4,550
*** TURN *** [8d 4h 9c] [7h]
96b6ae2: bets 4,226
88fa43e4: raises 4,926 to 9,152
96b6ae2: calls 4,926
*** RIVER *** [8d 4h 9c 7h] [Qd]
96b6ae2: checks
88fa43e4: bets 116,900
96b6ae2: folds
Uncalled bet (116,900) returned to 88fa43e4
*** SHOWDOWN ***
88fa43e4 collected 33,954 from pot
*** SUMMARY ***
Total pot 33,954 | Rake 0 | Jackpot 0 | Bingo 0 | Fortune 0 | Tax 0
Board [8d 4h 9c 7h Qd]
Seat 1: 96b6ae2 (big blind) folded on the River
Seat 2: 88fa43e4 won (33,954)
Seat 3: 71cff488 folded before Flop
Seat 4: Hero folded before Flop
Seat 5: b52c2b8b (button) folded before Flop
Seat 6: e6f812f6 (small blind) folded before Flop


Poker Hand #TM309668408: Tournament #208374549, 226-M: $55 Bounty Hunters Daily Main [6-Max] Hold'em No Limit - Level7(350/700) - 2025/05/28 19:52:07
Table '20' 6-max Seat #4 is the button
Seat 1: 96b6ae2 (70,195 in chips)
Seat 2: 88fa43e4 (140,829 in chips)
Seat 4: Hero (35,318 in chips)
Seat 5: b52c2b8b (24,565 in chips)
Seat 6: e6f812f6 (70,668 in chips)
e6f812f6: posts the ante 100
b52c2b8b: posts the ante 100
Hero: posts the ante 100
88fa43e4: posts the ante 100
96b6ae2: posts the ante 100
b52c2b8b: posts small blind 350
e6f812f6: posts big blind 700
*** HOLE CARDS ***
Dealt to 96b6ae2 
Dealt to 88fa43e4 
Dealt to Hero [3s Ad]
Dealt to b52c2b8b 
Dealt to e6f812f6 
96b6ae2: folds
88fa43e4: raises 700 to 1,400
Hero: folds
b52c2b8b: folds
e6f812f6: calls 700
*** FLOP *** [4s 2h Jc]
e6f812f6: checks
88fa43e4: bets 1,400
e6f812f6: calls 1,400
*** TURN *** [4s 2h Jc] [Jh]
e6f812f6: bets 5,250
88fa43e4: folds
Uncalled bet (5,250) returned to e6f812f6
*** SHOWDOWN ***
e6f812f6 collected 6,450 from pot
*** SUMMARY ***
Total pot 6,450 | Rake 0 | Jackpot 0 | Bingo 0 | Fortune 0 | Tax 0
Board [4s 2h Jc Jh]
Seat 1: 96b6ae2 folded before Flop
Seat 2: 88fa43e4 folded on the Turn
Seat 4: Hero (button) folded before Flop
Seat 5: b52c2b8b (small blind) folded before Flop
Seat 6: e6f812f6 (big blind) won (6,450)


Poker Hand #TM309668313: Tournament #208374549, 226-M: $55 Bounty Hunters Daily Main [6-Max] Hold'em No Limit - Level7(350/700) - 2025/05/28 19:50:59
Table '20' 6-max Seat #2 is the button
Seat 1: 96b6ae2 (70,295 in chips)
Seat 2: 88fa43e4 (140,929 in chips)
Seat 4: Hero (32,468 in chips)
Seat 5: b52c2b8b (27,115 in chips)
Seat 6: e6f812f6 (70,768 in chips)
e6f812f6: posts the ante 100
b52c2b8b: posts the ante 100
88fa43e4: posts the ante 100
Hero: posts the ante 100
96b6ae2: posts the ante 100
Hero: posts small blind 350
b52c2b8b: posts big blind 700
*** HOLE CARDS ***
Dealt to 96b6ae2 
Dealt to 88fa43e4 
Dealt to Hero [Th Qd]
Dealt to b52c2b8b 
Dealt to e6f812f6 
e6f812f6: folds
96b6ae2: folds
88fa43e4: folds
Hero: raises 1,750 to 2,450
b52c2b8b: calls 1,750
*** FLOP *** [6s Jc Tc]
Hero: checks
b52c2b8b: checks
*** TURN *** [6s Jc Tc] [3d]
Hero: bets 3,500
b52c2b8b: folds
Uncalled bet (3,500) returned to Hero
*** SHOWDOWN ***
Hero collected 5,400 from pot
*** SUMMARY ***
Total pot 5,400 | Rake 0 | Jackpot 0 | Bingo 0 | Fortune 0 | Tax 0
Board [6s Jc Tc 3d]
Seat 1: 96b6ae2 folded before Flop
Seat 2: 88fa43e4 (button) folded before Flop
Seat 4: Hero (small blind) won (5,400)
Seat 5: b52c2b8b (big blind) folded on the Turn
Seat 6: e6f812f6 folded before Flop


Poker Hand #TM309668216: Tournament #208374549, 226-M: $55 Bounty Hunters Daily Main [6-Max] Hold'em No Limit - Level7(350/700) - 2025/05/28 19:49:47
Table '20' 6-max Seat #1 is the button
Seat 1: 96b6ae2 (70,395 in chips)
Seat 2: 88fa43e4 (131,194 in chips)
Seat 4: Hero (41,903 in chips)
Seat 5: b52c2b8b (27,215 in chips)
Seat 6: e6f812f6 (70,868 in chips)
e6f812f6: posts the ante 100
b52c2b8b: posts the ante 100
Hero: posts the ante 100
88fa43e4: posts the ante 100
96b6ae2: posts the ante 100
88fa43e4: posts small blind 350
Hero: posts big blind 700
*** HOLE CARDS ***
Dealt to 96b6ae2 
Dealt to 88fa43e4 
Dealt to Hero [2s 4s]
Dealt to b52c2b8b 
Dealt to e6f812f6 
b52c2b8b: folds
e6f812f6: folds
96b6ae2: folds
88fa43e4: raises 700 to 1,400
Hero: calls 700
*** FLOP *** [7d Jc Qs]
88fa43e4: checks
Hero: checks
*** TURN *** [7d Jc Qs] [8s]
88fa43e4: bets 2,475
Hero: calls 2,475
*** RIVER *** [7d Jc Qs 8s] [9d]
88fa43e4: checks
Hero: bets 5,460
88fa43e4: calls 5,460
Hero: shows [2s 4s] (Queen high)
88fa43e4: shows [8d 7h] (two pair, Eights and Sevens)
*** SHOWDOWN ***
88fa43e4 collected 19,170 from pot
*** SUMMARY ***
Total pot 19,170 | Rake 0 | Jackpot 0 | Bingo 0 | Fortune 0 | Tax 0
Board [7d Jc Qs 8s 9d]
Seat 1: 96b6ae2 (button) folded before Flop
Seat 2: 88fa43e4 (small blind) showed [8d 7h] and won (19,170) with two pair, Eights and Sevens
Seat 4: Hero (big blind) showed [2s 4s] and lost with Queen high
Seat 5: b52c2b8b folded before Flop
Seat 6: e6f812f6 folded before Flop


Poker Hand #TM309668179: Tournament #208374549, 226-M: $55 Bounty Hunters Daily Main [6-Max] Hold'em No Limit - Level6(300/600) - 2025/05/28 19:49:15
Table '20' 6-max Seat #6 is the button
Seat 1: 96b6ae2 (70,785 in chips)
Seat 2: 88fa43e4 (126,371 in chips)
Seat 4: Hero (46,156 in chips)
Seat 5: b52c2b8b (27,305 in chips)
Seat 6: e6f812f6 (70,958 in chips)
e6f812f6: posts the ante 90
b52c2b8b: posts the ante 90
Hero: posts the ante 90
88fa43e4: posts the ante 90
96b6ae2: posts the ante 90
96b6ae2: posts small blind 300
88fa43e4: posts big blind 600
*** HOLE CARDS ***
Dealt to 96b6ae2 
Dealt to 88fa43e4 
Dealt to Hero [5h 5c]
Dealt to b52c2b8b 
Dealt to e6f812f6 
Hero: raises 600 to 1,200
b52c2b8b: folds
e6f812f6: folds
96b6ae2: folds
88fa43e4: raises 2,963 to 4,163
Hero: calls 2,963
*** FLOP *** [As 6s 8h]
88fa43e4: bets 1,200
Hero: folds
Uncalled bet (1,200) returned to 88fa43e4
*** SHOWDOWN ***
88fa43e4 collected 9,076 from pot
*** SUMMARY ***
Total pot 9,076 | Rake 0 | Jackpot 0 | Bingo 0 | Fortune 0 | Tax 0
Board [As 6s 8h]
Seat 1: 96b6ae2 (small blind) folded before Flop
Seat 2: 88fa43e4 (big blind) won (9,076)
Seat 4: Hero folded on the Flop
Seat 5: b52c2b8b folded before Flop
Seat 6: e6f812f6 (button) folded before Flop


Poker Hand #TM309668117: Tournament #208374549, 226-M: $55 Bounty Hunters Daily Main [6-Max] Hold'em No Limit - Level6(300/600) - 2025/05/28 19:48:34
Table '20' 6-max Seat #5 is the button
Seat 1: 96b6ae2 (68,325 in chips)
Seat 2: 88fa43e4 (126,461 in chips)
Seat 4: Hero (46,246 in chips)
Seat 5: b52c2b8b (27,395 in chips)
Seat 6: e6f812f6 (73,148 in chips)
b52c2b8b: posts the ante 90
e6f812f6: posts the ante 90
Hero: posts the ante 90
88fa43e4: posts the ante 90
96b6ae2: posts the ante 90
e6f812f6: posts small blind 300
96b6ae2: posts big blind 600
*** HOLE CARDS ***
Dealt to 96b6ae2 
Dealt to 88fa43e4 
Dealt to Hero [9c 5h]
Dealt to b52c2b8b 
Dealt to e6f812f6 
88fa43e4: folds
Hero: folds
b52c2b8b: folds
e6f812f6: calls 300
96b6ae2: raises 1,500 to 2,100
e6f812f6: calls 1,500
*** FLOP *** [5d Td 8c]
e6f812f6: checks
96b6ae2: bets 1,500
e6f812f6: folds
Uncalled bet (1,500) returned to 96b6ae2
*** SHOWDOWN ***
96b6ae2 collected 4,650 from pot
*** SUMMARY ***
Total pot 4,650 | Rake 0 | Jackpot 0 | Bingo 0 | Fortune 0 | Tax 0
Board [5d Td 8c]
Seat 1: 96b6ae2 (big blind) won (4,650)
Seat 2: 88fa43e4 folded before Flop
Seat 4: Hero folded before Flop
Seat 5: b52c2b8b (button) folded before Flop
Seat 6: e6f812f6 (small blind) folded on the Flop


Poker Hand #TM309668080: Tournament #208374549, 226-M: $55 Bounty Hunters Daily Main [6-Max] Hold'em No Limit - Level6(300/600) - 2025/05/28 19:48:08
Table '20' 6-max Seat #4 is the button
Seat 1: 96b6ae2 (68,415 in chips)
Seat 2: 88fa43e4 (124,601 in chips)
Seat 4: Hero (46,336 in chips)
Seat 5: b52c2b8b (27,785 in chips)
Seat 6: e6f812f6 (74,438 in chips)
e6f812f6: posts the ante 90
b52c2b8b: posts the ante 90
Hero: posts the ante 90
88fa43e4: posts the ante 90
96b6ae2: posts the ante 90
b52c2b8b: posts small blind 300
e6f812f6: posts big blind 600
*** HOLE CARDS ***
Dealt to 96b6ae2 
Dealt to 88fa43e4 
Dealt to Hero [9c 6h]
Dealt to b52c2b8b 
Dealt to e6f812f6 
96b6ae2: folds
88fa43e4: raises 600 to 1,200
Hero: folds
b52c2b8b: folds
e6f812f6: calls 600
*** FLOP *** [4d 4c 8c]
e6f812f6: checks
88fa43e4: bets 1,200
e6f812f6: folds
Uncalled bet (1,200) returned to 88fa43e4
*** SHOWDOWN ***
88fa43e4 collected 3,150 from pot
*** SUMMARY ***
Total pot 3,150 | Rake 0 | Jackpot 0 | Bingo 0 | Fortune 0 | Tax 0
Board [4d 4c 8c]
Seat 1: 96b6ae2 folded before Flop
Seat 2: 88fa43e4 won (3,150)
Seat 4: Hero (button) folded before Flop
Seat 5: b52c2b8b (small blind) folded before Flop
Seat 6: e6f812f6 (big blind) folded on the Flop


Poker Hand #TM309668003: Tournament #208374549, 226-M: $55 Bounty Hunters Daily Main [6-Max] Hold'em No Limit - Level6(300/600) - 2025/05/28 19:47:10
Table '20' 6-max Seat #2 is the button
Seat 1: 96b6ae2 (68,505 in chips)
Seat 2: 88fa43e4 (124,691 in chips)
Seat 4: Hero (46,726 in chips)
Seat 5: b52c2b8b (23,985 in chips)
Seat 6: e6f812f6 (77,668 in chips)
e6f812f6: posts the ante 90
b52c2b8b: posts the ante 90
88fa43e4: posts the ante 90
Hero: posts the ante 90
96b6ae2: posts the ante 90
Hero: posts small blind 300
b52c2b8b: posts big blind 600
*** HOLE CARDS ***
Dealt to 96b6ae2 
Dealt to 88fa43e4 
Dealt to Hero [Ks 6h]
Dealt to b52c2b8b 
Dealt to e6f812f6 
e6f812f6: raises 600 to 1,200
96b6ae2: folds
88fa43e4: folds
Hero: folds
b52c2b8b: calls 600
*** FLOP *** [As Tc 3d]
b52c2b8b: checks
e6f812f6: bets 1,040
b52c2b8b: calls 1,040
*** TURN *** [As Tc 3d] [4h]
b52c2b8b: checks
e6f812f6: checks
*** RIVER *** [As Tc 3d 4h] [Jh]
b52c2b8b: bets 900
e6f812f6: calls 900
b52c2b8b: shows [Ah 2c] (a pair of Aces)
e6f812f6: shows [Kd Kh] (a pair of Kings)
*** SHOWDOWN ***
b52c2b8b collected 7,030 from pot
*** SUMMARY ***
Total pot 7,030 | Rake 0 | Jackpot 0 | Bingo 0 | Fortune 0 | Tax 0
Board [As Tc 3d 4h Jh]
Seat 1: 96b6ae2 folded before Flop
Seat 2: 88fa43e4 (button) folded before Flop
Seat 4: Hero (small blind) folded before Flop
Seat 5: b52c2b8b (big blind) showed [Ah 2c] and won (7,030) with a pair of Aces
Seat 6: e6f812f6 showed [Kd Kh] and lost with a pair of Kings


Poker Hand #TM309667984: Tournament #208374549, 226-M: $55 Bounty Hunters Daily Main [6-Max] Hold'em No Limit - Level6(300/600) - 2025/05/28 19:46:58
Table '20' 6-max Seat #6 is the button
Seat 2: 88fa43e4 (125,081 in chips)
Seat 4: Hero (46,156 in chips)
Seat 5: b52c2b8b (24,075 in chips)
Seat 6: e6f812f6 (77,758 in chips)
e6f812f6: posts the ante 90
b52c2b8b: posts the ante 90
Hero: posts the ante 90
88fa43e4: posts the ante 90
88fa43e4: posts small blind 300
Hero: posts big blind 600
*** HOLE CARDS ***
Dealt to 88fa43e4 
Dealt to Hero [Jc Qs]
Dealt to b52c2b8b 
Dealt to e6f812f6 
b52c2b8b: folds
e6f812f6: folds
88fa43e4: folds
Uncalled bet (300) returned to Hero
*** SHOWDOWN ***
Hero collected 960 from pot
*** SUMMARY ***
Total pot 960 | Rake 0 | Jackpot 0 | Bingo 0 | Fortune 0 | Tax 0
Seat 2: 88fa43e4 (small blind) folded before Flop
Seat 4: Hero (big blind) collected (960)
Seat 5: b52c2b8b folded before Flop
Seat 6: e6f812f6 (button) folded before Flop


Poker Hand #TM309667923: Tournament #208374549, 226-M: $55 Bounty Hunters Daily Main [6-Max] Hold'em No Limit - Level6(300/600) - 2025/05/28 19:46:16
Table '20' 6-max Seat #5 is the button
Seat 2: 88fa43e4 (72,252 in chips)
Seat 3: fa60584d (51,059 in chips)
Seat 4: Hero (46,246 in chips)
Seat 5: b52c2b8b (24,165 in chips)
Seat 6: e6f812f6 (79,348 in chips)
b52c2b8b: posts the ante 90
e6f812f6: posts the ante 90
fa60584d: posts the ante 90
Hero: posts the ante 90
88fa43e4: posts the ante 90
e6f812f6: posts small blind 300
88fa43e4: posts big blind 600
*** HOLE CARDS ***
Dealt to 88fa43e4 
Dealt to fa60584d 
Dealt to Hero [7d 8h]
Dealt to b52c2b8b 
Dealt to e6f812f6 
fa60584d: raises 900 to 1,500
Hero: folds
b52c2b8b: folds
e6f812f6: calls 1,200
88fa43e4: raises 70,662 to 72,162
fa60584d: calls 49,469
e6f812f6: folds
Uncalled bet (21,193) returned to 88fa43e4
88fa43e4: shows [4h 4c]
fa60584d: shows [Ah Qh]
*** FLOP *** [6s 9c 6c]
*** TURN *** [6s 9c 6c] [Jc]
*** RIVER *** [6s 9c 6c Jc] [4s]
e6f812f6: shows [2c 2d] (two pair, Sixes and Twos)
*** SHOWDOWN ***
88fa43e4 collected 103,888 from pot
*** SUMMARY ***
Total pot 103,888 | Rake 0 | Jackpot 0 | Bingo 0 | Fortune 0 | Tax 0
Board [6s 9c 6c Jc 4s]
Seat 2: 88fa43e4 (big blind) showed [4h 4c] and won (103,888) with a full house, Fours full of Sixes
Seat 3: fa60584d showed [Ah Qh] and lost with a pair of Sixes
Seat 4: Hero folded before Flop
Seat 5: b52c2b8b (button) folded before Flop
Seat 6: e6f812f6 (small blind) folded before Flop


Poker Hand #TM309667863: Tournament #208374549, 226-M: $55 Bounty Hunters Daily Main [6-Max] Hold'em No Limit - Level6(300/600) - 2025/05/28 19:45:36
Table '20' 6-max Seat #4 is the button
Seat 1: 383ad0d6 (7,570 in chips)
Seat 2: 88fa43e4 (63,422 in chips)
Seat 3: fa60584d (51,149 in chips)
Seat 4: Hero (46,336 in chips)
Seat 5: b52c2b8b (24,555 in chips)
Seat 6: e6f812f6 (80,038 in chips)
e6f812f6: posts the ante 90
b52c2b8b: posts the ante 90
fa60584d: posts the ante 90
383ad0d6: posts the ante 90
Hero: posts the ante 90
88fa43e4: posts the ante 90
b52c2b8b: posts small blind 300
e6f812f6: posts big blind 600
*** HOLE CARDS ***
Dealt to 383ad0d6 
Dealt to 88fa43e4 
Dealt to fa60584d 
Dealt to Hero [3c 2d]
Dealt to b52c2b8b 
Dealt to e6f812f6 
383ad0d6: raises 6,880 to 7,480
88fa43e4: raises 55,852 to 63,332
fa60584d: folds
Hero: folds
b52c2b8b: folds
e6f812f6: folds
Uncalled bet (55,852) returned to 88fa43e4
88fa43e4: shows [7c Ad]
383ad0d6: shows [Qd Kd]
*** FLOP *** [Th 3h 9h]
*** TURN *** [Th 3h 9h] [9s]
*** RIVER *** [Th 3h 9h 9s] [7d]
*** SHOWDOWN ***
88fa43e4 collected 16,400 from pot
*** SUMMARY ***
Total pot 16,400 | Rake 0 | Jackpot 0 | Bingo 0 | Fortune 0 | Tax 0
Board [Th 3h 9h 9s 7d]
Seat 1: 383ad0d6 showed [Qd Kd] and lost with a pair of Nines
Seat 2: 88fa43e4 showed [7c Ad] and won (16,400) with two pair, Nines and Sevens
Seat 3: fa60584d folded before Flop
Seat 4: Hero (button) folded before Flop
Seat 5: b52c2b8b (small blind) folded before Flop
Seat 6: e6f812f6 (big blind) folded before Flop


Poker Hand #TM309667829: Tournament #208374549, 226-M: $55 Bounty Hunters Daily Main [6-Max] Hold'em No Limit - Level6(300/600) - 2025/05/28 19:45:11
Table '20' 6-max Seat #3 is the button
Seat 1: 383ad0d6 (7,660 in chips)
Seat 2: 88fa43e4 (63,512 in chips)
Seat 3: fa60584d (51,239 in chips)
Seat 4: Hero (45,286 in chips)
Seat 5: b52c2b8b (25,245 in chips)
Seat 6: e6f812f6 (80,128 in chips)
e6f812f6: posts the ante 90
b52c2b8b: posts the ante 90
fa60584d: posts the ante 90
383ad0d6: posts the ante 90
88fa43e4: posts the ante 90
Hero: posts the ante 90
Hero: posts small blind 300
b52c2b8b: posts big blind 600
*** HOLE CARDS ***
Dealt to 383ad0d6 
Dealt to 88fa43e4 
Dealt to fa60584d 
Dealt to Hero [9c 8c]
Dealt to b52c2b8b 
Dealt to e6f812f6 
e6f812f6: folds
383ad0d6: folds
88fa43e4: folds
fa60584d: folds
Hero: raises 1,500 to 2,100
b52c2b8b: folds
Uncalled bet (1,500) returned to Hero
*** SHOWDOWN ***
Hero collected 1,740 from pot
*** SUMMARY ***
Total pot 1,740 | Rake 0 | Jackpot 0 | Bingo 0 | Fortune 0 | Tax 0
Seat 1: 383ad0d6 folded before Flop
Seat 2: 88fa43e4 folded before Flop
Seat 3: fa60584d (button) folded before Flop
Seat 4: Hero (small blind) collected (1,740)
Seat 5: b52c2b8b (big blind) folded before Flop
Seat 6: e6f812f6 folded before Flop


Poker Hand #TM309667763: Tournament #208374549, 226-M: $55 Bounty Hunters Daily Main [6-Max] Hold'em No Limit - Level6(300/600) - 2025/05/28 19:44:20
Table '20' 6-max Seat #2 is the button
Seat 1: 383ad0d6 (7,750 in chips)
Seat 2: 88fa43e4 (56,102 in chips)
Seat 3: fa60584d (51,629 in chips)
Seat 4: Hero (52,036 in chips)
Seat 5: b52c2b8b (25,335 in chips)
Seat 6: e6f812f6 (80,218 in chips)
e6f812f6: posts the ante 90
b52c2b8b: posts the ante 90
fa60584d: posts the ante 90
383ad0d6: posts the ante 90
88fa43e4: posts the ante 90
Hero: posts the ante 90
fa60584d: posts small blind 300
Hero: posts big blind 600
*** HOLE CARDS ***
Dealt to 383ad0d6 
Dealt to 88fa43e4 
Dealt to fa60584d 
Dealt to Hero [Jh 4c]
Dealt to b52c2b8b 
Dealt to e6f812f6 
b52c2b8b: folds
e6f812f6: folds
383ad0d6: folds
88fa43e4: raises 600 to 1,200
fa60584d: folds
Hero: calls 600
*** FLOP *** [9c 4h 5s]
Hero: checks
88fa43e4: bets 2,430
Hero: raises 3,030 to 5,460
88fa43e4: calls 3,030
*** TURN *** [9c 4h 5s] [Qh]
Hero: checks
88fa43e4: bets 10,620
Hero: folds
Uncalled bet (10,620) returned to 88fa43e4
*** SHOWDOWN ***
88fa43e4 collected 14,160 from pot
*** SUMMARY ***
Total pot 14,160 | Rake 0 | Jackpot 0 | Bingo 0 | Fortune 0 | Tax 0
Board [9c 4h 5s Qh]
Seat 1: 383ad0d6 folded before Flop
Seat 2: 88fa43e4 (button) won (14,160)
Seat 3: fa60584d (small blind) folded before Flop
Seat 4: Hero (big blind) folded on the Turn
Seat 5: b52c2b8b folded before Flop
Seat 6: e6f812f6 folded before Flop


Poker Hand #TM309667706: Tournament #208374549, 226-M: $55 Bounty Hunters Daily Main [6-Max] Hold'em No Limit - Level6(300/600) - 2025/05/28 19:43:33
Table '20' 6-max Seat #1 is the button
Seat 1: 383ad0d6 (10,780 in chips)
Seat 2: 88fa43e4 (49,772 in chips)
Seat 3: fa60584d (54,659 in chips)
Seat 4: Hero (52,126 in chips)
Seat 5: b52c2b8b (25,425 in chips)
Seat 6: e6f812f6 (80,308 in chips)
e6f812f6: posts the ante 90
b52c2b8b: posts the ante 90
fa60584d: posts the ante 90
383ad0d6: posts the ante 90
Hero: posts the ante 90
88fa43e4: posts the ante 90
88fa43e4: posts small blind 300
fa60584d: posts big blind 600
*** HOLE CARDS ***
Dealt to 383ad0d6 
Dealt to 88fa43e4 
Dealt to fa60584d 
Dealt to Hero [Jd 3c]
Dealt to b52c2b8b 
Dealt to e6f812f6 
Hero: folds
b52c2b8b: folds
e6f812f6: folds
383ad0d6: calls 600
88fa43e4: raises 2,340 to 2,940
fa60584d: calls 2,340
383ad0d6: calls 2,340
*** FLOP *** [Kd 8c 3s]
88fa43e4: bets 9,360
fa60584d: folds
383ad0d6: folds
Uncalled bet (9,360) returned to 88fa43e4
*** SHOWDOWN ***
88fa43e4 collected 9,360 from pot
*** SUMMARY ***
Total pot 9,360 | Rake 0 | Jackpot 0 | Bingo 0 | Fortune 0 | Tax 0
Board [Kd 8c 3s]
Seat 1: 383ad0d6 (button) folded on the Flop
Seat 2: 88fa43e4 (small blind) won (9,360)
Seat 3: fa60584d (big blind) folded on the Flop
Seat 4: Hero folded before Flop
Seat 5: b52c2b8b folded before Flop
Seat 6: e6f812f6 folded before Flop


Poker Hand #TM309667654: Tournament #208374549, 226-M: $55 Bounty Hunters Daily Main [6-Max] Hold'em No Limit - Level6(300/600) - 2025/05/28 19:42:52
Table '20' 6-max Seat #6 is the button
Seat 1: 383ad0d6 (11,170 in chips)
Seat 2: 88fa43e4 (24,556 in chips)
Seat 3: fa60584d (79,215 in chips)
Seat 4: Hero (52,216 in chips)
Seat 5: b52c2b8b (25,515 in chips)
Seat 6: e6f812f6 (80,398 in chips)
e6f812f6: posts the ante 90
b52c2b8b: posts the ante 90
fa60584d: posts the ante 90
383ad0d6: posts the ante 90
Hero: posts the ante 90
88fa43e4: posts the ante 90
383ad0d6: posts small blind 300
88fa43e4: posts big blind 600
*** HOLE CARDS ***
Dealt to 383ad0d6 
Dealt to 88fa43e4 
Dealt to fa60584d 
Dealt to Hero [Th 9d]
Dealt to b52c2b8b 
Dealt to e6f812f6 
fa60584d: raises 720 to 1,320
Hero: folds
b52c2b8b: folds
e6f812f6: folds
383ad0d6: folds
88fa43e4: raises 23,146 to 24,466
fa60584d: calls 23,146
88fa43e4: shows [Kc 5c]
fa60584d: shows [Ac Qd]
*** FLOP *** [Ah 5h Tc]
*** TURN *** [Ah 5h Tc] [3d]
*** RIVER *** [Ah 5h Tc 3d] [5s]
*** SHOWDOWN ***
88fa43e4 collected 49,772 from pot
*** SUMMARY ***
Total pot 49,772 | Rake 0 | Jackpot 0 | Bingo 0 | Fortune 0 | Tax 0
Board [Ah 5h Tc 3d 5s]
Seat 1: 383ad0d6 (small blind) folded before Flop
Seat 2: 88fa43e4 (big blind) showed [Kc 5c] and won (49,772) with three of a kind, Fives
Seat 3: fa60584d showed [Ac Qd] and lost with two pair, Aces and Fives
Seat 4: Hero folded before Flop
Seat 5: b52c2b8b folded before Flop
Seat 6: e6f812f6 (button) folded before Flop


Poker Hand #TM309667605: Tournament #208374549, 226-M: $55 Bounty Hunters Daily Main [6-Max] Hold'em No Limit - Level6(300/600) - 2025/05/28 19:42:08
Table '20' 6-max Seat #5 is the button
Seat 1: 383ad0d6 (23,118 in chips)
Seat 2: 88fa43e4 (11,948 in chips)
Seat 3: fa60584d (79,305 in chips)
Seat 4: Hero (52,306 in chips)
Seat 5: b52c2b8b (25,605 in chips)
Seat 6: e6f812f6 (80,788 in chips)
b52c2b8b: posts the ante 90
e6f812f6: posts the ante 90
fa60584d: posts the ante 90
383ad0d6: posts the ante 90
Hero: posts the ante 90
88fa43e4: posts the ante 90
e6f812f6: posts small blind 300
383ad0d6: posts big blind 600
*** HOLE CARDS ***
Dealt to 383ad0d6 
Dealt to 88fa43e4 
Dealt to fa60584d 
Dealt to Hero [Qs 6s]
Dealt to b52c2b8b 
Dealt to e6f812f6 
88fa43e4: raises 11,258 to 11,858
fa60584d: folds
Hero: folds
b52c2b8b: folds
e6f812f6: folds
383ad0d6: calls 11,258
88fa43e4: shows [8c 4c]
383ad0d6: shows [Ac Ts]
*** FLOP *** [Kd 2h 6c]
*** TURN *** [Kd 2h 6c] [Jc]
*** RIVER *** [Kd 2h 6c Jc] [5c]
*** SHOWDOWN ***
88fa43e4 collected 24,556 from pot
*** SUMMARY ***
Total pot 24,556 | Rake 0 | Jackpot 0 | Bingo 0 | Fortune 0 | Tax 0
Board [Kd 2h 6c Jc 5c]
Seat 1: 383ad0d6 (big blind) showed [Ac Ts] and lost with Ace high
Seat 2: 88fa43e4 showed [8c 4c] and won (24,556) with a flush Jack high
Seat 3: fa60584d folded before Flop
Seat 4: Hero folded before Flop
Seat 5: b52c2b8b (button) folded before Flop
Seat 6: e6f812f6 (small blind) folded before Flop


Poker Hand #TM309667498: Tournament #208374549, 226-M: $55 Bounty Hunters Daily Main [6-Max] Hold'em No Limit - Level6(300/600) - 2025/05/28 19:40:37
Table '20' 6-max Seat #4 is the button
Seat 1: 383ad0d6 (24,408 in chips)
Seat 2: 88fa43e4 (47,692 in chips)
Seat 3: fa60584d (86,835 in chips)
Seat 4: Hero (52,396 in chips)
Seat 5: b52c2b8b (25,995 in chips)
Seat 6: e6f812f6 (35,744 in chips)
e6f812f6: posts the ante 90
b52c2b8b: posts the ante 90
fa60584d: posts the ante 90
383ad0d6: posts the ante 90
Hero: posts the ante 90
88fa43e4: posts the ante 90
b52c2b8b: posts small blind 300
e6f812f6: posts big blind 600
*** HOLE CARDS ***
Dealt to 383ad0d6 
Dealt to 88fa43e4 
Dealt to fa60584d 
Dealt to Hero [Js 8d]
Dealt to b52c2b8b 
Dealt to e6f812f6 
383ad0d6: raises 600 to 1,200
88fa43e4: calls 1,200
fa60584d: calls 1,200
Hero: folds
b52c2b8b: folds
e6f812f6: raises 6,240 to 7,440
383ad0d6: folds
88fa43e4: calls 6,240
fa60584d: calls 6,240
*** FLOP *** [Tc 4c Th]
e6f812f6: checks
88fa43e4: bets 40,162
fa60584d: folds
e6f812f6: calls 28,214
Uncalled bet (11,948) returned to 88fa43e4
88fa43e4: shows [2h 2c] (two pair, Tens and Twos)
e6f812f6: shows [Ac Ad] (two pair, Aces and Tens)
*** TURN *** [Tc 4c Th] [6h]
*** RIVER *** [Tc 4c Th 6h] [Jc]
*** SHOWDOWN ***
e6f812f6 collected 80,788 from pot
*** SUMMARY ***
Total pot 80,788 | Rake 0 | Jackpot 0 | Bingo 0 | Fortune 0 | Tax 0
Board [Tc 4c Th 6h Jc]
Seat 1: 383ad0d6 folded before Flop
Seat 2: 88fa43e4 showed [2h 2c] and lost with two pair, Tens and Twos
Seat 3: fa60584d folded on the Flop
Seat 4: Hero (button) folded before Flop
Seat 5: b52c2b8b (small blind) folded before Flop
Seat 6: e6f812f6 (big blind) showed [Ac Ad] and won (80,788) with two pair, Aces and Tens


Poker Hand #TM309667403: Tournament #208374549, 226-M: $55 Bounty Hunters Daily Main [6-Max] Hold'em No Limit - Level6(300/600) - 2025/05/28 19:39:15
Table '20' 6-max Seat #3 is the button
Seat 1: 383ad0d6 (26,738 in chips)
Seat 3: fa60584d (86,925 in chips)
Seat 4: Hero (52,786 in chips)
Seat 5: b52c2b8b (23,095 in chips)
Seat 6: e6f812f6 (35,834 in chips)
e6f812f6: posts the ante 90
b52c2b8b: posts the ante 90
fa60584d: posts the ante 90
383ad0d6: posts the ante 90
Hero: posts the ante 90
Hero: posts small blind 300
b52c2b8b: posts big blind 600
*** HOLE CARDS ***
Dealt to 383ad0d6 
Dealt to fa60584d 
Dealt to Hero [6d 5h]
Dealt to b52c2b8b 
Dealt to e6f812f6 
e6f812f6: folds
383ad0d6: raises 600 to 1,200
fa60584d: folds
Hero: folds
b52c2b8b: calls 600
*** FLOP *** [6c Tc 4s]
b52c2b8b: checks
383ad0d6: bets 1,040
b52c2b8b: calls 1,040
*** TURN *** [6c Tc 4s] [5c]
b52c2b8b: checks
383ad0d6: checks
*** RIVER *** [6c Tc 4s 5c] [7c]
b52c2b8b: bets 600
383ad0d6: folds
Uncalled bet (600) returned to b52c2b8b
*** SHOWDOWN ***
b52c2b8b collected 5,230 from pot
*** SUMMARY ***
Total pot 5,230 | Rake 0 | Jackpot 0 | Bingo 0 | Fortune 0 | Tax 0
Board [6c Tc 4s 5c 7c]
Seat 1: 383ad0d6 folded on the River
Seat 3: fa60584d (button) folded before Flop
Seat 4: Hero (small blind) folded before Flop
Seat 5: b52c2b8b (big blind) won (5,230)
Seat 6: e6f812f6 folded before Flop


Poker Hand #TM309667355: Tournament #208374549, 226-M: $55 Bounty Hunters Daily Main [6-Max] Hold'em No Limit - Level6(300/600) - 2025/05/28 19:38:36
Table '20' 6-max Seat #1 is the button
Seat 1: 383ad0d6 (26,828 in chips)
Seat 2: 7dc26872 (33,614 in chips)
Seat 3: fa60584d (52,951 in chips)
Seat 4: Hero (52,876 in chips)
Seat 5: b52c2b8b (23,185 in chips)
Seat 6: e6f812f6 (35,924 in chips)
e6f812f6: posts the ante 90
b52c2b8b: posts the ante 90
7dc26872: posts the ante 90
fa60584d: posts the ante 90
383ad0d6: posts the ante 90
Hero: posts the ante 90
7dc26872: posts small blind 300
fa60584d: posts big blind 600
*** HOLE CARDS ***
Dealt to 383ad0d6 
Dealt to 7dc26872 
Dealt to fa60584d 
Dealt to Hero [3s 6s]
Dealt to b52c2b8b 
Dealt to e6f812f6 
Hero: folds
b52c2b8b: folds
e6f812f6: folds
383ad0d6: folds
7dc26872: raises 32,924 to 33,524
fa60584d: calls 32,924
7dc26872: shows [4d As]
fa60584d: shows [Ad Kc]
*** FLOP *** [3d Kh Qd]
*** TURN *** [3d Kh Qd] [Ks]
*** RIVER *** [3d Kh Qd Ks] [7s]
*** SHOWDOWN ***
fa60584d collected 67,588 from pot
*** SUMMARY ***
Total pot 67,588 | Rake 0 | Jackpot 0 | Bingo 0 | Fortune 0 | Tax 0
Board [3d Kh Qd Ks 7s]
Seat 1: 383ad0d6 (button) folded before Flop
Seat 2: 7dc26872 (small blind) showed [4d As] and lost with a pair of Kings
Seat 3: fa60584d (big blind) showed [Ad Kc] and won (67,588) with three of a kind, Kings
Seat 4: Hero folded before Flop
Seat 5: b52c2b8b folded before Flop
Seat 6: e6f812f6 folded before Flop


Poker Hand #TM309667282: Tournament #208374549, 226-M: $55 Bounty Hunters Daily Main [6-Max] Hold'em No Limit - Level6(300/600) - 2025/05/28 19:37:43
Table '20' 6-max Seat #6 is the button
Seat 1: 383ad0d6 (27,218 in chips)
Seat 2: 7dc26872 (24,464 in chips)
Seat 3: fa60584d (61,441 in chips)
Seat 4: Hero (52,966 in chips)
Seat 5: b52c2b8b (23,275 in chips)
Seat 6: e6f812f6 (36,014 in chips)
e6f812f6: posts the ante 90
b52c2b8b: posts the ante 90
7dc26872: posts the ante 90
fa60584d: posts the ante 90
383ad0d6: posts the ante 90
Hero: posts the ante 90
383ad0d6: posts small blind 300
7dc26872: posts big blind 600
*** HOLE CARDS ***
Dealt to 383ad0d6 
Dealt to 7dc26872 
Dealt to fa60584d 
Dealt to Hero [2s 5s]
Dealt to b52c2b8b 
Dealt to e6f812f6 
fa60584d: raises 900 to 1,500
Hero: folds
b52c2b8b: folds
e6f812f6: folds
383ad0d6: folds
7dc26872: calls 900
*** FLOP *** [9c 9s Jd]
7dc26872: checks
fa60584d: bets 1,500
7dc26872: calls 1,500
*** TURN *** [9c 9s Jd] [7s]
7dc26872: checks
fa60584d: bets 5,400
7dc26872: calls 5,400
*** RIVER *** [9c 9s Jd 7s] [8d]
7dc26872: checks
fa60584d: checks
7dc26872: shows [Ts Th] (a straight, Jack to Seven)
fa60584d: shows [Ad Ac] (two pair, Aces and Nines)
*** SHOWDOWN ***
7dc26872 collected 17,640 from pot
*** SUMMARY ***
Total pot 17,640 | Rake 0 | Jackpot 0 | Bingo 0 | Fortune 0 | Tax 0
Board [9c 9s Jd 7s 8d]
Seat 1: 383ad0d6 (small blind) folded before Flop
Seat 2: 7dc26872 (big blind) showed [Ts Th] and won (17,640) with a straight, Jack to Seven
Seat 3: fa60584d showed [Ad Ac] and lost with two pair, Aces and Nines
Seat 4: Hero folded before Flop
Seat 5: b52c2b8b folded before Flop
Seat 6: e6f812f6 (button) folded before Flop


Poker Hand #TM309667148: Tournament #208374549, 226-M: $55 Bounty Hunters Daily Main [6-Max] Hold'em No Limit - Level5(250/500) - 2025/05/28 19:35:44
Table '20' 6-max Seat #5 is the button
Seat 1: 383ad0d6 (43,829 in chips)
Seat 2: 7dc26872 (25,639 in chips)
Seat 3: fa60584d (43,180 in chips)
Seat 4: Hero (53,041 in chips)
Seat 5: b52c2b8b (23,350 in chips)
Seat 6: e6f812f6 (36,339 in chips)
b52c2b8b: posts the ante 75
e6f812f6: posts the ante 75
7dc26872: posts the ante 75
fa60584d: posts the ante 75
383ad0d6: posts the ante 75
Hero: posts the ante 75
e6f812f6: posts small blind 250
383ad0d6: posts big blind 500
*** HOLE CARDS ***
Dealt to 383ad0d6 
Dealt to 7dc26872 
Dealt to fa60584d 
Dealt to Hero [Jd 4d]
Dealt to b52c2b8b 
Dealt to e6f812f6 
7dc26872: raises 600 to 1,100
fa60584d: calls 1,100
Hero: folds
b52c2b8b: folds
e6f812f6: folds
383ad0d6: raises 4,400 to 5,500
7dc26872: folds
fa60584d: calls 4,400
*** FLOP *** [6h Ts 8c]
383ad0d6: bets 4,224
fa60584d: calls 4,224
*** TURN *** [6h Ts 8c] [9s]
383ad0d6: checks
fa60584d: bets 6,812
383ad0d6: calls 6,812
*** RIVER *** [6h Ts 8c 9s] [3c]
383ad0d6: checks
fa60584d: bets 26,569
383ad0d6: folds
Uncalled bet (26,569) returned to fa60584d
*** SHOWDOWN ***
fa60584d collected 34,872 from pot
*** SUMMARY ***
Total pot 34,872 | Rake 0 | Jackpot 0 | Bingo 0 | Fortune 0 | Tax 0
Board [6h Ts 8c 9s 3c]
Seat 1: 383ad0d6 (big blind) folded on the River
Seat 2: 7dc26872 folded before Flop
Seat 3: fa60584d won (34,872)
Seat 4: Hero folded before Flop
Seat 5: b52c2b8b (button) folded before Flop
Seat 6: e6f812f6 (small blind) folded before Flop


Poker Hand #TM309667051: Tournament #208374549, 226-M: $55 Bounty Hunters Daily Main [6-Max] Hold'em No Limit - Level5(250/500) - 2025/05/28 19:34:19
Table '20' 6-max Seat #4 is the button
Seat 1: 383ad0d6 (43,904 in chips)
Seat 2: 7dc26872 (25,714 in chips)
Seat 3: fa60584d (52,649 in chips)
Seat 4: Hero (53,116 in chips)
Seat 5: b52c2b8b (23,675 in chips)
Seat 6: e6f812f6 (26,320 in chips)
e6f812f6: posts the ante 75
b52c2b8b: posts the ante 75
7dc26872: posts the ante 75
fa60584d: posts the ante 75
383ad0d6: posts the ante 75
Hero: posts the ante 75
b52c2b8b: posts small blind 250
e6f812f6: posts big blind 500
*** HOLE CARDS ***
Dealt to 383ad0d6 
Dealt to 7dc26872 
Dealt to fa60584d 
Dealt to Hero [4h 5s]
Dealt to b52c2b8b 
Dealt to e6f812f6 
383ad0d6: folds
7dc26872: folds
fa60584d: raises 500 to 1,000
Hero: folds
b52c2b8b: folds
e6f812f6: calls 500
*** FLOP *** [8d Qs 3h]
e6f812f6: checks
fa60584d: bets 750
e6f812f6: calls 750
*** TURN *** [8d Qs 3h] [Jc]
e6f812f6: bets 2,772
fa60584d: calls 2,772
*** RIVER *** [8d Qs 3h Jc] [2s]
e6f812f6: checks
fa60584d: bets 4,872
e6f812f6: calls 4,872
fa60584d: shows [Qh Kd] (a pair of Queens)
e6f812f6: shows [Jd 8h] (two pair, Jacks and Eights)
*** SHOWDOWN ***
e6f812f6 collected 19,488 from pot
*** SUMMARY ***
Total pot 19,488 | Rake 0 | Jackpot 0 | Bingo 0 | Fortune 0 | Tax 0
Board [8d Qs 3h Jc 2s]
Seat 1: 383ad0d6 folded before Flop
Seat 2: 7dc26872 folded before Flop
Seat 3: fa60584d showed [Qh Kd] and lost with a pair of Queens
Seat 4: Hero (button) folded before Flop
Seat 5: b52c2b8b (small blind) folded before Flop
Seat 6: e6f812f6 (big blind) showed [Jd 8h] and won (19,488) with two pair, Jacks and Eights


Poker Hand #TM309666956: Tournament #208374549, 226-M: $55 Bounty Hunters Daily Main [6-Max] Hold'em No Limit - Level5(250/500) - 2025/05/28 19:33:03
Table '20' 6-max Seat #3 is the button
Seat 1: 383ad0d6 (43,979 in chips)
Seat 2: 7dc26872 (25,789 in chips)
Seat 3: fa60584d (52,724 in chips)
Seat 4: Hero (53,441 in chips)
Seat 5: b52c2b8b (25,425 in chips)
Seat 6: e6f812f6 (24,020 in chips)
e6f812f6: posts the ante 75
b52c2b8b: posts the ante 75
7dc26872: posts the ante 75
fa60584d: posts the ante 75
383ad0d6: posts the ante 75
Hero: posts the ante 75
Hero: posts small blind 250
b52c2b8b: posts big blind 500
*** HOLE CARDS ***
Dealt to 383ad0d6 
Dealt to 7dc26872 
Dealt to fa60584d 
Dealt to Hero [3c Js]
Dealt to b52c2b8b 
Dealt to e6f812f6 
e6f812f6: raises 500 to 1,000
383ad0d6: folds
7dc26872: folds
fa60584d: folds
Hero: folds
b52c2b8b: calls 500
*** FLOP *** [6s 3s 2h]
b52c2b8b: checks
e6f812f6: checks
*** TURN *** [6s 3s 2h] [4c]
b52c2b8b: bets 675
e6f812f6: calls 675
*** RIVER *** [6s 3s 2h 4c] [Ac]
b52c2b8b: checks
e6f812f6: bets 6,500
b52c2b8b: folds
Uncalled bet (6,500) returned to e6f812f6
*** SHOWDOWN ***
e6f812f6 collected 4,050 from pot
*** SUMMARY ***
Total pot 4,050 | Rake 0 | Jackpot 0 | Bingo 0 | Fortune 0 | Tax 0
Board [6s 3s 2h 4c Ac]
Seat 1: 383ad0d6 folded before Flop
Seat 2: 7dc26872 folded before Flop
Seat 3: fa60584d (button) folded before Flop
Seat 4: Hero (small blind) folded before Flop
Seat 5: b52c2b8b (big blind) folded on the River
Seat 6: e6f812f6 won (4,050)


Poker Hand #TM309666882: Tournament #208374549, 226-M: $55 Bounty Hunters Daily Main [6-Max] Hold'em No Limit - Level5(250/500) - 2025/05/28 19:32:06
Table '20' 6-max Seat #2 is the button
Seat 1: 383ad0d6 (42,354 in chips)
Seat 2: 7dc26872 (25,864 in chips)
Seat 3: fa60584d (53,049 in chips)
Seat 4: Hero (54,516 in chips)
Seat 5: b52c2b8b (25,500 in chips)
Seat 6: e6f812f6 (24,095 in chips)
e6f812f6: posts the ante 75
b52c2b8b: posts the ante 75
7dc26872: posts the ante 75
fa60584d: posts the ante 75
383ad0d6: posts the ante 75
Hero: posts the ante 75
fa60584d: posts small blind 250
Hero: posts big blind 500
*** HOLE CARDS ***
Dealt to 383ad0d6 
Dealt to 7dc26872 
Dealt to fa60584d 
Dealt to Hero [7d Ks]
Dealt to b52c2b8b 
Dealt to e6f812f6 
b52c2b8b: folds
e6f812f6: folds
383ad0d6: raises 500 to 1,000
7dc26872: folds
fa60584d: folds
Hero: calls 500
*** FLOP *** [Ah Qd 8h]
Hero: checks
383ad0d6: bets 891
Hero: folds
Uncalled bet (891) returned to 383ad0d6
*** SHOWDOWN ***
383ad0d6 collected 2,700 from pot
*** SUMMARY ***
Total pot 2,700 | Rake 0 | Jackpot 0 | Bingo 0 | Fortune 0 | Tax 0
Board [Ah Qd 8h]
Seat 1: 383ad0d6 won (2,700)
Seat 2: 7dc26872 (button) folded before Flop
Seat 3: fa60584d (small blind) folded before Flop
Seat 4: Hero (big blind) folded on the Flop
Seat 5: b52c2b8b folded before Flop
Seat 6: e6f812f6 folded before Flop


Poker Hand #TM309666839: Tournament #208374549, 226-M: $55 Bounty Hunters Daily Main [6-Max] Hold'em No Limit - Level5(250/500) - 2025/05/28 19:31:24
Table '20' 6-max Seat #1 is the button
Seat 1: 383ad0d6 (42,429 in chips)
Seat 2: 7dc26872 (26,189 in chips)
Seat 3: fa60584d (51,424 in chips)
Seat 4: Hero (54,591 in chips)
Seat 5: b52c2b8b (25,575 in chips)
Seat 6: e6f812f6 (25,170 in chips)
e6f812f6: posts the ante 75
b52c2b8b: posts the ante 75
7dc26872: posts the ante 75
fa60584d: posts the ante 75
383ad0d6: posts the ante 75
Hero: posts the ante 75
7dc26872: posts small blind 250
fa60584d: posts big blind 500
*** HOLE CARDS ***
Dealt to 383ad0d6 
Dealt to 7dc26872 
Dealt to fa60584d 
Dealt to Hero [Kc 7d]
Dealt to b52c2b8b 
Dealt to e6f812f6 
Hero: folds
b52c2b8b: folds
e6f812f6: raises 500 to 1,000
383ad0d6: folds
7dc26872: folds
fa60584d: raises 3,250 to 4,250
e6f812f6: folds
Uncalled bet (3,250) returned to fa60584d
*** SHOWDOWN ***
fa60584d collected 2,700 from pot
*** SUMMARY ***
Total pot 2,700 | Rake 0 | Jackpot 0 | Bingo 0 | Fortune 0 | Tax 0
Seat 1: 383ad0d6 (button) folded before Flop
Seat 2: 7dc26872 (small blind) folded before Flop
Seat 3: fa60584d (big blind) collected (2,700)
Seat 4: Hero folded before Flop
Seat 5: b52c2b8b folded before Flop
Seat 6: e6f812f6 folded before Flop


Poker Hand #TM309666735: Tournament #208374549, 226-M: $55 Bounty Hunters Daily Main [6-Max] Hold'em No Limit - Level5(250/500) - 2025/05/28 19:30:04
Table '20' 6-max Seat #6 is the button
Seat 1: 383ad0d6 (42,754 in chips)
Seat 2: 7dc26872 (28,155 in chips)
Seat 3: fa60584d (51,499 in chips)
Seat 4: Hero (52,075 in chips)
Seat 5: b52c2b8b (25,650 in chips)
Seat 6: e6f812f6 (25,245 in chips)
e6f812f6: posts the ante 75
b52c2b8b: posts the ante 75
7dc26872: posts the ante 75
fa60584d: posts the ante 75
383ad0d6: posts the ante 75
Hero: posts the ante 75
383ad0d6: posts small blind 250
7dc26872: posts big blind 500
*** HOLE CARDS ***
Dealt to 383ad0d6 
Dealt to 7dc26872 
Dealt to fa60584d 
Dealt to Hero [Kh Qc]
Dealt to b52c2b8b 
Dealt to e6f812f6 
fa60584d: folds
Hero: raises 500 to 1,000
b52c2b8b: folds
e6f812f6: folds
383ad0d6: folds
7dc26872: calls 500
*** FLOP *** [Jh 3h 8d]
7dc26872: checks
Hero: bets 891
7dc26872: calls 891
*** TURN *** [Jh 3h 8d] [6c]
7dc26872: checks
Hero: bets 6,000
7dc26872: folds
Uncalled bet (6,000) returned to Hero
*** SHOWDOWN ***
Hero collected 4,482 from pot
*** SUMMARY ***
Total pot 4,482 | Rake 0 | Jackpot 0 | Bingo 0 | Fortune 0 | Tax 0
Board [Jh 3h 8d 6c]
Seat 1: 383ad0d6 (small blind) folded before Flop
Seat 2: 7dc26872 (big blind) folded on the Turn
Seat 3: fa60584d folded before Flop
Seat 4: Hero won (4,482)
Seat 5: b52c2b8b folded before Flop
Seat 6: e6f812f6 (button) folded before Flop


Poker Hand #TM309666628: Tournament #208374549, 226-M: $55 Bounty Hunters Daily Main [6-Max] Hold'em No Limit - Level5(250/500) - 2025/05/28 19:28:41
Table '20' 6-max Seat #5 is the button
Seat 1: 383ad0d6 (43,929 in chips)
Seat 2: 7dc26872 (27,455 in chips)
Seat 3: fa60584d (51,574 in chips)
Seat 4: Hero (52,150 in chips)
Seat 5: b52c2b8b (25,725 in chips)
Seat 6: e6f812f6 (24,545 in chips)
b52c2b8b: posts the ante 75
e6f812f6: posts the ante 75
7dc26872: posts the ante 75
fa60584d: posts the ante 75
383ad0d6: posts the ante 75
Hero: posts the ante 75
e6f812f6: posts small blind 250
383ad0d6: posts big blind 500
*** HOLE CARDS ***
Dealt to 383ad0d6 
Dealt to 7dc26872 
Dealt to fa60584d 
Dealt to Hero [4d Jh]
Dealt to b52c2b8b 
Dealt to e6f812f6 
7dc26872: raises 600 to 1,100
fa60584d: folds
Hero: folds
b52c2b8b: folds
e6f812f6: calls 850
383ad0d6: calls 600
*** FLOP *** [Js Th Kd]
e6f812f6: checks
383ad0d6: checks
7dc26872: bets 1,875
e6f812f6: calls 1,875
383ad0d6: folds
*** TURN *** [Js Th Kd] [9c]
e6f812f6: checks
7dc26872: bets 2,475
e6f812f6: calls 2,475
*** RIVER *** [Js Th Kd 9c] [Qh]
e6f812f6: bets 19,020
7dc26872: calls 19,020
e6f812f6: shows [Ad Tc] (a straight, Ace to Ten)
7dc26872: shows [Jd Ah] (a straight, Ace to Ten)
*** SHOWDOWN ***
7dc26872 collected 25,245 from pot
e6f812f6 collected 25,245 from pot
*** SUMMARY ***
Total pot 50,490 | Rake 0 | Jackpot 0 | Bingo 0 | Fortune 0 | Tax 0
Board [Js Th Kd 9c Qh]
Seat 1: 383ad0d6 (big blind) folded on the Flop
Seat 2: 7dc26872 showed [Jd Ah] and won (25,245) with a straight, Ace to Ten
Seat 3: fa60584d folded before Flop
Seat 4: Hero folded before Flop
Seat 5: b52c2b8b (button) folded before Flop
Seat 6: e6f812f6 (small blind) showed [Ad Tc] and won (25,245) with a straight, Ace to Ten


Poker Hand #TM309666565: Tournament #208374549, 226-M: $55 Bounty Hunters Daily Main [6-Max] Hold'em No Limit - Level5(250/500) - 2025/05/28 19:27:55
Table '20' 6-max Seat #4 is the button
Seat 1: 383ad0d6 (44,004 in chips)
Seat 2: 7dc26872 (24,880 in chips)
Seat 3: fa60584d (51,649 in chips)
Seat 4: Hero (52,225 in chips)
Seat 5: b52c2b8b (26,900 in chips)
Seat 6: e6f812f6 (25,720 in chips)
e6f812f6: posts the ante 75
b52c2b8b: posts the ante 75
7dc26872: posts the ante 75
fa60584d: posts the ante 75
383ad0d6: posts the ante 75
Hero: posts the ante 75
b52c2b8b: posts small blind 250
e6f812f6: posts big blind 500
*** HOLE CARDS ***
Dealt to 383ad0d6 
Dealt to 7dc26872 
Dealt to fa60584d 
Dealt to Hero [2c 8d]
Dealt to b52c2b8b 
Dealt to e6f812f6 
383ad0d6: folds
7dc26872: raises 600 to 1,100
fa60584d: folds
Hero: folds
b52c2b8b: calls 850
e6f812f6: calls 600
*** FLOP *** [Js 4d Ks]
b52c2b8b: checks
e6f812f6: checks
7dc26872: bets 1,875
b52c2b8b: folds
e6f812f6: folds
Uncalled bet (1,875) returned to 7dc26872
*** SHOWDOWN ***
7dc26872 collected 3,750 from pot
*** SUMMARY ***
Total pot 3,750 | Rake 0 | Jackpot 0 | Bingo 0 | Fortune 0 | Tax 0
Board [Js 4d Ks]
Seat 1: 383ad0d6 folded before Flop
Seat 2: 7dc26872 won (3,750)
Seat 3: fa60584d folded before Flop
Seat 4: Hero (button) folded before Flop
Seat 5: b52c2b8b (small blind) folded on the Flop
Seat 6: e6f812f6 (big blind) folded on the Flop


Poker Hand #TM309666540: Tournament #208374549, 226-M: $55 Bounty Hunters Daily Main [6-Max] Hold'em No Limit - Level5(250/500) - 2025/05/28 19:27:34
Table '20' 6-max Seat #3 is the button
Seat 1: 383ad0d6 (42,879 in chips)
Seat 2: 7dc26872 (24,955 in chips)
Seat 3: fa60584d (51,724 in chips)
Seat 4: Hero (52,550 in chips)
Seat 5: b52c2b8b (27,475 in chips)
Seat 6: e6f812f6 (25,795 in chips)
e6f812f6: posts the ante 75
b52c2b8b: posts the ante 75
7dc26872: posts the ante 75
fa60584d: posts the ante 75
383ad0d6: posts the ante 75
Hero: posts the ante 75
Hero: posts small blind 250
b52c2b8b: posts big blind 500
*** HOLE CARDS ***
Dealt to 383ad0d6 
Dealt to 7dc26872 
Dealt to fa60584d 
Dealt to Hero [8s Td]
Dealt to b52c2b8b 
Dealt to e6f812f6 
e6f812f6: folds
383ad0d6: raises 500 to 1,000
7dc26872: folds
fa60584d: folds
Hero: folds
b52c2b8b: folds
Uncalled bet (500) returned to 383ad0d6
*** SHOWDOWN ***
383ad0d6 collected 1,700 from pot
*** SUMMARY ***
Total pot 1,700 | Rake 0 | Jackpot 0 | Bingo 0 | Fortune 0 | Tax 0
Seat 1: 383ad0d6 collected (1,700)
Seat 2: 7dc26872 folded before Flop
Seat 3: fa60584d (button) folded before Flop
Seat 4: Hero (small blind) folded before Flop
Seat 5: b52c2b8b (big blind) folded before Flop
Seat 6: e6f812f6 folded before Flop


Poker Hand #TM309666490: Tournament #208374549, 226-M: $55 Bounty Hunters Daily Main [6-Max] Hold'em No Limit - Level5(250/500) - 2025/05/28 19:27:01
Table '20' 6-max Seat #2 is the button
Seat 1: 383ad0d6 (42,954 in chips)
Seat 2: 7dc26872 (23,830 in chips)
Seat 3: fa60584d (52,049 in chips)
Seat 4: Hero (53,125 in chips)
Seat 5: b52c2b8b (27,550 in chips)
Seat 6: e6f812f6 (25,870 in chips)
e6f812f6: posts the ante 75
b52c2b8b: posts the ante 75
7dc26872: posts the ante 75
fa60584d: posts the ante 75
383ad0d6: posts the ante 75
Hero: posts the ante 75
fa60584d: posts small blind 250
Hero: posts big blind 500
*** HOLE CARDS ***
Dealt to 383ad0d6 
Dealt to 7dc26872 
Dealt to fa60584d 
Dealt to Hero [7d Qd]
Dealt to b52c2b8b 
Dealt to e6f812f6 
b52c2b8b: folds
e6f812f6: folds
383ad0d6: folds
7dc26872: raises 23,255 to 23,755
fa60584d: folds
Hero: folds
Uncalled bet (23,255) returned to 7dc26872
*** SHOWDOWN ***
7dc26872 collected 1,700 from pot
*** SUMMARY ***
Total pot 1,700 | Rake 0 | Jackpot 0 | Bingo 0 | Fortune 0 | Tax 0
Seat 1: 383ad0d6 folded before Flop
Seat 2: 7dc26872 (button) collected (1,700)
Seat 3: fa60584d (small blind) folded before Flop
Seat 4: Hero (big blind) folded before Flop
Seat 5: b52c2b8b folded before Flop
Seat 6: e6f812f6 folded before Flop


Poker Hand #TM309666412: Tournament #208374549, 226-M: $55 Bounty Hunters Daily Main [6-Max] Hold'em No Limit - Level5(250/500) - 2025/05/28 19:26:05
Table '20' 6-max Seat #1 is the button
Seat 1: 383ad0d6 (43,029 in chips)
Seat 2: 7dc26872 (20,296 in chips)
Seat 3: fa60584d (55,283 in chips)
Seat 4: Hero (53,200 in chips)
Seat 5: b52c2b8b (27,625 in chips)
Seat 6: e6f812f6 (25,945 in chips)
e6f812f6: posts the ante 75
b52c2b8b: posts the ante 75
7dc26872: posts the ante 75
fa60584d: posts the ante 75
383ad0d6: posts the ante 75
Hero: posts the ante 75
7dc26872: posts small blind 250
fa60584d: posts big blind 500
*** HOLE CARDS ***
Dealt to 383ad0d6 
Dealt to 7dc26872 
Dealt to fa60584d 
Dealt to Hero [3c Ah]
Dealt to b52c2b8b 
Dealt to e6f812f6 
Hero: folds
b52c2b8b: folds
e6f812f6: folds
383ad0d6: folds
7dc26872: raises 500 to 1,000
fa60584d: calls 500
*** FLOP *** [9h 3d 5d]
7dc26872: bets 909
fa60584d: calls 909
*** TURN *** [9h 3d 5d] [Ad]
7dc26872: checks
fa60584d: bets 1,250
7dc26872: calls 1,250
*** RIVER *** [9h 3d 5d Ad] [7d]
7dc26872: bets 17,062
fa60584d: folds
Uncalled bet (17,062) returned to 7dc26872
*** SHOWDOWN ***
7dc26872 collected 6,768 from pot
*** SUMMARY ***
Total pot 6,768 | Rake 0 | Jackpot 0 | Bingo 0 | Fortune 0 | Tax 0
Board [9h 3d 5d Ad 7d]
Seat 1: 383ad0d6 (button) folded before Flop
Seat 2: 7dc26872 (small blind) won (6,768)
Seat 3: fa60584d (big blind) folded on the River
Seat 4: Hero folded before Flop
Seat 5: b52c2b8b folded before Flop
Seat 6: e6f812f6 folded before Flop


Poker Hand #TM309666352: Tournament #208374549, 226-M: $55 Bounty Hunters Daily Main [6-Max] Hold'em No Limit - Level5(250/500) - 2025/05/28 19:25:26
Table '20' 6-max Seat #6 is the button
Seat 1: 383ad0d6 (42,154 in chips)
Seat 2: 7dc26872 (20,871 in chips)
Seat 3: fa60584d (55,358 in chips)
Seat 4: Hero (53,275 in chips)
Seat 5: b52c2b8b (27,700 in chips)
Seat 6: e6f812f6 (26,020 in chips)
e6f812f6: posts the ante 75
b52c2b8b: posts the ante 75
7dc26872: posts the ante 75
fa60584d: posts the ante 75
383ad0d6: posts the ante 75
Hero: posts the ante 75
383ad0d6: posts small blind 250
7dc26872: posts big blind 500
*** HOLE CARDS ***
Dealt to 383ad0d6 
Dealt to 7dc26872 
Dealt to fa60584d 
Dealt to Hero [Ks 3h]
Dealt to b52c2b8b 
Dealt to e6f812f6 
fa60584d: folds
Hero: folds
b52c2b8b: folds
e6f812f6: folds
383ad0d6: raises 1,250 to 1,750
7dc26872: folds
Uncalled bet (1,250) returned to 383ad0d6
*** SHOWDOWN ***
383ad0d6 collected 1,450 from pot
*** SUMMARY ***
Total pot 1,450 | Rake 0 | Jackpot 0 | Bingo 0 | Fortune 0 | Tax 0
Seat 1: 383ad0d6 (small blind) collected (1,450)
Seat 2: 7dc26872 (big blind) folded before Flop
Seat 3: fa60584d folded before Flop
Seat 4: Hero folded before Flop
Seat 5: b52c2b8b folded before Flop
Seat 6: e6f812f6 (button) folded before Flop


Poker Hand #TM309666286: Tournament #208374549, 226-M: $55 Bounty Hunters Daily Main [6-Max] Hold'em No Limit - Level4(200/400) - 2025/05/28 19:24:36
Table '20' 6-max Seat #5 is the button
Seat 1: 383ad0d6 (42,614 in chips)
Seat 2: 7dc26872 (20,931 in chips)
Seat 3: fa60584d (55,418 in chips)
Seat 4: Hero (53,335 in chips)
Seat 5: b52c2b8b (27,760 in chips)
Seat 6: e6f812f6 (25,320 in chips)
b52c2b8b: posts the ante 60
e6f812f6: posts the ante 60
7dc26872: posts the ante 60
fa60584d: posts the ante 60
383ad0d6: posts the ante 60
Hero: posts the ante 60
e6f812f6: posts small blind 200
383ad0d6: posts big blind 400
*** HOLE CARDS ***
Dealt to 383ad0d6 
Dealt to 7dc26872 
Dealt to fa60584d 
Dealt to Hero [3s 4d]
Dealt to b52c2b8b 
Dealt to e6f812f6 
7dc26872: folds
fa60584d: folds
Hero: folds
b52c2b8b: folds
e6f812f6: calls 200
383ad0d6: checks
*** FLOP *** [Kc 2s 2h]
e6f812f6: bets 400
383ad0d6: folds
Uncalled bet (400) returned to e6f812f6
*** SHOWDOWN ***
e6f812f6 collected 1,160 from pot
*** SUMMARY ***
Total pot 1,160 | Rake 0 | Jackpot 0 | Bingo 0 | Fortune 0 | Tax 0
Board [Kc 2s 2h]
Seat 1: 383ad0d6 (big blind) folded on the Flop
Seat 2: 7dc26872 folded before Flop
Seat 3: fa60584d folded before Flop
Seat 4: Hero folded before Flop
Seat 5: b52c2b8b (button) folded before Flop
Seat 6: e6f812f6 (small blind) won (1,160)


Poker Hand #TM309666206: Tournament #208374549, 226-M: $55 Bounty Hunters Daily Main [6-Max] Hold'em No Limit - Level4(200/400) - 2025/05/28 19:23:45
Table '20' 6-max Seat #4 is the button
Seat 1: 383ad0d6 (42,674 in chips)
Seat 2: 7dc26872 (20,991 in chips)
Seat 3: fa60584d (54,118 in chips)
Seat 4: Hero (53,395 in chips)
Seat 5: b52c2b8b (28,020 in chips)
Seat 6: e6f812f6 (26,180 in chips)
e6f812f6: posts the ante 60
b52c2b8b: posts the ante 60
7dc26872: posts the ante 60
fa60584d: posts the ante 60
383ad0d6: posts the ante 60
Hero: posts the ante 60
b52c2b8b: posts small blind 200
e6f812f6: posts big blind 400
*** HOLE CARDS ***
Dealt to 383ad0d6 
Dealt to 7dc26872 
Dealt to fa60584d 
Dealt to Hero [7c Kh]
Dealt to b52c2b8b 
Dealt to e6f812f6 
383ad0d6: folds
7dc26872: folds
fa60584d: raises 400 to 800
Hero: folds
b52c2b8b: folds
e6f812f6: calls 400
*** FLOP *** [9c Js 7d]
e6f812f6: checks
fa60584d: bets 800
e6f812f6: folds
Uncalled bet (800) returned to fa60584d
*** SHOWDOWN ***
fa60584d collected 2,160 from pot
*** SUMMARY ***
Total pot 2,160 | Rake 0 | Jackpot 0 | Bingo 0 | Fortune 0 | Tax 0
Board [9c Js 7d]
Seat 1: 383ad0d6 folded before Flop
Seat 2: 7dc26872 folded before Flop
Seat 3: fa60584d won (2,160)
Seat 4: Hero (button) folded before Flop
Seat 5: b52c2b8b (small blind) folded before Flop
Seat 6: e6f812f6 (big blind) folded on the Flop


Poker Hand #TM309666135: Tournament #208374549, 226-M: $55 Bounty Hunters Daily Main [6-Max] Hold'em No Limit - Level4(200/400) - 2025/05/28 19:22:52
Table '20' 6-max Seat #3 is the button
Seat 1: 383ad0d6 (42,734 in chips)
Seat 2: 7dc26872 (21,051 in chips)
Seat 3: fa60584d (54,178 in chips)
Seat 4: Hero (54,855 in chips)
Seat 5: b52c2b8b (26,320 in chips)
Seat 6: e6f812f6 (26,240 in chips)
e6f812f6: posts the ante 60
b52c2b8b: posts the ante 60
7dc26872: posts the ante 60
fa60584d: posts the ante 60
383ad0d6: posts the ante 60
Hero: posts the ante 60
Hero: posts small blind 200
b52c2b8b: posts big blind 400
*** HOLE CARDS ***
Dealt to 383ad0d6 
Dealt to 7dc26872 
Dealt to fa60584d 
Dealt to Hero [5c Tc]
Dealt to b52c2b8b 
Dealt to e6f812f6 
e6f812f6: folds
383ad0d6: folds
7dc26872: folds
fa60584d: folds
Hero: raises 1,000 to 1,400
b52c2b8b: raises 2,800 to 4,200
Hero: folds
Uncalled bet (2,800) returned to b52c2b8b
*** SHOWDOWN ***
b52c2b8b collected 3,160 from pot
*** SUMMARY ***
Total pot 3,160 | Rake 0 | Jackpot 0 | Bingo 0 | Fortune 0 | Tax 0
Seat 1: 383ad0d6 folded before Flop
Seat 2: 7dc26872 folded before Flop
Seat 3: fa60584d (button) folded before Flop
Seat 4: Hero (small blind) folded before Flop
Seat 5: b52c2b8b (big blind) collected (3,160)
Seat 6: e6f812f6 folded before Flop


Poker Hand #TM309666009: Tournament #208374549, 226-M: $55 Bounty Hunters Daily Main [6-Max] Hold'em No Limit - Level4(200/400) - 2025/05/28 19:21:23
Table '20' 6-max Seat #2 is the button
Seat 1: 383ad0d6 (42,794 in chips)
Seat 2: 7dc26872 (21,111 in chips)
Seat 3: fa60584d (54,438 in chips)
Seat 4: Hero (55,715 in chips)
Seat 5: b52c2b8b (26,380 in chips)
Seat 6: e6f812f6 (24,940 in chips)
e6f812f6: posts the ante 60
b52c2b8b: posts the ante 60
7dc26872: posts the ante 60
fa60584d: posts the ante 60
383ad0d6: posts the ante 60
Hero: posts the ante 60
fa60584d: posts small blind 200
Hero: posts big blind 400
*** HOLE CARDS ***
Dealt to 383ad0d6 
Dealt to 7dc26872 
Dealt to fa60584d 
Dealt to Hero [Qs Jc]
Dealt to b52c2b8b 
Dealt to e6f812f6 
b52c2b8b: folds
e6f812f6: raises 400 to 800
383ad0d6: folds
7dc26872: folds
fa60584d: folds
Hero: calls 400
*** FLOP *** [Td 7h 7d]
Hero: checks
e6f812f6: checks
*** TURN *** [Td 7h 7d] [Tc]
Hero: checks
e6f812f6: checks
*** RIVER *** [Td 7h 7d Tc] [4s]
Hero: checks
e6f812f6: bets 760
Hero: folds
Uncalled bet (760) returned to e6f812f6
*** SHOWDOWN ***
e6f812f6 collected 2,160 from pot
*** SUMMARY ***
Total pot 2,160 | Rake 0 | Jackpot 0 | Bingo 0 | Fortune 0 | Tax 0
Board [Td 7h 7d Tc 4s]
Seat 1: 383ad0d6 folded before Flop
Seat 2: 7dc26872 (button) folded before Flop
Seat 3: fa60584d (small blind) folded before Flop
Seat 4: Hero (big blind) folded on the River
Seat 5: b52c2b8b folded before Flop
Seat 6: e6f812f6 won (2,160)


Poker Hand #TM309665909: Tournament #208374549, 226-M: $55 Bounty Hunters Daily Main [6-Max] Hold'em No Limit - Level4(200/400) - 2025/05/28 19:20:07
Table '20' 6-max Seat #1 is the button
Seat 1: 383ad0d6 (42,854 in chips)
Seat 2: 7dc26872 (21,371 in chips)
Seat 3: fa60584d (55,378 in chips)
Seat 4: Hero (55,775 in chips)
Seat 5: b52c2b8b (25,000 in chips)
Seat 6: e6f812f6 (25,000 in chips)
e6f812f6: posts the ante 60
b52c2b8b: posts the ante 60
7dc26872: posts the ante 60
fa60584d: posts the ante 60
383ad0d6: posts the ante 60
Hero: posts the ante 60
7dc26872: posts small blind 200
fa60584d: posts big blind 400
*** HOLE CARDS ***
Dealt to 383ad0d6 
Dealt to 7dc26872 
Dealt to fa60584d 
Dealt to Hero [Tc 6h]
Dealt to b52c2b8b 
Dealt to e6f812f6 
Hero: folds
b52c2b8b: raises 480 to 880
e6f812f6: folds
383ad0d6: folds
7dc26872: folds
fa60584d: calls 480
*** FLOP *** [As Ks Ac]
fa60584d: checks
b52c2b8b: bets 480
fa60584d: folds
Uncalled bet (480) returned to b52c2b8b
*** SHOWDOWN ***
b52c2b8b collected 2,320 from pot
*** SUMMARY ***
Total pot 2,320 | Rake 0 | Jackpot 0 | Bingo 0 | Fortune 0 | Tax 0
Board [As Ks Ac]
Seat 1: 383ad0d6 (button) folded before Flop
Seat 2: 7dc26872 (small blind) folded before Flop
Seat 3: fa60584d (big blind) folded on the Flop
Seat 4: Hero folded before Flop
Seat 5: b52c2b8b won (2,320)
Seat 6: e6f812f6 folded before Flop


Poker Hand #TM309665793: Tournament #208374549, 226-M: $55 Bounty Hunters Daily Main [6-Max] Hold'em No Limit - Level4(200/400) - 2025/05/28 19:18:51
Table '20' 6-max Seat #4 is the button
Seat 1: 383ad0d6 (43,314 in chips)
Seat 2: 7dc26872 (21,431 in chips)
Seat 3: fa60584d (55,438 in chips)
Seat 4: Hero (38,145 in chips)
Seat 6: e740f444 (17,050 in chips)
7dc26872: posts the ante 60
fa60584d: posts the ante 60
383ad0d6: posts the ante 60
Hero: posts the ante 60
e740f444: posts the ante 60
e740f444: posts small blind 200
383ad0d6: posts big blind 400
*** HOLE CARDS ***
Dealt to 383ad0d6 
Dealt to 7dc26872 
Dealt to fa60584d 
Dealt to Hero [3c Kc]
Dealt to e740f444 
7dc26872: folds
fa60584d: folds
Hero: raises 400 to 800
e740f444: raises 1,800 to 2,600
383ad0d6: folds
Hero: calls 1,800
*** FLOP *** [Ks 5s Jc]
e740f444: bets 2,000
Hero: calls 2,000
*** TURN *** [Ks 5s Jc] [8h]
e740f444: bets 4,000
Hero: calls 4,000
*** RIVER *** [Ks 5s Jc 8h] [7h]
e740f444: bets 8,390
Hero: calls 8,390
e740f444: shows [Td Qd] (King high)
Hero: shows [3c Kc] (a pair of Kings)
*** SHOWDOWN ***
Hero collected 34,680 from pot
*** SUMMARY ***
Total pot 34,680 | Rake 0 | Jackpot 0 | Bingo 0 | Fortune 0 | Tax 0
Board [Ks 5s Jc 8h 7h]
Seat 1: 383ad0d6 (big blind) folded before Flop
Seat 2: 7dc26872 folded before Flop
Seat 3: fa60584d folded before Flop
Seat 4: Hero (button) showed [3c Kc] and won (34,680) with a pair of Kings
Seat 6: e740f444 (small blind) showed [Td Qd] and lost with King high


Poker Hand #TM309665717: Tournament #208374549, 226-M: $55 Bounty Hunters Daily Main [6-Max] Hold'em No Limit - Level4(200/400) - 2025/05/28 19:17:55
Table '20' 6-max Seat #3 is the button
Seat 1: 383ad0d6 (43,374 in chips)
Seat 2: 7dc26872 (21,491 in chips)
Seat 3: fa60584d (30,208 in chips)
Seat 4: Hero (38,405 in chips)
Seat 5: 32ec138f (24,790 in chips)
Seat 6: e740f444 (17,110 in chips)
7dc26872: posts the ante 60
fa60584d: posts the ante 60
32ec138f: posts the ante 60
383ad0d6: posts the ante 60
Hero: posts the ante 60
e740f444: posts the ante 60
Hero: posts small blind 200
32ec138f: posts big blind 400
*** HOLE CARDS ***
Dealt to 383ad0d6 
Dealt to 7dc26872 
Dealt to fa60584d 
Dealt to Hero [6c Kd]
Dealt to 32ec138f 
Dealt to e740f444 
e740f444: folds
383ad0d6: folds
7dc26872: folds
fa60584d: raises 680 to 1,080
Hero: folds
32ec138f: calls 680
*** FLOP *** [2c Td 8d]
32ec138f: checks
fa60584d: bets 1,600
32ec138f: raises 1,600 to 3,200
fa60584d: raises 25,868 to 29,068
32ec138f: calls 20,450
Uncalled bet (5,418) returned to fa60584d
fa60584d: shows [Qs Qc] (a pair of Queens)
32ec138f: shows [Jh 8h] (a pair of Eights)
*** TURN *** [2c Td 8d] [7d]
*** RIVER *** [2c Td 8d 7d] [Ks]
*** SHOWDOWN ***
fa60584d collected 50,020 from pot
*** SUMMARY ***
Total pot 50,020 | Rake 0 | Jackpot 0 | Bingo 0 | Fortune 0 | Tax 0
Board [2c Td 8d 7d Ks]
Seat 1: 383ad0d6 folded before Flop
Seat 2: 7dc26872 folded before Flop
Seat 3: fa60584d (button) showed [Qs Qc] and won (50,020) with a pair of Queens
Seat 4: Hero (small blind) folded before Flop
Seat 5: 32ec138f (big blind) showed [Jh 8h] and lost with a pair of Eights
Seat 6: e740f444 folded before Flop


Poker Hand #TM309665663: Tournament #208374549, 226-M: $55 Bounty Hunters Daily Main [6-Max] Hold'em No Limit - Level4(200/400) - 2025/05/28 19:17:12
Table '20' 6-max Seat #2 is the button
Seat 1: 383ad0d6 (43,434 in chips)
Seat 2: 7dc26872 (21,551 in chips)
Seat 3: fa60584d (30,468 in chips)
Seat 4: Hero (38,865 in chips)
Seat 5: 32ec138f (23,890 in chips)
Seat 6: e740f444 (17,170 in chips)
7dc26872: posts the ante 60
fa60584d: posts the ante 60
32ec138f: posts the ante 60
383ad0d6: posts the ante 60
Hero: posts the ante 60
e740f444: posts the ante 60
fa60584d: posts small blind 200
Hero: posts big blind 400
*** HOLE CARDS ***
Dealt to 383ad0d6 
Dealt to 7dc26872 
Dealt to fa60584d 
Dealt to Hero [2d Jc]
Dealt to 32ec138f 
Dealt to e740f444 
32ec138f: raises 800 to 1,200
e740f444: folds
383ad0d6: folds
7dc26872: folds
fa60584d: folds
Hero: folds
Uncalled bet (800) returned to 32ec138f
*** SHOWDOWN ***
32ec138f collected 1,360 from pot
*** SUMMARY ***
Total pot 1,360 | Rake 0 | Jackpot 0 | Bingo 0 | Fortune 0 | Tax 0
Seat 1: 383ad0d6 folded before Flop
Seat 2: 7dc26872 (button) folded before Flop
Seat 3: fa60584d (small blind) folded before Flop
Seat 4: Hero (big blind) folded before Flop
Seat 5: 32ec138f collected (1,360)
Seat 6: e740f444 folded before Flop


Poker Hand #TM309665595: Tournament #208374549, 226-M: $55 Bounty Hunters Daily Main [6-Max] Hold'em No Limit - Level4(200/400) - 2025/05/28 19:16:22
Table '20' 6-max Seat #1 is the button
Seat 1: 383ad0d6 (43,494 in chips)
Seat 2: 7dc26872 (21,811 in chips)
Seat 3: fa60584d (31,328 in chips)
Seat 4: Hero (37,565 in chips)
Seat 5: 32ec138f (23,950 in chips)
Seat 6: e740f444 (17,230 in chips)
7dc26872: posts the ante 60
fa60584d: posts the ante 60
32ec138f: posts the ante 60
383ad0d6: posts the ante 60
Hero: posts the ante 60
e740f444: posts the ante 60
7dc26872: posts small blind 200
fa60584d: posts big blind 400
*** HOLE CARDS ***
Dealt to 383ad0d6 
Dealt to 7dc26872 
Dealt to fa60584d 
Dealt to Hero [6c 5c]
Dealt to 32ec138f 
Dealt to e740f444 
Hero: raises 400 to 800
32ec138f: folds
e740f444: folds
383ad0d6: folds
7dc26872: folds
fa60584d: calls 400
*** FLOP *** [3c 4h 8s]
fa60584d: checks
Hero: bets 2,440
fa60584d: folds
Uncalled bet (2,440) returned to Hero
*** SHOWDOWN ***
Hero collected 2,160 from pot
*** SUMMARY ***
Total pot 2,160 | Rake 0 | Jackpot 0 | Bingo 0 | Fortune 0 | Tax 0
Board [3c 4h 8s]
Seat 1: 383ad0d6 (button) folded before Flop
Seat 2: 7dc26872 (small blind) folded before Flop
Seat 3: fa60584d (big blind) folded on the Flop
Seat 4: Hero won (2,160)
Seat 5: 32ec138f folded before Flop
Seat 6: e740f444 folded before Flop


Poker Hand #TM309665470: Tournament #208374549, 226-M: $55 Bounty Hunters Daily Main [6-Max] Hold'em No Limit - Level4(200/400) - 2025/05/28 19:14:53
Table '20' 6-max Seat #6 is the button
Seat 1: 383ad0d6 (43,754 in chips)
Seat 2: 7dc26872 (28,471 in chips)
Seat 3: fa60584d (22,228 in chips)
Seat 4: Hero (37,625 in chips)
Seat 5: 32ec138f (24,010 in chips)
Seat 6: e740f444 (19,290 in chips)
7dc26872: posts the ante 60
fa60584d: posts the ante 60
32ec138f: posts the ante 60
383ad0d6: posts the ante 60
Hero: posts the ante 60
e740f444: posts the ante 60
383ad0d6: posts small blind 200
7dc26872: posts big blind 400
*** HOLE CARDS ***
Dealt to 383ad0d6 
Dealt to 7dc26872 
Dealt to fa60584d 
Dealt to Hero [Kc 9h]
Dealt to 32ec138f 
Dealt to e740f444 
fa60584d: raises 400 to 800
Hero: folds
32ec138f: folds
e740f444: calls 800
383ad0d6: folds
7dc26872: calls 400
*** FLOP *** [7d Qd 3h]
7dc26872: checks
fa60584d: bets 1,200
e740f444: calls 1,200
7dc26872: calls 1,200
*** TURN *** [7d Qd 3h] [Ks]
7dc26872: checks
fa60584d: bets 4,600
e740f444: folds
7dc26872: calls 4,600
*** RIVER *** [7d Qd 3h Ks] [Ah]
7dc26872: checks
fa60584d: bets 5,200
7dc26872: folds
Uncalled bet (5,200) returned to fa60584d
*** SHOWDOWN ***
fa60584d collected 15,760 from pot
*** SUMMARY ***
Total pot 15,760 | Rake 0 | Jackpot 0 | Bingo 0 | Fortune 0 | Tax 0
Board [7d Qd 3h Ks Ah]
Seat 1: 383ad0d6 (small blind) folded before Flop
Seat 2: 7dc26872 (big blind) folded on the River
Seat 3: fa60584d won (15,760)
Seat 4: Hero folded before Flop
Seat 5: 32ec138f folded before Flop
Seat 6: e740f444 (button) folded on the Turn


Poker Hand #TM309665397: Tournament #208374549, 226-M: $55 Bounty Hunters Daily Main [6-Max] Hold'em No Limit - Level4(200/400) - 2025/05/28 19:13:55
Table '20' 6-max Seat #5 is the button
Seat 1: 383ad0d6 (44,614 in chips)
Seat 2: 7dc26872 (28,531 in chips)
Seat 3: fa60584d (20,928 in chips)
Seat 4: Hero (37,685 in chips)
Seat 5: 32ec138f (24,070 in chips)
Seat 6: e740f444 (19,550 in chips)
7dc26872: posts the ante 60
fa60584d: posts the ante 60
32ec138f: posts the ante 60
383ad0d6: posts the ante 60
Hero: posts the ante 60
e740f444: posts the ante 60
e740f444: posts small blind 200
383ad0d6: posts big blind 400
*** HOLE CARDS ***
Dealt to 383ad0d6 
Dealt to 7dc26872 
Dealt to fa60584d 
Dealt to Hero [5s 2c]
Dealt to 32ec138f 
Dealt to e740f444 
7dc26872: folds
fa60584d: raises 400 to 800
Hero: folds
32ec138f: folds
e740f444: folds
383ad0d6: calls 400
*** FLOP *** [6h 4h 2s]
383ad0d6: checks
fa60584d: bets 800
383ad0d6: folds
Uncalled bet (800) returned to fa60584d
*** SHOWDOWN ***
fa60584d collected 2,160 from pot
*** SUMMARY ***
Total pot 2,160 | Rake 0 | Jackpot 0 | Bingo 0 | Fortune 0 | Tax 0
Board [6h 4h 2s]
Seat 1: 383ad0d6 (big blind) folded on the Flop
Seat 2: 7dc26872 folded before Flop
Seat 3: fa60584d won (2,160)
Seat 4: Hero folded before Flop
Seat 5: 32ec138f (button) folded before Flop
Seat 6: e740f444 (small blind) folded before Flop


Poker Hand #TM309665346: Tournament #208374549, 226-M: $55 Bounty Hunters Daily Main [6-Max] Hold'em No Limit - Level3(150/300) - 2025/05/28 19:13:16
Table '20' 6-max Seat #4 is the button
Seat 1: 383ad0d6 (43,939 in chips)
Seat 2: 7dc26872 (28,576 in chips)
Seat 3: fa60584d (20,973 in chips)
Seat 4: Hero (37,730 in chips)
Seat 5: 32ec138f (24,265 in chips)
Seat 6: e740f444 (19,895 in chips)
7dc26872: posts the ante 45
fa60584d: posts the ante 45
32ec138f: posts the ante 45
383ad0d6: posts the ante 45
Hero: posts the ante 45
e740f444: posts the ante 45
32ec138f: posts small blind 150
e740f444: posts big blind 300
*** HOLE CARDS ***
Dealt to 383ad0d6 
Dealt to 7dc26872 
Dealt to fa60584d 
Dealt to Hero [6s 3s]
Dealt to 32ec138f 
Dealt to e740f444 
383ad0d6: raises 300 to 600
7dc26872: folds
fa60584d: folds
Hero: folds
32ec138f: folds
e740f444: folds
Uncalled bet (300) returned to 383ad0d6
*** SHOWDOWN ***
383ad0d6 collected 1,020 from pot
*** SUMMARY ***
Total pot 1,020 | Rake 0 | Jackpot 0 | Bingo 0 | Fortune 0 | Tax 0
Seat 1: 383ad0d6 collected (1,020)
Seat 2: 7dc26872 folded before Flop
Seat 3: fa60584d folded before Flop
Seat 4: Hero (button) folded before Flop
Seat 5: 32ec138f (small blind) folded before Flop
Seat 6: e740f444 (big blind) folded before Flop


Poker Hand #TM309665168: Tournament #208374549, 226-M: $55 Bounty Hunters Daily Main [6-Max] Hold'em No Limit - Level3(150/300) - 2025/05/28 19:10:57
Table '20' 6-max Seat #3 is the button
Seat 1: 383ad0d6 (43,984 in chips)
Seat 2: 7dc26872 (29,221 in chips)
Seat 3: fa60584d (21,018 in chips)
Seat 4: Hero (25,355 in chips)
Seat 5: 32ec138f (24,910 in chips)
Seat 6: e740f444 (30,890 in chips)
7dc26872: posts the ante 45
fa60584d: posts the ante 45
32ec138f: posts the ante 45
383ad0d6: posts the ante 45
Hero: posts the ante 45
e740f444: posts the ante 45
Hero: posts small blind 150
32ec138f: posts big blind 300
*** HOLE CARDS ***
Dealt to 383ad0d6 
Dealt to 7dc26872 
Dealt to fa60584d 
Dealt to Hero [8d Td]
Dealt to 32ec138f 
Dealt to e740f444 
e740f444: raises 300 to 600
383ad0d6: folds
7dc26872: calls 600
fa60584d: folds
Hero: calls 450
32ec138f: calls 300
*** FLOP *** [6s Ts 8h]
Hero: checks
32ec138f: checks
e740f444: bets 900
7dc26872: folds
Hero: calls 900
32ec138f: folds
*** TURN *** [6s Ts 8h] [Ad]
Hero: checks
e740f444: bets 3,450
Hero: calls 3,450
*** RIVER *** [6s Ts 8h Ad] [5c]
Hero: checks
e740f444: bets 6,000
Hero: calls 6,000
e740f444: shows [Js 9s] (Ace high)
Hero: shows [8d Td] (two pair, Tens and Eights)
*** SHOWDOWN ***
Hero collected 23,370 from pot
*** SUMMARY ***
Total pot 23,370 | Rake 0 | Jackpot 0 | Bingo 0 | Fortune 0 | Tax 0
Board [6s Ts 8h Ad 5c]
Seat 1: 383ad0d6 folded before Flop
Seat 2: 7dc26872 folded on the Flop
Seat 3: fa60584d (button) folded before Flop
Seat 4: Hero (small blind) showed [8d Td] and won (23,370) with two pair, Tens and Eights
Seat 5: 32ec138f (big blind) folded on the Flop
Seat 6: e740f444 showed [Js 9s] and lost with Ace high


Poker Hand #TM309665022: Tournament #208374549, 226-M: $55 Bounty Hunters Daily Main [6-Max] Hold'em No Limit - Level3(150/300) - 2025/05/28 19:09:05
Table '20' 6-max Seat #2 is the button
Seat 1: 383ad0d6 (44,029 in chips)
Seat 2: 7dc26872 (29,266 in chips)
Seat 3: fa60584d (26,006 in chips)
Seat 4: Hero (20,187 in chips)
Seat 5: 32ec138f (24,955 in chips)
Seat 6: e740f444 (30,935 in chips)
7dc26872: posts the ante 45
fa60584d: posts the ante 45
32ec138f: posts the ante 45
383ad0d6: posts the ante 45
Hero: posts the ante 45
e740f444: posts the ante 45
fa60584d: posts small blind 150
Hero: posts big blind 300
*** HOLE CARDS ***
Dealt to 383ad0d6 
Dealt to 7dc26872 
Dealt to fa60584d 
Dealt to Hero [7h Js]
Dealt to 32ec138f 
Dealt to e740f444 
32ec138f: folds
e740f444: folds
383ad0d6: folds
7dc26872: folds
fa60584d: raises 750 to 1,050
Hero: calls 750
*** FLOP *** [7c 5h 5d]
fa60584d: checks
Hero: bets 593
fa60584d: calls 593
*** TURN *** [7c 5h 5d] [Jd]
fa60584d: checks
Hero: bets 3,300
fa60584d: calls 3,300
*** RIVER *** [7c 5h 5d Jd] [6s]
fa60584d: checks
Hero: checks
fa60584d: shows [Ac Jc] (two pair, Jacks and Fives)
Hero: shows [7h Js] (two pair, Jacks and Sevens)
*** SHOWDOWN ***
Hero collected 10,156 from pot
*** SUMMARY ***
Total pot 10,156 | Rake 0 | Jackpot 0 | Bingo 0 | Fortune 0 | Tax 0
Board [7c 5h 5d Jd 6s]
Seat 1: 383ad0d6 folded before Flop
Seat 2: 7dc26872 (button) folded before Flop
Seat 3: fa60584d (small blind) showed [Ac Jc] and lost with two pair, Jacks and Fives
Seat 4: Hero (big blind) showed [7h Js] and won (10,156) with two pair, Jacks and Sevens
Seat 5: 32ec138f folded before Flop
Seat 6: e740f444 folded before Flop


Poker Hand #TM309664976: Tournament #208374549, 226-M: $55 Bounty Hunters Daily Main [6-Max] Hold'em No Limit - Level3(150/300) - 2025/05/28 19:08:30
Table '20' 6-max Seat #1 is the button
Seat 1: 383ad0d6 (44,074 in chips)
Seat 2: 7dc26872 (29,461 in chips)
Seat 3: fa60584d (26,351 in chips)
Seat 4: Hero (19,512 in chips)
Seat 5: 32ec138f (25,000 in chips)
Seat 6: e740f444 (30,980 in chips)
7dc26872: posts the ante 45
fa60584d: posts the ante 45
32ec138f: posts the ante 45
383ad0d6: posts the ante 45
Hero: posts the ante 45
e740f444: posts the ante 45
7dc26872: posts small blind 150
fa60584d: posts big blind 300
*** HOLE CARDS ***
Dealt to 383ad0d6 
Dealt to 7dc26872 
Dealt to fa60584d 
Dealt to Hero [9s 9h]
Dealt to 32ec138f 
Dealt to e740f444 
Hero: raises 300 to 600
32ec138f: folds
e740f444: folds
383ad0d6: folds
7dc26872: folds
fa60584d: folds
Uncalled bet (300) returned to Hero
*** SHOWDOWN ***
Hero collected 1,020 from pot
*** SUMMARY ***
Total pot 1,020 | Rake 0 | Jackpot 0 | Bingo 0 | Fortune 0 | Tax 0
Seat 1: 383ad0d6 (button) folded before Flop
Seat 2: 7dc26872 (small blind) folded before Flop
Seat 3: fa60584d (big blind) folded before Flop
Seat 4: Hero collected (1,020)
Seat 5: 32ec138f folded before Flop
Seat 6: e740f444 folded before Flop


Poker Hand #TM309664880: Tournament #208374549, 226-M: $55 Bounty Hunters Daily Main [6-Max] Hold'em No Limit - Level3(150/300) - 2025/05/28 19:07:14
Table '20' 6-max Seat #6 is the button
Seat 1: 383ad0d6 (46,219 in chips)
Seat 2: 7dc26872 (25,981 in chips)
Seat 3: fa60584d (26,396 in chips)
Seat 4: Hero (20,157 in chips)
Seat 6: e740f444 (31,625 in chips)
7dc26872: posts the ante 45
fa60584d: posts the ante 45
383ad0d6: posts the ante 45
Hero: posts the ante 45
e740f444: posts the ante 45
383ad0d6: posts small blind 150
7dc26872: posts big blind 300
*** HOLE CARDS ***
Dealt to 383ad0d6 
Dealt to 7dc26872 
Dealt to fa60584d 
Dealt to Hero [4s Ad]
Dealt to e740f444 
fa60584d: folds
Hero: raises 300 to 600
e740f444: calls 600
383ad0d6: calls 450
7dc26872: raises 1,500 to 2,100
Hero: folds
e740f444: folds
383ad0d6: calls 1,500
*** FLOP *** [Ac 7h 3d]
383ad0d6: checks
7dc26872: bets 2,813
383ad0d6: folds
Uncalled bet (2,813) returned to 7dc26872
*** SHOWDOWN ***
7dc26872 collected 5,625 from pot
*** SUMMARY ***
Total pot 5,625 | Rake 0 | Jackpot 0 | Bingo 0 | Fortune 0 | Tax 0
Board [Ac 7h 3d]
Seat 1: 383ad0d6 (small blind) folded on the Flop
Seat 2: 7dc26872 (big blind) won (5,625)
Seat 3: fa60584d folded before Flop
Seat 4: Hero folded before Flop
Seat 6: e740f444 (button) folded before Flop


Poker Hand #TM309664644: Tournament #208374549, 226-M: $55 Bounty Hunters Daily Main [6-Max] Hold'em No Limit - Level3(150/300) - 2025/05/28 19:04:04
Table '20' 6-max Seat #5 is the button
Seat 1: 383ad0d6 (34,949 in chips)
Seat 2: 7dc26872 (26,026 in chips)
Seat 3: fa60584d (26,441 in chips)
Seat 4: Hero (20,202 in chips)
Seat 5: 6bb43183 (10,940 in chips)
Seat 6: e740f444 (31,820 in chips)
6bb43183: posts the ante 45
7dc26872: posts the ante 45
fa60584d: posts the ante 45
383ad0d6: posts the ante 45
Hero: posts the ante 45
e740f444: posts the ante 45
e740f444: posts small blind 150
383ad0d6: posts big blind 300
*** HOLE CARDS ***
Dealt to 383ad0d6 
Dealt to 7dc26872 
Dealt to fa60584d 
Dealt to Hero [8h 4d]
Dealt to 6bb43183 
Dealt to e740f444 
7dc26872: folds
fa60584d: folds
Hero: folds
6bb43183: raises 300 to 600
e740f444: folds
383ad0d6: calls 300
*** FLOP *** [Th 8s Ts]
383ad0d6: checks
6bb43183: bets 389
383ad0d6: raises 961 to 1,350
6bb43183: calls 961
*** TURN *** [Th 8s Ts] [6s]
383ad0d6: checks
6bb43183: bets 1,426
383ad0d6: calls 1,426
*** RIVER *** [Th 8s Ts 6s] [5h]
383ad0d6: checks
6bb43183: bets 7,519
383ad0d6: calls 7,519
6bb43183: shows [7d Js] (a pair of Tens)
383ad0d6: shows [9s 6c] (two pair, Tens and Sixes)
*** SHOWDOWN ***
383ad0d6 collected 22,210 from pot
*** SUMMARY ***
Total pot 22,210 | Rake 0 | Jackpot 0 | Bingo 0 | Fortune 0 | Tax 0
Board [Th 8s Ts 6s 5h]
Seat 1: 383ad0d6 (big blind) showed [9s 6c] and won (22,210) with two pair, Tens and Sixes
Seat 2: 7dc26872 folded before Flop
Seat 3: fa60584d folded before Flop
Seat 4: Hero folded before Flop
Seat 5: 6bb43183 (button) showed [7d Js] and lost with a pair of Tens
Seat 6: e740f444 (small blind) folded before Flop


Poker Hand #TM309664516: Tournament #208374549, 226-M: $55 Bounty Hunters Daily Main [6-Max] Hold'em No Limit - Level3(150/300) - 2025/05/28 19:02:25
Table '20' 6-max Seat #4 is the button
Seat 1: 383ad0d6 (34,994 in chips)
Seat 2: 7dc26872 (26,071 in chips)
Seat 3: fa60584d (24,416 in chips)
Seat 4: Hero (21,597 in chips)
Seat 5: 6bb43183 (11,135 in chips)
Seat 6: e740f444 (32,165 in chips)
6bb43183: posts the ante 45
7dc26872: posts the ante 45
fa60584d: posts the ante 45
383ad0d6: posts the ante 45
Hero: posts the ante 45
e740f444: posts the ante 45
6bb43183: posts small blind 150
e740f444: posts big blind 300
*** HOLE CARDS ***
Dealt to 383ad0d6 
Dealt to 7dc26872 
Dealt to fa60584d 
Dealt to Hero [As Th]
Dealt to 6bb43183 
Dealt to e740f444 
383ad0d6: folds
7dc26872: folds
fa60584d: raises 300 to 600
Hero: calls 600
6bb43183: folds
e740f444: folds
*** FLOP *** [8c 9h 8h]
fa60584d: checks
Hero: checks
*** TURN *** [8c 9h 8h] [3d]
fa60584d: bets 750
Hero: calls 750
*** RIVER *** [8c 9h 8h 3d] [Ks]
fa60584d: bets 855
Hero: folds
Uncalled bet (855) returned to fa60584d
*** SHOWDOWN ***
fa60584d collected 3,420 from pot
*** SUMMARY ***
Total pot 3,420 | Rake 0 | Jackpot 0 | Bingo 0 | Fortune 0 | Tax 0
Board [8c 9h 8h 3d Ks]
Seat 1: 383ad0d6 folded before Flop
Seat 2: 7dc26872 folded before Flop
Seat 3: fa60584d won (3,420)
Seat 4: Hero (button) folded on the River
Seat 5: 6bb43183 (small blind) folded before Flop
Seat 6: e740f444 (big blind) folded before Flop


Poker Hand #TM309664410: Tournament #208374549, 226-M: $55 Bounty Hunters Daily Main [6-Max] Hold'em No Limit - Level3(150/300) - 2025/05/28 18:54:53
Table '20' 6-max Seat #3 is the button
Seat 1: 383ad0d6 (33,719 in chips)
Seat 2: 7dc26872 (26,116 in chips)
Seat 3: fa60584d (24,461 in chips)
Seat 4: Hero (21,792 in chips)
Seat 5: 6bb43183 (11,480 in chips)
Seat 6: e740f444 (32,810 in chips)
6bb43183: posts the ante 45
7dc26872: posts the ante 45
fa60584d: posts the ante 45
383ad0d6: posts the ante 45
Hero: posts the ante 45
e740f444: posts the ante 45
Hero: posts small blind 150
6bb43183: posts big blind 300
*** HOLE CARDS ***
Dealt to 383ad0d6 
Dealt to 7dc26872 
Dealt to fa60584d 
Dealt to Hero [5c 6c]
Dealt to 6bb43183 
Dealt to e740f444 
e740f444: raises 300 to 600
383ad0d6: raises 1,500 to 2,100
7dc26872: folds
fa60584d: folds
Hero: folds
6bb43183: folds
e740f444: folds
Uncalled bet (1,500) returned to 383ad0d6
*** SHOWDOWN ***
383ad0d6 collected 1,920 from pot
*** SUMMARY ***
Total pot 1,920 | Rake 0 | Jackpot 0 | Bingo 0 | Fortune 0 | Tax 0
Seat 1: 383ad0d6 collected (1,920)
Seat 2: 7dc26872 folded before Flop
Seat 3: fa60584d (button) folded before Flop
Seat 4: Hero (small blind) folded before Flop
Seat 5: 6bb43183 (big blind) folded before Flop
Seat 6: e740f444 folded before Flop


Poker Hand #TM309664369: Tournament #208374549, 226-M: $55 Bounty Hunters Daily Main [6-Max] Hold'em No Limit - Level3(150/300) - 2025/05/28 18:54:06
Table '20' 6-max Seat #2 is the button
Seat 1: 383ad0d6 (34,364 in chips)
Seat 2: 7dc26872 (26,761 in chips)
Seat 3: fa60584d (24,656 in chips)
Seat 4: Hero (20,217 in chips)
Seat 5: 6bb43183 (11,525 in chips)
Seat 6: e740f444 (32,855 in chips)
6bb43183: posts the ante 45
7dc26872: posts the ante 45
fa60584d: posts the ante 45
383ad0d6: posts the ante 45
Hero: posts the ante 45
e740f444: posts the ante 45
fa60584d: posts small blind 150
Hero: posts big blind 300
*** HOLE CARDS ***
Dealt to 383ad0d6 
Dealt to 7dc26872 
Dealt to fa60584d 
Dealt to Hero [8d 9d]
Dealt to 6bb43183 
Dealt to e740f444 
6bb43183: folds
e740f444: folds
383ad0d6: raises 300 to 600
7dc26872: calls 600
fa60584d: folds
Hero: raises 2,700 to 3,300
383ad0d6: folds
7dc26872: folds
Uncalled bet (2,700) returned to Hero
*** SHOWDOWN ***
Hero collected 2,220 from pot
*** SUMMARY ***
Total pot 2,220 | Rake 0 | Jackpot 0 | Bingo 0 | Fortune 0 | Tax 0
Seat 1: 383ad0d6 folded before Flop
Seat 2: 7dc26872 (button) folded before Flop
Seat 3: fa60584d (small blind) folded before Flop
Seat 4: Hero (big blind) collected (2,220)
Seat 5: 6bb43183 folded before Flop
Seat 6: e740f444 folded before Flop


Poker Hand #TM309664347: Tournament #208374549, 226-M: $55 Bounty Hunters Daily Main [6-Max] Hold'em No Limit - Level2(125/250) - 2025/05/28 18:53:43
Table '20' 6-max Seat #1 is the button
Seat 1: 383ad0d6 (34,399 in chips)
Seat 2: 7dc26872 (26,921 in chips)
Seat 3: fa60584d (24,356 in chips)
Seat 4: Hero (20,252 in chips)
Seat 5: 6bb43183 (11,560 in chips)
Seat 6: e740f444 (32,890 in chips)
6bb43183: posts the ante 35
7dc26872: posts the ante 35
fa60584d: posts the ante 35
383ad0d6: posts the ante 35
Hero: posts the ante 35
e740f444: posts the ante 35
7dc26872: posts small blind 125
fa60584d: posts big blind 250
*** HOLE CARDS ***
Dealt to 383ad0d6 
Dealt to 7dc26872 
Dealt to fa60584d 
Dealt to Hero [7h Ac]
Dealt to 6bb43183 
Dealt to e740f444 
Hero: folds
6bb43183: folds
e740f444: folds
383ad0d6: folds
7dc26872: folds
Uncalled bet (125) returned to fa60584d
*** SHOWDOWN ***
fa60584d collected 460 from pot
*** SUMMARY ***
Total pot 460 | Rake 0 | Jackpot 0 | Bingo 0 | Fortune 0 | Tax 0
Seat 1: 383ad0d6 (button) folded before Flop
Seat 2: 7dc26872 (small blind) folded before Flop
Seat 3: fa60584d (big blind) collected (460)
Seat 4: Hero folded before Flop
Seat 5: 6bb43183 folded before Flop
Seat 6: e740f444 folded before Flop


Poker Hand #TM309664302: Tournament #208374549, 226-M: $55 Bounty Hunters Daily Main [6-Max] Hold'em No Limit - Level2(125/250) - 2025/05/28 18:52:51
Table '20' 6-max Seat #6 is the button
Seat 1: 383ad0d6 (34,559 in chips)
Seat 2: 7dc26872 (27,206 in chips)
Seat 3: fa60584d (24,391 in chips)
Seat 4: Hero (21,162 in chips)
Seat 5: 6bb43183 (11,595 in chips)
Seat 6: e740f444 (31,465 in chips)
6bb43183: posts the ante 35
7dc26872: posts the ante 35
fa60584d: posts the ante 35
383ad0d6: posts the ante 35
Hero: posts the ante 35
e740f444: posts the ante 35
383ad0d6: posts small blind 125
7dc26872: posts big blind 250
*** HOLE CARDS ***
Dealt to 383ad0d6 
Dealt to 7dc26872 
Dealt to fa60584d 
Dealt to Hero [Ts 7s]
Dealt to 6bb43183 
Dealt to e740f444 
fa60584d: folds
Hero: raises 250 to 500
6bb43183: folds
e740f444: calls 500
383ad0d6: folds
7dc26872: folds
*** FLOP *** [2d Jh 9d]
Hero: checks
e740f444: checks
*** TURN *** [2d Jh 9d] [4d]
Hero: bets 375
e740f444: raises 625 to 1,000
Hero: folds
Uncalled bet (625) returned to e740f444
*** SHOWDOWN ***
e740f444 collected 2,335 from pot
*** SUMMARY ***
Total pot 2,335 | Rake 0 | Jackpot 0 | Bingo 0 | Fortune 0 | Tax 0
Board [2d Jh 9d 4d]
Seat 1: 383ad0d6 (small blind) folded before Flop
Seat 2: 7dc26872 (big blind) folded before Flop
Seat 3: fa60584d folded before Flop
Seat 4: Hero folded on the Turn
Seat 5: 6bb43183 folded before Flop
Seat 6: e740f444 (button) won (2,335)


Poker Hand #TM309664225: Tournament #208374549, 226-M: $55 Bounty Hunters Daily Main [6-Max] Hold'em No Limit - Level2(125/250) - 2025/05/28 18:51:31
Table '20' 6-max Seat #5 is the button
Seat 1: 383ad0d6 (36,644 in chips)
Seat 2: 7dc26872 (24,856 in chips)
Seat 3: fa60584d (24,426 in chips)
Seat 4: Hero (21,197 in chips)
Seat 5: 6bb43183 (11,630 in chips)
Seat 6: e740f444 (31,625 in chips)
6bb43183: posts the ante 35
7dc26872: posts the ante 35
fa60584d: posts the ante 35
383ad0d6: posts the ante 35
Hero: posts the ante 35
e740f444: posts the ante 35
e740f444: posts small blind 125
383ad0d6: posts big blind 250
*** HOLE CARDS ***
Dealt to 383ad0d6 
Dealt to 7dc26872 
Dealt to fa60584d 
Dealt to Hero [Ks Td]
Dealt to 6bb43183 
Dealt to e740f444 
7dc26872: raises 250 to 500
fa60584d: folds
Hero: folds
6bb43183: folds
e740f444: folds
383ad0d6: calls 250
*** FLOP *** [Js Ac 5h]
383ad0d6: checks
7dc26872: bets 441
383ad0d6: calls 441
*** TURN *** [Js Ac 5h] [3s]
383ad0d6: checks
7dc26872: bets 1,109
383ad0d6: calls 1,109
*** RIVER *** [Js Ac 5h 3s] [4c]
383ad0d6: checks
7dc26872: checks
383ad0d6: shows [6s Ah] (a pair of Aces)
7dc26872: shows [Ad 4d] (two pair, Aces and Fours)
*** SHOWDOWN ***
7dc26872 collected 4,435 from pot
*** SUMMARY ***
Total pot 4,435 | Rake 0 | Jackpot 0 | Bingo 0 | Fortune 0 | Tax 0
Board [Js Ac 5h 3s 4c]
Seat 1: 383ad0d6 (big blind) showed [6s Ah] and lost with a pair of Aces
Seat 2: 7dc26872 showed [Ad 4d] and won (4,435) with two pair, Aces and Fours
Seat 3: fa60584d folded before Flop
Seat 4: Hero folded before Flop
Seat 5: 6bb43183 (button) folded before Flop
Seat 6: e740f444 (small blind) folded before Flop


Poker Hand #TM309664095: Tournament #208374549, 226-M: $55 Bounty Hunters Daily Main [6-Max] Hold'em No Limit - Level2(125/250) - 2025/05/28 18:49:19
Table '20' 6-max Seat #4 is the button
Seat 1: 383ad0d6 (27,551 in chips)
Seat 2: 7dc26872 (24,891 in chips)
Seat 3: fa60584d (33,004 in chips)
Seat 4: Hero (21,232 in chips)
Seat 5: 6bb43183 (11,790 in chips)
Seat 6: e740f444 (31,910 in chips)
6bb43183: posts the ante 35
7dc26872: posts the ante 35
fa60584d: posts the ante 35
383ad0d6: posts the ante 35
Hero: posts the ante 35
e740f444: posts the ante 35
6bb43183: posts small blind 125
e740f444: posts big blind 250
*** HOLE CARDS ***
Dealt to 383ad0d6 
Dealt to 7dc26872 
Dealt to fa60584d 
Dealt to Hero [Tc 8s]
Dealt to 6bb43183 
Dealt to e740f444 
383ad0d6: raises 250 to 500
7dc26872: folds
fa60584d: raises 1,375 to 1,875
Hero: folds
6bb43183: folds
e740f444: folds
383ad0d6: calls 1,375
*** FLOP *** [8h 9d 2h]
383ad0d6: checks
fa60584d: bets 2,250
383ad0d6: calls 2,250
*** TURN *** [8h 9d 2h] [5c]
383ad0d6: checks
fa60584d: checks
*** RIVER *** [8h 9d 2h 5c] [6c]
383ad0d6: bets 4,418
fa60584d: calls 4,418
383ad0d6: shows [7c 7d] (a straight, Nine to Five)
fa60584d: shows [Kd Ah] (Ace high)
*** SHOWDOWN ***
383ad0d6 collected 17,671 from pot
*** SUMMARY ***
Total pot 17,671 | Rake 0 | Jackpot 0 | Bingo 0 | Fortune 0 | Tax 0
Board [8h 9d 2h 5c 6c]
Seat 1: 383ad0d6 showed [7c 7d] and won (17,671) with a straight, Nine to Five
Seat 2: 7dc26872 folded before Flop
Seat 3: fa60584d showed [Kd Ah] and lost with Ace high
Seat 4: Hero (button) folded before Flop
Seat 5: 6bb43183 (small blind) folded before Flop
Seat 6: e740f444 (big blind) folded before Flop


Poker Hand #TM309664066: Tournament #208374549, 226-M: $55 Bounty Hunters Daily Main [6-Max] Hold'em No Limit - Level2(125/250) - 2025/05/28 18:48:52
Table '20' 6-max Seat #3 is the button
Seat 1: 383ad0d6 (27,586 in chips)
Seat 2: 7dc26872 (24,926 in chips)
Seat 3: fa60584d (32,454 in chips)
Seat 4: Hero (21,392 in chips)
Seat 5: 6bb43183 (12,075 in chips)
Seat 6: e740f444 (31,945 in chips)
6bb43183: posts the ante 35
7dc26872: posts the ante 35
fa60584d: posts the ante 35
383ad0d6: posts the ante 35
Hero: posts the ante 35
e740f444: posts the ante 35
Hero: posts small blind 125
6bb43183: posts big blind 250
*** HOLE CARDS ***
Dealt to 383ad0d6 
Dealt to 7dc26872 
Dealt to fa60584d 
Dealt to Hero [4h 5c]
Dealt to 6bb43183 
Dealt to e740f444 
e740f444: folds
383ad0d6: folds
7dc26872: folds
fa60584d: raises 250 to 500
Hero: folds
6bb43183: folds
Uncalled bet (250) returned to fa60584d
*** SHOWDOWN ***
fa60584d collected 835 from pot
*** SUMMARY ***
Total pot 835 | Rake 0 | Jackpot 0 | Bingo 0 | Fortune 0 | Tax 0
Seat 1: 383ad0d6 folded before Flop
Seat 2: 7dc26872 folded before Flop
Seat 3: fa60584d (button) collected (835)
Seat 4: Hero (small blind) folded before Flop
Seat 5: 6bb43183 (big blind) folded before Flop
Seat 6: e740f444 folded before Flop


Poker Hand #TM309663996: Tournament #208374549, 226-M: $55 Bounty Hunters Daily Main [6-Max] Hold'em No Limit - Level2(125/250) - 2025/05/28 18:47:34
Table '20' 6-max Seat #2 is the button
Seat 1: 383ad0d6 (28,121 in chips)
Seat 2: 7dc26872 (24,961 in chips)
Seat 3: fa60584d (31,279 in chips)
Seat 4: Hero (21,927 in chips)
Seat 5: 6bb43183 (12,110 in chips)
Seat 6: e740f444 (31,980 in chips)
6bb43183: posts the ante 35
7dc26872: posts the ante 35
fa60584d: posts the ante 35
383ad0d6: posts the ante 35
Hero: posts the ante 35
e740f444: posts the ante 35
fa60584d: posts small blind 125
Hero: posts big blind 250
*** HOLE CARDS ***
Dealt to 383ad0d6 
Dealt to 7dc26872 
Dealt to fa60584d 
Dealt to Hero [Ks 8c]
Dealt to 6bb43183 
Dealt to e740f444 
6bb43183: folds
e740f444: folds
383ad0d6: raises 250 to 500
7dc26872: folds
fa60584d: calls 375
Hero: calls 250
*** FLOP *** [Js Kh 4c]
fa60584d: checks
Hero: checks
383ad0d6: checks
*** TURN *** [Js Kh 4c] [2d]
fa60584d: bets 3,250
Hero: folds
383ad0d6: folds
Uncalled bet (3,250) returned to fa60584d
*** SHOWDOWN ***
fa60584d collected 1,710 from pot
*** SUMMARY ***
Total pot 1,710 | Rake 0 | Jackpot 0 | Bingo 0 | Fortune 0 | Tax 0
Board [Js Kh 4c 2d]
Seat 1: 383ad0d6 folded on the Turn
Seat 2: 7dc26872 (button) folded before Flop
Seat 3: fa60584d (small blind) won (1,710)
Seat 4: Hero (big blind) folded on the Turn
Seat 5: 6bb43183 folded before Flop
Seat 6: e740f444 folded before Flop


Poker Hand #TM309663950: Tournament #208374549, 226-M: $55 Bounty Hunters Daily Main [6-Max] Hold'em No Limit - Level2(125/250) - 2025/05/28 18:46:49
Table '20' 6-max Seat #1 is the button
Seat 1: 383ad0d6 (27,321 in chips)
Seat 2: 7dc26872 (25,121 in chips)
Seat 3: fa60584d (31,814 in chips)
Seat 4: Hero (21,962 in chips)
Seat 5: 6bb43183 (12,145 in chips)
Seat 6: e740f444 (32,015 in chips)
6bb43183: posts the ante 35
7dc26872: posts the ante 35
fa60584d: posts the ante 35
383ad0d6: posts the ante 35
Hero: posts the ante 35
e740f444: posts the ante 35
7dc26872: posts small blind 125
fa60584d: posts big blind 250
*** HOLE CARDS ***
Dealt to 383ad0d6 
Dealt to 7dc26872 
Dealt to fa60584d 
Dealt to Hero [Ah 2d]
Dealt to 6bb43183 
Dealt to e740f444 
Hero: folds
6bb43183: folds
e740f444: folds
383ad0d6: raises 250 to 500
7dc26872: folds
fa60584d: calls 250
*** FLOP *** [Tc 5d 6c]
fa60584d: checks
383ad0d6: bets 441
fa60584d: folds
Uncalled bet (441) returned to 383ad0d6
*** SHOWDOWN ***
383ad0d6 collected 1,335 from pot
*** SUMMARY ***
Total pot 1,335 | Rake 0 | Jackpot 0 | Bingo 0 | Fortune 0 | Tax 0
Board [Tc 5d 6c]
Seat 1: 383ad0d6 (button) won (1,335)
Seat 2: 7dc26872 (small blind) folded before Flop
Seat 3: fa60584d (big blind) folded on the Flop
Seat 4: Hero folded before Flop
Seat 5: 6bb43183 folded before Flop
Seat 6: e740f444 folded before Flop


Poker Hand #TM309663917: Tournament #208374549, 226-M: $55 Bounty Hunters Daily Main [6-Max] Hold'em No Limit - Level2(125/250) - 2025/05/28 18:46:14
Table '20' 6-max Seat #6 is the button
Seat 1: 383ad0d6 (26,396 in chips)
Seat 2: 7dc26872 (25,406 in chips)
Seat 3: fa60584d (32,349 in chips)
Seat 4: Hero (21,997 in chips)
Seat 5: 6bb43183 (12,180 in chips)
Seat 6: e740f444 (32,050 in chips)
6bb43183: posts the ante 35
7dc26872: posts the ante 35
fa60584d: posts the ante 35
383ad0d6: posts the ante 35
Hero: posts the ante 35
e740f444: posts the ante 35
383ad0d6: posts small blind 125
7dc26872: posts big blind 250
*** HOLE CARDS ***
Dealt to 383ad0d6 
Dealt to 7dc26872 
Dealt to fa60584d 
Dealt to Hero [7c Kc]
Dealt to 6bb43183 
Dealt to e740f444 
fa60584d: raises 250 to 500
Hero: folds
6bb43183: folds
e740f444: folds
383ad0d6: raises 1,750 to 2,250
7dc26872: folds
fa60584d: folds
Uncalled bet (1,750) returned to 383ad0d6
*** SHOWDOWN ***
383ad0d6 collected 1,460 from pot
*** SUMMARY ***
Total pot 1,460 | Rake 0 | Jackpot 0 | Bingo 0 | Fortune 0 | Tax 0
Seat 1: 383ad0d6 (small blind) collected (1,460)
Seat 2: 7dc26872 (big blind) folded before Flop
Seat 3: fa60584d folded before Flop
Seat 4: Hero folded before Flop
Seat 5: 6bb43183 folded before Flop
Seat 6: e740f444 (button) folded before Flop


Poker Hand #TM309663886: Tournament #208374549, 226-M: $55 Bounty Hunters Daily Main [6-Max] Hold'em No Limit - Level2(125/250) - 2025/05/28 18:45:45
Table '20' 6-max Seat #5 is the button
Seat 1: 383ad0d6 (26,096 in chips)
Seat 2: 7dc26872 (25,441 in chips)
Seat 3: fa60584d (32,384 in chips)
Seat 4: Hero (22,032 in chips)
Seat 5: 6bb43183 (12,215 in chips)
Seat 6: e740f444 (32,210 in chips)
6bb43183: posts the ante 35
7dc26872: posts the ante 35
fa60584d: posts the ante 35
383ad0d6: posts the ante 35
Hero: posts the ante 35
e740f444: posts the ante 35
e740f444: posts small blind 125
383ad0d6: posts big blind 250
*** HOLE CARDS ***
Dealt to 383ad0d6 
Dealt to 7dc26872 
Dealt to fa60584d 
Dealt to Hero [6c Qd]
Dealt to 6bb43183 
Dealt to e740f444 
7dc26872: folds
fa60584d: folds
Hero: folds
6bb43183: folds
e740f444: folds
Uncalled bet (125) returned to 383ad0d6
*** SHOWDOWN ***
383ad0d6 collected 460 from pot
*** SUMMARY ***
Total pot 460 | Rake 0 | Jackpot 0 | Bingo 0 | Fortune 0 | Tax 0
Seat 1: 383ad0d6 (big blind) collected (460)
Seat 2: 7dc26872 folded before Flop
Seat 3: fa60584d folded before Flop
Seat 4: Hero folded before Flop
Seat 5: 6bb43183 (button) folded before Flop
Seat 6: e740f444 (small blind) folded before Flop


Poker Hand #TM309663867: Tournament #208374549, 226-M: $55 Bounty Hunters Daily Main [6-Max] Hold'em No Limit - Level2(125/250) - 2025/05/28 18:45:21
Table '20' 6-max Seat #4 is the button
Seat 1: 383ad0d6 (25,546 in chips)
Seat 2: 7dc26872 (25,476 in chips)
Seat 3: fa60584d (32,419 in chips)
Seat 4: Hero (22,067 in chips)
Seat 5: 6bb43183 (12,375 in chips)
Seat 6: e740f444 (32,495 in chips)
6bb43183: posts the ante 35
7dc26872: posts the ante 35
fa60584d: posts the ante 35
383ad0d6: posts the ante 35
Hero: posts the ante 35
e740f444: posts the ante 35
6bb43183: posts small blind 125
e740f444: posts big blind 250
*** HOLE CARDS ***
Dealt to 383ad0d6 
Dealt to 7dc26872 
Dealt to fa60584d 
Dealt to Hero [3c 5d]
Dealt to 6bb43183 
Dealt to e740f444 
383ad0d6: raises 250 to 500
7dc26872: folds
fa60584d: folds
Hero: folds
6bb43183: folds
e740f444: folds
Uncalled bet (250) returned to 383ad0d6
*** SHOWDOWN ***
383ad0d6 collected 835 from pot
*** SUMMARY ***
Total pot 835 | Rake 0 | Jackpot 0 | Bingo 0 | Fortune 0 | Tax 0
Seat 1: 383ad0d6 collected (835)
Seat 2: 7dc26872 folded before Flop
Seat 3: fa60584d folded before Flop
Seat 4: Hero (button) folded before Flop
Seat 5: 6bb43183 (small blind) folded before Flop
Seat 6: e740f444 (big blind) folded before Flop


Poker Hand #TM309663849: Tournament #208374549, 226-M: $55 Bounty Hunters Daily Main [6-Max] Hold'em No Limit - Level2(125/250) - 2025/05/28 18:44:58
Table '20' 6-max Seat #3 is the button
Seat 1: 383ad0d6 (25,581 in chips)
Seat 2: 7dc26872 (25,511 in chips)
Seat 3: fa60584d (31,869 in chips)
Seat 4: Hero (22,227 in chips)
Seat 5: 6bb43183 (12,660 in chips)
Seat 6: e740f444 (32,530 in chips)
6bb43183: posts the ante 35
7dc26872: posts the ante 35
fa60584d: posts the ante 35
383ad0d6: posts the ante 35
Hero: posts the ante 35
e740f444: posts the ante 35
Hero: posts small blind 125
6bb43183: posts big blind 250
*** HOLE CARDS ***
Dealt to 383ad0d6 
Dealt to 7dc26872 
Dealt to fa60584d 
Dealt to Hero [4c Kd]
Dealt to 6bb43183 
Dealt to e740f444 
e740f444: folds
383ad0d6: folds
7dc26872: folds
fa60584d: raises 250 to 500
Hero: folds
6bb43183: folds
Uncalled bet (250) returned to fa60584d
*** SHOWDOWN ***
fa60584d collected 835 from pot
*** SUMMARY ***
Total pot 835 | Rake 0 | Jackpot 0 | Bingo 0 | Fortune 0 | Tax 0
Seat 1: 383ad0d6 folded before Flop
Seat 2: 7dc26872 folded before Flop
Seat 3: fa60584d (button) collected (835)
Seat 4: Hero (small blind) folded before Flop
Seat 5: 6bb43183 (big blind) folded before Flop
Seat 6: e740f444 folded before Flop


Poker Hand #TM309663759: Tournament #208374549, 226-M: $55 Bounty Hunters Daily Main [6-Max] Hold'em No Limit - Level2(125/250) - 2025/05/28 18:43:29
Table '20' 6-max Seat #2 is the button
Seat 1: 383ad0d6 (20,863 in chips)
Seat 2: 7dc26872 (26,046 in chips)
Seat 3: fa60584d (32,029 in chips)
Seat 4: Hero (26,180 in chips)
Seat 5: 6bb43183 (12,695 in chips)
Seat 6: e740f444 (32,565 in chips)
6bb43183: posts the ante 35
7dc26872: posts the ante 35
fa60584d: posts the ante 35
383ad0d6: posts the ante 35
Hero: posts the ante 35
e740f444: posts the ante 35
fa60584d: posts small blind 125
Hero: posts big blind 250
*** HOLE CARDS ***
Dealt to 383ad0d6 
Dealt to 7dc26872 
Dealt to fa60584d 
Dealt to Hero [Jh 6h]
Dealt to 6bb43183 
Dealt to e740f444 
6bb43183: folds
e740f444: folds
383ad0d6: raises 250 to 500
7dc26872: calls 500
fa60584d: folds
Hero: calls 250
*** FLOP *** [5d 8h Jc]
Hero: checks
383ad0d6: checks
7dc26872: checks
*** TURN *** [5d 8h Jc] [7s]
Hero: checks
383ad0d6: bets 918
7dc26872: folds
Hero: calls 918
*** RIVER *** [5d 8h Jc 7s] [9c]
Hero: checks
383ad0d6: bets 2,500
Hero: calls 2,500
383ad0d6: shows [Ts Ad] (a straight, Jack to Seven)
Hero: shows [Jh 6h] (a straight, Nine to Five)
*** SHOWDOWN ***
383ad0d6 collected 8,671 from pot
*** SUMMARY ***
Total pot 8,671 | Rake 0 | Jackpot 0 | Bingo 0 | Fortune 0 | Tax 0
Board [5d 8h Jc 7s 9c]
Seat 1: 383ad0d6 showed [Ts Ad] and won (8,671) with a straight, Jack to Seven
Seat 2: 7dc26872 (button) folded on the Turn
Seat 3: fa60584d (small blind) folded before Flop
Seat 4: Hero (big blind) showed [Jh 6h] and lost with a straight, Nine to Five
Seat 5: 6bb43183 folded before Flop
Seat 6: e740f444 folded before Flop


Poker Hand #TM309663705: Tournament #208374549, 226-M: $55 Bounty Hunters Daily Main [6-Max] Hold'em No Limit - Level2(125/250) - 2025/05/28 18:42:29
Table '20' 6-max Seat #1 is the button
Seat 1: 383ad0d6 (20,898 in chips)
Seat 2: 7dc26872 (26,206 in chips)
Seat 3: fa60584d (32,564 in chips)
Seat 4: Hero (25,380 in chips)
Seat 5: 6bb43183 (12,730 in chips)
Seat 6: e740f444 (32,600 in chips)
6bb43183: posts the ante 35
7dc26872: posts the ante 35
fa60584d: posts the ante 35
383ad0d6: posts the ante 35
Hero: posts the ante 35
e740f444: posts the ante 35
7dc26872: posts small blind 125
fa60584d: posts big blind 250
*** HOLE CARDS ***
Dealt to 383ad0d6 
Dealt to 7dc26872 
Dealt to fa60584d 
Dealt to Hero [Ts Ac]
Dealt to 6bb43183 
Dealt to e740f444 
Hero: raises 250 to 500
6bb43183: folds
e740f444: folds
383ad0d6: folds
7dc26872: folds
fa60584d: calls 250
*** FLOP *** [Kh 3s Jd]
fa60584d: checks
Hero: bets 441
fa60584d: folds
Uncalled bet (441) returned to Hero
*** SHOWDOWN ***
Hero collected 1,335 from pot
*** SUMMARY ***
Total pot 1,335 | Rake 0 | Jackpot 0 | Bingo 0 | Fortune 0 | Tax 0
Board [Kh 3s Jd]
Seat 1: 383ad0d6 (button) folded before Flop
Seat 2: 7dc26872 (small blind) folded before Flop
Seat 3: fa60584d (big blind) folded on the Flop
Seat 4: Hero won (1,335)
Seat 5: 6bb43183 folded before Flop
Seat 6: e740f444 folded before Flop


Poker Hand #TM309663612: Tournament #208374549, 226-M: $55 Bounty Hunters Daily Main [6-Max] Hold'em No Limit - Level1(100/200) - 2025/05/28 18:40:47
Table '20' 6-max Seat #6 is the button
Seat 1: 383ad0d6 (21,984 in chips)
Seat 2: 7dc26872 (25,000 in chips)
Seat 3: fa60584d (32,594 in chips)
Seat 4: Hero (25,410 in chips)
Seat 5: 6bb43183 (12,760 in chips)
Seat 6: e740f444 (32,630 in chips)
6bb43183: posts the ante 30
7dc26872: posts the ante 30
fa60584d: posts the ante 30
383ad0d6: posts the ante 30
Hero: posts the ante 30
e740f444: posts the ante 30
383ad0d6: posts small blind 100
7dc26872: posts big blind 200
*** HOLE CARDS ***
Dealt to 383ad0d6 
Dealt to 7dc26872 
Dealt to fa60584d 
Dealt to Hero [8s 6c]
Dealt to 6bb43183 
Dealt to e740f444 
fa60584d: folds
Hero: folds
6bb43183: folds
e740f444: folds
383ad0d6: calls 100
7dc26872: checks
*** FLOP *** [Js 7c 3s]
383ad0d6: bets 200
7dc26872: raises 200 to 400
383ad0d6: calls 200
*** TURN *** [Js 7c 3s] [5h]
383ad0d6: checks
7dc26872: bets 456
383ad0d6: calls 456
*** RIVER *** [Js 7c 3s 5h] [2c]
383ad0d6: checks
7dc26872: checks
383ad0d6: shows [Tc 7s] (a pair of Sevens)
7dc26872: shows [7d Kh] (a pair of Sevens)
*** SHOWDOWN ***
7dc26872 collected 2,292 from pot
*** SUMMARY ***
Total pot 2,292 | Rake 0 | Jackpot 0 | Bingo 0 | Fortune 0 | Tax 0
Board [Js 7c 3s 5h 2c]
Seat 1: 383ad0d6 (small blind) showed [Tc 7s] and lost with a pair of Sevens
Seat 2: 7dc26872 (big blind) showed [7d Kh] and won (2,292) with a pair of Sevens
Seat 3: fa60584d folded before Flop
Seat 4: Hero folded before Flop
Seat 5: 6bb43183 folded before Flop
Seat 6: e740f444 (button) folded before Flop


Poker Hand #TM309663548: Tournament #208374549, 226-M: $55 Bounty Hunters Daily Main [6-Max] Hold'em No Limit - Level1(100/200) - 2025/05/28 18:39:34
Table '20' 6-max Seat #5 is the button
Seat 1: 383ad0d6 (22,214 in chips)
Seat 2: 5f54929b (26,752 in chips)
Seat 3: fa60584d (30,074 in chips)
Seat 4: Hero (25,440 in chips)
Seat 5: 6bb43183 (12,790 in chips)
Seat 6: e740f444 (32,760 in chips)
6bb43183: posts the ante 30
5f54929b: posts the ante 30
fa60584d: posts the ante 30
383ad0d6: posts the ante 30
Hero: posts the ante 30
e740f444: posts the ante 30
e740f444: posts small blind 100
383ad0d6: posts big blind 200
*** HOLE CARDS ***
Dealt to 383ad0d6 
Dealt to 5f54929b 
Dealt to fa60584d 
Dealt to Hero [9s Qc]
Dealt to 6bb43183 
Dealt to e740f444 
5f54929b: raises 240 to 440
fa60584d: raises 860 to 1,300
Hero: folds
6bb43183: folds
e740f444: folds
383ad0d6: folds
5f54929b: calls 860
*** FLOP *** [4h 7d Kc]
5f54929b: checks
fa60584d: bets 770
5f54929b: calls 770
*** TURN *** [4h 7d Kc] [2s]
5f54929b: checks
fa60584d: bets 2,310
5f54929b: folds
Uncalled bet (2,310) returned to fa60584d
*** SHOWDOWN ***
fa60584d collected 4,620 from pot
*** SUMMARY ***
Total pot 4,620 | Rake 0 | Jackpot 0 | Bingo 0 | Fortune 0 | Tax 0
Board [4h 7d Kc 2s]
Seat 1: 383ad0d6 (big blind) folded before Flop
Seat 2: 5f54929b folded on the Turn
Seat 3: fa60584d won (4,620)
Seat 4: Hero folded before Flop
Seat 5: 6bb43183 (button) folded before Flop
Seat 6: e740f444 (small blind) folded before Flop


Poker Hand #TM309663454: Tournament #208374549, 226-M: $55 Bounty Hunters Daily Main [6-Max] Hold'em No Limit - Level1(100/200) - 2025/05/28 18:37:49
Table '20' 6-max Seat #4 is the button
Seat 1: 383ad0d6 (22,644 in chips)
Seat 2: 5f54929b (26,782 in chips)
Seat 3: fa60584d (32,104 in chips)
Seat 4: Hero (25,470 in chips)
Seat 5: 6bb43183 (18,120 in chips)
Seat 6: e740f444 (24,910 in chips)
6bb43183: posts the ante 30
5f54929b: posts the ante 30
fa60584d: posts the ante 30
383ad0d6: posts the ante 30
Hero: posts the ante 30
e740f444: posts the ante 30
6bb43183: posts small blind 100
e740f444: posts big blind 200
*** HOLE CARDS ***
Dealt to 383ad0d6 
Dealt to 5f54929b 
Dealt to fa60584d 
Dealt to Hero [Td 5h]
Dealt to 6bb43183 
Dealt to e740f444 
383ad0d6: raises 200 to 400
5f54929b: folds
fa60584d: calls 400
Hero: folds
6bb43183: calls 300
e740f444: raises 1,600 to 2,000
383ad0d6: folds
fa60584d: calls 1,600
6bb43183: calls 1,600
*** FLOP *** [5c Qc 3s]
6bb43183: checks
e740f444: bets 3,300
fa60584d: folds
6bb43183: calls 3,300
*** TURN *** [5c Qc 3s] [2s]
6bb43183: checks
e740f444: bets 13,200
6bb43183: folds
Uncalled bet (13,200) returned to e740f444
*** SHOWDOWN ***
e740f444 collected 13,180 from pot
*** SUMMARY ***
Total pot 13,180 | Rake 0 | Jackpot 0 | Bingo 0 | Fortune 0 | Tax 0
Board [5c Qc 3s 2s]
Seat 1: 383ad0d6 folded before Flop
Seat 2: 5f54929b folded before Flop
Seat 3: fa60584d folded on the Flop
Seat 4: Hero (button) folded before Flop
Seat 5: 6bb43183 (small blind) folded on the Turn
Seat 6: e740f444 (big blind) won (13,180)


Poker Hand #TM309663327: Tournament #208374549, 226-M: $55 Bounty Hunters Daily Main [6-Max] Hold'em No Limit - Level1(100/200) - 2025/05/28 18:35:29
Table '20' 6-max Seat #3 is the button
Seat 1: 383ad0d6 (22,674 in chips)
Seat 2: 5f54929b (26,812 in chips)
Seat 3: fa60584d (25,854 in chips)
Seat 4: Hero (25,600 in chips)
Seat 5: 6bb43183 (24,150 in chips)
Seat 6: e740f444 (24,940 in chips)
6bb43183: posts the ante 30
5f54929b: posts the ante 30
fa60584d: posts the ante 30
383ad0d6: posts the ante 30
Hero: posts the ante 30
e740f444: posts the ante 30
Hero: posts small blind 100
6bb43183: posts big blind 200
*** HOLE CARDS ***
Dealt to 383ad0d6 
Dealt to 5f54929b 
Dealt to fa60584d 
Dealt to Hero [8c 3s]
Dealt to 6bb43183 
Dealt to e740f444 
e740f444: folds
383ad0d6: folds
5f54929b: folds
fa60584d: raises 340 to 540
Hero: folds
6bb43183: raises 1,860 to 2,400
fa60584d: raises 2,600 to 5,000
6bb43183: calls 2,600
*** FLOP *** [2s 3d Kh]
6bb43183: checks
fa60584d: bets 1,000
6bb43183: calls 1,000
*** TURN *** [2s 3d Kh] [5h]
6bb43183: checks
fa60584d: checks
*** RIVER *** [2s 3d Kh 5h] [5c]
6bb43183: checks
fa60584d: bets 19,824
6bb43183: folds
Uncalled bet (19,824) returned to fa60584d
*** SHOWDOWN ***
fa60584d collected 12,280 from pot
*** SUMMARY ***
Total pot 12,280 | Rake 0 | Jackpot 0 | Bingo 0 | Fortune 0 | Tax 0
Board [2s 3d Kh 5h 5c]
Seat 1: 383ad0d6 folded before Flop
Seat 2: 5f54929b folded before Flop
Seat 3: fa60584d (button) won (12,280)
Seat 4: Hero (small blind) folded before Flop
Seat 5: 6bb43183 (big blind) folded on the River
Seat 6: e740f444 folded before Flop


Poker Hand #TM309663289: Tournament #208374549, 226-M: $55 Bounty Hunters Daily Main [6-Max] Hold'em No Limit - Level1(100/200) - 2025/05/28 18:34:51
Table '20' 6-max Seat #2 is the button
Seat 1: 383ad0d6 (23,104 in chips)
Seat 2: 5f54929b (27,242 in chips)
Seat 3: fa60584d (24,704 in chips)
Seat 4: Hero (25,830 in chips)
Seat 5: 6bb43183 (24,180 in chips)
Seat 6: e740f444 (24,970 in chips)
6bb43183: posts the ante 30
5f54929b: posts the ante 30
fa60584d: posts the ante 30
383ad0d6: posts the ante 30
Hero: posts the ante 30
e740f444: posts the ante 30
fa60584d: posts small blind 100
Hero: posts big blind 200
*** HOLE CARDS ***
Dealt to 383ad0d6 
Dealt to 5f54929b 
Dealt to fa60584d 
Dealt to Hero [9s 6c]
Dealt to 6bb43183 
Dealt to e740f444 
6bb43183: folds
e740f444: folds
383ad0d6: raises 200 to 400
5f54929b: calls 400
fa60584d: raises 2,100 to 2,500
Hero: folds
383ad0d6: folds
5f54929b: folds
Uncalled bet (2,100) returned to fa60584d
*** SHOWDOWN ***
fa60584d collected 1,580 from pot
*** SUMMARY ***
Total pot 1,580 | Rake 0 | Jackpot 0 | Bingo 0 | Fortune 0 | Tax 0
Seat 1: 383ad0d6 folded before Flop
Seat 2: 5f54929b (button) folded before Flop
Seat 3: fa60584d (small blind) collected (1,580)
Seat 4: Hero (big blind) folded before Flop
Seat 5: 6bb43183 folded before Flop
Seat 6: e740f444 folded before Flop


Poker Hand #TM309663175: Tournament #208374549, 226-M: $55 Bounty Hunters Daily Main [6-Max] Hold'em No Limit - Level1(100/200) - 2025/05/28 18:32:34
Table '20' 6-max Seat #1 is the button
Seat 1: 383ad0d6 (23,990 in chips)
Seat 2: 5f54929b (25,180 in chips)
Seat 3: fa60584d (25,790 in chips)
Seat 4: Hero (25,860 in chips)
Seat 5: 6bb43183 (24,210 in chips)
Seat 6: e740f444 (25,000 in chips)
6bb43183: posts the ante 30
5f54929b: posts the ante 30
fa60584d: posts the ante 30
383ad0d6: posts the ante 30
Hero: posts the ante 30
e740f444: posts the ante 30
5f54929b: posts small blind 100
fa60584d: posts big blind 200
*** HOLE CARDS ***
Dealt to 383ad0d6 
Dealt to 5f54929b 
Dealt to fa60584d 
Dealt to Hero [7h 8c]
Dealt to 6bb43183 
Dealt to e740f444 
Hero: folds
6bb43183: folds
e740f444: folds
383ad0d6: raises 200 to 400
5f54929b: calls 300
fa60584d: calls 200
*** FLOP *** [9d 2d 8s]
5f54929b: checks
fa60584d: checks
383ad0d6: bets 456
5f54929b: calls 456
fa60584d: calls 456
*** TURN *** [9d 2d 8s] [Qs]
5f54929b: checks
fa60584d: checks
383ad0d6: checks
*** RIVER *** [9d 2d 8s Qs] [4c]
5f54929b: checks
fa60584d: bets 200
383ad0d6: folds
5f54929b: calls 200
fa60584d: shows [9s 6c] (a pair of Nines)
5f54929b: shows [7c 9c] (a pair of Nines)
*** SHOWDOWN ***
5f54929b collected 3,148 from pot
*** SUMMARY ***
Total pot 3,148 | Rake 0 | Jackpot 0 | Bingo 0 | Fortune 0 | Tax 0
Board [9d 2d 8s Qs 4c]
Seat 1: 383ad0d6 (button) folded on the River
Seat 2: 5f54929b (small blind) showed [7c 9c] and won (3,148) with a pair of Nines
Seat 3: fa60584d (big blind) showed [9s 6c] and lost with a pair of Nines
Seat 4: Hero folded before Flop
Seat 5: 6bb43183 folded before Flop
Seat 6: e740f444 folded before Flop


Poker Hand #TM309663128: Tournament #208374549, 226-M: $55 Bounty Hunters Daily Main [6-Max] Hold'em No Limit - Level1(100/200) - 2025/05/28 18:31:43
Table '20' 6-max Seat #5 is the button
Seat 1: 383ad0d6 (24,120 in chips)
Seat 2: 5f54929b (25,610 in chips)
Seat 3: fa60584d (25,820 in chips)
Seat 4: Hero (24,840 in chips)
Seat 5: 6bb43183 (24,640 in chips)
6bb43183: posts the ante 30
5f54929b: posts the ante 30
fa60584d: posts the ante 30
383ad0d6: posts the ante 30
Hero: posts the ante 30
383ad0d6: posts small blind 100
5f54929b: posts big blind 200
*** HOLE CARDS ***
Dealt to 383ad0d6 
Dealt to 5f54929b 
Dealt to fa60584d 
Dealt to Hero [Kh Tc]
Dealt to 6bb43183 
fa60584d: folds
Hero: raises 200 to 400
6bb43183: calls 400
383ad0d6: folds
5f54929b: calls 200
*** FLOP *** [Ad Jh As]
5f54929b: checks
Hero: bets 363
6bb43183: folds
5f54929b: folds
Uncalled bet (363) returned to Hero
*** SHOWDOWN ***
Hero collected 1,450 from pot
*** SUMMARY ***
Total pot 1,450 | Rake 0 | Jackpot 0 | Bingo 0 | Fortune 0 | Tax 0
Board [Ad Jh As]
Seat 1: 383ad0d6 (small blind) folded before Flop
Seat 2: 5f54929b (big blind) folded on the Flop
Seat 3: fa60584d folded before Flop
Seat 4: Hero won (1,450)
Seat 5: 6bb43183 (button) folded on the Flop


Poker Hand #TM309663062: Tournament #208374549, 226-M: $55 Bounty Hunters Daily Main [6-Max] Hold'em No Limit - Level1(100/200) - 2025/05/28 18:30:31
Table '20' 6-max Seat #4 is the button
Seat 1: 383ad0d6 (24,570 in chips)
Seat 2: 5f54929b (24,970 in chips)
Seat 3: fa60584d (25,850 in chips)
Seat 4: Hero (24,870 in chips)
Seat 5: 6bb43183 (24,770 in chips)
6bb43183: posts the ante 30
5f54929b: posts the ante 30
fa60584d: posts the ante 30
383ad0d6: posts the ante 30
Hero: posts the ante 30
6bb43183: posts small blind 100
383ad0d6: posts big blind 200
*** HOLE CARDS ***
Dealt to 383ad0d6 
Dealt to 5f54929b 
Dealt to fa60584d 
Dealt to Hero [5c Qs]
Dealt to 6bb43183 
5f54929b: raises 220 to 420
fa60584d: folds
Hero: folds
6bb43183: folds
383ad0d6: calls 220
*** FLOP *** [9c 9s 8h]
383ad0d6: checks
5f54929b: checks
*** TURN *** [9c 9s 8h] [Ad]
383ad0d6: checks
5f54929b: checks
*** RIVER *** [9c 9s 8h Ad] [Jh]
383ad0d6: checks
5f54929b: bets 818
383ad0d6: folds
Uncalled bet (818) returned to 5f54929b
*** SHOWDOWN ***
5f54929b collected 1,090 from pot
*** SUMMARY ***
Total pot 1,090 | Rake 0 | Jackpot 0 | Bingo 0 | Fortune 0 | Tax 0
Board [9c 9s 8h Ad Jh]
Seat 1: 383ad0d6 (big blind) folded on the River
Seat 2: 5f54929b won (1,090)
Seat 3: fa60584d folded before Flop
Seat 4: Hero (button) folded before Flop
Seat 5: 6bb43183 (small blind) folded before Flop


Poker Hand #TM309663033: Tournament #208374549, 226-M: $55 Bounty Hunters Daily Main [6-Max] Hold'em No Limit - Level1(100/200) - 2025/05/28 18:30:02
Table '20' 6-max Seat #3 is the button
Seat 1: 383ad0d6 (25,000 in chips)
Seat 2: 5f54929b (25,000 in chips)
Seat 3: fa60584d (25,000 in chips)
Seat 4: Hero (25,000 in chips)
Seat 5: 6bb43183 (25,000 in chips)
Seat 6: 976ddb92 (25,000 in chips)
6bb43183: posts the ante 30
5f54929b: posts the ante 30
fa60584d: posts the ante 30
976ddb92: posts the ante 30
383ad0d6: posts the ante 30
Hero: posts the ante 30
Hero: posts small blind 100
6bb43183: posts big blind 200
*** HOLE CARDS ***
Dealt to 383ad0d6 
Dealt to 5f54929b 
Dealt to fa60584d 
Dealt to Hero [Ah 4d]
Dealt to 6bb43183 
Dealt to 976ddb92 
976ddb92: folds
383ad0d6: raises 200 to 400
5f54929b: folds
fa60584d: raises 1,000 to 1,400
Hero: folds
6bb43183: folds
383ad0d6: folds
Uncalled bet (1,000) returned to fa60584d
*** SHOWDOWN ***
fa60584d collected 1,280 from pot
*** SUMMARY ***
Total pot 1,280 | Rake 0 | Jackpot 0 | Bingo 0 | Fortune 0 | Tax 0
Seat 1: 383ad0d6 folded before Flop
Seat 2: 5f54929b folded before Flop
Seat 3: fa60584d (button) collected (1,280)
Seat 4: Hero (small blind) folded before Flop
Seat 5: 6bb43183 (big blind) folded before Flop
Seat 6: 976ddb92 folded before Flop


