Poker Hand #TM314637908: Tournament #209320969, 237-M: $30 Thursday Heater [Bounty Turbo 6-Max] Hold'em No Limit - Level14(750/1,500) - 2025/05/30 00:46:18
Table '33' 6-max Seat #1 is the button
Seat 1: 6a03552c (30,556 in chips)
Seat 2: a0ed6c07 (24,256 in chips)
Seat 3: Hero (30,286 in chips)
Seat 4: b258c3e9 (58,718 in chips)
Seat 5: e0eb7418 (34,100 in chips)
Seat 6: 7c59a2a3 (53,443 in chips)
a0ed6c07: posts the ante 200
6a03552c: posts the ante 200
7c59a2a3: posts the ante 200
Hero: posts the ante 200
b258c3e9: posts the ante 200
e0eb7418: posts the ante 200
a0ed6c07: posts small blind 750
Hero: posts big blind 1,500
*** HOLE CARDS ***
Dealt to 6a03552c 
Dealt to a0ed6c07 
Dealt to Hero [8h 8c]
Dealt to b258c3e9 
Dealt to e0eb7418 
Dealt to 7c59a2a3 
b258c3e9: folds
e0eb7418: raises 1,650 to 3,150
7c59a2a3: folds
6a03552c: folds
a0ed6c07: folds
Hero: raises 26,936 to 30,086
e0eb7418: calls 26,936
Hero: shows [8h 8c]
e0eb7418: shows [9s 9c]
*** FLOP *** [3c 6h Td]
*** TURN *** [3c 6h Td] [7s]
*** RIVER *** [3c 6h Td 7s] [Qc]
*** SHOWDOWN ***
e0eb7418 collected 62,122 from pot
*** SUMMARY ***
Total pot 62,122 | Rake 0 | Jackpot 0 | Bingo 0 | Fortune 0 | Tax 0
Board [3c 6h Td 7s Qc]
Seat 1: 6a03552c (button) folded before Flop
Seat 2: a0ed6c07 (small blind) folded before Flop
Seat 3: Hero (big blind) showed [8h 8c] and lost with a pair of Eights
Seat 4: b258c3e9 folded before Flop
Seat 5: e0eb7418 showed [9s 9c] and won (62,122) with a pair of Nines
Seat 6: 7c59a2a3 folded before Flop


Poker Hand #TM314637891: Tournament #209320969, 237-M: $30 Thursday Heater [Bounty Turbo 6-Max] Hold'em No Limit - Level13(600/1,200) - 2025/05/30 00:45:46
Table '33' 6-max Seat #6 is the button
Seat 1: 6a03552c (31,336 in chips)
Seat 2: a0ed6c07 (25,636 in chips)
Seat 3: Hero (30,466 in chips)
Seat 4: b258c3e9 (56,018 in chips)
Seat 5: e0eb7418 (34,280 in chips)
Seat 6: 7c59a2a3 (53,623 in chips)
a0ed6c07: posts the ante 180
6a03552c: posts the ante 180
7c59a2a3: posts the ante 180
Hero: posts the ante 180
b258c3e9: posts the ante 180
e0eb7418: posts the ante 180
6a03552c: posts small blind 600
a0ed6c07: posts big blind 1,200
*** HOLE CARDS ***
Dealt to 6a03552c 
Dealt to a0ed6c07 
Dealt to Hero [9d 7d]
Dealt to b258c3e9 
Dealt to e0eb7418 
Dealt to 7c59a2a3 
Hero: folds
b258c3e9: raises 1,320 to 2,520
e0eb7418: folds
7c59a2a3: folds
6a03552c: folds
a0ed6c07: folds
Uncalled bet (1,320) returned to b258c3e9
*** SHOWDOWN ***
b258c3e9 collected 4,080 from pot
*** SUMMARY ***
Total pot 4,080 | Rake 0 | Jackpot 0 | Bingo 0 | Fortune 0 | Tax 0
Seat 1: 6a03552c (small blind) folded before Flop
Seat 2: a0ed6c07 (big blind) folded before Flop
Seat 3: Hero folded before Flop
Seat 4: b258c3e9 collected (4,080)
Seat 5: e0eb7418 folded before Flop
Seat 6: 7c59a2a3 (button) folded before Flop


Poker Hand #TM314637870: Tournament #209320969, 237-M: $30 Thursday Heater [Bounty Turbo 6-Max] Hold'em No Limit - Level13(600/1,200) - 2025/05/30 00:45:07
Table '33' 6-max Seat #5 is the button
Seat 1: 6a03552c (29,836 in chips)
Seat 2: a0ed6c07 (25,816 in chips)
Seat 3: Hero (30,646 in chips)
Seat 4: b258c3e9 (56,198 in chips)
Seat 5: e0eb7418 (34,460 in chips)
Seat 6: 7c59a2a3 (54,403 in chips)
a0ed6c07: posts the ante 180
6a03552c: posts the ante 180
7c59a2a3: posts the ante 180
Hero: posts the ante 180
b258c3e9: posts the ante 180
e0eb7418: posts the ante 180
7c59a2a3: posts small blind 600
6a03552c: posts big blind 1,200
*** HOLE CARDS ***
Dealt to 6a03552c 
Dealt to a0ed6c07 
Dealt to Hero [7s 4c]
Dealt to b258c3e9 
Dealt to e0eb7418 
Dealt to 7c59a2a3 
a0ed6c07: folds
Hero: folds
b258c3e9: folds
e0eb7418: folds
7c59a2a3: folds
Uncalled bet (600) returned to 6a03552c
*** SHOWDOWN ***
6a03552c collected 2,280 from pot
*** SUMMARY ***
Total pot 2,280 | Rake 0 | Jackpot 0 | Bingo 0 | Fortune 0 | Tax 0
Seat 1: 6a03552c (big blind) collected (2,280)
Seat 2: a0ed6c07 folded before Flop
Seat 3: Hero folded before Flop
Seat 4: b258c3e9 folded before Flop
Seat 5: e0eb7418 (button) folded before Flop
Seat 6: 7c59a2a3 (small blind) folded before Flop


Poker Hand #TM314637843: Tournament #209320969, 237-M: $30 Thursday Heater [Bounty Turbo 6-Max] Hold'em No Limit - Level13(600/1,200) - 2025/05/30 00:44:13
Table '33' 6-max Seat #4 is the button
Seat 1: 6a03552c (30,016 in chips)
Seat 2: a0ed6c07 (25,996 in chips)
Seat 3: Hero (33,226 in chips)
Seat 4: b258c3e9 (51,098 in chips)
Seat 5: e0eb7418 (35,240 in chips)
Seat 6: 7c59a2a3 (55,783 in chips)
a0ed6c07: posts the ante 180
6a03552c: posts the ante 180
7c59a2a3: posts the ante 180
Hero: posts the ante 180
b258c3e9: posts the ante 180
e0eb7418: posts the ante 180
e0eb7418: posts small blind 600
7c59a2a3: posts big blind 1,200
*** HOLE CARDS ***
Dealt to 6a03552c 
Dealt to a0ed6c07 
Dealt to Hero [5h Ac]
Dealt to b258c3e9 
Dealt to e0eb7418 
Dealt to 7c59a2a3 
6a03552c: folds
a0ed6c07: folds
Hero: raises 1,200 to 2,400
b258c3e9: raises 4,800 to 7,200
e0eb7418: folds
7c59a2a3: folds
Hero: folds
Uncalled bet (4,800) returned to b258c3e9
*** SHOWDOWN ***
b258c3e9 collected 7,680 from pot
*** SUMMARY ***
Total pot 7,680 | Rake 0 | Jackpot 0 | Bingo 0 | Fortune 0 | Tax 0
Seat 1: 6a03552c folded before Flop
Seat 2: a0ed6c07 folded before Flop
Seat 3: Hero folded before Flop
Seat 4: b258c3e9 (button) collected (7,680)
Seat 5: e0eb7418 (small blind) folded before Flop
Seat 6: 7c59a2a3 (big blind) folded before Flop


Poker Hand #TM314637822: Tournament #209320969, 237-M: $30 Thursday Heater [Bounty Turbo 6-Max] Hold'em No Limit - Level13(600/1,200) - 2025/05/30 00:43:41
Table '33' 6-max Seat #3 is the button
Seat 1: 6a03552c (30,196 in chips)
Seat 2: a0ed6c07 (26,176 in chips)
Seat 3: Hero (33,406 in chips)
Seat 4: b258c3e9 (51,878 in chips)
Seat 5: e0eb7418 (33,740 in chips)
Seat 6: 7c59a2a3 (55,963 in chips)
a0ed6c07: posts the ante 180
6a03552c: posts the ante 180
7c59a2a3: posts the ante 180
Hero: posts the ante 180
b258c3e9: posts the ante 180
e0eb7418: posts the ante 180
b258c3e9: posts small blind 600
e0eb7418: posts big blind 1,200
*** HOLE CARDS ***
Dealt to 6a03552c 
Dealt to a0ed6c07 
Dealt to Hero [9h 3h]
Dealt to b258c3e9 
Dealt to e0eb7418 
Dealt to 7c59a2a3 
7c59a2a3: folds
6a03552c: folds
a0ed6c07: folds
Hero: folds
b258c3e9: folds
Uncalled bet (600) returned to e0eb7418
*** SHOWDOWN ***
e0eb7418 collected 2,280 from pot
*** SUMMARY ***
Total pot 2,280 | Rake 0 | Jackpot 0 | Bingo 0 | Fortune 0 | Tax 0
Seat 1: 6a03552c folded before Flop
Seat 2: a0ed6c07 folded before Flop
Seat 3: Hero (button) folded before Flop
Seat 4: b258c3e9 (small blind) folded before Flop
Seat 5: e0eb7418 (big blind) collected (2,280)
Seat 6: 7c59a2a3 folded before Flop


Poker Hand #TM314637795: Tournament #209320969, 237-M: $30 Thursday Heater [Bounty Turbo 6-Max] Hold'em No Limit - Level13(600/1,200) - 2025/05/30 00:42:45
Table '33' 6-max Seat #2 is the button
Seat 1: 6a03552c (30,376 in chips)
Seat 2: a0ed6c07 (22,276 in chips)
Seat 3: Hero (34,186 in chips)
Seat 4: b258c3e9 (54,458 in chips)
Seat 5: e0eb7418 (33,920 in chips)
Seat 6: 7c59a2a3 (56,143 in chips)
a0ed6c07: posts the ante 180
6a03552c: posts the ante 180
7c59a2a3: posts the ante 180
Hero: posts the ante 180
b258c3e9: posts the ante 180
e0eb7418: posts the ante 180
Hero: posts small blind 600
b258c3e9: posts big blind 1,200
*** HOLE CARDS ***
Dealt to 6a03552c 
Dealt to a0ed6c07 
Dealt to Hero [Kc 9h]
Dealt to b258c3e9 
Dealt to e0eb7418 
Dealt to 7c59a2a3 
e0eb7418: folds
7c59a2a3: folds
6a03552c: folds
a0ed6c07: raises 1,200 to 2,400
Hero: folds
b258c3e9: calls 1,200
*** FLOP *** [2s Ah Qh]
b258c3e9: checks
a0ed6c07: checks
*** TURN *** [2s Ah Qh] [Tc]
b258c3e9: checks
a0ed6c07: bets 2,139
b258c3e9: folds
Uncalled bet (2,139) returned to a0ed6c07
*** SHOWDOWN ***
a0ed6c07 collected 6,480 from pot
*** SUMMARY ***
Total pot 6,480 | Rake 0 | Jackpot 0 | Bingo 0 | Fortune 0 | Tax 0
Board [2s Ah Qh Tc]
Seat 1: 6a03552c folded before Flop
Seat 2: a0ed6c07 (button) won (6,480)
Seat 3: Hero (small blind) folded before Flop
Seat 4: b258c3e9 (big blind) folded on the Turn
Seat 5: e0eb7418 folded before Flop
Seat 6: 7c59a2a3 folded before Flop


Poker Hand #TM314637768: Tournament #209320969, 237-M: $30 Thursday Heater [Bounty Turbo 6-Max] Hold'em No Limit - Level13(600/1,200) - 2025/05/30 00:42:09
Table '33' 6-max Seat #1 is the button
Seat 1: 6a03552c (30,556 in chips)
Seat 2: a0ed6c07 (20,176 in chips)
Seat 3: Hero (35,566 in chips)
Seat 4: b258c3e9 (54,638 in chips)
Seat 5: e0eb7418 (34,100 in chips)
Seat 6: 7c59a2a3 (56,323 in chips)
a0ed6c07: posts the ante 180
6a03552c: posts the ante 180
7c59a2a3: posts the ante 180
Hero: posts the ante 180
b258c3e9: posts the ante 180
e0eb7418: posts the ante 180
a0ed6c07: posts small blind 600
Hero: posts big blind 1,200
*** HOLE CARDS ***
Dealt to 6a03552c 
Dealt to a0ed6c07 
Dealt to Hero [3d Qc]
Dealt to b258c3e9 
Dealt to e0eb7418 
Dealt to 7c59a2a3 
b258c3e9: folds
e0eb7418: folds
7c59a2a3: folds
6a03552c: folds
a0ed6c07: raises 18,796 to 19,996
Hero: folds
Uncalled bet (18,796) returned to a0ed6c07
*** SHOWDOWN ***
a0ed6c07 collected 3,480 from pot
*** SUMMARY ***
Total pot 3,480 | Rake 0 | Jackpot 0 | Bingo 0 | Fortune 0 | Tax 0
Seat 1: 6a03552c (button) folded before Flop
Seat 2: a0ed6c07 (small blind) collected (3,480)
Seat 3: Hero (big blind) folded before Flop
Seat 4: b258c3e9 folded before Flop
Seat 5: e0eb7418 folded before Flop
Seat 6: 7c59a2a3 folded before Flop


Poker Hand #TM314637750: Tournament #209320969, 237-M: $30 Thursday Heater [Bounty Turbo 6-Max] Hold'em No Limit - Level13(600/1,200) - 2025/05/30 00:41:36
Table '33' 6-max Seat #6 is the button
Seat 1: 6a03552c (31,336 in chips)
Seat 2: a0ed6c07 (21,556 in chips)
Seat 3: Hero (35,746 in chips)
Seat 4: b258c3e9 (57,338 in chips)
Seat 5: e0eb7418 (28,880 in chips)
Seat 6: 7c59a2a3 (56,503 in chips)
a0ed6c07: posts the ante 180
6a03552c: posts the ante 180
7c59a2a3: posts the ante 180
Hero: posts the ante 180
b258c3e9: posts the ante 180
e0eb7418: posts the ante 180
6a03552c: posts small blind 600
a0ed6c07: posts big blind 1,200
*** HOLE CARDS ***
Dealt to 6a03552c 
Dealt to a0ed6c07 
Dealt to Hero [Kd 3c]
Dealt to b258c3e9 
Dealt to e0eb7418 
Dealt to 7c59a2a3 
Hero: folds
b258c3e9: raises 1,320 to 2,520
e0eb7418: raises 26,180 to 28,700
7c59a2a3: folds
6a03552c: folds
a0ed6c07: folds
b258c3e9: folds
Uncalled bet (26,180) returned to e0eb7418
*** SHOWDOWN ***
e0eb7418 collected 7,920 from pot
*** SUMMARY ***
Total pot 7,920 | Rake 0 | Jackpot 0 | Bingo 0 | Fortune 0 | Tax 0
Seat 1: 6a03552c (small blind) folded before Flop
Seat 2: a0ed6c07 (big blind) folded before Flop
Seat 3: Hero folded before Flop
Seat 4: b258c3e9 folded before Flop
Seat 5: e0eb7418 collected (7,920)
Seat 6: 7c59a2a3 (button) folded before Flop


Poker Hand #TM314637740: Tournament #209320969, 237-M: $30 Thursday Heater [Bounty Turbo 6-Max] Hold'em No Limit - Level13(600/1,200) - 2025/05/30 00:41:13
Table '33' 6-max Seat #5 is the button
Seat 1: 6a03552c (32,716 in chips)
Seat 2: a0ed6c07 (18,856 in chips)
Seat 3: Hero (35,926 in chips)
Seat 4: b258c3e9 (57,518 in chips)
Seat 5: e0eb7418 (29,060 in chips)
Seat 6: 7c59a2a3 (57,283 in chips)
a0ed6c07: posts the ante 180
6a03552c: posts the ante 180
7c59a2a3: posts the ante 180
Hero: posts the ante 180
b258c3e9: posts the ante 180
e0eb7418: posts the ante 180
7c59a2a3: posts small blind 600
6a03552c: posts big blind 1,200
*** HOLE CARDS ***
Dealt to 6a03552c 
Dealt to a0ed6c07 
Dealt to Hero [Qs 4d]
Dealt to b258c3e9 
Dealt to e0eb7418 
Dealt to 7c59a2a3 
a0ed6c07: raises 1,200 to 2,400
Hero: folds
b258c3e9: folds
e0eb7418: folds
7c59a2a3: folds
6a03552c: folds
Uncalled bet (1,200) returned to a0ed6c07
*** SHOWDOWN ***
a0ed6c07 collected 4,080 from pot
*** SUMMARY ***
Total pot 4,080 | Rake 0 | Jackpot 0 | Bingo 0 | Fortune 0 | Tax 0
Seat 1: 6a03552c (big blind) folded before Flop
Seat 2: a0ed6c07 collected (4,080)
Seat 3: Hero folded before Flop
Seat 4: b258c3e9 folded before Flop
Seat 5: e0eb7418 (button) folded before Flop
Seat 6: 7c59a2a3 (small blind) folded before Flop


Poker Hand #TM314637710: Tournament #209320969, 237-M: $30 Thursday Heater [Bounty Turbo 6-Max] Hold'em No Limit - Level12(500/1,000) - 2025/05/30 00:40:29
Table '33' 6-max Seat #3 is the button
Seat 1: 6a03552c (29,116 in chips)
Seat 2: a0ed6c07 (19,006 in chips)
Seat 3: Hero (36,076 in chips)
Seat 5: e0eb7418 (31,210 in chips)
Seat 6: 7c59a2a3 (58,433 in chips)
a0ed6c07: posts the ante 150
6a03552c: posts the ante 150
7c59a2a3: posts the ante 150
Hero: posts the ante 150
e0eb7418: posts the ante 150
e0eb7418: posts small blind 500
7c59a2a3: posts big blind 1,000
*** HOLE CARDS ***
Dealt to 6a03552c 
Dealt to a0ed6c07 
Dealt to Hero [8h Ts]
Dealt to e0eb7418 
Dealt to 7c59a2a3 
6a03552c: raises 1,000 to 2,000
a0ed6c07: folds
Hero: folds
e0eb7418: calls 1,500
7c59a2a3: folds
*** FLOP *** [9h 3s 6h]
e0eb7418: checks
6a03552c: bets 2,500
e0eb7418: folds
Uncalled bet (2,500) returned to 6a03552c
*** SHOWDOWN ***
6a03552c collected 5,750 from pot
*** SUMMARY ***
Total pot 5,750 | Rake 0 | Jackpot 0 | Bingo 0 | Fortune 0 | Tax 0
Board [9h 3s 6h]
Seat 1: 6a03552c won (5,750)
Seat 2: a0ed6c07 folded before Flop
Seat 3: Hero (button) folded before Flop
Seat 5: e0eb7418 (small blind) folded on the Flop
Seat 6: 7c59a2a3 (big blind) folded before Flop


Poker Hand #TM314637668: Tournament #209320969, 237-M: $30 Thursday Heater [Bounty Turbo 6-Max] Hold'em No Limit - Level12(500/1,000) - 2025/05/30 00:39:08
Table '33' 6-max Seat #1 is the button
Seat 1: 6a03552c (44,238 in chips)
Seat 3: Hero (36,726 in chips)
Seat 4: 8bb8634a (358 in chips)
Seat 5: e0eb7418 (31,360 in chips)
Seat 6: 7c59a2a3 (42,153 in chips)
6a03552c: posts the ante 150
8bb8634a: posts the ante 150
7c59a2a3: posts the ante 150
Hero: posts the ante 150
e0eb7418: posts the ante 150
Hero: posts small blind 500
8bb8634a: posts big blind 208
*** HOLE CARDS ***
Dealt to 6a03552c 
Dealt to Hero [Jh 4s]
Dealt to 8bb8634a 
Dealt to e0eb7418 
Dealt to 7c59a2a3 
e0eb7418: folds
7c59a2a3: raises 3,000 to 4,000
6a03552c: calls 4,000
Hero: folds
8bb8634a: folds
*** FLOP *** [8c 2d Qc]
7c59a2a3: bets 4,729
6a03552c: calls 4,729
*** TURN *** [8c 2d Qc] [Td]
7c59a2a3: bets 6,243
6a03552c: calls 6,243
*** RIVER *** [8c 2d Qc Td] [Kh]
7c59a2a3: checks
6a03552c: checks
7c59a2a3: shows [Ks Ac] (a pair of Kings)
6a03552c: shows [Jc Qh] (a pair of Queens)
*** SHOWDOWN ***
7c59a2a3 collected 31,402 from pot
*** SUMMARY ***
Total pot 31,402 | Rake 0 | Jackpot 0 | Bingo 0 | Fortune 0 | Tax 0
Board [8c 2d Qc Td Kh]
Seat 1: 6a03552c (button) showed [Jc Qh] and lost with a pair of Queens
Seat 3: Hero (small blind) folded before Flop
Seat 4: 8bb8634a (big blind) folded before Flop
Seat 5: e0eb7418 folded before Flop
Seat 6: 7c59a2a3 showed [Ks Ac] and won (31,402) with a pair of Kings


Poker Hand #TM314637646: Tournament #209320969, 237-M: $30 Thursday Heater [Bounty Turbo 6-Max] Hold'em No Limit - Level12(500/1,000) - 2025/05/30 00:38:40
Table '33' 6-max Seat #6 is the button
Seat 1: 6a03552c (40,638 in chips)
Seat 3: Hero (37,876 in chips)
Seat 4: 8bb8634a (508 in chips)
Seat 5: e0eb7418 (31,510 in chips)
Seat 6: 7c59a2a3 (44,303 in chips)
6a03552c: posts the ante 150
8bb8634a: posts the ante 150
7c59a2a3: posts the ante 150
Hero: posts the ante 150
e0eb7418: posts the ante 150
6a03552c: posts small blind 500
Hero: posts big blind 1,000
*** HOLE CARDS ***
Dealt to 6a03552c 
Dealt to Hero [4c 8s]
Dealt to 8bb8634a 
Dealt to e0eb7418 
Dealt to 7c59a2a3 
8bb8634a: folds
e0eb7418: folds
7c59a2a3: raises 1,000 to 2,000
6a03552c: raises 4,000 to 6,000
Hero: folds
7c59a2a3: folds
Uncalled bet (4,000) returned to 6a03552c
*** SHOWDOWN ***
6a03552c collected 5,750 from pot
*** SUMMARY ***
Total pot 5,750 | Rake 0 | Jackpot 0 | Bingo 0 | Fortune 0 | Tax 0
Seat 1: 6a03552c (small blind) collected (5,750)
Seat 3: Hero (big blind) folded before Flop
Seat 4: 8bb8634a folded before Flop
Seat 5: e0eb7418 folded before Flop
Seat 6: 7c59a2a3 (button) folded before Flop


Poker Hand #TM314637614: Tournament #209320969, 237-M: $30 Thursday Heater [Bounty Turbo 6-Max] Hold'em No Limit - Level12(500/1,000) - 2025/05/30 00:37:52
Table '33' 6-max Seat #5 is the button
Seat 1: 6a03552c (21,492 in chips)
Seat 3: Hero (38,026 in chips)
Seat 4: 8bb8634a (658 in chips)
Seat 5: 763a4fd9 (18,196 in chips)
Seat 6: 7c59a2a3 (44,953 in chips)
6a03552c: posts the ante 150
8bb8634a: posts the ante 150
7c59a2a3: posts the ante 150
Hero: posts the ante 150
763a4fd9: posts the ante 150
7c59a2a3: posts small blind 500
6a03552c: posts big blind 1,000
*** HOLE CARDS ***
Dealt to 6a03552c 
Dealt to Hero [Qd 4d]
Dealt to 8bb8634a 
Dealt to 763a4fd9 
Dealt to 7c59a2a3 
Hero: folds
8bb8634a: folds
763a4fd9: raises 17,046 to 18,046
7c59a2a3: folds
6a03552c: calls 17,046
763a4fd9: shows [Jh Qh]
6a03552c: shows [9c Ac]
*** FLOP *** [Ks 8s 7s]
*** TURN *** [Ks 8s 7s] [8c]
*** RIVER *** [Ks 8s 7s 8c] [2s]
*** SHOWDOWN ***
6a03552c collected 37,342 from pot
*** SUMMARY ***
Total pot 37,342 | Rake 0 | Jackpot 0 | Bingo 0 | Fortune 0 | Tax 0
Board [Ks 8s 7s 8c 2s]
Seat 1: 6a03552c (big blind) showed [9c Ac] and won (37,342) with a pair of Eights
Seat 3: Hero folded before Flop
Seat 4: 8bb8634a folded before Flop
Seat 5: 763a4fd9 (button) showed [Jh Qh] and lost with a pair of Eights
Seat 6: 7c59a2a3 (small blind) folded before Flop


Poker Hand #TM314637576: Tournament #209320969, 237-M: $30 Thursday Heater [Bounty Turbo 6-Max] Hold'em No Limit - Level12(500/1,000) - 2025/05/30 00:36:55
Table '33' 6-max Seat #4 is the button
Seat 1: 6a03552c (21,642 in chips)
Seat 2: afbcba48 (13,466 in chips)
Seat 3: Hero (38,176 in chips)
Seat 4: 8bb8634a (808 in chips)
Seat 5: 763a4fd9 (18,846 in chips)
Seat 6: 7c59a2a3 (30,387 in chips)
afbcba48: posts the ante 150
6a03552c: posts the ante 150
8bb8634a: posts the ante 150
7c59a2a3: posts the ante 150
Hero: posts the ante 150
763a4fd9: posts the ante 150
763a4fd9: posts small blind 500
7c59a2a3: posts big blind 1,000
*** HOLE CARDS ***
Dealt to 6a03552c 
Dealt to afbcba48 
Dealt to Hero [2h 9d]
Dealt to 8bb8634a 
Dealt to 763a4fd9 
Dealt to 7c59a2a3 
6a03552c: folds
afbcba48: raises 12,316 to 13,316
Hero: folds
8bb8634a: folds
763a4fd9: folds
7c59a2a3: calls 12,316
afbcba48: shows [6c Kc]
7c59a2a3: shows [7s As]
*** FLOP *** [Ad 5c 5s]
*** TURN *** [Ad 5c 5s] [3c]
*** RIVER *** [Ad 5c 5s 3c] [5d]
*** SHOWDOWN ***
7c59a2a3 collected 28,032 from pot
*** SUMMARY ***
Total pot 28,032 | Rake 0 | Jackpot 0 | Bingo 0 | Fortune 0 | Tax 0
Board [Ad 5c 5s 3c 5d]
Seat 1: 6a03552c folded before Flop
Seat 2: afbcba48 showed [6c Kc] and lost with three of a kind, Fives
Seat 3: Hero folded before Flop
Seat 4: 8bb8634a (button) folded before Flop
Seat 5: 763a4fd9 (small blind) folded before Flop
Seat 6: 7c59a2a3 (big blind) showed [7s As] and won (28,032) with a full house, Fives full of Aces


Poker Hand #TM314637550: Tournament #209320969, 237-M: $30 Thursday Heater [Bounty Turbo 6-Max] Hold'em No Limit - Level12(500/1,000) - 2025/05/30 00:36:20
Table '33' 6-max Seat #3 is the button
Seat 1: 6a03552c (21,792 in chips)
Seat 2: afbcba48 (13,616 in chips)
Seat 3: Hero (35,926 in chips)
Seat 4: 8bb8634a (1,458 in chips)
Seat 5: 763a4fd9 (19,996 in chips)
Seat 6: 7c59a2a3 (30,537 in chips)
afbcba48: posts the ante 150
6a03552c: posts the ante 150
8bb8634a: posts the ante 150
7c59a2a3: posts the ante 150
Hero: posts the ante 150
763a4fd9: posts the ante 150
8bb8634a: posts small blind 500
763a4fd9: posts big blind 1,000
*** HOLE CARDS ***
Dealt to 6a03552c 
Dealt to afbcba48 
Dealt to Hero [Qh 8h]
Dealt to 8bb8634a 
Dealt to 763a4fd9 
Dealt to 7c59a2a3 
7c59a2a3: folds
6a03552c: folds
afbcba48: folds
Hero: raises 34,776 to 35,776
8bb8634a: folds
763a4fd9: folds
Uncalled bet (34,776) returned to Hero
*** SHOWDOWN ***
Hero collected 3,400 from pot
*** SUMMARY ***
Total pot 3,400 | Rake 0 | Jackpot 0 | Bingo 0 | Fortune 0 | Tax 0
Seat 1: 6a03552c folded before Flop
Seat 2: afbcba48 folded before Flop
Seat 3: Hero (button) collected (3,400)
Seat 4: 8bb8634a (small blind) folded before Flop
Seat 5: 763a4fd9 (big blind) folded before Flop
Seat 6: 7c59a2a3 folded before Flop


Poker Hand #TM314637530: Tournament #209320969, 237-M: $30 Thursday Heater [Bounty Turbo 6-Max] Hold'em No Limit - Level11(400/800) - 2025/05/30 00:35:47
Table '33' 6-max Seat #2 is the button
Seat 1: 6a03552c (21,912 in chips)
Seat 2: afbcba48 (13,736 in chips)
Seat 3: Hero (36,446 in chips)
Seat 4: 8bb8634a (2,378 in chips)
Seat 5: 763a4fd9 (18,196 in chips)
Seat 6: 7c59a2a3 (30,657 in chips)
afbcba48: posts the ante 120
6a03552c: posts the ante 120
8bb8634a: posts the ante 120
7c59a2a3: posts the ante 120
Hero: posts the ante 120
763a4fd9: posts the ante 120
Hero: posts small blind 400
8bb8634a: posts big blind 800
*** HOLE CARDS ***
Dealt to 6a03552c 
Dealt to afbcba48 
Dealt to Hero [3h 5s]
Dealt to 8bb8634a 
Dealt to 763a4fd9 
Dealt to 7c59a2a3 
763a4fd9: raises 800 to 1,600
7c59a2a3: folds
6a03552c: folds
afbcba48: folds
Hero: folds
8bb8634a: folds
Uncalled bet (800) returned to 763a4fd9
*** SHOWDOWN ***
763a4fd9 collected 2,720 from pot
*** SUMMARY ***
Total pot 2,720 | Rake 0 | Jackpot 0 | Bingo 0 | Fortune 0 | Tax 0
Seat 1: 6a03552c folded before Flop
Seat 2: afbcba48 (button) folded before Flop
Seat 3: Hero (small blind) folded before Flop
Seat 4: 8bb8634a (big blind) folded before Flop
Seat 5: 763a4fd9 collected (2,720)
Seat 6: 7c59a2a3 folded before Flop


Poker Hand #TM314637504: Tournament #209320969, 237-M: $30 Thursday Heater [Bounty Turbo 6-Max] Hold'em No Limit - Level11(400/800) - 2025/05/30 00:35:00
Table '33' 6-max Seat #1 is the button
Seat 1: 6a03552c (10,316 in chips)
Seat 2: afbcba48 (24,052 in chips)
Seat 3: Hero (37,366 in chips)
Seat 4: 8bb8634a (2,498 in chips)
Seat 5: 763a4fd9 (18,316 in chips)
Seat 6: 7c59a2a3 (30,777 in chips)
afbcba48: posts the ante 120
6a03552c: posts the ante 120
8bb8634a: posts the ante 120
7c59a2a3: posts the ante 120
Hero: posts the ante 120
763a4fd9: posts the ante 120
afbcba48: posts small blind 400
Hero: posts big blind 800
*** HOLE CARDS ***
Dealt to 6a03552c 
Dealt to afbcba48 
Dealt to Hero [2c 8s]
Dealt to 8bb8634a 
Dealt to 763a4fd9 
Dealt to 7c59a2a3 
8bb8634a: folds
763a4fd9: folds
7c59a2a3: folds
6a03552c: raises 9,396 to 10,196
afbcba48: raises 13,736 to 23,932
Hero: folds
Uncalled bet (13,736) returned to afbcba48
afbcba48: shows [Kd Jh]
6a03552c: shows [Ac Td]
*** FLOP *** [6s 6h 4h]
*** TURN *** [6s 6h 4h] [9d]
*** RIVER *** [6s 6h 4h 9d] [9h]
*** SHOWDOWN ***
6a03552c collected 21,912 from pot
*** SUMMARY ***
Total pot 21,912 | Rake 0 | Jackpot 0 | Bingo 0 | Fortune 0 | Tax 0
Board [6s 6h 4h 9d 9h]
Seat 1: 6a03552c (button) showed [Ac Td] and won (21,912) with two pair, Nines and Sixes
Seat 2: afbcba48 (small blind) showed [Kd Jh] and lost with two pair, Nines and Sixes
Seat 3: Hero (big blind) folded before Flop
Seat 4: 8bb8634a folded before Flop
Seat 5: 763a4fd9 folded before Flop
Seat 6: 7c59a2a3 folded before Flop


Poker Hand #TM314637425: Tournament #209320969, 237-M: $30 Thursday Heater [Bounty Turbo 6-Max] Hold'em No Limit - Level11(400/800) - 2025/05/30 00:33:03
Table '33' 6-max Seat #6 is the button
Seat 1: 6a03552c (10,836 in chips)
Seat 2: afbcba48 (25,772 in chips)
Seat 3: Hero (17,443 in chips)
Seat 4: 8bb8634a (2,618 in chips)
Seat 5: 763a4fd9 (18,436 in chips)
Seat 6: 7c59a2a3 (48,220 in chips)
afbcba48: posts the ante 120
6a03552c: posts the ante 120
8bb8634a: posts the ante 120
7c59a2a3: posts the ante 120
Hero: posts the ante 120
763a4fd9: posts the ante 120
6a03552c: posts small blind 400
afbcba48: posts big blind 800
*** HOLE CARDS ***
Dealt to 6a03552c 
Dealt to afbcba48 
Dealt to Hero [Ah Ad]
Dealt to 8bb8634a 
Dealt to 763a4fd9 
Dealt to 7c59a2a3 
Hero: raises 800 to 1,600
8bb8634a: folds
763a4fd9: folds
7c59a2a3: calls 1,600
6a03552c: folds
afbcba48: calls 800
*** FLOP *** [Kc 4s 9c]
afbcba48: checks
Hero: bets 2,754
7c59a2a3: calls 2,754
afbcba48: folds
*** TURN *** [Kc 4s 9c] [Qh]
Hero: checks
7c59a2a3: bets 8,571
Hero: raises 4,398 to 12,969
7c59a2a3: calls 4,398
Hero: shows [Ah Ad] (a pair of Aces)
7c59a2a3: shows [Ks Jh] (a pair of Kings)
*** RIVER *** [Kc 4s 9c Qh] [3s]
*** SHOWDOWN ***
Hero collected 37,366 from pot
*** SUMMARY ***
Total pot 37,366 | Rake 0 | Jackpot 0 | Bingo 0 | Fortune 0 | Tax 0
Board [Kc 4s 9c Qh 3s]
Seat 1: 6a03552c (small blind) folded before Flop
Seat 2: afbcba48 (big blind) folded on the Flop
Seat 3: Hero showed [Ah Ad] and won (37,366) with a pair of Aces
Seat 4: 8bb8634a folded before Flop
Seat 5: 763a4fd9 folded before Flop
Seat 6: 7c59a2a3 (button) showed [Ks Jh] and lost with a pair of Kings


Poker Hand #TM314637356: Tournament #209320969, 237-M: $30 Thursday Heater [Bounty Turbo 6-Max] Hold'em No Limit - Level11(400/800) - 2025/05/30 00:31:22
Table '33' 6-max Seat #5 is the button
Seat 1: 6a03552c (34,706 in chips)
Seat 2: afbcba48 (25,892 in chips)
Seat 3: Hero (17,563 in chips)
Seat 4: 8bb8634a (2,738 in chips)
Seat 5: 763a4fd9 (18,556 in chips)
Seat 6: 7c59a2a3 (23,870 in chips)
afbcba48: posts the ante 120
6a03552c: posts the ante 120
8bb8634a: posts the ante 120
7c59a2a3: posts the ante 120
Hero: posts the ante 120
763a4fd9: posts the ante 120
7c59a2a3: posts small blind 400
6a03552c: posts big blind 800
*** HOLE CARDS ***
Dealt to 6a03552c 
Dealt to afbcba48 
Dealt to Hero [5s Qd]
Dealt to 8bb8634a 
Dealt to 763a4fd9 
Dealt to 7c59a2a3 
afbcba48: folds
Hero: folds
8bb8634a: folds
763a4fd9: folds
7c59a2a3: calls 400
6a03552c: raises 1,600 to 2,400
7c59a2a3: calls 1,600
*** FLOP *** [2c 4h 8c]
7c59a2a3: checks
6a03552c: bets 2,000
7c59a2a3: calls 2,000
*** TURN *** [2c 4h 8c] [6h]
7c59a2a3: checks
6a03552c: bets 6,400
7c59a2a3: raises 12,950 to 19,350
6a03552c: calls 12,950
7c59a2a3: shows [Ad Ac] (a pair of Aces)
6a03552c: shows [9c Tc] (Ten high)
*** RIVER *** [2c 4h 8c 6h] [Ah]
*** SHOWDOWN ***
7c59a2a3 collected 48,220 from pot
*** SUMMARY ***
Total pot 48,220 | Rake 0 | Jackpot 0 | Bingo 0 | Fortune 0 | Tax 0
Board [2c 4h 8c 6h Ah]
Seat 1: 6a03552c (big blind) showed [9c Tc] and lost with Ace high
Seat 2: afbcba48 folded before Flop
Seat 3: Hero folded before Flop
Seat 4: 8bb8634a folded before Flop
Seat 5: 763a4fd9 (button) folded before Flop
Seat 6: 7c59a2a3 (small blind) showed [Ad Ac] and won (48,220) with three of a kind, Aces


Poker Hand #TM314637320: Tournament #209320969, 237-M: $30 Thursday Heater [Bounty Turbo 6-Max] Hold'em No Limit - Level11(400/800) - 2025/05/30 00:30:36
Table '33' 6-max Seat #4 is the button
Seat 1: 6a03552c (34,826 in chips)
Seat 2: afbcba48 (26,012 in chips)
Seat 3: Hero (15,763 in chips)
Seat 4: 8bb8634a (2,858 in chips)
Seat 5: 763a4fd9 (19,076 in chips)
Seat 6: 7c59a2a3 (24,790 in chips)
afbcba48: posts the ante 120
6a03552c: posts the ante 120
8bb8634a: posts the ante 120
7c59a2a3: posts the ante 120
Hero: posts the ante 120
763a4fd9: posts the ante 120
763a4fd9: posts small blind 400
7c59a2a3: posts big blind 800
*** HOLE CARDS ***
Dealt to 6a03552c 
Dealt to afbcba48 
Dealt to Hero [Ah Kc]
Dealt to 8bb8634a 
Dealt to 763a4fd9 
Dealt to 7c59a2a3 
6a03552c: folds
afbcba48: folds
Hero: raises 800 to 1,600
8bb8634a: folds
763a4fd9: folds
7c59a2a3: folds
Uncalled bet (800) returned to Hero
*** SHOWDOWN ***
Hero collected 2,720 from pot
*** SUMMARY ***
Total pot 2,720 | Rake 0 | Jackpot 0 | Bingo 0 | Fortune 0 | Tax 0
Seat 1: 6a03552c folded before Flop
Seat 2: afbcba48 folded before Flop
Seat 3: Hero collected (2,720)
Seat 4: 8bb8634a (button) folded before Flop
Seat 5: 763a4fd9 (small blind) folded before Flop
Seat 6: 7c59a2a3 (big blind) folded before Flop


Poker Hand #TM314637294: Tournament #209320969, 237-M: $30 Thursday Heater [Bounty Turbo 6-Max] Hold'em No Limit - Level11(400/800) - 2025/05/30 00:29:53
Table '33' 6-max Seat #3 is the button
Seat 1: 6a03552c (34,946 in chips)
Seat 2: afbcba48 (23,412 in chips)
Seat 3: Hero (15,883 in chips)
Seat 4: 8bb8634a (3,378 in chips)
Seat 5: 763a4fd9 (20,796 in chips)
Seat 6: 7c59a2a3 (24,910 in chips)
afbcba48: posts the ante 120
6a03552c: posts the ante 120
8bb8634a: posts the ante 120
7c59a2a3: posts the ante 120
Hero: posts the ante 120
763a4fd9: posts the ante 120
8bb8634a: posts small blind 400
763a4fd9: posts big blind 800
*** HOLE CARDS ***
Dealt to 6a03552c 
Dealt to afbcba48 
Dealt to Hero [5c 3s]
Dealt to 8bb8634a 
Dealt to 763a4fd9 
Dealt to 7c59a2a3 
7c59a2a3: folds
6a03552c: folds
afbcba48: raises 800 to 1,600
Hero: folds
8bb8634a: folds
763a4fd9: calls 800
*** FLOP *** [Qd Kc Kd]
763a4fd9: checks
afbcba48: bets 1,728
763a4fd9: folds
Uncalled bet (1,728) returned to afbcba48
*** SHOWDOWN ***
afbcba48 collected 4,320 from pot
*** SUMMARY ***
Total pot 4,320 | Rake 0 | Jackpot 0 | Bingo 0 | Fortune 0 | Tax 0
Board [Qd Kc Kd]
Seat 1: 6a03552c folded before Flop
Seat 2: afbcba48 won (4,320)
Seat 3: Hero (button) folded before Flop
Seat 4: 8bb8634a (small blind) folded before Flop
Seat 5: 763a4fd9 (big blind) folded on the Flop
Seat 6: 7c59a2a3 folded before Flop


Poker Hand #TM314637269: Tournament #209320969, 237-M: $30 Thursday Heater [Bounty Turbo 6-Max] Hold'em No Limit - Level11(400/800) - 2025/05/30 00:29:20
Table '33' 6-max Seat #2 is the button
Seat 1: 6a03552c (35,066 in chips)
Seat 2: afbcba48 (21,612 in chips)
Seat 3: Hero (16,403 in chips)
Seat 4: 8bb8634a (4,298 in chips)
Seat 5: 763a4fd9 (20,916 in chips)
Seat 6: 7c59a2a3 (25,030 in chips)
afbcba48: posts the ante 120
6a03552c: posts the ante 120
8bb8634a: posts the ante 120
7c59a2a3: posts the ante 120
Hero: posts the ante 120
763a4fd9: posts the ante 120
Hero: posts small blind 400
8bb8634a: posts big blind 800
*** HOLE CARDS ***
Dealt to 6a03552c 
Dealt to afbcba48 
Dealt to Hero [Jh 7s]
Dealt to 8bb8634a 
Dealt to 763a4fd9 
Dealt to 7c59a2a3 
763a4fd9: folds
7c59a2a3: folds
6a03552c: folds
afbcba48: raises 20,692 to 21,492
Hero: folds
8bb8634a: folds
Uncalled bet (20,692) returned to afbcba48
*** SHOWDOWN ***
afbcba48 collected 2,720 from pot
*** SUMMARY ***
Total pot 2,720 | Rake 0 | Jackpot 0 | Bingo 0 | Fortune 0 | Tax 0
Seat 1: 6a03552c folded before Flop
Seat 2: afbcba48 (button) collected (2,720)
Seat 3: Hero (small blind) folded before Flop
Seat 4: 8bb8634a (big blind) folded before Flop
Seat 5: 763a4fd9 folded before Flop
Seat 6: 7c59a2a3 folded before Flop


Poker Hand #TM314637236: Tournament #209320969, 237-M: $30 Thursday Heater [Bounty Turbo 6-Max] Hold'em No Limit - Level11(400/800) - 2025/05/30 00:28:43
Table '33' 6-max Seat #1 is the button
Seat 1: 6a03552c (35,186 in chips)
Seat 2: afbcba48 (25,332 in chips)
Seat 3: Hero (12,203 in chips)
Seat 4: 8bb8634a (4,418 in chips)
Seat 5: 763a4fd9 (21,036 in chips)
Seat 6: 7c59a2a3 (25,150 in chips)
afbcba48: posts the ante 120
6a03552c: posts the ante 120
8bb8634a: posts the ante 120
7c59a2a3: posts the ante 120
Hero: posts the ante 120
763a4fd9: posts the ante 120
afbcba48: posts small blind 400
Hero: posts big blind 800
*** HOLE CARDS ***
Dealt to 6a03552c 
Dealt to afbcba48 
Dealt to Hero [7c Kc]
Dealt to 8bb8634a 
Dealt to 763a4fd9 
Dealt to 7c59a2a3 
8bb8634a: folds
763a4fd9: folds
7c59a2a3: folds
6a03552c: folds
afbcba48: raises 1,200 to 2,000
Hero: calls 1,200
*** FLOP *** [Kh 4d Td]
afbcba48: bets 1,600
Hero: raises 1,600 to 3,200
afbcba48: folds
Uncalled bet (1,600) returned to Hero
*** SHOWDOWN ***
Hero collected 7,920 from pot
*** SUMMARY ***
Total pot 7,920 | Rake 0 | Jackpot 0 | Bingo 0 | Fortune 0 | Tax 0
Board [Kh 4d Td]
Seat 1: 6a03552c (button) folded before Flop
Seat 2: afbcba48 (small blind) folded on the Flop
Seat 3: Hero (big blind) won (7,920)
Seat 4: 8bb8634a folded before Flop
Seat 5: 763a4fd9 folded before Flop
Seat 6: 7c59a2a3 folded before Flop


Poker Hand #TM314637217: Tournament #209320969, 237-M: $30 Thursday Heater [Bounty Turbo 6-Max] Hold'em No Limit - Level11(400/800) - 2025/05/30 00:28:11
Table '33' 6-max Seat #6 is the button
Seat 1: 6a03552c (33,786 in chips)
Seat 2: afbcba48 (26,252 in chips)
Seat 3: Hero (12,323 in chips)
Seat 4: 8bb8634a (4,538 in chips)
Seat 5: 763a4fd9 (21,156 in chips)
Seat 6: 7c59a2a3 (25,270 in chips)
afbcba48: posts the ante 120
6a03552c: posts the ante 120
8bb8634a: posts the ante 120
7c59a2a3: posts the ante 120
Hero: posts the ante 120
763a4fd9: posts the ante 120
6a03552c: posts small blind 400
afbcba48: posts big blind 800
*** HOLE CARDS ***
Dealt to 6a03552c 
Dealt to afbcba48 
Dealt to Hero [5h 9s]
Dealt to 8bb8634a 
Dealt to 763a4fd9 
Dealt to 7c59a2a3 
Hero: folds
8bb8634a: folds
763a4fd9: folds
7c59a2a3: folds
6a03552c: raises 2,320 to 3,120
afbcba48: folds
Uncalled bet (2,320) returned to 6a03552c
*** SHOWDOWN ***
6a03552c collected 2,320 from pot
*** SUMMARY ***
Total pot 2,320 | Rake 0 | Jackpot 0 | Bingo 0 | Fortune 0 | Tax 0
Seat 1: 6a03552c (small blind) collected (2,320)
Seat 2: afbcba48 (big blind) folded before Flop
Seat 3: Hero folded before Flop
Seat 4: 8bb8634a folded before Flop
Seat 5: 763a4fd9 folded before Flop
Seat 6: 7c59a2a3 (button) folded before Flop


Poker Hand #TM314637183: Tournament #209320969, 237-M: $30 Thursday Heater [Bounty Turbo 6-Max] Hold'em No Limit - Level10(350/700) - 2025/05/30 00:27:20
Table '33' 6-max Seat #5 is the button
Seat 1: 6a03552c (34,586 in chips)
Seat 2: afbcba48 (26,352 in chips)
Seat 3: Hero (12,423 in chips)
Seat 4: 8bb8634a (4,638 in chips)
Seat 5: 763a4fd9 (22,656 in chips)
Seat 6: 7c59a2a3 (22,670 in chips)
afbcba48: posts the ante 100
6a03552c: posts the ante 100
8bb8634a: posts the ante 100
7c59a2a3: posts the ante 100
Hero: posts the ante 100
763a4fd9: posts the ante 100
7c59a2a3: posts small blind 350
6a03552c: posts big blind 700
*** HOLE CARDS ***
Dealt to 6a03552c 
Dealt to afbcba48 
Dealt to Hero [3s 3c]
Dealt to 8bb8634a 
Dealt to 763a4fd9 
Dealt to 7c59a2a3 
afbcba48: folds
Hero: folds
8bb8634a: folds
763a4fd9: raises 700 to 1,400
7c59a2a3: raises 4,100 to 5,500
6a03552c: folds
763a4fd9: folds
Uncalled bet (4,100) returned to 7c59a2a3
*** SHOWDOWN ***
7c59a2a3 collected 4,100 from pot
*** SUMMARY ***
Total pot 4,100 | Rake 0 | Jackpot 0 | Bingo 0 | Fortune 0 | Tax 0
Seat 1: 6a03552c (big blind) folded before Flop
Seat 2: afbcba48 folded before Flop
Seat 3: Hero folded before Flop
Seat 4: 8bb8634a folded before Flop
Seat 5: 763a4fd9 (button) folded before Flop
Seat 6: 7c59a2a3 (small blind) collected (4,100)


Poker Hand #TM314637168: Tournament #209320969, 237-M: $30 Thursday Heater [Bounty Turbo 6-Max] Hold'em No Limit - Level10(350/700) - 2025/05/30 00:26:56
Table '33' 6-max Seat #4 is the button
Seat 1: 6a03552c (34,686 in chips)
Seat 2: afbcba48 (26,452 in chips)
Seat 3: Hero (12,523 in chips)
Seat 4: 8bb8634a (4,738 in chips)
Seat 5: 763a4fd9 (21,456 in chips)
Seat 6: 7c59a2a3 (23,470 in chips)
afbcba48: posts the ante 100
6a03552c: posts the ante 100
8bb8634a: posts the ante 100
7c59a2a3: posts the ante 100
Hero: posts the ante 100
763a4fd9: posts the ante 100
763a4fd9: posts small blind 350
7c59a2a3: posts big blind 700
*** HOLE CARDS ***
Dealt to 6a03552c 
Dealt to afbcba48 
Dealt to Hero [9c 2d]
Dealt to 8bb8634a 
Dealt to 763a4fd9 
Dealt to 7c59a2a3 
6a03552c: folds
afbcba48: folds
Hero: folds
8bb8634a: folds
763a4fd9: raises 1,400 to 2,100
7c59a2a3: folds
Uncalled bet (1,400) returned to 763a4fd9
*** SHOWDOWN ***
763a4fd9 collected 2,000 from pot
*** SUMMARY ***
Total pot 2,000 | Rake 0 | Jackpot 0 | Bingo 0 | Fortune 0 | Tax 0
Seat 1: 6a03552c folded before Flop
Seat 2: afbcba48 folded before Flop
Seat 3: Hero folded before Flop
Seat 4: 8bb8634a (button) folded before Flop
Seat 5: 763a4fd9 (small blind) collected (2,000)
Seat 6: 7c59a2a3 (big blind) folded before Flop


Poker Hand #TM314637134: Tournament #209320969, 237-M: $30 Thursday Heater [Bounty Turbo 6-Max] Hold'em No Limit - Level10(350/700) - 2025/05/30 00:26:00
Table '33' 6-max Seat #3 is the button
Seat 1: 6a03552c (31,736 in chips)
Seat 2: afbcba48 (26,552 in chips)
Seat 3: Hero (12,623 in chips)
Seat 4: 8bb8634a (5,188 in chips)
Seat 5: 763a4fd9 (22,256 in chips)
Seat 6: 7c59a2a3 (24,970 in chips)
afbcba48: posts the ante 100
6a03552c: posts the ante 100
8bb8634a: posts the ante 100
7c59a2a3: posts the ante 100
Hero: posts the ante 100
763a4fd9: posts the ante 100
8bb8634a: posts small blind 350
763a4fd9: posts big blind 700
*** HOLE CARDS ***
Dealt to 6a03552c 
Dealt to afbcba48 
Dealt to Hero [As Jd]
Dealt to 8bb8634a 
Dealt to 763a4fd9 
Dealt to 7c59a2a3 
7c59a2a3: raises 700 to 1,400
6a03552c: raises 2,800 to 4,200
afbcba48: folds
Hero: folds
8bb8634a: folds
763a4fd9: folds
7c59a2a3: folds
Uncalled bet (2,800) returned to 6a03552c
*** SHOWDOWN ***
6a03552c collected 4,450 from pot
*** SUMMARY ***
Total pot 4,450 | Rake 0 | Jackpot 0 | Bingo 0 | Fortune 0 | Tax 0
Seat 1: 6a03552c collected (4,450)
Seat 2: afbcba48 folded before Flop
Seat 3: Hero (button) folded before Flop
Seat 4: 8bb8634a (small blind) folded before Flop
Seat 5: 763a4fd9 (big blind) folded before Flop
Seat 6: 7c59a2a3 folded before Flop


Poker Hand #TM314637111: Tournament #209320969, 237-M: $30 Thursday Heater [Bounty Turbo 6-Max] Hold'em No Limit - Level10(350/700) - 2025/05/30 00:25:31
Table '33' 6-max Seat #2 is the button
Seat 1: 6a03552c (31,836 in chips)
Seat 2: afbcba48 (26,652 in chips)
Seat 3: Hero (13,073 in chips)
Seat 4: 8bb8634a (5,988 in chips)
Seat 5: 763a4fd9 (20,706 in chips)
Seat 6: 7c59a2a3 (25,070 in chips)
afbcba48: posts the ante 100
6a03552c: posts the ante 100
8bb8634a: posts the ante 100
7c59a2a3: posts the ante 100
Hero: posts the ante 100
763a4fd9: posts the ante 100
Hero: posts small blind 350
8bb8634a: posts big blind 700
*** HOLE CARDS ***
Dealt to 6a03552c 
Dealt to afbcba48 
Dealt to Hero [2h 4s]
Dealt to 8bb8634a 
Dealt to 763a4fd9 
Dealt to 7c59a2a3 
763a4fd9: raises 700 to 1,400
7c59a2a3: folds
6a03552c: folds
afbcba48: folds
Hero: folds
8bb8634a: folds
Uncalled bet (700) returned to 763a4fd9
*** SHOWDOWN ***
763a4fd9 collected 2,350 from pot
*** SUMMARY ***
Total pot 2,350 | Rake 0 | Jackpot 0 | Bingo 0 | Fortune 0 | Tax 0
Seat 1: 6a03552c folded before Flop
Seat 2: afbcba48 (button) folded before Flop
Seat 3: Hero (small blind) folded before Flop
Seat 4: 8bb8634a (big blind) folded before Flop
Seat 5: 763a4fd9 collected (2,350)
Seat 6: 7c59a2a3 folded before Flop


Poker Hand #TM314637091: Tournament #209320969, 237-M: $30 Thursday Heater [Bounty Turbo 6-Max] Hold'em No Limit - Level10(350/700) - 2025/05/30 00:24:50
Table '33' 6-max Seat #1 is the button
Seat 1: 6a03552c (28,886 in chips)
Seat 2: afbcba48 (27,102 in chips)
Seat 3: Hero (13,873 in chips)
Seat 4: 8bb8634a (6,088 in chips)
Seat 5: 763a4fd9 (22,206 in chips)
Seat 6: 7c59a2a3 (25,170 in chips)
afbcba48: posts the ante 100
6a03552c: posts the ante 100
8bb8634a: posts the ante 100
7c59a2a3: posts the ante 100
Hero: posts the ante 100
763a4fd9: posts the ante 100
afbcba48: posts small blind 350
Hero: posts big blind 700
*** HOLE CARDS ***
Dealt to 6a03552c 
Dealt to afbcba48 
Dealt to Hero [Js 5d]
Dealt to 8bb8634a 
Dealt to 763a4fd9 
Dealt to 7c59a2a3 
8bb8634a: folds
763a4fd9: raises 700 to 1,400
7c59a2a3: folds
6a03552c: raises 2,800 to 4,200
afbcba48: folds
Hero: folds
763a4fd9: folds
Uncalled bet (2,800) returned to 6a03552c
*** SHOWDOWN ***
6a03552c collected 4,450 from pot
*** SUMMARY ***
Total pot 4,450 | Rake 0 | Jackpot 0 | Bingo 0 | Fortune 0 | Tax 0
Seat 1: 6a03552c (button) collected (4,450)
Seat 2: afbcba48 (small blind) folded before Flop
Seat 3: Hero (big blind) folded before Flop
Seat 4: 8bb8634a folded before Flop
Seat 5: 763a4fd9 folded before Flop
Seat 6: 7c59a2a3 folded before Flop


Poker Hand #TM314637073: Tournament #209320969, 237-M: $30 Thursday Heater [Bounty Turbo 6-Max] Hold'em No Limit - Level10(350/700) - 2025/05/30 00:24:27
Table '33' 6-max Seat #6 is the button
Seat 1: 6a03552c (29,336 in chips)
Seat 2: afbcba48 (26,252 in chips)
Seat 3: Hero (13,973 in chips)
Seat 4: 8bb8634a (6,188 in chips)
Seat 5: 763a4fd9 (22,306 in chips)
Seat 6: 7c59a2a3 (25,270 in chips)
afbcba48: posts the ante 100
6a03552c: posts the ante 100
8bb8634a: posts the ante 100
7c59a2a3: posts the ante 100
Hero: posts the ante 100
763a4fd9: posts the ante 100
6a03552c: posts small blind 350
afbcba48: posts big blind 700
*** HOLE CARDS ***
Dealt to 6a03552c 
Dealt to afbcba48 
Dealt to Hero [4c Ah]
Dealt to 8bb8634a 
Dealt to 763a4fd9 
Dealt to 7c59a2a3 
Hero: folds
8bb8634a: folds
763a4fd9: folds
7c59a2a3: folds
6a03552c: folds
Uncalled bet (350) returned to afbcba48
*** SHOWDOWN ***
afbcba48 collected 1,300 from pot
*** SUMMARY ***
Total pot 1,300 | Rake 0 | Jackpot 0 | Bingo 0 | Fortune 0 | Tax 0
Seat 1: 6a03552c (small blind) folded before Flop
Seat 2: afbcba48 (big blind) collected (1,300)
Seat 3: Hero folded before Flop
Seat 4: 8bb8634a folded before Flop
Seat 5: 763a4fd9 folded before Flop
Seat 6: 7c59a2a3 (button) folded before Flop


Poker Hand #TM314637038: Tournament #209320969, 237-M: $30 Thursday Heater [Bounty Turbo 6-Max] Hold'em No Limit - Level10(350/700) - 2025/05/30 00:23:32
Table '33' 6-max Seat #5 is the button
Seat 1: 6a03552c (30,136 in chips)
Seat 2: afbcba48 (26,352 in chips)
Seat 3: Hero (15,473 in chips)
Seat 4: 8bb8634a (6,288 in chips)
Seat 5: 763a4fd9 (19,356 in chips)
Seat 6: 7c59a2a3 (25,720 in chips)
afbcba48: posts the ante 100
6a03552c: posts the ante 100
8bb8634a: posts the ante 100
7c59a2a3: posts the ante 100
Hero: posts the ante 100
763a4fd9: posts the ante 100
7c59a2a3: posts small blind 350
6a03552c: posts big blind 700
*** HOLE CARDS ***
Dealt to 6a03552c 
Dealt to afbcba48 
Dealt to Hero [7c Ah]
Dealt to 8bb8634a 
Dealt to 763a4fd9 
Dealt to 7c59a2a3 
afbcba48: folds
Hero: raises 700 to 1,400
8bb8634a: folds
763a4fd9: raises 1,680 to 3,080
7c59a2a3: folds
6a03552c: folds
Hero: folds
Uncalled bet (1,680) returned to 763a4fd9
*** SHOWDOWN ***
763a4fd9 collected 4,450 from pot
*** SUMMARY ***
Total pot 4,450 | Rake 0 | Jackpot 0 | Bingo 0 | Fortune 0 | Tax 0
Seat 1: 6a03552c (big blind) folded before Flop
Seat 2: afbcba48 folded before Flop
Seat 3: Hero folded before Flop
Seat 4: 8bb8634a folded before Flop
Seat 5: 763a4fd9 (button) collected (4,450)
Seat 6: 7c59a2a3 (small blind) folded before Flop


Poker Hand #TM314637000: Tournament #209320969, 237-M: $30 Thursday Heater [Bounty Turbo 6-Max] Hold'em No Limit - Level10(350/700) - 2025/05/30 00:22:36
Table '33' 6-max Seat #4 is the button
Seat 1: 6a03552c (30,236 in chips)
Seat 2: afbcba48 (26,452 in chips)
Seat 3: Hero (15,573 in chips)
Seat 4: 8bb8634a (6,388 in chips)
Seat 5: 763a4fd9 (20,856 in chips)
Seat 6: 7c59a2a3 (23,820 in chips)
afbcba48: posts the ante 100
6a03552c: posts the ante 100
8bb8634a: posts the ante 100
7c59a2a3: posts the ante 100
Hero: posts the ante 100
763a4fd9: posts the ante 100
763a4fd9: posts small blind 350
7c59a2a3: posts big blind 700
*** HOLE CARDS ***
Dealt to 6a03552c 
Dealt to afbcba48 
Dealt to Hero [Jh 9s]
Dealt to 8bb8634a 
Dealt to 763a4fd9 
Dealt to 7c59a2a3 
6a03552c: folds
afbcba48: folds
Hero: folds
8bb8634a: folds
763a4fd9: calls 350
7c59a2a3: checks
*** FLOP *** [4s 5s 8h]
763a4fd9: bets 700
7c59a2a3: raises 1,700 to 2,400
763a4fd9: folds
Uncalled bet (1,700) returned to 7c59a2a3
*** SHOWDOWN ***
7c59a2a3 collected 3,400 from pot
*** SUMMARY ***
Total pot 3,400 | Rake 0 | Jackpot 0 | Bingo 0 | Fortune 0 | Tax 0
Board [4s 5s 8h]
Seat 1: 6a03552c folded before Flop
Seat 2: afbcba48 folded before Flop
Seat 3: Hero folded before Flop
Seat 4: 8bb8634a (button) folded before Flop
Seat 5: 763a4fd9 (small blind) folded on the Flop
Seat 6: 7c59a2a3 (big blind) won (3,400)


Poker Hand #TM314636952: Tournament #209320969, 237-M: $30 Thursday Heater [Bounty Turbo 6-Max] Hold'em No Limit - Level10(350/700) - 2025/05/30 00:21:16
Table '33' 6-max Seat #3 is the button
Seat 1: 6a03552c (30,336 in chips)
Seat 2: afbcba48 (27,952 in chips)
Seat 3: Hero (17,073 in chips)
Seat 4: 8bb8634a (6,838 in chips)
Seat 5: 763a4fd9 (17,206 in chips)
Seat 6: 7c59a2a3 (23,920 in chips)
afbcba48: posts the ante 100
6a03552c: posts the ante 100
8bb8634a: posts the ante 100
7c59a2a3: posts the ante 100
Hero: posts the ante 100
763a4fd9: posts the ante 100
8bb8634a: posts small blind 350
763a4fd9: posts big blind 700
*** HOLE CARDS ***
Dealt to 6a03552c 
Dealt to afbcba48 
Dealt to Hero [5s 5h]
Dealt to 8bb8634a 
Dealt to 763a4fd9 
Dealt to 7c59a2a3 
7c59a2a3: folds
6a03552c: folds
afbcba48: raises 700 to 1,400
Hero: calls 1,400
8bb8634a: folds
763a4fd9: calls 700
*** FLOP *** [2d 9c 8c]
763a4fd9: checks
afbcba48: checks
Hero: checks
*** TURN *** [2d 9c 8c] [Ks]
763a4fd9: checks
afbcba48: checks
Hero: checks
*** RIVER *** [2d 9c 8c Ks] [6c]
763a4fd9: checks
afbcba48: checks
Hero: checks
763a4fd9: shows [9h 8s] (two pair, Nines and Eights)
afbcba48: shows [3c 3d] (a pair of Threes)
Hero: shows [5s 5h] (a pair of Fives)
*** SHOWDOWN ***
763a4fd9 collected 5,150 from pot
*** SUMMARY ***
Total pot 5,150 | Rake 0 | Jackpot 0 | Bingo 0 | Fortune 0 | Tax 0
Board [2d 9c 8c Ks 6c]
Seat 1: 6a03552c folded before Flop
Seat 2: afbcba48 showed [3c 3d] and lost with a pair of Threes
Seat 3: Hero (button) showed [5s 5h] and lost with a pair of Fives
Seat 4: 8bb8634a (small blind) folded before Flop
Seat 5: 763a4fd9 (big blind) showed [9h 8s] and won (5,150) with two pair, Nines and Eights
Seat 6: 7c59a2a3 folded before Flop


Poker Hand #TM314636901: Tournament #209320969, 237-M: $30 Thursday Heater [Bounty Turbo 6-Max] Hold'em No Limit - Level10(350/700) - 2025/05/30 00:20:10
Table '33' 6-max Seat #2 is the button
Seat 1: 6a03552c (30,436 in chips)
Seat 2: afbcba48 (20,492 in chips)
Seat 3: Hero (23,433 in chips)
Seat 4: 8bb8634a (7,638 in chips)
Seat 5: 763a4fd9 (17,306 in chips)
Seat 6: 7c59a2a3 (24,020 in chips)
afbcba48: posts the ante 100
6a03552c: posts the ante 100
8bb8634a: posts the ante 100
7c59a2a3: posts the ante 100
Hero: posts the ante 100
763a4fd9: posts the ante 100
Hero: posts small blind 350
8bb8634a: posts big blind 700
*** HOLE CARDS ***
Dealt to 6a03552c 
Dealt to afbcba48 
Dealt to Hero [9s Kd]
Dealt to 8bb8634a 
Dealt to 763a4fd9 
Dealt to 7c59a2a3 
763a4fd9: folds
7c59a2a3: folds
6a03552c: folds
afbcba48: raises 700 to 1,400
Hero: calls 1,050
8bb8634a: folds
*** FLOP *** [As Qh 9c]
Hero: checks
afbcba48: bets 1,400
Hero: calls 1,400
*** TURN *** [As Qh 9c] [Qs]
Hero: checks
afbcba48: checks
*** RIVER *** [As Qh 9c Qs] [4s]
Hero: checks
afbcba48: bets 3,460
Hero: calls 3,460
afbcba48: shows [Ad Ks] (two pair, Aces and Queens)
Hero: shows [9s Kd] (two pair, Queens and Nines)
*** SHOWDOWN ***
afbcba48 collected 13,820 from pot
*** SUMMARY ***
Total pot 13,820 | Rake 0 | Jackpot 0 | Bingo 0 | Fortune 0 | Tax 0
Board [As Qh 9c Qs 4s]
Seat 1: 6a03552c folded before Flop
Seat 2: afbcba48 (button) showed [Ad Ks] and won (13,820) with two pair, Aces and Queens
Seat 3: Hero (small blind) showed [9s Kd] and lost with two pair, Queens and Nines
Seat 4: 8bb8634a (big blind) folded before Flop
Seat 5: 763a4fd9 folded before Flop
Seat 6: 7c59a2a3 folded before Flop


Poker Hand #TM314636863: Tournament #209320969, 237-M: $30 Thursday Heater [Bounty Turbo 6-Max] Hold'em No Limit - Level9(300/600) - 2025/05/30 00:19:08
Table '33' 6-max Seat #1 is the button
Seat 1: 6a03552c (30,526 in chips)
Seat 2: afbcba48 (15,801 in chips)
Seat 3: Hero (27,764 in chips)
Seat 4: 8bb8634a (7,728 in chips)
Seat 5: 763a4fd9 (17,396 in chips)
Seat 6: 7c59a2a3 (24,110 in chips)
afbcba48: posts the ante 90
6a03552c: posts the ante 90
8bb8634a: posts the ante 90
7c59a2a3: posts the ante 90
Hero: posts the ante 90
763a4fd9: posts the ante 90
afbcba48: posts small blind 300
Hero: posts big blind 600
*** HOLE CARDS ***
Dealt to 6a03552c 
Dealt to afbcba48 
Dealt to Hero [8h 6s]
Dealt to 8bb8634a 
Dealt to 763a4fd9 
Dealt to 7c59a2a3 
8bb8634a: folds
763a4fd9: folds
7c59a2a3: folds
6a03552c: folds
afbcba48: calls 300
Hero: checks
*** FLOP *** [4c Qs 3s]
afbcba48: bets 600
Hero: calls 600
*** TURN *** [4c Qs 3s] [Ts]
afbcba48: bets 3,041
Hero: calls 3,041
*** RIVER *** [4c Qs 3s Ts] [Kd]
afbcba48: bets 11,470
Hero: folds
Uncalled bet (11,470) returned to afbcba48
*** SHOWDOWN ***
afbcba48 collected 9,022 from pot
*** SUMMARY ***
Total pot 9,022 | Rake 0 | Jackpot 0 | Bingo 0 | Fortune 0 | Tax 0
Board [4c Qs 3s Ts Kd]
Seat 1: 6a03552c (button) folded before Flop
Seat 2: afbcba48 (small blind) won (9,022)
Seat 3: Hero (big blind) folded on the River
Seat 4: 8bb8634a folded before Flop
Seat 5: 763a4fd9 folded before Flop
Seat 6: 7c59a2a3 folded before Flop


Poker Hand #TM314636823: Tournament #209320969, 237-M: $30 Thursday Heater [Bounty Turbo 6-Max] Hold'em No Limit - Level9(300/600) - 2025/05/30 00:18:10
Table '33' 6-max Seat #6 is the button
Seat 1: 6a03552c (31,216 in chips)
Seat 2: afbcba48 (14,751 in chips)
Seat 3: Hero (27,854 in chips)
Seat 4: 8bb8634a (7,818 in chips)
Seat 5: 763a4fd9 (17,486 in chips)
Seat 6: 7c59a2a3 (24,200 in chips)
afbcba48: posts the ante 90
6a03552c: posts the ante 90
8bb8634a: posts the ante 90
7c59a2a3: posts the ante 90
Hero: posts the ante 90
763a4fd9: posts the ante 90
6a03552c: posts small blind 300
afbcba48: posts big blind 600
*** HOLE CARDS ***
Dealt to 6a03552c 
Dealt to afbcba48 
Dealt to Hero [4s 3c]
Dealt to 8bb8634a 
Dealt to 763a4fd9 
Dealt to 7c59a2a3 
Hero: folds
8bb8634a: folds
763a4fd9: folds
7c59a2a3: folds
6a03552c: calls 300
afbcba48: checks
*** FLOP *** [7c 3d 5s]
6a03552c: checks
afbcba48: checks
*** TURN *** [7c 3d 5s] [9d]
6a03552c: checks
afbcba48: bets 2,175
6a03552c: folds
Uncalled bet (2,175) returned to afbcba48
*** SHOWDOWN ***
afbcba48 collected 1,740 from pot
*** SUMMARY ***
Total pot 1,740 | Rake 0 | Jackpot 0 | Bingo 0 | Fortune 0 | Tax 0
Board [7c 3d 5s 9d]
Seat 1: 6a03552c (small blind) folded on the Turn
Seat 2: afbcba48 (big blind) won (1,740)
Seat 3: Hero folded before Flop
Seat 4: 8bb8634a folded before Flop
Seat 5: 763a4fd9 folded before Flop
Seat 6: 7c59a2a3 (button) folded before Flop


Poker Hand #TM314636763: Tournament #209320969, 237-M: $30 Thursday Heater [Bounty Turbo 6-Max] Hold'em No Limit - Level9(300/600) - 2025/05/30 00:16:47
Table '33' 6-max Seat #5 is the button
Seat 1: 6a03552c (34,006 in chips)
Seat 2: afbcba48 (14,841 in chips)
Seat 3: Hero (38,424 in chips)
Seat 4: 8bb8634a (7,908 in chips)
Seat 5: 763a4fd9 (17,576 in chips)
Seat 6: 7c59a2a3 (10,570 in chips)
afbcba48: posts the ante 90
6a03552c: posts the ante 90
8bb8634a: posts the ante 90
7c59a2a3: posts the ante 90
Hero: posts the ante 90
763a4fd9: posts the ante 90
7c59a2a3: posts small blind 300
6a03552c: posts big blind 600
*** HOLE CARDS ***
Dealt to 6a03552c 
Dealt to afbcba48 
Dealt to Hero [7c 8c]
Dealt to 8bb8634a 
Dealt to 763a4fd9 
Dealt to 7c59a2a3 
afbcba48: folds
Hero: raises 600 to 1,200
8bb8634a: folds
763a4fd9: folds
7c59a2a3: calls 900
6a03552c: calls 600
*** FLOP *** [7h 6d Ts]
7c59a2a3: checks
6a03552c: bets 1,500
Hero: calls 1,500
7c59a2a3: raises 7,780 to 9,280
6a03552c: folds
Hero: calls 7,780
7c59a2a3: shows [Tc Kh] (a pair of Tens)
Hero: shows [7c 8c] (a pair of Sevens)
*** TURN *** [7h 6d Ts] [4d]
*** RIVER *** [7h 6d Ts 4d] [Kc]
*** SHOWDOWN ***
7c59a2a3 collected 24,200 from pot
*** SUMMARY ***
Total pot 24,200 | Rake 0 | Jackpot 0 | Bingo 0 | Fortune 0 | Tax 0
Board [7h 6d Ts 4d Kc]
Seat 1: 6a03552c (big blind) folded on the Flop
Seat 2: afbcba48 folded before Flop
Seat 3: Hero showed [7c 8c] and lost with a pair of Sevens
Seat 4: 8bb8634a folded before Flop
Seat 5: 763a4fd9 (button) folded before Flop
Seat 6: 7c59a2a3 (small blind) showed [Tc Kh] and won (24,200) with two pair, Kings and Tens


Poker Hand #TM314636692: Tournament #209320969, 237-M: $30 Thursday Heater [Bounty Turbo 6-Max] Hold'em No Limit - Level9(300/600) - 2025/05/30 00:15:27
Table '33' 6-max Seat #4 is the button
Seat 1: 6a03552c (34,096 in chips)
Seat 2: afbcba48 (14,931 in chips)
Seat 3: Hero (36,474 in chips)
Seat 4: 8bb8634a (7,998 in chips)
Seat 5: 763a4fd9 (17,966 in chips)
Seat 6: 7c59a2a3 (11,860 in chips)
afbcba48: posts the ante 90
6a03552c: posts the ante 90
8bb8634a: posts the ante 90
7c59a2a3: posts the ante 90
Hero: posts the ante 90
763a4fd9: posts the ante 90
763a4fd9: posts small blind 300
7c59a2a3: posts big blind 600
*** HOLE CARDS ***
Dealt to 6a03552c 
Dealt to afbcba48 
Dealt to Hero [7d Ac]
Dealt to 8bb8634a 
Dealt to 763a4fd9 
Dealt to 7c59a2a3 
6a03552c: folds
afbcba48: folds
Hero: raises 600 to 1,200
8bb8634a: folds
763a4fd9: folds
7c59a2a3: calls 600
*** FLOP *** [6h 2h 5s]
7c59a2a3: checks
Hero: checks
*** TURN *** [6h 2h 5s] [Jh]
7c59a2a3: checks
Hero: checks
*** RIVER *** [6h 2h 5s Jh] [Jd]
7c59a2a3: checks
Hero: checks
7c59a2a3: shows [Kc Qd] (a pair of Jacks)
Hero: shows [7d Ac] (a pair of Jacks)
*** SHOWDOWN ***
Hero collected 3,240 from pot
*** SUMMARY ***
Total pot 3,240 | Rake 0 | Jackpot 0 | Bingo 0 | Fortune 0 | Tax 0
Board [6h 2h 5s Jh Jd]
Seat 1: 6a03552c folded before Flop
Seat 2: afbcba48 folded before Flop
Seat 3: Hero showed [7d Ac] and won (3,240) with a pair of Jacks
Seat 4: 8bb8634a (button) folded before Flop
Seat 5: 763a4fd9 (small blind) folded before Flop
Seat 6: 7c59a2a3 (big blind) showed [Kc Qd] and lost with a pair of Jacks


Poker Hand #TM314636642: Tournament #209320969, 237-M: $30 Thursday Heater [Bounty Turbo 6-Max] Hold'em No Limit - Level9(300/600) - 2025/05/30 00:14:26
Table '33' 6-max Seat #3 is the button
Seat 1: 6a03552c (34,186 in chips)
Seat 2: afbcba48 (15,021 in chips)
Seat 3: Hero (36,564 in chips)
Seat 4: 8bb8634a (8,388 in chips)
Seat 5: 763a4fd9 (19,256 in chips)
Seat 6: 7c59a2a3 (9,910 in chips)
afbcba48: posts the ante 90
6a03552c: posts the ante 90
8bb8634a: posts the ante 90
7c59a2a3: posts the ante 90
Hero: posts the ante 90
763a4fd9: posts the ante 90
8bb8634a: posts small blind 300
763a4fd9: posts big blind 600
*** HOLE CARDS ***
Dealt to 6a03552c 
Dealt to afbcba48 
Dealt to Hero [3d 4c]
Dealt to 8bb8634a 
Dealt to 763a4fd9 
Dealt to 7c59a2a3 
7c59a2a3: raises 600 to 1,200
6a03552c: folds
afbcba48: folds
Hero: folds
8bb8634a: folds
763a4fd9: calls 600
*** FLOP *** [4d 2d Ah]
763a4fd9: checks
7c59a2a3: checks
*** TURN *** [4d 2d Ah] [6d]
763a4fd9: checks
7c59a2a3: bets 2,430
763a4fd9: folds
Uncalled bet (2,430) returned to 7c59a2a3
*** SHOWDOWN ***
7c59a2a3 collected 3,240 from pot
*** SUMMARY ***
Total pot 3,240 | Rake 0 | Jackpot 0 | Bingo 0 | Fortune 0 | Tax 0
Board [4d 2d Ah 6d]
Seat 1: 6a03552c folded before Flop
Seat 2: afbcba48 folded before Flop
Seat 3: Hero (button) folded before Flop
Seat 4: 8bb8634a (small blind) folded before Flop
Seat 5: 763a4fd9 (big blind) folded on the Turn
Seat 6: 7c59a2a3 won (3,240)


Poker Hand #TM314636550: Tournament #209320969, 237-M: $30 Thursday Heater [Bounty Turbo 6-Max] Hold'em No Limit - Level9(300/600) - 2025/05/30 00:12:44
Table '33' 6-max Seat #2 is the button
Seat 1: 6a03552c (34,276 in chips)
Seat 2: afbcba48 (13,671 in chips)
Seat 3: Hero (36,954 in chips)
Seat 4: 8bb8634a (9,078 in chips)
Seat 5: 763a4fd9 (19,346 in chips)
Seat 6: 7c59a2a3 (10,000 in chips)
afbcba48: posts the ante 90
6a03552c: posts the ante 90
8bb8634a: posts the ante 90
7c59a2a3: posts the ante 90
Hero: posts the ante 90
763a4fd9: posts the ante 90
Hero: posts small blind 300
8bb8634a: posts big blind 600
*** HOLE CARDS ***
Dealt to 6a03552c 
Dealt to afbcba48 
Dealt to Hero [8d 5s]
Dealt to 8bb8634a 
Dealt to 763a4fd9 
Dealt to 7c59a2a3 
763a4fd9: folds
7c59a2a3: folds
6a03552c: folds
afbcba48: raises 600 to 1,200
Hero: folds
8bb8634a: folds
Uncalled bet (600) returned to afbcba48
*** SHOWDOWN ***
afbcba48 collected 2,040 from pot
*** SUMMARY ***
Total pot 2,040 | Rake 0 | Jackpot 0 | Bingo 0 | Fortune 0 | Tax 0
Seat 1: 6a03552c folded before Flop
Seat 2: afbcba48 (button) collected (2,040)
Seat 3: Hero (small blind) folded before Flop
Seat 4: 8bb8634a (big blind) folded before Flop
Seat 5: 763a4fd9 folded before Flop
Seat 6: 7c59a2a3 folded before Flop


Poker Hand #TM314636515: Tournament #209320969, 237-M: $30 Thursday Heater [Bounty Turbo 6-Max] Hold'em No Limit - Level8(250/500) - 2025/05/30 00:11:58
Table '33' 6-max Seat #1 is the button
Seat 1: 6a03552c (11,292 in chips)
Seat 2: afbcba48 (13,996 in chips)
Seat 3: Hero (52,785 in chips)
Seat 4: 8bb8634a (15,831 in chips)
Seat 5: 763a4fd9 (19,421 in chips)
afbcba48: posts the ante 75
6a03552c: posts the ante 75
8bb8634a: posts the ante 75
Hero: posts the ante 75
763a4fd9: posts the ante 75
afbcba48: posts small blind 250
Hero: posts big blind 500
*** HOLE CARDS ***
Dealt to 6a03552c 
Dealt to afbcba48 
Dealt to Hero [Ac Jh]
Dealt to 8bb8634a 
Dealt to 763a4fd9 
8bb8634a: raises 500 to 1,000
763a4fd9: folds
6a03552c: calls 1,000
afbcba48: folds
Hero: raises 51,710 to 52,710
8bb8634a: calls 14,756
6a03552c: calls 10,217
Uncalled bet (36,954) returned to Hero
Hero: shows [Ac Jh]
8bb8634a: shows [9d 9s]
6a03552c: shows [9h 8h]
*** FLOP *** [Ks 7d Tc]
*** TURN *** [Ks 7d Tc] [6c]
*** RIVER *** [Ks 7d Tc 6c] [4c]
*** SHOWDOWN ***
6a03552c collected 34,276 from pot
8bb8634a collected 9,078 from pot
*** SUMMARY ***
Total pot 43,354 | Rake 0 | Jackpot 0 | Bingo 0 | Fortune 0 | Tax 0
Board [Ks 7d Tc 6c 4c]
Seat 1: 6a03552c (button) showed [9h 8h] and won (34,276) with a straight, Ten to Six
Seat 2: afbcba48 (small blind) folded before Flop
Seat 3: Hero (big blind) showed [Ac Jh] and lost with Ace high
Seat 4: 8bb8634a showed [9d 9s] and won (9,078) with a pair of Nines
Seat 5: 763a4fd9 folded before Flop


Poker Hand #TM314636438: Tournament #209320969, 237-M: $30 Thursday Heater [Bounty Turbo 6-Max] Hold'em No Limit - Level8(250/500) - 2025/05/30 00:10:32
Table '33' 6-max Seat #5 is the button
Seat 1: 6a03552c (11,617 in chips)
Seat 2: afbcba48 (16,713 in chips)
Seat 3: Hero (52,860 in chips)
Seat 4: 8bb8634a (12,639 in chips)
Seat 5: 763a4fd9 (19,496 in chips)
afbcba48: posts the ante 75
6a03552c: posts the ante 75
8bb8634a: posts the ante 75
Hero: posts the ante 75
763a4fd9: posts the ante 75
6a03552c: posts small blind 250
afbcba48: posts big blind 500
*** HOLE CARDS ***
Dealt to 6a03552c 
Dealt to afbcba48 
Dealt to Hero [6s 5h]
Dealt to 8bb8634a 
Dealt to 763a4fd9 
Hero: folds
8bb8634a: raises 500 to 1,000
763a4fd9: folds
6a03552c: folds
afbcba48: calls 500
*** FLOP *** [9d Tc Th]
afbcba48: checks
8bb8634a: bets 657
afbcba48: calls 657
*** TURN *** [9d Tc Th] [8d]
afbcba48: checks
8bb8634a: bets 985
afbcba48: calls 985
*** RIVER *** [9d Tc Th 8d] [8h]
afbcba48: checks
8bb8634a: bets 9,922
afbcba48: folds
Uncalled bet (9,922) returned to 8bb8634a
*** SHOWDOWN ***
8bb8634a collected 5,909 from pot
*** SUMMARY ***
Total pot 5,909 | Rake 0 | Jackpot 0 | Bingo 0 | Fortune 0 | Tax 0
Board [9d Tc Th 8d 8h]
Seat 1: 6a03552c (small blind) folded before Flop
Seat 2: afbcba48 (big blind) folded on the River
Seat 3: Hero folded before Flop
Seat 4: 8bb8634a won (5,909)
Seat 5: 763a4fd9 (button) folded before Flop


Poker Hand #TM314636416: Tournament #209320969, 237-M: $30 Thursday Heater [Bounty Turbo 6-Max] Hold'em No Limit - Level8(250/500) - 2025/05/30 00:10:03
Table '33' 6-max Seat #4 is the button
Seat 1: 6a03552c (12,192 in chips)
Seat 2: afbcba48 (16,788 in chips)
Seat 3: Hero (52,935 in chips)
Seat 4: 8bb8634a (12,714 in chips)
Seat 5: 763a4fd9 (18,696 in chips)
afbcba48: posts the ante 75
6a03552c: posts the ante 75
8bb8634a: posts the ante 75
Hero: posts the ante 75
763a4fd9: posts the ante 75
763a4fd9: posts small blind 250
6a03552c: posts big blind 500
*** HOLE CARDS ***
Dealt to 6a03552c 
Dealt to afbcba48 
Dealt to Hero [3s Jh]
Dealt to 8bb8634a 
Dealt to 763a4fd9 
afbcba48: folds
Hero: folds
8bb8634a: folds
763a4fd9: calls 250
6a03552c: checks
*** FLOP *** [Ah Kd 7h]
763a4fd9: bets 500
6a03552c: folds
Uncalled bet (500) returned to 763a4fd9
*** SHOWDOWN ***
763a4fd9 collected 1,375 from pot
*** SUMMARY ***
Total pot 1,375 | Rake 0 | Jackpot 0 | Bingo 0 | Fortune 0 | Tax 0
Board [Ah Kd 7h]
Seat 1: 6a03552c (big blind) folded on the Flop
Seat 2: afbcba48 folded before Flop
Seat 3: Hero folded before Flop
Seat 4: 8bb8634a (button) folded before Flop
Seat 5: 763a4fd9 (small blind) won (1,375)


Poker Hand #TM314636391: Tournament #209320969, 237-M: $30 Thursday Heater [Bounty Turbo 6-Max] Hold'em No Limit - Level8(250/500) - 2025/05/30 00:09:36
Table '33' 6-max Seat #3 is the button
Seat 1: 6a03552c (13,267 in chips)
Seat 2: afbcba48 (14,738 in chips)
Seat 3: Hero (53,010 in chips)
Seat 4: 8bb8634a (13,039 in chips)
Seat 5: 763a4fd9 (19,271 in chips)
afbcba48: posts the ante 75
6a03552c: posts the ante 75
8bb8634a: posts the ante 75
Hero: posts the ante 75
763a4fd9: posts the ante 75
8bb8634a: posts small blind 250
763a4fd9: posts big blind 500
*** HOLE CARDS ***
Dealt to 6a03552c 
Dealt to afbcba48 
Dealt to Hero [Ks Qd]
Dealt to 8bb8634a 
Dealt to 763a4fd9 
6a03552c: raises 500 to 1,000
afbcba48: raises 13,663 to 14,663
Hero: folds
8bb8634a: folds
763a4fd9: folds
6a03552c: folds
Uncalled bet (13,663) returned to afbcba48
*** SHOWDOWN ***
afbcba48 collected 3,125 from pot
*** SUMMARY ***
Total pot 3,125 | Rake 0 | Jackpot 0 | Bingo 0 | Fortune 0 | Tax 0
Seat 1: 6a03552c folded before Flop
Seat 2: afbcba48 collected (3,125)
Seat 3: Hero (button) folded before Flop
Seat 4: 8bb8634a (small blind) folded before Flop
Seat 5: 763a4fd9 (big blind) folded before Flop


Poker Hand #TM314636304: Tournament #209320969, 237-M: $30 Thursday Heater [Bounty Turbo 6-Max] Hold'em No Limit - Level8(250/500) - 2025/05/30 00:07:52
Table '33' 6-max Seat #2 is the button
Seat 1: 6a03552c (13,342 in chips)
Seat 2: afbcba48 (14,813 in chips)
Seat 3: Hero (33,908 in chips)
Seat 4: 8bb8634a (14,114 in chips)
Seat 5: 763a4fd9 (19,346 in chips)
Seat 6: 34a8beb9 (17,802 in chips)
34a8beb9: posts the ante 75
afbcba48: posts the ante 75
6a03552c: posts the ante 75
8bb8634a: posts the ante 75
Hero: posts the ante 75
763a4fd9: posts the ante 75
Hero: posts small blind 250
8bb8634a: posts big blind 500
*** HOLE CARDS ***
Dealt to 6a03552c 
Dealt to afbcba48 
Dealt to Hero [9d 8d]
Dealt to 8bb8634a 
Dealt to 763a4fd9 
Dealt to 34a8beb9 
763a4fd9: folds
34a8beb9: raises 500 to 1,000
6a03552c: folds
afbcba48: folds
Hero: calls 750
8bb8634a: calls 500
*** FLOP *** [Tc Jd 2d]
Hero: checks
8bb8634a: checks
34a8beb9: bets 1,113
Hero: raises 3,287 to 4,400
8bb8634a: folds
34a8beb9: calls 3,287
*** TURN *** [Tc Jd 2d] [5c]
Hero: bets 28,433
34a8beb9: calls 12,327
Uncalled bet (16,106) returned to Hero
Hero: shows [9d 8d] (Jack high)
34a8beb9: shows [Jc 9c] (a pair of Jacks)
*** RIVER *** [Tc Jd 2d 5c] [Qh]
*** SHOWDOWN ***
Hero collected 36,904 from pot
*** SUMMARY ***
Total pot 36,904 | Rake 0 | Jackpot 0 | Bingo 0 | Fortune 0 | Tax 0
Board [Tc Jd 2d 5c Qh]
Seat 1: 6a03552c folded before Flop
Seat 2: afbcba48 (button) folded before Flop
Seat 3: Hero (small blind) showed [9d 8d] and won (36,904) with a straight, Queen to Eight
Seat 4: 8bb8634a (big blind) folded on the Flop
Seat 5: 763a4fd9 folded before Flop
Seat 6: 34a8beb9 showed [Jc 9c] and lost with a pair of Jacks


Poker Hand #TM314636275: Tournament #209320969, 237-M: $30 Thursday Heater [Bounty Turbo 6-Max] Hold'em No Limit - Level8(250/500) - 2025/05/30 00:07:19
Table '33' 6-max Seat #1 is the button
Seat 1: 6a03552c (13,417 in chips)
Seat 2: afbcba48 (15,138 in chips)
Seat 3: Hero (34,983 in chips)
Seat 4: 8bb8634a (14,189 in chips)
Seat 5: 763a4fd9 (17,721 in chips)
Seat 6: 34a8beb9 (17,877 in chips)
34a8beb9: posts the ante 75
afbcba48: posts the ante 75
6a03552c: posts the ante 75
8bb8634a: posts the ante 75
Hero: posts the ante 75
763a4fd9: posts the ante 75
afbcba48: posts small blind 250
Hero: posts big blind 500
*** HOLE CARDS ***
Dealt to 6a03552c 
Dealt to afbcba48 
Dealt to Hero [9c 8s]
Dealt to 8bb8634a 
Dealt to 763a4fd9 
Dealt to 34a8beb9 
8bb8634a: folds
763a4fd9: raises 500 to 1,000
34a8beb9: folds
6a03552c: folds
afbcba48: folds
Hero: calls 500
*** FLOP *** [2c Ah 6s]
Hero: checks
763a4fd9: bets 810
Hero: folds
Uncalled bet (810) returned to 763a4fd9
*** SHOWDOWN ***
763a4fd9 collected 2,700 from pot
*** SUMMARY ***
Total pot 2,700 | Rake 0 | Jackpot 0 | Bingo 0 | Fortune 0 | Tax 0
Board [2c Ah 6s]
Seat 1: 6a03552c (button) folded before Flop
Seat 2: afbcba48 (small blind) folded before Flop
Seat 3: Hero (big blind) folded on the Flop
Seat 4: 8bb8634a folded before Flop
Seat 5: 763a4fd9 won (2,700)
Seat 6: 34a8beb9 folded before Flop


Poker Hand #TM314636244: Tournament #209320969, 237-M: $30 Thursday Heater [Bounty Turbo 6-Max] Hold'em No Limit - Level8(250/500) - 2025/05/30 00:06:46
Table '33' 6-max Seat #6 is the button
Seat 1: 6a03552c (13,742 in chips)
Seat 2: afbcba48 (15,713 in chips)
Seat 3: Hero (36,058 in chips)
Seat 4: 8bb8634a (14,264 in chips)
Seat 5: 763a4fd9 (17,796 in chips)
Seat 6: 34a8beb9 (15,752 in chips)
34a8beb9: posts the ante 75
afbcba48: posts the ante 75
6a03552c: posts the ante 75
8bb8634a: posts the ante 75
Hero: posts the ante 75
763a4fd9: posts the ante 75
6a03552c: posts small blind 250
afbcba48: posts big blind 500
*** HOLE CARDS ***
Dealt to 6a03552c 
Dealt to afbcba48 
Dealt to Hero [Kd Ts]
Dealt to 8bb8634a 
Dealt to 763a4fd9 
Dealt to 34a8beb9 
Hero: raises 500 to 1,000
8bb8634a: folds
763a4fd9: folds
34a8beb9: raises 1,750 to 2,750
6a03552c: folds
afbcba48: folds
Hero: folds
Uncalled bet (1,750) returned to 34a8beb9
*** SHOWDOWN ***
34a8beb9 collected 3,200 from pot
*** SUMMARY ***
Total pot 3,200 | Rake 0 | Jackpot 0 | Bingo 0 | Fortune 0 | Tax 0
Seat 1: 6a03552c (small blind) folded before Flop
Seat 2: afbcba48 (big blind) folded before Flop
Seat 3: Hero folded before Flop
Seat 4: 8bb8634a folded before Flop
Seat 5: 763a4fd9 folded before Flop
Seat 6: 34a8beb9 (button) collected (3,200)


Poker Hand #TM314636197: Tournament #209320969, 237-M: $30 Thursday Heater [Bounty Turbo 6-Max] Hold'em No Limit - Level8(250/500) - 2025/05/30 00:05:54
Table '33' 6-max Seat #5 is the button
Seat 1: 6a03552c (14,817 in chips)
Seat 2: afbcba48 (14,088 in chips)
Seat 3: Hero (36,133 in chips)
Seat 4: 8bb8634a (14,339 in chips)
Seat 5: 763a4fd9 (17,871 in chips)
Seat 6: 34a8beb9 (16,077 in chips)
34a8beb9: posts the ante 75
afbcba48: posts the ante 75
6a03552c: posts the ante 75
8bb8634a: posts the ante 75
Hero: posts the ante 75
763a4fd9: posts the ante 75
34a8beb9: posts small blind 250
6a03552c: posts big blind 500
*** HOLE CARDS ***
Dealt to 6a03552c 
Dealt to afbcba48 
Dealt to Hero [7h Td]
Dealt to 8bb8634a 
Dealt to 763a4fd9 
Dealt to 34a8beb9 
afbcba48: raises 500 to 1,000
Hero: folds
8bb8634a: folds
763a4fd9: folds
34a8beb9: folds
6a03552c: calls 500
*** FLOP *** [Jc 8d 3h]
6a03552c: checks
afbcba48: bets 675
6a03552c: folds
Uncalled bet (675) returned to afbcba48
*** SHOWDOWN ***
afbcba48 collected 2,700 from pot
*** SUMMARY ***
Total pot 2,700 | Rake 0 | Jackpot 0 | Bingo 0 | Fortune 0 | Tax 0
Board [Jc 8d 3h]
Seat 1: 6a03552c (big blind) folded on the Flop
Seat 2: afbcba48 won (2,700)
Seat 3: Hero folded before Flop
Seat 4: 8bb8634a folded before Flop
Seat 5: 763a4fd9 (button) folded before Flop
Seat 6: 34a8beb9 (small blind) folded before Flop


Poker Hand #TM314636154: Tournament #209320969, 237-M: $30 Thursday Heater [Bounty Turbo 6-Max] Hold'em No Limit - Level8(250/500) - 2025/05/30 00:05:04
Table '33' 6-max Seat #4 is the button
Seat 1: 6a03552c (14,892 in chips)
Seat 2: afbcba48 (14,163 in chips)
Seat 3: Hero (36,208 in chips)
Seat 4: 8bb8634a (14,414 in chips)
Seat 5: 763a4fd9 (19,446 in chips)
Seat 6: 34a8beb9 (14,202 in chips)
34a8beb9: posts the ante 75
afbcba48: posts the ante 75
6a03552c: posts the ante 75
8bb8634a: posts the ante 75
Hero: posts the ante 75
763a4fd9: posts the ante 75
763a4fd9: posts small blind 250
34a8beb9: posts big blind 500
*** HOLE CARDS ***
Dealt to 6a03552c 
Dealt to afbcba48 
Dealt to Hero [7s 4c]
Dealt to 8bb8634a 
Dealt to 763a4fd9 
Dealt to 34a8beb9 
6a03552c: folds
afbcba48: folds
Hero: folds
8bb8634a: folds
763a4fd9: raises 1,000 to 1,500
34a8beb9: raises 2,000 to 3,500
763a4fd9: folds
Uncalled bet (2,000) returned to 34a8beb9
*** SHOWDOWN ***
34a8beb9 collected 3,450 from pot
*** SUMMARY ***
Total pot 3,450 | Rake 0 | Jackpot 0 | Bingo 0 | Fortune 0 | Tax 0
Seat 1: 6a03552c folded before Flop
Seat 2: afbcba48 folded before Flop
Seat 3: Hero folded before Flop
Seat 4: 8bb8634a (button) folded before Flop
Seat 5: 763a4fd9 (small blind) folded before Flop
Seat 6: 34a8beb9 (big blind) collected (3,450)


Poker Hand #TM314636059: Tournament #209320969, 237-M: $30 Thursday Heater [Bounty Turbo 6-Max] Hold'em No Limit - Level7(200/400) - 2025/05/30 00:03:09
Table '33' 6-max Seat #3 is the button
Seat 1: 6a03552c (14,952 in chips)
Seat 2: afbcba48 (14,223 in chips)
Seat 3: Hero (38,468 in chips)
Seat 4: 8bb8634a (15,274 in chips)
Seat 5: 763a4fd9 (16,146 in chips)
Seat 6: 34a8beb9 (14,262 in chips)
34a8beb9: posts the ante 60
afbcba48: posts the ante 60
6a03552c: posts the ante 60
8bb8634a: posts the ante 60
Hero: posts the ante 60
763a4fd9: posts the ante 60
8bb8634a: posts small blind 200
763a4fd9: posts big blind 400
*** HOLE CARDS ***
Dealt to 6a03552c 
Dealt to afbcba48 
Dealt to Hero [Qh 7s]
Dealt to 8bb8634a 
Dealt to 763a4fd9 
Dealt to 34a8beb9 
34a8beb9: folds
6a03552c: folds
afbcba48: folds
Hero: raises 400 to 800
8bb8634a: calls 600
763a4fd9: calls 400
*** FLOP *** [6d Th 9h]
8bb8634a: checks
763a4fd9: checks
Hero: checks
*** TURN *** [6d Th 9h] [4s]
8bb8634a: checks
763a4fd9: checks
Hero: checks
*** RIVER *** [6d Th 9h 4s] [6h]
8bb8634a: checks
763a4fd9: checks
Hero: bets 1,400
8bb8634a: folds
763a4fd9: calls 1,400
Hero: shows [Qh 7s] (a pair of Sixes)
763a4fd9: shows [7d 6c] (three of a kind, Sixes)
*** SHOWDOWN ***
763a4fd9 collected 5,560 from pot
*** SUMMARY ***
Total pot 5,560 | Rake 0 | Jackpot 0 | Bingo 0 | Fortune 0 | Tax 0
Board [6d Th 9h 4s 6h]
Seat 1: 6a03552c folded before Flop
Seat 2: afbcba48 folded before Flop
Seat 3: Hero (button) showed [Qh 7s] and lost with a pair of Sixes
Seat 4: 8bb8634a (small blind) folded on the River
Seat 5: 763a4fd9 (big blind) showed [7d 6c] and won (5,560) with three of a kind, Sixes
Seat 6: 34a8beb9 folded before Flop


Poker Hand #TM314636002: Tournament #209320969, 237-M: $30 Thursday Heater [Bounty Turbo 6-Max] Hold'em No Limit - Level7(200/400) - 2025/05/29 23:54:58
Table '33' 6-max Seat #2 is the button
Seat 1: 6a03552c (15,012 in chips)
Seat 2: afbcba48 (14,283 in chips)
Seat 3: Hero (38,928 in chips)
Seat 4: 8bb8634a (14,574 in chips)
Seat 5: 763a4fd9 (16,206 in chips)
Seat 6: 34a8beb9 (14,322 in chips)
34a8beb9: posts the ante 60
afbcba48: posts the ante 60
6a03552c: posts the ante 60
8bb8634a: posts the ante 60
Hero: posts the ante 60
763a4fd9: posts the ante 60
Hero: posts small blind 200
8bb8634a: posts big blind 400
*** HOLE CARDS ***
Dealt to 6a03552c 
Dealt to afbcba48 
Dealt to Hero [5s 4c]
Dealt to 8bb8634a 
Dealt to 763a4fd9 
Dealt to 34a8beb9 
763a4fd9: folds
34a8beb9: folds
6a03552c: folds
afbcba48: folds
Hero: calls 200
8bb8634a: raises 600 to 1,000
Hero: folds
Uncalled bet (600) returned to 8bb8634a
*** SHOWDOWN ***
8bb8634a collected 1,160 from pot
*** SUMMARY ***
Total pot 1,160 | Rake 0 | Jackpot 0 | Bingo 0 | Fortune 0 | Tax 0
Seat 1: 6a03552c folded before Flop
Seat 2: afbcba48 (button) folded before Flop
Seat 3: Hero (small blind) folded before Flop
Seat 4: 8bb8634a (big blind) collected (1,160)
Seat 5: 763a4fd9 folded before Flop
Seat 6: 34a8beb9 folded before Flop


Poker Hand #TM314635952: Tournament #209320969, 237-M: $30 Thursday Heater [Bounty Turbo 6-Max] Hold'em No Limit - Level7(200/400) - 2025/05/29 23:54:02
Table '33' 6-max Seat #1 is the button
Seat 1: 6a03552c (14,692 in chips)
Seat 2: afbcba48 (13,963 in chips)
Seat 3: Hero (39,388 in chips)
Seat 4: 8bb8634a (14,634 in chips)
Seat 5: 763a4fd9 (16,266 in chips)
Seat 6: 34a8beb9 (14,382 in chips)
34a8beb9: posts the ante 60
afbcba48: posts the ante 60
6a03552c: posts the ante 60
8bb8634a: posts the ante 60
Hero: posts the ante 60
763a4fd9: posts the ante 60
afbcba48: posts small blind 200
Hero: posts big blind 400
*** HOLE CARDS ***
Dealt to 6a03552c 
Dealt to afbcba48 
Dealt to Hero [Jd 7h]
Dealt to 8bb8634a 
Dealt to 763a4fd9 
Dealt to 34a8beb9 
8bb8634a: folds
763a4fd9: folds
34a8beb9: folds
6a03552c: raises 400 to 800
afbcba48: raises 1,959 to 2,759
Hero: folds
6a03552c: calls 1,959
*** FLOP *** [Js Kh Ks]
afbcba48: bets 800
6a03552c: calls 800
*** TURN *** [Js Kh Ks] [8s]
afbcba48: checks
6a03552c: checks
*** RIVER *** [Js Kh Ks 8s] [Ts]
afbcba48: checks
6a03552c: checks
afbcba48: shows [Ad Td] (two pair, Kings and Tens)
6a03552c: shows [Ac Th] (two pair, Kings and Tens)
*** SHOWDOWN ***
6a03552c collected 3,939 from pot
afbcba48 collected 3,939 from pot
*** SUMMARY ***
Total pot 7,878 | Rake 0 | Jackpot 0 | Bingo 0 | Fortune 0 | Tax 0
Board [Js Kh Ks 8s Ts]
Seat 1: 6a03552c (button) showed [Ac Th] and won (3,939) with two pair, Kings and Tens
Seat 2: afbcba48 (small blind) showed [Ad Td] and won (3,939) with two pair, Kings and Tens
Seat 3: Hero (big blind) folded before Flop
Seat 4: 8bb8634a folded before Flop
Seat 5: 763a4fd9 folded before Flop
Seat 6: 34a8beb9 folded before Flop


Poker Hand #TM314635912: Tournament #209320969, 237-M: $30 Thursday Heater [Bounty Turbo 6-Max] Hold'em No Limit - Level7(200/400) - 2025/05/29 23:53:11
Table '33' 6-max Seat #6 is the button
Seat 1: 6a03552c (11,624 in chips)
Seat 2: afbcba48 (16,791 in chips)
Seat 3: Hero (39,448 in chips)
Seat 4: 8bb8634a (14,694 in chips)
Seat 5: 763a4fd9 (16,326 in chips)
Seat 6: 34a8beb9 (14,442 in chips)
34a8beb9: posts the ante 60
afbcba48: posts the ante 60
6a03552c: posts the ante 60
8bb8634a: posts the ante 60
Hero: posts the ante 60
763a4fd9: posts the ante 60
6a03552c: posts small blind 200
afbcba48: posts big blind 400
*** HOLE CARDS ***
Dealt to 6a03552c 
Dealt to afbcba48 
Dealt to Hero [Ks 8c]
Dealt to 8bb8634a 
Dealt to 763a4fd9 
Dealt to 34a8beb9 
Hero: folds
8bb8634a: folds
763a4fd9: folds
34a8beb9: folds
6a03552c: calls 200
afbcba48: checks
*** FLOP *** [9d 3c 9s]
6a03552c: checks
afbcba48: checks
*** TURN *** [9d 3c 9s] [6s]
6a03552c: bets 400
afbcba48: raises 984 to 1,384
6a03552c: raises 984 to 2,368
afbcba48: calls 984
*** RIVER *** [9d 3c 9s 6s] [Th]
6a03552c: bets 8,796
afbcba48: folds
Uncalled bet (8,796) returned to 6a03552c
*** SHOWDOWN ***
6a03552c collected 5,896 from pot
*** SUMMARY ***
Total pot 5,896 | Rake 0 | Jackpot 0 | Bingo 0 | Fortune 0 | Tax 0
Board [9d 3c 9s 6s Th]
Seat 1: 6a03552c (small blind) won (5,896)
Seat 2: afbcba48 (big blind) folded on the River
Seat 3: Hero folded before Flop
Seat 4: 8bb8634a folded before Flop
Seat 5: 763a4fd9 folded before Flop
Seat 6: 34a8beb9 (button) folded before Flop


Poker Hand #TM314635834: Tournament #209320969, 237-M: $30 Thursday Heater [Bounty Turbo 6-Max] Hold'em No Limit - Level7(200/400) - 2025/05/29 23:51:49
Table '33' 6-max Seat #5 is the button
Seat 1: 6a03552c (9,020 in chips)
Seat 2: afbcba48 (16,851 in chips)
Seat 3: Hero (39,508 in chips)
Seat 4: 8bb8634a (14,754 in chips)
Seat 5: 763a4fd9 (16,386 in chips)
Seat 6: 34a8beb9 (16,806 in chips)
34a8beb9: posts the ante 60
afbcba48: posts the ante 60
6a03552c: posts the ante 60
8bb8634a: posts the ante 60
Hero: posts the ante 60
763a4fd9: posts the ante 60
34a8beb9: posts small blind 200
6a03552c: posts big blind 400
*** HOLE CARDS ***
Dealt to 6a03552c 
Dealt to afbcba48 
Dealt to Hero [6c 8s]
Dealt to 8bb8634a 
Dealt to 763a4fd9 
Dealt to 34a8beb9 
afbcba48: folds
Hero: folds
8bb8634a: folds
763a4fd9: folds
34a8beb9: raises 800 to 1,200
6a03552c: calls 800
*** FLOP *** [Qs Ah Jd]
34a8beb9: bets 1,104
6a03552c: calls 1,104
*** TURN *** [Qs Ah Jd] [2c]
34a8beb9: checks
6a03552c: bets 1,400
34a8beb9: folds
Uncalled bet (1,400) returned to 6a03552c
*** SHOWDOWN ***
6a03552c collected 4,968 from pot
*** SUMMARY ***
Total pot 4,968 | Rake 0 | Jackpot 0 | Bingo 0 | Fortune 0 | Tax 0
Board [Qs Ah Jd 2c]
Seat 1: 6a03552c (big blind) won (4,968)
Seat 2: afbcba48 folded before Flop
Seat 3: Hero folded before Flop
Seat 4: 8bb8634a folded before Flop
Seat 5: 763a4fd9 (button) folded before Flop
Seat 6: 34a8beb9 (small blind) folded on the Turn


Poker Hand #TM314635791: Tournament #209320969, 237-M: $30 Thursday Heater [Bounty Turbo 6-Max] Hold'em No Limit - Level7(200/400) - 2025/05/29 23:51:01
Table '33' 6-max Seat #4 is the button
Seat 1: 6a03552c (9,880 in chips)
Seat 2: afbcba48 (16,911 in chips)
Seat 3: Hero (39,568 in chips)
Seat 4: 8bb8634a (15,614 in chips)
Seat 5: 763a4fd9 (14,086 in chips)
Seat 6: 34a8beb9 (17,266 in chips)
34a8beb9: posts the ante 60
afbcba48: posts the ante 60
6a03552c: posts the ante 60
8bb8634a: posts the ante 60
Hero: posts the ante 60
763a4fd9: posts the ante 60
763a4fd9: posts small blind 200
34a8beb9: posts big blind 400
*** HOLE CARDS ***
Dealt to 6a03552c 
Dealt to afbcba48 
Dealt to Hero [6h 9c]
Dealt to 8bb8634a 
Dealt to 763a4fd9 
Dealt to 34a8beb9 
6a03552c: raises 400 to 800
afbcba48: folds
Hero: folds
8bb8634a: calls 800
763a4fd9: raises 2,600 to 3,400
34a8beb9: folds
6a03552c: folds
8bb8634a: folds
Uncalled bet (2,600) returned to 763a4fd9
*** SHOWDOWN ***
763a4fd9 collected 3,160 from pot
*** SUMMARY ***
Total pot 3,160 | Rake 0 | Jackpot 0 | Bingo 0 | Fortune 0 | Tax 0
Seat 1: 6a03552c folded before Flop
Seat 2: afbcba48 folded before Flop
Seat 3: Hero folded before Flop
Seat 4: 8bb8634a (button) folded before Flop
Seat 5: 763a4fd9 (small blind) collected (3,160)
Seat 6: 34a8beb9 (big blind) folded before Flop


Poker Hand #TM314635726: Tournament #209320969, 237-M: $30 Thursday Heater [Bounty Turbo 6-Max] Hold'em No Limit - Level7(200/400) - 2025/05/29 23:49:49
Table '33' 6-max Seat #3 is the button
Seat 1: 6a03552c (9,940 in chips)
Seat 2: afbcba48 (25,124 in chips)
Seat 3: Hero (39,628 in chips)
Seat 4: 8bb8634a (15,874 in chips)
Seat 5: 763a4fd9 (14,546 in chips)
Seat 6: 34a8beb9 (8,213 in chips)
34a8beb9: posts the ante 60
afbcba48: posts the ante 60
6a03552c: posts the ante 60
8bb8634a: posts the ante 60
Hero: posts the ante 60
763a4fd9: posts the ante 60
8bb8634a: posts small blind 200
763a4fd9: posts big blind 400
*** HOLE CARDS ***
Dealt to 6a03552c 
Dealt to afbcba48 
Dealt to Hero [8c Ah]
Dealt to 8bb8634a 
Dealt to 763a4fd9 
Dealt to 34a8beb9 
34a8beb9: raises 400 to 800
6a03552c: folds
afbcba48: raises 1,400 to 2,200
Hero: folds
8bb8634a: folds
763a4fd9: folds
34a8beb9: raises 5,953 to 8,153
afbcba48: calls 5,953
34a8beb9: shows [As 4s]
afbcba48: shows [Qh Ac]
*** FLOP *** [4c Qc 2c]
*** TURN *** [4c Qc 2c] [4d]
*** RIVER *** [4c Qc 2c 4d] [Jd]
*** SHOWDOWN ***
34a8beb9 collected 17,266 from pot
*** SUMMARY ***
Total pot 17,266 | Rake 0 | Jackpot 0 | Bingo 0 | Fortune 0 | Tax 0
Board [4c Qc 2c 4d Jd]
Seat 1: 6a03552c folded before Flop
Seat 2: afbcba48 showed [Qh Ac] and lost with two pair, Queens and Fours
Seat 3: Hero (button) folded before Flop
Seat 4: 8bb8634a (small blind) folded before Flop
Seat 5: 763a4fd9 (big blind) folded before Flop
Seat 6: 34a8beb9 showed [As 4s] and won (17,266) with three of a kind, Fours


Poker Hand #TM314635654: Tournament #209320969, 237-M: $30 Thursday Heater [Bounty Turbo 6-Max] Hold'em No Limit - Level7(200/400) - 2025/05/29 23:48:22
Table '33' 6-max Seat #2 is the button
Seat 1: 6a03552c (10,000 in chips)
Seat 2: afbcba48 (29,224 in chips)
Seat 3: Hero (39,888 in chips)
Seat 4: 8bb8634a (11,334 in chips)
Seat 5: 763a4fd9 (14,606 in chips)
Seat 6: 34a8beb9 (8,273 in chips)
34a8beb9: posts the ante 60
afbcba48: posts the ante 60
6a03552c: posts the ante 60
8bb8634a: posts the ante 60
Hero: posts the ante 60
763a4fd9: posts the ante 60
Hero: posts small blind 200
8bb8634a: posts big blind 400
*** HOLE CARDS ***
Dealt to 6a03552c 
Dealt to afbcba48 
Dealt to Hero [2h Ks]
Dealt to 8bb8634a 
Dealt to 763a4fd9 
Dealt to 34a8beb9 
763a4fd9: folds
34a8beb9: folds
6a03552c: folds
afbcba48: raises 400 to 800
Hero: folds
8bb8634a: raises 1,800 to 2,600
afbcba48: calls 1,800
*** FLOP *** [Ad Kc 5d]
8bb8634a: bets 1,440
afbcba48: calls 1,440
*** TURN *** [Ad Kc 5d] [5s]
8bb8634a: bets 7,234
afbcba48: folds
Uncalled bet (7,234) returned to 8bb8634a
*** SHOWDOWN ***
8bb8634a collected 8,640 from pot
*** SUMMARY ***
Total pot 8,640 | Rake 0 | Jackpot 0 | Bingo 0 | Fortune 0 | Tax 0
Board [Ad Kc 5d 5s]
Seat 1: 6a03552c folded before Flop
Seat 2: afbcba48 (button) folded on the Turn
Seat 3: Hero (small blind) folded before Flop
Seat 4: 8bb8634a (big blind) won (8,640)
Seat 5: 763a4fd9 folded before Flop
Seat 6: 34a8beb9 folded before Flop


Poker Hand #TM314635634: Tournament #209320969, 237-M: $30 Thursday Heater [Bounty Turbo 6-Max] Hold'em No Limit - Level6(150/300) - 2025/05/29 23:47:47
Table '33' 6-max Seat #6 is the button
Seat 2: afbcba48 (29,419 in chips)
Seat 3: Hero (38,958 in chips)
Seat 4: 8bb8634a (11,379 in chips)
Seat 5: 763a4fd9 (14,651 in chips)
Seat 6: 34a8beb9 (8,918 in chips)
34a8beb9: posts the ante 45
afbcba48: posts the ante 45
8bb8634a: posts the ante 45
Hero: posts the ante 45
763a4fd9: posts the ante 45
afbcba48: posts small blind 150
Hero: posts big blind 300
*** HOLE CARDS ***
Dealt to afbcba48 
Dealt to Hero [Qs Qd]
Dealt to 8bb8634a 
Dealt to 763a4fd9 
Dealt to 34a8beb9 
8bb8634a: folds
763a4fd9: folds
34a8beb9: raises 300 to 600
afbcba48: folds
Hero: raises 1,650 to 2,250
34a8beb9: folds
Uncalled bet (1,650) returned to Hero
*** SHOWDOWN ***
Hero collected 1,575 from pot
*** SUMMARY ***
Total pot 1,575 | Rake 0 | Jackpot 0 | Bingo 0 | Fortune 0 | Tax 0
Seat 2: afbcba48 (small blind) folded before Flop
Seat 3: Hero (big blind) collected (1,575)
Seat 4: 8bb8634a folded before Flop
Seat 5: 763a4fd9 folded before Flop
Seat 6: 34a8beb9 (button) folded before Flop


Poker Hand #TM314635539: Tournament #209320969, 237-M: $30 Thursday Heater [Bounty Turbo 6-Max] Hold'em No Limit - Level6(150/300) - 2025/05/29 23:46:06
Table '33' 6-max Seat #5 is the button
Seat 2: afbcba48 (31,377 in chips)
Seat 3: Hero (39,603 in chips)
Seat 4: 8bb8634a (11,424 in chips)
Seat 5: 763a4fd9 (10,045 in chips)
Seat 6: 34a8beb9 (10,876 in chips)
34a8beb9: posts the ante 45
afbcba48: posts the ante 45
8bb8634a: posts the ante 45
Hero: posts the ante 45
763a4fd9: posts the ante 45
34a8beb9: posts small blind 150
afbcba48: posts big blind 300
*** HOLE CARDS ***
Dealt to afbcba48 
Dealt to Hero [Js Ah]
Dealt to 8bb8634a 
Dealt to 763a4fd9 
Dealt to 34a8beb9 
Hero: raises 300 to 600
8bb8634a: folds
763a4fd9: calls 600
34a8beb9: calls 450
afbcba48: calls 300
*** FLOP *** [Tc 5d 7h]
34a8beb9: checks
afbcba48: checks
Hero: checks
763a4fd9: bets 1,313
34a8beb9: calls 1,313
afbcba48: calls 1,313
Hero: folds
*** TURN *** [Tc 5d 7h] [2h]
34a8beb9: checks
afbcba48: checks
763a4fd9: bets 3,282
34a8beb9: folds
afbcba48: folds
Uncalled bet (3,282) returned to 763a4fd9
*** SHOWDOWN ***
763a4fd9 collected 6,564 from pot
*** SUMMARY ***
Total pot 6,564 | Rake 0 | Jackpot 0 | Bingo 0 | Fortune 0 | Tax 0
Board [Tc 5d 7h 2h]
Seat 2: afbcba48 (big blind) folded on the Turn
Seat 3: Hero folded on the Flop
Seat 4: 8bb8634a folded before Flop
Seat 5: 763a4fd9 (button) won (6,564)
Seat 6: 34a8beb9 (small blind) folded on the Turn


Poker Hand #TM314635471: Tournament #209320969, 237-M: $30 Thursday Heater [Bounty Turbo 6-Max] Hold'em No Limit - Level6(150/300) - 2025/05/29 23:44:54
Table '33' 6-max Seat #4 is the button
Seat 1: 9354d737 (24,438 in chips)
Seat 2: afbcba48 (31,422 in chips)
Seat 3: Hero (39,648 in chips)
Seat 4: 8bb8634a (11,469 in chips)
Seat 5: 763a4fd9 (10,240 in chips)
Seat 6: 34a8beb9 (5,273 in chips)
34a8beb9: posts the ante 45
afbcba48: posts the ante 45
8bb8634a: posts the ante 45
Hero: posts the ante 45
763a4fd9: posts the ante 45
9354d737: posts the ante 45
763a4fd9: posts small blind 150
34a8beb9: posts big blind 300
*** HOLE CARDS ***
Dealt to 9354d737 
Dealt to afbcba48 
Dealt to Hero [2d 7c]
Dealt to 8bb8634a 
Dealt to 763a4fd9 
Dealt to 34a8beb9 
9354d737: raises 300 to 600
afbcba48: folds
Hero: folds
8bb8634a: folds
763a4fd9: folds
34a8beb9: calls 300
*** FLOP *** [3s 2h Jc]
34a8beb9: checks
9354d737: bets 535
34a8beb9: raises 685 to 1,220
9354d737: raises 22,573 to 23,793
34a8beb9: calls 3,408
Uncalled bet (19,165) returned to 9354d737
9354d737: shows [9d Jd] (a pair of Jacks)
34a8beb9: shows [3h 3c] (three of a kind, Threes)
*** TURN *** [3s 2h Jc] [5d]
*** RIVER *** [3s 2h Jc 5d] [5c]
*** SHOWDOWN ***
34a8beb9 collected 10,876 from pot
*** SUMMARY ***
Total pot 10,876 | Rake 0 | Jackpot 0 | Bingo 0 | Fortune 0 | Tax 0
Board [3s 2h Jc 5d 5c]
Seat 1: 9354d737 showed [9d Jd] and lost with two pair, Jacks and Fives
Seat 2: afbcba48 folded before Flop
Seat 3: Hero folded before Flop
Seat 4: 8bb8634a (button) folded before Flop
Seat 5: 763a4fd9 (small blind) folded before Flop
Seat 6: 34a8beb9 (big blind) showed [3h 3c] and won (10,876) with a full house, Threes full of Fives


Poker Hand #TM314635431: Tournament #209320969, 237-M: $30 Thursday Heater [Bounty Turbo 6-Max] Hold'em No Limit - Level6(150/300) - 2025/05/29 23:44:03
Table '33' 6-max Seat #3 is the button
Seat 1: 9354d737 (24,483 in chips)
Seat 2: afbcba48 (31,467 in chips)
Seat 3: Hero (38,673 in chips)
Seat 4: 8bb8634a (11,664 in chips)
Seat 5: 763a4fd9 (10,885 in chips)
Seat 6: 34a8beb9 (5,318 in chips)
34a8beb9: posts the ante 45
afbcba48: posts the ante 45
8bb8634a: posts the ante 45
Hero: posts the ante 45
763a4fd9: posts the ante 45
9354d737: posts the ante 45
8bb8634a: posts small blind 150
763a4fd9: posts big blind 300
*** HOLE CARDS ***
Dealt to 9354d737 
Dealt to afbcba48 
Dealt to Hero [5s Ks]
Dealt to 8bb8634a 
Dealt to 763a4fd9 
Dealt to 34a8beb9 
34a8beb9: folds
9354d737: folds
afbcba48: folds
Hero: raises 300 to 600
8bb8634a: folds
763a4fd9: calls 300
*** FLOP *** [6s Qh Qd]
763a4fd9: checks
Hero: bets 405
763a4fd9: folds
Uncalled bet (405) returned to Hero
*** SHOWDOWN ***
Hero collected 1,620 from pot
*** SUMMARY ***
Total pot 1,620 | Rake 0 | Jackpot 0 | Bingo 0 | Fortune 0 | Tax 0
Board [6s Qh Qd]
Seat 1: 9354d737 folded before Flop
Seat 2: afbcba48 folded before Flop
Seat 3: Hero (button) won (1,620)
Seat 4: 8bb8634a (small blind) folded before Flop
Seat 5: 763a4fd9 (big blind) folded on the Flop
Seat 6: 34a8beb9 folded before Flop


Poker Hand #TM314635358: Tournament #209320969, 237-M: $30 Thursday Heater [Bounty Turbo 6-Max] Hold'em No Limit - Level6(150/300) - 2025/05/29 23:42:31
Table '33' 6-max Seat #2 is the button
Seat 1: 9354d737 (24,528 in chips)
Seat 2: afbcba48 (31,512 in chips)
Seat 3: Hero (40,247 in chips)
Seat 4: 8bb8634a (9,910 in chips)
Seat 5: 763a4fd9 (10,930 in chips)
Seat 6: 34a8beb9 (5,363 in chips)
34a8beb9: posts the ante 45
afbcba48: posts the ante 45
8bb8634a: posts the ante 45
Hero: posts the ante 45
763a4fd9: posts the ante 45
9354d737: posts the ante 45
Hero: posts small blind 150
8bb8634a: posts big blind 300
*** HOLE CARDS ***
Dealt to 9354d737 
Dealt to afbcba48 
Dealt to Hero [2d 2h]
Dealt to 8bb8634a 
Dealt to 763a4fd9 
Dealt to 34a8beb9 
763a4fd9: folds
34a8beb9: folds
9354d737: folds
afbcba48: folds
Hero: calls 150
8bb8634a: raises 450 to 750
Hero: calls 450
*** FLOP *** [3h Jd 8h]
Hero: checks
8bb8634a: bets 779
Hero: calls 779
*** TURN *** [3h Jd 8h] [Kd]
Hero: checks
8bb8634a: bets 2,250
Hero: folds
Uncalled bet (2,250) returned to 8bb8634a
*** SHOWDOWN ***
8bb8634a collected 3,328 from pot
*** SUMMARY ***
Total pot 3,328 | Rake 0 | Jackpot 0 | Bingo 0 | Fortune 0 | Tax 0
Board [3h Jd 8h Kd]
Seat 1: 9354d737 folded before Flop
Seat 2: afbcba48 (button) folded before Flop
Seat 3: Hero (small blind) folded on the Turn
Seat 4: 8bb8634a (big blind) won (3,328)
Seat 5: 763a4fd9 folded before Flop
Seat 6: 34a8beb9 folded before Flop


Poker Hand #TM314635326: Tournament #209320969, 237-M: $30 Thursday Heater [Bounty Turbo 6-Max] Hold'em No Limit - Level6(150/300) - 2025/05/29 23:41:53
Table '33' 6-max Seat #1 is the button
Seat 1: 9354d737 (24,573 in chips)
Seat 2: afbcba48 (31,707 in chips)
Seat 3: Hero (39,272 in chips)
Seat 4: 8bb8634a (9,955 in chips)
Seat 5: 763a4fd9 (10,975 in chips)
Seat 6: 34a8beb9 (6,008 in chips)
34a8beb9: posts the ante 45
afbcba48: posts the ante 45
8bb8634a: posts the ante 45
Hero: posts the ante 45
763a4fd9: posts the ante 45
9354d737: posts the ante 45
afbcba48: posts small blind 150
Hero: posts big blind 300
*** HOLE CARDS ***
Dealt to 9354d737 
Dealt to afbcba48 
Dealt to Hero [Ad 3d]
Dealt to 8bb8634a 
Dealt to 763a4fd9 
Dealt to 34a8beb9 
8bb8634a: folds
763a4fd9: folds
34a8beb9: raises 300 to 600
9354d737: folds
afbcba48: folds
Hero: raises 38,627 to 39,227
34a8beb9: folds
Uncalled bet (38,627) returned to Hero
*** SHOWDOWN ***
Hero collected 1,620 from pot
*** SUMMARY ***
Total pot 1,620 | Rake 0 | Jackpot 0 | Bingo 0 | Fortune 0 | Tax 0
Seat 1: 9354d737 (button) folded before Flop
Seat 2: afbcba48 (small blind) folded before Flop
Seat 3: Hero (big blind) collected (1,620)
Seat 4: 8bb8634a folded before Flop
Seat 5: 763a4fd9 folded before Flop
Seat 6: 34a8beb9 folded before Flop


Poker Hand #TM314635286: Tournament #209320969, 237-M: $30 Thursday Heater [Bounty Turbo 6-Max] Hold'em No Limit - Level6(150/300) - 2025/05/29 23:41:03
Table '33' 6-max Seat #6 is the button
Seat 1: 9354d737 (24,768 in chips)
Seat 2: afbcba48 (32,352 in chips)
Seat 3: Hero (39,317 in chips)
Seat 4: 8bb8634a (10,000 in chips)
Seat 5: 763a4fd9 (10,000 in chips)
Seat 6: 34a8beb9 (6,053 in chips)
34a8beb9: posts the ante 45
afbcba48: posts the ante 45
8bb8634a: posts the ante 45
Hero: posts the ante 45
763a4fd9: posts the ante 45
9354d737: posts the ante 45
9354d737: posts small blind 150
afbcba48: posts big blind 300
*** HOLE CARDS ***
Dealt to 9354d737 
Dealt to afbcba48 
Dealt to Hero [6s 5c]
Dealt to 8bb8634a 
Dealt to 763a4fd9 
Dealt to 34a8beb9 
Hero: folds
8bb8634a: folds
763a4fd9: raises 300 to 600
34a8beb9: folds
9354d737: folds
afbcba48: calls 300
*** FLOP *** [Ks 8h Tc]
afbcba48: checks
763a4fd9: bets 486
afbcba48: folds
Uncalled bet (486) returned to 763a4fd9
*** SHOWDOWN ***
763a4fd9 collected 1,620 from pot
*** SUMMARY ***
Total pot 1,620 | Rake 0 | Jackpot 0 | Bingo 0 | Fortune 0 | Tax 0
Board [Ks 8h Tc]
Seat 1: 9354d737 (small blind) folded before Flop
Seat 2: afbcba48 (big blind) folded on the Flop
Seat 3: Hero folded before Flop
Seat 4: 8bb8634a folded before Flop
Seat 5: 763a4fd9 won (1,620)
Seat 6: 34a8beb9 (button) folded before Flop


Poker Hand #TM314635221: Tournament #209320969, 237-M: $30 Thursday Heater [Bounty Turbo 6-Max] Hold'em No Limit - Level5(125/250) - 2025/05/29 23:39:42
Table '33' 6-max Seat #3 is the button
Seat 1: 9354d737 (23,933 in chips)
Seat 2: afbcba48 (32,387 in chips)
Seat 3: Hero (39,352 in chips)
Seat 6: 34a8beb9 (6,818 in chips)
34a8beb9: posts the ante 35
afbcba48: posts the ante 35
Hero: posts the ante 35
9354d737: posts the ante 35
34a8beb9: posts small blind 125
9354d737: posts big blind 250
*** HOLE CARDS ***
Dealt to 9354d737 
Dealt to afbcba48 
Dealt to Hero [4s 7d]
Dealt to 34a8beb9 
afbcba48: folds
Hero: folds
34a8beb9: calls 125
9354d737: raises 480 to 730
34a8beb9: calls 480
*** FLOP *** [2s 8s 8c]
34a8beb9: checks
9354d737: bets 528
34a8beb9: folds
Uncalled bet (528) returned to 9354d737
*** SHOWDOWN ***
9354d737 collected 1,600 from pot
*** SUMMARY ***
Total pot 1,600 | Rake 0 | Jackpot 0 | Bingo 0 | Fortune 0 | Tax 0
Board [2s 8s 8c]
Seat 1: 9354d737 (big blind) won (1,600)
Seat 2: afbcba48 folded before Flop
Seat 3: Hero (button) folded before Flop
Seat 6: 34a8beb9 (small blind) folded on the Flop


Poker Hand #TM314635156: Tournament #209320969, 237-M: $30 Thursday Heater [Bounty Turbo 6-Max] Hold'em No Limit - Level5(125/250) - 2025/05/29 23:38:34
Table '33' 6-max Seat #2 is the button
Seat 1: 9354d737 (23,968 in chips)
Seat 2: afbcba48 (32,422 in chips)
Seat 3: Hero (29,792 in chips)
Seat 5: bcba72eb (9,455 in chips)
Seat 6: 34a8beb9 (6,853 in chips)
34a8beb9: posts the ante 35
bcba72eb: posts the ante 35
afbcba48: posts the ante 35
Hero: posts the ante 35
9354d737: posts the ante 35
Hero: posts small blind 125
bcba72eb: posts big blind 250
*** HOLE CARDS ***
Dealt to 9354d737 
Dealt to afbcba48 
Dealt to Hero [Qc Qh]
Dealt to bcba72eb 
Dealt to 34a8beb9 
34a8beb9: folds
9354d737: folds
afbcba48: folds
Hero: raises 625 to 875
bcba72eb: raises 1,444 to 2,319
Hero: raises 27,438 to 29,757
bcba72eb: calls 7,101
Uncalled bet (20,337) returned to Hero
Hero: shows [Qc Qh]
bcba72eb: shows [4c Ad]
*** FLOP *** [5c Kd Ts]
*** TURN *** [5c Kd Ts] [7h]
*** RIVER *** [5c Kd Ts 7h] [Js]
*** SHOWDOWN ***
Hero collected 19,015 from pot
*** SUMMARY ***
Total pot 19,015 | Rake 0 | Jackpot 0 | Bingo 0 | Fortune 0 | Tax 0
Board [5c Kd Ts 7h Js]
Seat 1: 9354d737 folded before Flop
Seat 2: afbcba48 (button) folded before Flop
Seat 3: Hero (small blind) showed [Qc Qh] and won (19,015) with a pair of Queens
Seat 5: bcba72eb (big blind) showed [4c Ad] and lost with Ace high
Seat 6: 34a8beb9 folded before Flop


Poker Hand #TM314635106: Tournament #209320969, 237-M: $30 Thursday Heater [Bounty Turbo 6-Max] Hold'em No Limit - Level5(125/250) - 2025/05/29 23:37:30
Table '33' 6-max Seat #1 is the button
Seat 1: 9354d737 (24,003 in chips)
Seat 2: afbcba48 (30,465 in chips)
Seat 3: Hero (30,077 in chips)
Seat 4: eaa18b45 (1,567 in chips)
Seat 5: bcba72eb (9,490 in chips)
Seat 6: 34a8beb9 (6,888 in chips)
34a8beb9: posts the ante 35
bcba72eb: posts the ante 35
afbcba48: posts the ante 35
Hero: posts the ante 35
9354d737: posts the ante 35
eaa18b45: posts the ante 35
afbcba48: posts small blind 125
Hero: posts big blind 250
*** HOLE CARDS ***
Dealt to 9354d737 
Dealt to afbcba48 
Dealt to Hero [9s 8h]
Dealt to eaa18b45 
Dealt to bcba72eb 
Dealt to 34a8beb9 
eaa18b45: raises 1,282 to 1,532
bcba72eb: folds
34a8beb9: folds
9354d737: folds
afbcba48: raises 28,898 to 30,430
Hero: folds
Uncalled bet (28,898) returned to afbcba48
afbcba48: shows [Ad 7s]
eaa18b45: shows [Kh 3h]
*** FLOP *** [As 3c 7d]
*** TURN *** [As 3c 7d] [5d]
*** RIVER *** [As 3c 7d 5d] [9c]
*** SHOWDOWN ***
afbcba48 collected 3,524 from pot
*** SUMMARY ***
Total pot 3,524 | Rake 0 | Jackpot 0 | Bingo 0 | Fortune 0 | Tax 0
Board [As 3c 7d 5d 9c]
Seat 1: 9354d737 (button) folded before Flop
Seat 2: afbcba48 (small blind) showed [Ad 7s] and won (3,524) with two pair, Aces and Sevens
Seat 3: Hero (big blind) folded before Flop
Seat 4: eaa18b45 showed [Kh 3h] and lost with a pair of Threes
Seat 5: bcba72eb folded before Flop
Seat 6: 34a8beb9 folded before Flop


Poker Hand #TM314635057: Tournament #209320969, 237-M: $30 Thursday Heater [Bounty Turbo 6-Max] Hold'em No Limit - Level5(125/250) - 2025/05/29 23:36:26
Table '33' 6-max Seat #6 is the button
Seat 1: 9354d737 (24,407 in chips)
Seat 2: afbcba48 (30,750 in chips)
Seat 3: Hero (30,112 in chips)
Seat 4: eaa18b45 (404 in chips)
Seat 5: bcba72eb (9,525 in chips)
Seat 6: 34a8beb9 (7,292 in chips)
34a8beb9: posts the ante 35
bcba72eb: posts the ante 35
afbcba48: posts the ante 35
Hero: posts the ante 35
eaa18b45: posts the ante 35
9354d737: posts the ante 35
9354d737: posts small blind 125
afbcba48: posts big blind 250
*** HOLE CARDS ***
Dealt to 9354d737 
Dealt to afbcba48 
Dealt to Hero [Qd 7h]
Dealt to eaa18b45 
Dealt to bcba72eb 
Dealt to 34a8beb9 
Hero: folds
eaa18b45: raises 119 to 369
bcba72eb: folds
34a8beb9: calls 369
9354d737: raises 1,567 to 1,936
afbcba48: folds
34a8beb9: folds
Uncalled bet (1,567) returned to 9354d737
9354d737: shows [7d Kd]
eaa18b45: shows [Jh 6c]
*** FLOP *** [2d 9s 6d]
*** TURN *** [2d 9s 6d] [5h]
*** RIVER *** [2d 9s 6d 5h] [9h]
*** SHOWDOWN ***
eaa18b45 collected 1,567 from pot
*** SUMMARY ***
Total pot 1,567 | Rake 0 | Jackpot 0 | Bingo 0 | Fortune 0 | Tax 0
Board [2d 9s 6d 5h 9h]
Seat 1: 9354d737 (small blind) showed [7d Kd] and lost with a pair of Nines
Seat 2: afbcba48 (big blind) folded before Flop
Seat 3: Hero folded before Flop
Seat 4: eaa18b45 showed [Jh 6c] and won (1,567) with two pair, Nines and Sixes
Seat 5: bcba72eb folded before Flop
Seat 6: 34a8beb9 (button) folded before Flop


Poker Hand #TM314634976: Tournament #209320969, 237-M: $30 Thursday Heater [Bounty Turbo 6-Max] Hold'em No Limit - Level5(125/250) - 2025/05/29 23:34:59
Table '33' 6-max Seat #5 is the button
Seat 1: 9354d737 (24,692 in chips)
Seat 2: afbcba48 (9,965 in chips)
Seat 3: Hero (30,647 in chips)
Seat 4: eaa18b45 (14,015 in chips)
Seat 5: bcba72eb (9,560 in chips)
Seat 6: 34a8beb9 (13,611 in chips)
34a8beb9: posts the ante 35
bcba72eb: posts the ante 35
afbcba48: posts the ante 35
Hero: posts the ante 35
eaa18b45: posts the ante 35
9354d737: posts the ante 35
34a8beb9: posts small blind 125
9354d737: posts big blind 250
*** HOLE CARDS ***
Dealt to 9354d737 
Dealt to afbcba48 
Dealt to Hero [As 8s]
Dealt to eaa18b45 
Dealt to bcba72eb 
Dealt to 34a8beb9 
afbcba48: raises 250 to 500
Hero: calls 500
eaa18b45: raises 2,250 to 2,750
bcba72eb: folds
34a8beb9: raises 10,826 to 13,576
9354d737: folds
afbcba48: calls 9,430
Hero: folds
eaa18b45: calls 10,826
34a8beb9: shows [Kd Ac]
afbcba48: shows [Qh Ad]
eaa18b45: shows [4h 5h]
*** FLOP *** [Tc 5d Kh]
*** TURN *** [Tc 5d Kh] [Jc]
*** RIVER *** [Tc 5d Kh Jc] [7h]
*** SHOWDOWN ***
afbcba48 collected 30,750 from pot
34a8beb9 collected 7,292 from pot
*** SUMMARY ***
Total pot 38,042 | Rake 0 | Jackpot 0 | Bingo 0 | Fortune 0 | Tax 0
Board [Tc 5d Kh Jc 7h]
Seat 1: 9354d737 (big blind) folded before Flop
Seat 2: afbcba48 showed [Qh Ad] and won (30,750) with a straight, Ace to Ten
Seat 3: Hero folded before Flop
Seat 4: eaa18b45 showed [4h 5h] and lost with a pair of Fives
Seat 5: bcba72eb (button) folded before Flop
Seat 6: 34a8beb9 (small blind) showed [Kd Ac] and won (7,292) with a pair of Kings


Poker Hand #TM314634876: Tournament #209320969, 237-M: $30 Thursday Heater [Bounty Turbo 6-Max] Hold'em No Limit - Level5(125/250) - 2025/05/29 23:33:18
Table '33' 6-max Seat #4 is the button
Seat 1: 9354d737 (27,749 in chips)
Seat 2: afbcba48 (10,000 in chips)
Seat 3: Hero (27,075 in chips)
Seat 4: eaa18b45 (14,050 in chips)
Seat 5: bcba72eb (9,720 in chips)
Seat 6: 34a8beb9 (13,896 in chips)
34a8beb9: posts the ante 35
bcba72eb: posts the ante 35
afbcba48: posts the ante 35
Hero: posts the ante 35
eaa18b45: posts the ante 35
9354d737: posts the ante 35
bcba72eb: posts small blind 125
34a8beb9: posts big blind 250
*** HOLE CARDS ***
Dealt to 9354d737 
Dealt to afbcba48 
Dealt to Hero [Ac Ah]
Dealt to eaa18b45 
Dealt to bcba72eb 
Dealt to 34a8beb9 
9354d737: raises 250 to 500
afbcba48: folds
Hero: raises 1,250 to 1,750
eaa18b45: folds
bcba72eb: folds
34a8beb9: folds
9354d737: calls 1,250
*** FLOP *** [Tc Ad 9c]
9354d737: checks
Hero: bets 1,022
9354d737: calls 1,022
*** TURN *** [Tc Ad 9c] [9d]
9354d737: checks
Hero: bets 250
9354d737: calls 250
*** RIVER *** [Tc Ad 9c 9d] [Qs]
9354d737: checks
Hero: bets 4,972
9354d737: folds
Uncalled bet (4,972) returned to Hero
*** SHOWDOWN ***
Hero collected 6,629 from pot
*** SUMMARY ***
Total pot 6,629 | Rake 0 | Jackpot 0 | Bingo 0 | Fortune 0 | Tax 0
Board [Tc Ad 9c 9d Qs]
Seat 1: 9354d737 folded on the River
Seat 2: afbcba48 folded before Flop
Seat 3: Hero won (6,629)
Seat 4: eaa18b45 (button) folded before Flop
Seat 5: bcba72eb (small blind) folded before Flop
Seat 6: 34a8beb9 (big blind) folded before Flop


Poker Hand #TM314634814: Tournament #209320969, 237-M: $30 Thursday Heater [Bounty Turbo 6-Max] Hold'em No Limit - Level5(125/250) - 2025/05/29 23:32:01
Table '33' 6-max Seat #3 is the button
Seat 1: 9354d737 (30,207 in chips)
Seat 2: 8eafa7f5 (6,486 in chips)
Seat 3: Hero (27,110 in chips)
Seat 4: eaa18b45 (14,210 in chips)
Seat 5: bcba72eb (10,005 in chips)
Seat 6: 34a8beb9 (4,472 in chips)
34a8beb9: posts the ante 35
bcba72eb: posts the ante 35
8eafa7f5: posts the ante 35
Hero: posts the ante 35
9354d737: posts the ante 35
eaa18b45: posts the ante 35
eaa18b45: posts small blind 125
bcba72eb: posts big blind 250
*** HOLE CARDS ***
Dealt to 9354d737 
Dealt to 8eafa7f5 
Dealt to Hero [8h 8s]
Dealt to eaa18b45 
Dealt to bcba72eb 
Dealt to 34a8beb9 
34a8beb9: raises 250 to 500
9354d737: calls 500
8eafa7f5: raises 2,085 to 2,585
Hero: folds
eaa18b45: folds
bcba72eb: folds
34a8beb9: raises 1,852 to 4,437
9354d737: calls 3,937
8eafa7f5: calls 1,852
*** FLOP *** [7c 7h 6s]
9354d737: bets 13,896
8eafa7f5: calls 2,014
Uncalled bet (11,882) returned to 9354d737
9354d737: shows [Qd Jd] (a pair of Sevens)
8eafa7f5: shows [9c 9h] (two pair, Nines and Sevens)
34a8beb9: shows [Kc As] (a pair of Sevens)
*** TURN *** [7c 7h 6s] [Qh]
*** RIVER *** [7c 7h 6s Qh] [Ks]
*** SHOWDOWN ***
34a8beb9 collected 13,896 from pot
9354d737 collected 4,028 from pot
*** SUMMARY ***
Total pot 17,924 | Rake 0 | Jackpot 0 | Bingo 0 | Fortune 0 | Tax 0
Board [7c 7h 6s Qh Ks]
Seat 1: 9354d737 showed [Qd Jd] and won (4,028) with two pair, Queens and Sevens
Seat 2: 8eafa7f5 showed [9c 9h] and lost with two pair, Nines and Sevens
Seat 3: Hero (button) folded before Flop
Seat 4: eaa18b45 (small blind) folded before Flop
Seat 5: bcba72eb (big blind) folded before Flop
Seat 6: 34a8beb9 showed [Kc As] and won (13,896) with two pair, Kings and Sevens


Poker Hand #TM314634783: Tournament #209320969, 237-M: $30 Thursday Heater [Bounty Turbo 6-Max] Hold'em No Limit - Level4(100/200) - 2025/05/29 23:31:22
Table '33' 6-max Seat #2 is the button
Seat 1: 9354d737 (30,237 in chips)
Seat 2: 8eafa7f5 (6,516 in chips)
Seat 3: Hero (27,340 in chips)
Seat 4: eaa18b45 (13,860 in chips)
Seat 5: bcba72eb (10,035 in chips)
Seat 6: 34a8beb9 (4,502 in chips)
34a8beb9: posts the ante 30
bcba72eb: posts the ante 30
8eafa7f5: posts the ante 30
Hero: posts the ante 30
9354d737: posts the ante 30
eaa18b45: posts the ante 30
Hero: posts small blind 100
eaa18b45: posts big blind 200
*** HOLE CARDS ***
Dealt to 9354d737 
Dealt to 8eafa7f5 
Dealt to Hero [7s 3d]
Dealt to eaa18b45 
Dealt to bcba72eb 
Dealt to 34a8beb9 
bcba72eb: folds
34a8beb9: folds
9354d737: folds
8eafa7f5: folds
Hero: calls 100
eaa18b45: raises 600 to 800
Hero: folds
Uncalled bet (600) returned to eaa18b45
*** SHOWDOWN ***
eaa18b45 collected 580 from pot
*** SUMMARY ***
Total pot 580 | Rake 0 | Jackpot 0 | Bingo 0 | Fortune 0 | Tax 0
Seat 1: 9354d737 folded before Flop
Seat 2: 8eafa7f5 (button) folded before Flop
Seat 3: Hero (small blind) folded before Flop
Seat 4: eaa18b45 (big blind) collected (580)
Seat 5: bcba72eb folded before Flop
Seat 6: 34a8beb9 folded before Flop


Poker Hand #TM314634740: Tournament #209320969, 237-M: $30 Thursday Heater [Bounty Turbo 6-Max] Hold'em No Limit - Level4(100/200) - 2025/05/29 23:30:40
Table '33' 6-max Seat #1 is the button
Seat 1: 9354d737 (30,667 in chips)
Seat 2: 8eafa7f5 (6,946 in chips)
Seat 3: Hero (27,570 in chips)
Seat 4: eaa18b45 (12,310 in chips)
Seat 5: bcba72eb (10,465 in chips)
Seat 6: 34a8beb9 (4,532 in chips)
34a8beb9: posts the ante 30
bcba72eb: posts the ante 30
8eafa7f5: posts the ante 30
Hero: posts the ante 30
9354d737: posts the ante 30
eaa18b45: posts the ante 30
8eafa7f5: posts small blind 100
Hero: posts big blind 200
*** HOLE CARDS ***
Dealt to 9354d737 
Dealt to 8eafa7f5 
Dealt to Hero [9h 2c]
Dealt to eaa18b45 
Dealt to bcba72eb 
Dealt to 34a8beb9 
eaa18b45: raises 200 to 400
bcba72eb: calls 400
34a8beb9: folds
9354d737: calls 400
8eafa7f5: calls 300
Hero: folds
*** FLOP *** [4h Qh 3c]
8eafa7f5: checks
eaa18b45: bets 700
bcba72eb: folds
9354d737: folds
8eafa7f5: folds
Uncalled bet (700) returned to eaa18b45
*** SHOWDOWN ***
eaa18b45 collected 1,980 from pot
*** SUMMARY ***
Total pot 1,980 | Rake 0 | Jackpot 0 | Bingo 0 | Fortune 0 | Tax 0
Board [4h Qh 3c]
Seat 1: 9354d737 (button) folded on the Flop
Seat 2: 8eafa7f5 (small blind) folded on the Flop
Seat 3: Hero (big blind) folded before Flop
Seat 4: eaa18b45 won (1,980)
Seat 5: bcba72eb folded on the Flop
Seat 6: 34a8beb9 folded before Flop


Poker Hand #TM314634709: Tournament #209320969, 237-M: $30 Thursday Heater [Bounty Turbo 6-Max] Hold'em No Limit - Level4(100/200) - 2025/05/29 23:30:05
Table '33' 6-max Seat #6 is the button
Seat 1: 9354d737 (30,797 in chips)
Seat 2: 8eafa7f5 (7,176 in chips)
Seat 3: Hero (27,600 in chips)
Seat 4: eaa18b45 (11,860 in chips)
Seat 5: bcba72eb (10,495 in chips)
Seat 6: 34a8beb9 (4,562 in chips)
34a8beb9: posts the ante 30
bcba72eb: posts the ante 30
8eafa7f5: posts the ante 30
Hero: posts the ante 30
eaa18b45: posts the ante 30
9354d737: posts the ante 30
9354d737: posts small blind 100
8eafa7f5: posts big blind 200
*** HOLE CARDS ***
Dealt to 9354d737 
Dealt to 8eafa7f5 
Dealt to Hero [Qc 4c]
Dealt to eaa18b45 
Dealt to bcba72eb 
Dealt to 34a8beb9 
Hero: folds
eaa18b45: raises 200 to 400
bcba72eb: folds
34a8beb9: folds
9354d737: folds
8eafa7f5: folds
Uncalled bet (200) returned to eaa18b45
*** SHOWDOWN ***
eaa18b45 collected 680 from pot
*** SUMMARY ***
Total pot 680 | Rake 0 | Jackpot 0 | Bingo 0 | Fortune 0 | Tax 0
Seat 1: 9354d737 (small blind) folded before Flop
Seat 2: 8eafa7f5 (big blind) folded before Flop
Seat 3: Hero folded before Flop
Seat 4: eaa18b45 collected (680)
Seat 5: bcba72eb folded before Flop
Seat 6: 34a8beb9 (button) folded before Flop


Poker Hand #TM314634625: Tournament #209320969, 237-M: $30 Thursday Heater [Bounty Turbo 6-Max] Hold'em No Limit - Level4(100/200) - 2025/05/29 23:28:32
Table '33' 6-max Seat #5 is the button
Seat 1: 9354d737 (31,027 in chips)
Seat 2: 8eafa7f5 (7,206 in chips)
Seat 3: Hero (13,590 in chips)
Seat 4: eaa18b45 (25,450 in chips)
Seat 5: bcba72eb (10,525 in chips)
Seat 6: 34a8beb9 (4,692 in chips)
34a8beb9: posts the ante 30
bcba72eb: posts the ante 30
8eafa7f5: posts the ante 30
Hero: posts the ante 30
eaa18b45: posts the ante 30
9354d737: posts the ante 30
34a8beb9: posts small blind 100
9354d737: posts big blind 200
*** HOLE CARDS ***
Dealt to 9354d737 
Dealt to 8eafa7f5 
Dealt to Hero [Qh Kh]
Dealt to eaa18b45 
Dealt to bcba72eb 
Dealt to 34a8beb9 
8eafa7f5: folds
Hero: raises 200 to 400
eaa18b45: raises 600 to 1,000
bcba72eb: folds
34a8beb9: folds
9354d737: folds
Hero: calls 600
*** FLOP *** [6h 4s 8c]
Hero: checks
eaa18b45: bets 800
Hero: calls 800
*** TURN *** [6h 4s 8c] [Qd]
Hero: checks
eaa18b45: bets 2,600
Hero: calls 2,600
*** RIVER *** [6h 4s 8c Qd] [Ts]
Hero: checks
eaa18b45: bets 9,400
Hero: calls 9,160
Uncalled bet (240) returned to eaa18b45
eaa18b45: shows [7d Ah] (Ace high)
Hero: shows [Qh Kh] (a pair of Queens)
*** SHOWDOWN ***
Hero collected 27,600 from pot
*** SUMMARY ***
Total pot 27,600 | Rake 0 | Jackpot 0 | Bingo 0 | Fortune 0 | Tax 0
Board [6h 4s 8c Qd Ts]
Seat 1: 9354d737 (big blind) folded before Flop
Seat 2: 8eafa7f5 folded before Flop
Seat 3: Hero showed [Qh Kh] and won (27,600) with a pair of Queens
Seat 4: eaa18b45 showed [7d Ah] and lost with Ace high
Seat 5: bcba72eb (button) folded before Flop
Seat 6: 34a8beb9 (small blind) folded before Flop


Poker Hand #TM314634600: Tournament #209320969, 237-M: $30 Thursday Heater [Bounty Turbo 6-Max] Hold'em No Limit - Level4(100/200) - 2025/05/29 23:28:01
Table '33' 6-max Seat #4 is the button
Seat 1: 9354d737 (31,057 in chips)
Seat 2: 8eafa7f5 (8,571 in chips)
Seat 3: Hero (13,620 in chips)
Seat 4: eaa18b45 (25,480 in chips)
Seat 5: bcba72eb (8,840 in chips)
Seat 6: 34a8beb9 (4,922 in chips)
34a8beb9: posts the ante 30
bcba72eb: posts the ante 30
8eafa7f5: posts the ante 30
Hero: posts the ante 30
eaa18b45: posts the ante 30
9354d737: posts the ante 30
bcba72eb: posts small blind 100
34a8beb9: posts big blind 200
*** HOLE CARDS ***
Dealt to 9354d737 
Dealt to 8eafa7f5 
Dealt to Hero [3h Tc]
Dealt to eaa18b45 
Dealt to bcba72eb 
Dealt to 34a8beb9 
9354d737: folds
8eafa7f5: raises 220 to 420
Hero: folds
eaa18b45: folds
bcba72eb: raises 915 to 1,335
34a8beb9: folds
8eafa7f5: calls 915
*** FLOP *** [2d 6c 4d]
bcba72eb: bets 1,525
8eafa7f5: folds
Uncalled bet (1,525) returned to bcba72eb
*** SHOWDOWN ***
bcba72eb collected 3,050 from pot
*** SUMMARY ***
Total pot 3,050 | Rake 0 | Jackpot 0 | Bingo 0 | Fortune 0 | Tax 0
Board [2d 6c 4d]
Seat 1: 9354d737 folded before Flop
Seat 2: 8eafa7f5 folded on the Flop
Seat 3: Hero folded before Flop
Seat 4: eaa18b45 (button) folded before Flop
Seat 5: bcba72eb (small blind) won (3,050)
Seat 6: 34a8beb9 (big blind) folded before Flop


Poker Hand #TM314634545: Tournament #209320969, 237-M: $30 Thursday Heater [Bounty Turbo 6-Max] Hold'em No Limit - Level4(100/200) - 2025/05/29 23:27:09
Table '33' 6-max Seat #3 is the button
Seat 1: 9354d737 (31,087 in chips)
Seat 2: 8eafa7f5 (8,601 in chips)
Seat 3: Hero (13,650 in chips)
Seat 4: eaa18b45 (24,230 in chips)
Seat 5: bcba72eb (9,970 in chips)
Seat 6: 34a8beb9 (4,952 in chips)
34a8beb9: posts the ante 30
bcba72eb: posts the ante 30
8eafa7f5: posts the ante 30
Hero: posts the ante 30
9354d737: posts the ante 30
eaa18b45: posts the ante 30
eaa18b45: posts small blind 100
bcba72eb: posts big blind 200
*** HOLE CARDS ***
Dealt to 9354d737 
Dealt to 8eafa7f5 
Dealt to Hero [Th 2s]
Dealt to eaa18b45 
Dealt to bcba72eb 
Dealt to 34a8beb9 
34a8beb9: folds
9354d737: folds
8eafa7f5: folds
Hero: folds
eaa18b45: raises 400 to 600
bcba72eb: calls 400
*** FLOP *** [Ac 6c Jd]
eaa18b45: bets 500
bcba72eb: calls 500
*** TURN *** [Ac 6c Jd] [2d]
eaa18b45: bets 1,400
bcba72eb: folds
Uncalled bet (1,400) returned to eaa18b45
*** SHOWDOWN ***
eaa18b45 collected 2,380 from pot
*** SUMMARY ***
Total pot 2,380 | Rake 0 | Jackpot 0 | Bingo 0 | Fortune 0 | Tax 0
Board [Ac 6c Jd 2d]
Seat 1: 9354d737 folded before Flop
Seat 2: 8eafa7f5 folded before Flop
Seat 3: Hero (button) folded before Flop
Seat 4: eaa18b45 (small blind) won (2,380)
Seat 5: bcba72eb (big blind) folded on the Turn
Seat 6: 34a8beb9 folded before Flop


Poker Hand #TM314634513: Tournament #209320969, 237-M: $30 Thursday Heater [Bounty Turbo 6-Max] Hold'em No Limit - Level4(100/200) - 2025/05/29 23:26:36
Table '33' 6-max Seat #2 is the button
Seat 1: 9354d737 (31,117 in chips)
Seat 2: 8eafa7f5 (7,751 in chips)
Seat 3: Hero (13,780 in chips)
Seat 4: eaa18b45 (24,460 in chips)
Seat 5: bcba72eb (10,000 in chips)
Seat 6: 34a8beb9 (5,382 in chips)
34a8beb9: posts the ante 30
bcba72eb: posts the ante 30
8eafa7f5: posts the ante 30
Hero: posts the ante 30
9354d737: posts the ante 30
eaa18b45: posts the ante 30
Hero: posts small blind 100
eaa18b45: posts big blind 200
*** HOLE CARDS ***
Dealt to 9354d737 
Dealt to 8eafa7f5 
Dealt to Hero [Th 9h]
Dealt to eaa18b45 
Dealt to bcba72eb 
Dealt to 34a8beb9 
bcba72eb: folds
34a8beb9: raises 200 to 400
9354d737: folds
8eafa7f5: raises 7,321 to 7,721
Hero: folds
eaa18b45: folds
34a8beb9: folds
Uncalled bet (7,321) returned to 8eafa7f5
*** SHOWDOWN ***
8eafa7f5 collected 1,280 from pot
*** SUMMARY ***
Total pot 1,280 | Rake 0 | Jackpot 0 | Bingo 0 | Fortune 0 | Tax 0
Seat 1: 9354d737 folded before Flop
Seat 2: 8eafa7f5 (button) collected (1,280)
Seat 3: Hero (small blind) folded before Flop
Seat 4: eaa18b45 (big blind) folded before Flop
Seat 5: bcba72eb folded before Flop
Seat 6: 34a8beb9 folded before Flop


Poker Hand #TM314634465: Tournament #209320969, 237-M: $30 Thursday Heater [Bounty Turbo 6-Max] Hold'em No Limit - Level4(100/200) - 2025/05/29 23:25:36
Table '33' 6-max Seat #1 is the button
Seat 1: 9354d737 (20,727 in chips)
Seat 2: 8eafa7f5 (7,881 in chips)
Seat 3: Hero (14,010 in chips)
Seat 4: eaa18b45 (24,490 in chips)
Seat 5: f07f3042 (9,970 in chips)
Seat 6: 34a8beb9 (5,412 in chips)
34a8beb9: posts the ante 30
f07f3042: posts the ante 30
8eafa7f5: posts the ante 30
Hero: posts the ante 30
9354d737: posts the ante 30
eaa18b45: posts the ante 30
8eafa7f5: posts small blind 100
Hero: posts big blind 200
*** HOLE CARDS ***
Dealt to 9354d737 
Dealt to 8eafa7f5 
Dealt to Hero [Qd 8h]
Dealt to eaa18b45 
Dealt to f07f3042 
Dealt to 34a8beb9 
eaa18b45: folds
f07f3042: raises 240 to 440
34a8beb9: folds
9354d737: raises 640 to 1,080
8eafa7f5: folds
Hero: folds
f07f3042: raises 1,268 to 2,348
9354d737: raises 18,349 to 20,697
f07f3042: calls 7,592
Uncalled bet (10,757) returned to 9354d737
9354d737: shows [Kh Kc]
f07f3042: shows [Kd Ah]
*** FLOP *** [Qs 8s 7s]
*** TURN *** [Qs 8s 7s] [9d]
*** RIVER *** [Qs 8s 7s 9d] [4c]
*** SHOWDOWN ***
9354d737 collected 20,360 from pot
*** SUMMARY ***
Total pot 20,360 | Rake 0 | Jackpot 0 | Bingo 0 | Fortune 0 | Tax 0
Board [Qs 8s 7s 9d 4c]
Seat 1: 9354d737 (button) showed [Kh Kc] and won (20,360) with a pair of Kings
Seat 2: 8eafa7f5 (small blind) folded before Flop
Seat 3: Hero (big blind) folded before Flop
Seat 4: eaa18b45 folded before Flop
Seat 5: f07f3042 showed [Kd Ah] and lost with Ace high
Seat 6: 34a8beb9 folded before Flop


Poker Hand #TM314634447: Tournament #209320969, 237-M: $30 Thursday Heater [Bounty Turbo 6-Max] Hold'em No Limit - Level4(100/200) - 2025/05/29 23:25:13
Table '33' 6-max Seat #6 is the button
Seat 1: 9354d737 (21,157 in chips)
Seat 2: 8eafa7f5 (6,931 in chips)
Seat 3: Hero (14,040 in chips)
Seat 4: eaa18b45 (24,920 in chips)
Seat 5: f07f3042 (10,000 in chips)
Seat 6: 34a8beb9 (5,442 in chips)
34a8beb9: posts the ante 30
f07f3042: posts the ante 30
8eafa7f5: posts the ante 30
Hero: posts the ante 30
eaa18b45: posts the ante 30
9354d737: posts the ante 30
9354d737: posts small blind 100
8eafa7f5: posts big blind 200
*** HOLE CARDS ***
Dealt to 9354d737 
Dealt to 8eafa7f5 
Dealt to Hero [9h Ts]
Dealt to eaa18b45 
Dealt to f07f3042 
Dealt to 34a8beb9 
Hero: folds
eaa18b45: raises 200 to 400
f07f3042: folds
34a8beb9: folds
9354d737: calls 300
8eafa7f5: raises 6,501 to 6,901
eaa18b45: folds
9354d737: folds
Uncalled bet (6,501) returned to 8eafa7f5
*** SHOWDOWN ***
8eafa7f5 collected 1,380 from pot
*** SUMMARY ***
Total pot 1,380 | Rake 0 | Jackpot 0 | Bingo 0 | Fortune 0 | Tax 0
Seat 1: 9354d737 (small blind) folded before Flop
Seat 2: 8eafa7f5 (big blind) collected (1,380)
Seat 3: Hero folded before Flop
Seat 4: eaa18b45 folded before Flop
Seat 5: f07f3042 folded before Flop
Seat 6: 34a8beb9 (button) folded before Flop


Poker Hand #TM314634391: Tournament #209320969, 237-M: $30 Thursday Heater [Bounty Turbo 6-Max] Hold'em No Limit - Level4(100/200) - 2025/05/29 23:24:08
Table '33' 6-max Seat #4 is the button
Seat 1: 9354d737 (21,387 in chips)
Seat 2: 8eafa7f5 (6,961 in chips)
Seat 3: Hero (14,070 in chips)
Seat 4: eaa18b45 (22,312 in chips)
Seat 6: 34a8beb9 (7,760 in chips)
34a8beb9: posts the ante 30
8eafa7f5: posts the ante 30
Hero: posts the ante 30
eaa18b45: posts the ante 30
9354d737: posts the ante 30
34a8beb9: posts small blind 100
9354d737: posts big blind 200
*** HOLE CARDS ***
Dealt to 9354d737 
Dealt to 8eafa7f5 
Dealt to Hero [3c Qs]
Dealt to eaa18b45 
Dealt to 34a8beb9 
8eafa7f5: folds
Hero: folds
eaa18b45: raises 200 to 400
34a8beb9: raises 1,000 to 1,400
9354d737: folds
eaa18b45: calls 1,000
*** FLOP *** [Ah 9h 2h]
34a8beb9: bets 888
eaa18b45: calls 888
*** TURN *** [Ah 9h 2h] [Jh]
34a8beb9: checks
eaa18b45: bets 1,600
34a8beb9: folds
Uncalled bet (1,600) returned to eaa18b45
*** SHOWDOWN ***
eaa18b45 collected 4,926 from pot
*** SUMMARY ***
Total pot 4,926 | Rake 0 | Jackpot 0 | Bingo 0 | Fortune 0 | Tax 0
Board [Ah 9h 2h Jh]
Seat 1: 9354d737 (big blind) folded before Flop
Seat 2: 8eafa7f5 folded before Flop
Seat 3: Hero folded before Flop
Seat 4: eaa18b45 (button) won (4,926)
Seat 6: 34a8beb9 (small blind) folded on the Turn


Poker Hand #TM314634334: Tournament #209320969, 237-M: $30 Thursday Heater [Bounty Turbo 6-Max] Hold'em No Limit - Level3(75/150) - 2025/05/29 23:23:08
Table '33' 6-max Seat #3 is the button
Seat 1: 9354d737 (12,030 in chips)
Seat 2: 8eafa7f5 (7,281 in chips)
Seat 3: Hero (14,090 in chips)
Seat 4: eaa18b45 (22,632 in chips)
Seat 5: f7c86648 (8,677 in chips)
Seat 6: 34a8beb9 (7,780 in chips)
34a8beb9: posts the ante 20
8eafa7f5: posts the ante 20
Hero: posts the ante 20
9354d737: posts the ante 20
f7c86648: posts the ante 20
eaa18b45: posts the ante 20
eaa18b45: posts small blind 75
f7c86648: posts big blind 150
*** HOLE CARDS ***
Dealt to 9354d737 
Dealt to 8eafa7f5 
Dealt to Hero [Tc 7s]
Dealt to eaa18b45 
Dealt to f7c86648 
Dealt to 34a8beb9 
34a8beb9: folds
9354d737: raises 150 to 300
8eafa7f5: calls 300
Hero: folds
eaa18b45: calls 225
f7c86648: calls 150
*** FLOP *** [Jc 8s 9d]
eaa18b45: checks
f7c86648: checks
9354d737: bets 1,320
8eafa7f5: folds
eaa18b45: folds
f7c86648: calls 1,320
*** TURN *** [Jc 8s 9d] [Td]
f7c86648: checks
9354d737: checks
*** RIVER *** [Jc 8s 9d Td] [Th]
f7c86648: checks
9354d737: bets 10,390
f7c86648: calls 7,037
Uncalled bet (3,353) returned to 9354d737
9354d737: shows [Qd Jh] (a straight, Queen to Eight)
f7c86648: shows [6d 7h] (a straight, Jack to Seven)
*** SHOWDOWN ***
9354d737 collected 18,034 from pot
*** SUMMARY ***
Total pot 18,034 | Rake 0 | Jackpot 0 | Bingo 0 | Fortune 0 | Tax 0
Board [Jc 8s 9d Td Th]
Seat 1: 9354d737 showed [Qd Jh] and won (18,034) with a straight, Queen to Eight
Seat 2: 8eafa7f5 folded on the Flop
Seat 3: Hero (button) folded before Flop
Seat 4: eaa18b45 (small blind) folded on the Flop
Seat 5: f7c86648 (big blind) showed [6d 7h] and lost with a straight, Jack to Seven
Seat 6: 34a8beb9 folded before Flop


Poker Hand #TM314634246: Tournament #209320969, 237-M: $30 Thursday Heater [Bounty Turbo 6-Max] Hold'em No Limit - Level3(75/150) - 2025/05/29 23:21:34
Table '33' 6-max Seat #2 is the button
Seat 1: 9354d737 (12,050 in chips)
Seat 2: 8eafa7f5 (7,301 in chips)
Seat 3: Hero (14,185 in chips)
Seat 4: eaa18b45 (20,807 in chips)
Seat 5: f7c86648 (8,697 in chips)
Seat 6: 34a8beb9 (9,450 in chips)
34a8beb9: posts the ante 20
8eafa7f5: posts the ante 20
Hero: posts the ante 20
9354d737: posts the ante 20
f7c86648: posts the ante 20
eaa18b45: posts the ante 20
Hero: posts small blind 75
eaa18b45: posts big blind 150
*** HOLE CARDS ***
Dealt to 9354d737 
Dealt to 8eafa7f5 
Dealt to Hero [9c 3h]
Dealt to eaa18b45 
Dealt to f7c86648 
Dealt to 34a8beb9 
f7c86648: folds
34a8beb9: raises 150 to 300
9354d737: folds
8eafa7f5: folds
Hero: folds
eaa18b45: calls 150
*** FLOP *** [4c Jc 9h]
eaa18b45: checks
34a8beb9: bets 274
eaa18b45: raises 326 to 600
34a8beb9: calls 326
*** TURN *** [4c Jc 9h] [Qd]
eaa18b45: bets 750
34a8beb9: calls 750
*** RIVER *** [4c Jc 9h Qd] [Qc]
eaa18b45: bets 2,850
34a8beb9: folds
Uncalled bet (2,850) returned to eaa18b45
*** SHOWDOWN ***
eaa18b45 collected 3,495 from pot
*** SUMMARY ***
Total pot 3,495 | Rake 0 | Jackpot 0 | Bingo 0 | Fortune 0 | Tax 0
Board [4c Jc 9h Qd Qc]
Seat 1: 9354d737 folded before Flop
Seat 2: 8eafa7f5 (button) folded before Flop
Seat 3: Hero (small blind) folded before Flop
Seat 4: eaa18b45 (big blind) won (3,495)
Seat 5: f7c86648 folded before Flop
Seat 6: 34a8beb9 folded on the River


Poker Hand #TM314634208: Tournament #209320969, 237-M: $30 Thursday Heater [Bounty Turbo 6-Max] Hold'em No Limit - Level3(75/150) - 2025/05/29 23:20:50
Table '33' 6-max Seat #1 is the button
Seat 1: 9354d737 (12,070 in chips)
Seat 2: 8eafa7f5 (7,471 in chips)
Seat 3: Hero (13,935 in chips)
Seat 4: eaa18b45 (20,827 in chips)
Seat 5: f7c86648 (8,717 in chips)
Seat 6: 34a8beb9 (9,470 in chips)
34a8beb9: posts the ante 20
8eafa7f5: posts the ante 20
Hero: posts the ante 20
9354d737: posts the ante 20
f7c86648: posts the ante 20
eaa18b45: posts the ante 20
8eafa7f5: posts small blind 75
Hero: posts big blind 150
*** HOLE CARDS ***
Dealt to 9354d737 
Dealt to 8eafa7f5 
Dealt to Hero [2d Tc]
Dealt to eaa18b45 
Dealt to f7c86648 
Dealt to 34a8beb9 
eaa18b45: folds
f7c86648: folds
34a8beb9: folds
9354d737: folds
8eafa7f5: calls 75
Hero: raises 375 to 525
8eafa7f5: folds
Uncalled bet (375) returned to Hero
*** SHOWDOWN ***
Hero collected 420 from pot
*** SUMMARY ***
Total pot 420 | Rake 0 | Jackpot 0 | Bingo 0 | Fortune 0 | Tax 0
Seat 1: 9354d737 (button) folded before Flop
Seat 2: 8eafa7f5 (small blind) folded before Flop
Seat 3: Hero (big blind) collected (420)
Seat 4: eaa18b45 folded before Flop
Seat 5: f7c86648 folded before Flop
Seat 6: 34a8beb9 folded before Flop


Poker Hand #TM314634156: Tournament #209320969, 237-M: $30 Thursday Heater [Bounty Turbo 6-Max] Hold'em No Limit - Level3(75/150) - 2025/05/29 23:19:50
Table '33' 6-max Seat #6 is the button
Seat 1: 9354d737 (12,165 in chips)
Seat 2: 8eafa7f5 (9,374 in chips)
Seat 3: Hero (11,877 in chips)
Seat 4: eaa18b45 (20,847 in chips)
Seat 5: f7c86648 (8,737 in chips)
Seat 6: 34a8beb9 (9,490 in chips)
34a8beb9: posts the ante 20
8eafa7f5: posts the ante 20
Hero: posts the ante 20
f7c86648: posts the ante 20
eaa18b45: posts the ante 20
9354d737: posts the ante 20
9354d737: posts small blind 75
8eafa7f5: posts big blind 150
*** HOLE CARDS ***
Dealt to 9354d737 
Dealt to 8eafa7f5 
Dealt to Hero [7c Jc]
Dealt to eaa18b45 
Dealt to f7c86648 
Dealt to 34a8beb9 
Hero: raises 150 to 300
eaa18b45: folds
f7c86648: folds
34a8beb9: folds
9354d737: folds
8eafa7f5: raises 795 to 1,095
Hero: calls 795
*** FLOP *** [6h 4s 5h]
8eafa7f5: bets 788
Hero: calls 788
*** TURN *** [6h 4s 5h] [Th]
8eafa7f5: checks
Hero: bets 2,025
8eafa7f5: folds
Uncalled bet (2,025) returned to Hero
*** SHOWDOWN ***
Hero collected 3,961 from pot
*** SUMMARY ***
Total pot 3,961 | Rake 0 | Jackpot 0 | Bingo 0 | Fortune 0 | Tax 0
Board [6h 4s 5h Th]
Seat 1: 9354d737 (small blind) folded before Flop
Seat 2: 8eafa7f5 (big blind) folded on the Turn
Seat 3: Hero won (3,961)
Seat 4: eaa18b45 folded before Flop
Seat 5: f7c86648 folded before Flop
Seat 6: 34a8beb9 (button) folded before Flop


Poker Hand #TM314634110: Tournament #209320969, 237-M: $30 Thursday Heater [Bounty Turbo 6-Max] Hold'em No Limit - Level3(75/150) - 2025/05/29 23:18:49
Table '33' 6-max Seat #5 is the button
Seat 1: 9354d737 (10,310 in chips)
Seat 2: 8eafa7f5 (9,709 in chips)
Seat 3: Hero (12,212 in chips)
Seat 4: eaa18b45 (21,917 in chips)
Seat 5: f7c86648 (8,757 in chips)
Seat 6: 34a8beb9 (9,585 in chips)
34a8beb9: posts the ante 20
8eafa7f5: posts the ante 20
Hero: posts the ante 20
f7c86648: posts the ante 20
eaa18b45: posts the ante 20
9354d737: posts the ante 20
34a8beb9: posts small blind 75
9354d737: posts big blind 150
*** HOLE CARDS ***
Dealt to 9354d737 
Dealt to 8eafa7f5 
Dealt to Hero [Ts 8s]
Dealt to eaa18b45 
Dealt to f7c86648 
Dealt to 34a8beb9 
8eafa7f5: raises 165 to 315
Hero: calls 315
eaa18b45: raises 735 to 1,050
f7c86648: folds
34a8beb9: folds
9354d737: raises 2,925 to 3,975
8eafa7f5: folds
Hero: folds
eaa18b45: folds
Uncalled bet (2,925) returned to 9354d737
*** SHOWDOWN ***
9354d737 collected 2,925 from pot
*** SUMMARY ***
Total pot 2,925 | Rake 0 | Jackpot 0 | Bingo 0 | Fortune 0 | Tax 0
Seat 1: 9354d737 (big blind) collected (2,925)
Seat 2: 8eafa7f5 folded before Flop
Seat 3: Hero folded before Flop
Seat 4: eaa18b45 folded before Flop
Seat 5: f7c86648 (button) folded before Flop
Seat 6: 34a8beb9 (small blind) folded before Flop


Poker Hand #TM314634012: Tournament #209320969, 237-M: $30 Thursday Heater [Bounty Turbo 6-Max] Hold'em No Limit - Level3(75/150) - 2025/05/29 23:17:00
Table '33' 6-max Seat #4 is the button
Seat 1: 9354d737 (11,380 in chips)
Seat 2: 8eafa7f5 (9,729 in chips)
Seat 3: Hero (16,406 in chips)
Seat 4: eaa18b45 (16,368 in chips)
Seat 5: f7c86648 (8,852 in chips)
Seat 6: 34a8beb9 (9,755 in chips)
34a8beb9: posts the ante 20
8eafa7f5: posts the ante 20
Hero: posts the ante 20
eaa18b45: posts the ante 20
9354d737: posts the ante 20
f7c86648: posts the ante 20
f7c86648: posts small blind 75
34a8beb9: posts big blind 150
*** HOLE CARDS ***
Dealt to 9354d737 
Dealt to 8eafa7f5 
Dealt to Hero [3d Ad]
Dealt to eaa18b45 
Dealt to f7c86648 
Dealt to 34a8beb9 
9354d737: raises 150 to 300
8eafa7f5: folds
Hero: raises 750 to 1,050
eaa18b45: calls 1,050
f7c86648: folds
34a8beb9: folds
9354d737: calls 750
*** FLOP *** [6c 3h 5s]
9354d737: checks
Hero: bets 874
eaa18b45: calls 874
9354d737: folds
*** TURN *** [6c 3h 5s] [Tc]
Hero: checks
eaa18b45: bets 2,250
Hero: calls 2,250
*** RIVER *** [6c 3h 5s Tc] [4c]
Hero: checks
eaa18b45: bets 12,174
Hero: folds
Uncalled bet (12,174) returned to eaa18b45
*** SHOWDOWN ***
eaa18b45 collected 9,743 from pot
*** SUMMARY ***
Total pot 9,743 | Rake 0 | Jackpot 0 | Bingo 0 | Fortune 0 | Tax 0
Board [6c 3h 5s Tc 4c]
Seat 1: 9354d737 folded on the Flop
Seat 2: 8eafa7f5 folded before Flop
Seat 3: Hero folded on the River
Seat 4: eaa18b45 (button) won (9,743)
Seat 5: f7c86648 (small blind) folded before Flop
Seat 6: 34a8beb9 (big blind) folded before Flop


Poker Hand #TM314633884: Tournament #209320969, 237-M: $30 Thursday Heater [Bounty Turbo 6-Max] Hold'em No Limit - Level2(60/120) - 2025/05/29 23:14:30
Table '33' 6-max Seat #3 is the button
Seat 1: 9354d737 (11,398 in chips)
Seat 2: 8eafa7f5 (9,747 in chips)
Seat 3: Hero (8,107 in chips)
Seat 4: eaa18b45 (24,475 in chips)
Seat 5: f7c86648 (8,990 in chips)
Seat 6: 34a8beb9 (9,773 in chips)
34a8beb9: posts the ante 18
8eafa7f5: posts the ante 18
Hero: posts the ante 18
9354d737: posts the ante 18
f7c86648: posts the ante 18
eaa18b45: posts the ante 18
eaa18b45: posts small blind 60
f7c86648: posts big blind 120
*** HOLE CARDS ***
Dealt to 9354d737 
Dealt to 8eafa7f5 
Dealt to Hero [Jc Ac]
Dealt to eaa18b45 
Dealt to f7c86648 
Dealt to 34a8beb9 
34a8beb9: folds
9354d737: folds
8eafa7f5: folds
Hero: raises 120 to 240
eaa18b45: raises 600 to 840
f7c86648: folds
Hero: calls 600
*** FLOP *** [4s Ah 3c]
eaa18b45: bets 720
Hero: calls 720
*** TURN *** [4s Ah 3c] [Qs]
eaa18b45: bets 1,680
Hero: calls 1,680
*** RIVER *** [4s Ah 3c Qs] [Qc]
eaa18b45: bets 4,914
Hero: calls 4,849
Uncalled bet (65) returned to eaa18b45
eaa18b45: shows [9s Ad] (two pair, Aces and Queens)
Hero: shows [Jc Ac] (two pair, Aces and Queens)
*** SHOWDOWN ***
Hero collected 16,406 from pot
*** SUMMARY ***
Total pot 16,406 | Rake 0 | Jackpot 0 | Bingo 0 | Fortune 0 | Tax 0
Board [4s Ah 3c Qs Qc]
Seat 1: 9354d737 folded before Flop
Seat 2: 8eafa7f5 folded before Flop
Seat 3: Hero (button) showed [Jc Ac] and won (16,406) with two pair, Aces and Queens
Seat 4: eaa18b45 (small blind) showed [9s Ad] and lost with two pair, Aces and Queens
Seat 5: f7c86648 (big blind) folded before Flop
Seat 6: 34a8beb9 folded before Flop


Poker Hand #TM314633823: Tournament #209320969, 237-M: $30 Thursday Heater [Bounty Turbo 6-Max] Hold'em No Limit - Level2(60/120) - 2025/05/29 23:13:21
Table '33' 6-max Seat #2 is the button
Seat 1: 9354d737 (9,730 in chips)
Seat 2: 8eafa7f5 (9,765 in chips)
Seat 3: Hero (8,185 in chips)
Seat 4: eaa18b45 (24,613 in chips)
Seat 5: f7c86648 (10,406 in chips)
Seat 6: 34a8beb9 (9,791 in chips)
34a8beb9: posts the ante 18
8eafa7f5: posts the ante 18
Hero: posts the ante 18
9354d737: posts the ante 18
f7c86648: posts the ante 18
eaa18b45: posts the ante 18
Hero: posts small blind 60
eaa18b45: posts big blind 120
*** HOLE CARDS ***
Dealt to 9354d737 
Dealt to 8eafa7f5 
Dealt to Hero [Qd 2h]
Dealt to eaa18b45 
Dealt to f7c86648 
Dealt to 34a8beb9 
f7c86648: raises 180 to 300
34a8beb9: folds
9354d737: calls 300
8eafa7f5: folds
Hero: folds
eaa18b45: folds
*** FLOP *** [8h 5d 5h]
f7c86648: bets 489
9354d737: raises 609 to 1,098
f7c86648: calls 609
*** TURN *** [8h 5d 5h] [Ah]
f7c86648: checks
9354d737: checks
*** RIVER *** [8h 5d 5h Ah] [3h]
f7c86648: checks
9354d737: bets 3,084
f7c86648: folds
Uncalled bet (3,084) returned to 9354d737
*** SHOWDOWN ***
9354d737 collected 3,084 from pot
*** SUMMARY ***
Total pot 3,084 | Rake 0 | Jackpot 0 | Bingo 0 | Fortune 0 | Tax 0
Board [8h 5d 5h Ah 3h]
Seat 1: 9354d737 won (3,084)
Seat 2: 8eafa7f5 (button) folded before Flop
Seat 3: Hero (small blind) folded before Flop
Seat 4: eaa18b45 (big blind) folded before Flop
Seat 5: f7c86648 folded on the River
Seat 6: 34a8beb9 folded before Flop


Poker Hand #TM314633788: Tournament #209320969, 237-M: $30 Thursday Heater [Bounty Turbo 6-Max] Hold'em No Limit - Level2(60/120) - 2025/05/29 23:12:45
Table '33' 6-max Seat #1 is the button
Seat 1: 9354d737 (9,748 in chips)
Seat 2: 8eafa7f5 (9,843 in chips)
Seat 3: Hero (8,323 in chips)
Seat 4: eaa18b45 (24,631 in chips)
Seat 5: f7c86648 (10,424 in chips)
Seat 6: 34a8beb9 (9,521 in chips)
34a8beb9: posts the ante 18
8eafa7f5: posts the ante 18
Hero: posts the ante 18
9354d737: posts the ante 18
f7c86648: posts the ante 18
eaa18b45: posts the ante 18
8eafa7f5: posts small blind 60
Hero: posts big blind 120
*** HOLE CARDS ***
Dealt to 9354d737 
Dealt to 8eafa7f5 
Dealt to Hero [4s 5d]
Dealt to eaa18b45 
Dealt to f7c86648 
Dealt to 34a8beb9 
eaa18b45: folds
f7c86648: folds
34a8beb9: raises 120 to 240
9354d737: folds
8eafa7f5: folds
Hero: folds
Uncalled bet (120) returned to 34a8beb9
*** SHOWDOWN ***
34a8beb9 collected 408 from pot
*** SUMMARY ***
Total pot 408 | Rake 0 | Jackpot 0 | Bingo 0 | Fortune 0 | Tax 0
Seat 1: 9354d737 (button) folded before Flop
Seat 2: 8eafa7f5 (small blind) folded before Flop
Seat 3: Hero (big blind) folded before Flop
Seat 4: eaa18b45 folded before Flop
Seat 5: f7c86648 folded before Flop
Seat 6: 34a8beb9 collected (408)


Poker Hand #TM314633728: Tournament #209320969, 237-M: $30 Thursday Heater [Bounty Turbo 6-Max] Hold'em No Limit - Level2(60/120) - 2025/05/29 23:11:33
Table '33' 6-max Seat #6 is the button
Seat 1: 9354d737 (9,826 in chips)
Seat 2: 8eafa7f5 (9,981 in chips)
Seat 3: Hero (10,141 in chips)
Seat 4: eaa18b45 (22,561 in chips)
Seat 5: f7c86648 (10,442 in chips)
Seat 6: 34a8beb9 (9,539 in chips)
34a8beb9: posts the ante 18
8eafa7f5: posts the ante 18
Hero: posts the ante 18
f7c86648: posts the ante 18
eaa18b45: posts the ante 18
9354d737: posts the ante 18
9354d737: posts small blind 60
8eafa7f5: posts big blind 120
*** HOLE CARDS ***
Dealt to 9354d737 
Dealt to 8eafa7f5 
Dealt to Hero [Kh Ac]
Dealt to eaa18b45 
Dealt to f7c86648 
Dealt to 34a8beb9 
Hero: raises 120 to 240
eaa18b45: raises 360 to 600
f7c86648: folds
34a8beb9: folds
9354d737: folds
8eafa7f5: folds
Hero: raises 1,200 to 1,800
eaa18b45: calls 1,200
*** FLOP *** [9d 6d 4d]
Hero: checks
eaa18b45: bets 960
Hero: folds
Uncalled bet (960) returned to eaa18b45
*** SHOWDOWN ***
eaa18b45 collected 3,888 from pot
*** SUMMARY ***
Total pot 3,888 | Rake 0 | Jackpot 0 | Bingo 0 | Fortune 0 | Tax 0
Board [9d 6d 4d]
Seat 1: 9354d737 (small blind) folded before Flop
Seat 2: 8eafa7f5 (big blind) folded before Flop
Seat 3: Hero folded on the Flop
Seat 4: eaa18b45 won (3,888)
Seat 5: f7c86648 folded before Flop
Seat 6: 34a8beb9 (button) folded before Flop


Poker Hand #TM314633693: Tournament #209320969, 237-M: $30 Thursday Heater [Bounty Turbo 6-Max] Hold'em No Limit - Level2(60/120) - 2025/05/29 23:10:52
Table '33' 6-max Seat #5 is the button
Seat 1: 9354d737 (9,964 in chips)
Seat 2: 8eafa7f5 (9,999 in chips)
Seat 3: Hero (9,871 in chips)
Seat 4: eaa18b45 (22,579 in chips)
Seat 5: f7c86648 (10,460 in chips)
Seat 6: 34a8beb9 (9,617 in chips)
34a8beb9: posts the ante 18
8eafa7f5: posts the ante 18
Hero: posts the ante 18
f7c86648: posts the ante 18
eaa18b45: posts the ante 18
9354d737: posts the ante 18
34a8beb9: posts small blind 60
9354d737: posts big blind 120
*** HOLE CARDS ***
Dealt to 9354d737 
Dealt to 8eafa7f5 
Dealt to Hero [Js Kd]
Dealt to eaa18b45 
Dealt to f7c86648 
Dealt to 34a8beb9 
8eafa7f5: folds
Hero: raises 120 to 240
eaa18b45: folds
f7c86648: folds
34a8beb9: folds
9354d737: folds
Uncalled bet (120) returned to Hero
*** SHOWDOWN ***
Hero collected 408 from pot
*** SUMMARY ***
Total pot 408 | Rake 0 | Jackpot 0 | Bingo 0 | Fortune 0 | Tax 0
Seat 1: 9354d737 (big blind) folded before Flop
Seat 2: 8eafa7f5 folded before Flop
Seat 3: Hero collected (408)
Seat 4: eaa18b45 folded before Flop
Seat 5: f7c86648 (button) folded before Flop
Seat 6: 34a8beb9 (small blind) folded before Flop


Poker Hand #TM314633658: Tournament #209320969, 237-M: $30 Thursday Heater [Bounty Turbo 6-Max] Hold'em No Limit - Level2(60/120) - 2025/05/29 23:10:13
Table '33' 6-max Seat #4 is the button
Seat 1: 9354d737 (9,982 in chips)
Seat 2: 8eafa7f5 (9,597 in chips)
Seat 3: Hero (9,889 in chips)
Seat 4: eaa18b45 (22,597 in chips)
Seat 5: f7c86648 (10,538 in chips)
Seat 6: 34a8beb9 (9,887 in chips)
34a8beb9: posts the ante 18
8eafa7f5: posts the ante 18
Hero: posts the ante 18
eaa18b45: posts the ante 18
9354d737: posts the ante 18
f7c86648: posts the ante 18
f7c86648: posts small blind 60
34a8beb9: posts big blind 120
*** HOLE CARDS ***
Dealt to 9354d737 
Dealt to 8eafa7f5 
Dealt to Hero [3h 8s]
Dealt to eaa18b45 
Dealt to f7c86648 
Dealt to 34a8beb9 
9354d737: folds
8eafa7f5: raises 132 to 252
Hero: folds
eaa18b45: folds
f7c86648: folds
34a8beb9: calls 132
*** FLOP *** [9s 5h Ad]
34a8beb9: checks
8eafa7f5: bets 336
34a8beb9: folds
Uncalled bet (336) returned to 8eafa7f5
*** SHOWDOWN ***
8eafa7f5 collected 672 from pot
*** SUMMARY ***
Total pot 672 | Rake 0 | Jackpot 0 | Bingo 0 | Fortune 0 | Tax 0
Board [9s 5h Ad]
Seat 1: 9354d737 folded before Flop
Seat 2: 8eafa7f5 won (672)
Seat 3: Hero folded before Flop
Seat 4: eaa18b45 (button) folded before Flop
Seat 5: f7c86648 (small blind) folded before Flop
Seat 6: 34a8beb9 (big blind) folded on the Flop


Poker Hand #TM314633610: Tournament #209320969, 237-M: $30 Thursday Heater [Bounty Turbo 6-Max] Hold'em No Limit - Level2(60/120) - 2025/05/29 23:09:08
Table '33' 6-max Seat #3 is the button
Seat 1: 9354d737 (10,000 in chips)
Seat 2: 8eafa7f5 (9,867 in chips)
Seat 3: Hero (9,907 in chips)
Seat 4: eaa18b45 (23,347 in chips)
Seat 5: f7c86648 (9,464 in chips)
Seat 6: 34a8beb9 (9,905 in chips)
34a8beb9: posts the ante 18
8eafa7f5: posts the ante 18
Hero: posts the ante 18
9354d737: posts the ante 18
f7c86648: posts the ante 18
eaa18b45: posts the ante 18
eaa18b45: posts small blind 60
f7c86648: posts big blind 120
*** HOLE CARDS ***
Dealt to 9354d737 
Dealt to 8eafa7f5 
Dealt to Hero [6c Js]
Dealt to eaa18b45 
Dealt to f7c86648 
Dealt to 34a8beb9 
34a8beb9: folds
9354d737: folds
8eafa7f5: raises 132 to 252
Hero: folds
eaa18b45: calls 192
f7c86648: calls 132
*** FLOP *** [5s Ks 8h]
eaa18b45: checks
f7c86648: checks
8eafa7f5: checks
*** TURN *** [5s Ks 8h] [7h]
eaa18b45: bets 480
f7c86648: raises 1,004 to 1,484
8eafa7f5: folds
eaa18b45: folds
Uncalled bet (1,004) returned to f7c86648
*** SHOWDOWN ***
f7c86648 collected 1,824 from pot
*** SUMMARY ***
Total pot 1,824 | Rake 0 | Jackpot 0 | Bingo 0 | Fortune 0 | Tax 0
Board [5s Ks 8h 7h]
Seat 1: 9354d737 folded before Flop
Seat 2: 8eafa7f5 folded on the Turn
Seat 3: Hero (button) folded before Flop
Seat 4: eaa18b45 (small blind) folded on the Turn
Seat 5: f7c86648 (big blind) won (1,824)
Seat 6: 34a8beb9 folded before Flop


Poker Hand #TM314633581: Tournament #209320969, 237-M: $30 Thursday Heater [Bounty Turbo 6-Max] Hold'em No Limit - Level2(60/120) - 2025/05/29 23:08:26
Table '33' 6-max Seat #2 is the button
Seat 2: 8eafa7f5 (9,885 in chips)
Seat 3: Hero (9,985 in chips)
Seat 4: eaa18b45 (22,667 in chips)
Seat 5: f7c86648 (10,030 in chips)
Seat 6: 34a8beb9 (9,923 in chips)
34a8beb9: posts the ante 18
8eafa7f5: posts the ante 18
Hero: posts the ante 18
f7c86648: posts the ante 18
eaa18b45: posts the ante 18
Hero: posts small blind 60
eaa18b45: posts big blind 120
*** HOLE CARDS ***
Dealt to 8eafa7f5 
Dealt to Hero [9s 4c]
Dealt to eaa18b45 
Dealt to f7c86648 
Dealt to 34a8beb9 
f7c86648: raises 180 to 300
34a8beb9: folds
8eafa7f5: folds
Hero: folds
eaa18b45: calls 180
*** FLOP *** [Jh 6c Th]
eaa18b45: checks
f7c86648: bets 248
eaa18b45: raises 488 to 736
f7c86648: folds
Uncalled bet (488) returned to eaa18b45
*** SHOWDOWN ***
eaa18b45 collected 1,246 from pot
*** SUMMARY ***
Total pot 1,246 | Rake 0 | Jackpot 0 | Bingo 0 | Fortune 0 | Tax 0
Board [Jh 6c Th]
Seat 2: 8eafa7f5 (button) folded before Flop
Seat 3: Hero (small blind) folded before Flop
Seat 4: eaa18b45 (big blind) won (1,246)
Seat 5: f7c86648 folded on the Flop
Seat 6: 34a8beb9 folded before Flop


Poker Hand #TM314633502: Tournament #209320969, 237-M: $30 Thursday Heater [Bounty Turbo 6-Max] Hold'em No Limit - Level1(50/100) - 2025/05/29 23:06:42
Table '33' 6-max Seat #6 is the button
Seat 1: fdc253fc (9,785 in chips)
Seat 2: 8eafa7f5 (10,000 in chips)
Seat 3: Hero (10,000 in chips)
Seat 4: eaa18b45 (12,522 in chips)
Seat 5: f7c86648 (10,045 in chips)
Seat 6: 34a8beb9 (10,138 in chips)
34a8beb9: posts the ante 15
fdc253fc: posts the ante 15
8eafa7f5: posts the ante 15
Hero: posts the ante 15
f7c86648: posts the ante 15
eaa18b45: posts the ante 15
fdc253fc: posts small blind 50
8eafa7f5: posts big blind 100
*** HOLE CARDS ***
Dealt to fdc253fc 
Dealt to 8eafa7f5 
Dealt to Hero [8c 6d]
Dealt to eaa18b45 
Dealt to f7c86648 
Dealt to 34a8beb9 
Hero: folds
eaa18b45: raises 100 to 200
f7c86648: folds
34a8beb9: calls 200
fdc253fc: raises 1,090 to 1,290
8eafa7f5: folds
eaa18b45: calls 1,090
34a8beb9: folds
*** FLOP *** [Qs 8s Tc]
fdc253fc: bets 900
eaa18b45: raises 900 to 1,800
fdc253fc: raises 6,680 to 8,480
eaa18b45: calls 6,680
fdc253fc: shows [Ts Js] (a pair of Tens)
eaa18b45: shows [Jh 9h] (a straight, Queen to Eight)
*** TURN *** [Qs 8s Tc] [7d]
*** RIVER *** [Qs 8s Tc 7d] [4h]
*** SHOWDOWN ***
eaa18b45 collected 19,930 from pot
*** SUMMARY ***
Total pot 19,930 | Rake 0 | Jackpot 0 | Bingo 0 | Fortune 0 | Tax 0
Board [Qs 8s Tc 7d 4h]
Seat 1: fdc253fc (small blind) showed [Ts Js] and lost with a pair of Tens
Seat 2: 8eafa7f5 (big blind) folded before Flop
Seat 3: Hero folded before Flop
Seat 4: eaa18b45 showed [Jh 9h] and won (19,930) with a straight, Queen to Eight
Seat 5: f7c86648 folded before Flop
Seat 6: 34a8beb9 (button) folded before Flop


