Poker Hand #TM302717985: Tournament #208374325, 207-M: $30 The European Classic [9-Max] Hold'em No Limit - Level15(1,250/2,500) - 2025/05/26 19:40:11
Table '8' 9-max Seat #3 is the button
Seat 1: cec315d1 (87,906 in chips)
Seat 2: faefca12 (20,050 in chips)
Seat 3: c1318866 (18,250 in chips)
Seat 4: 7b5bac1b (21,900 in chips)
Seat 5: Hero (30,550 in chips)
Seat 6: ce1a857c (106,640 in chips)
Seat 7: ac11bb11 (54,000 in chips)
Seat 8: eed5b397 (49,450 in chips)
Seat 9: 1d15bb83 (30,850 in chips)
c1318866: posts the ante 300
faefca12: posts the ante 300
eed5b397: posts the ante 300
1d15bb83: posts the ante 300
7b5bac1b: posts the ante 300
ce1a857c: posts the ante 300
cec315d1: posts the ante 300
ac11bb11: posts the ante 300
Hero: posts the ante 300
7b5bac1b: posts small blind 1,250
Hero: posts big blind 2,500
*** HOLE CARDS ***
Dealt to cec315d1 
Dealt to faefca12 
Dealt to c1318866 
Dealt to 7b5bac1b 
Dealt to Hero [Jd Kd]
Dealt to ce1a857c 
Dealt to ac11bb11 
Dealt to eed5b397 
Dealt to 1d15bb83 
ce1a857c: folds
ac11bb11: raises 2,750 to 5,250
eed5b397: folds
1d15bb83: folds
cec315d1: folds
faefca12: folds
c1318866: folds
7b5bac1b: folds
Hero: raises 25,000 to 30,250
ac11bb11: calls 25,000
Hero: shows [Jd Kd]
ac11bb11: shows [8h 8s]
*** FLOP *** [Tc Th 5s]
*** TURN *** [Tc Th 5s] [3c]
*** RIVER *** [Tc Th 5s 3c] [3s]
*** SHOWDOWN ***
ac11bb11 collected 64,450 from pot
*** SUMMARY ***
Total pot 64,450 | Rake 0 | Jackpot 0 | Bingo 0 | Fortune 0 | Tax 0
Board [Tc Th 5s 3c 3s]
Seat 1: cec315d1 folded before Flop
Seat 2: faefca12 folded before Flop
Seat 3: c1318866 (button) folded before Flop
Seat 4: 7b5bac1b (small blind) folded before Flop
Seat 5: Hero (big blind) showed [Jd Kd] and lost with two pair, Tens and Threes
Seat 6: ce1a857c folded before Flop
Seat 7: ac11bb11 showed [8h 8s] and won (64,450) with two pair, Tens and Eights
Seat 8: eed5b397 folded before Flop
Seat 9: 1d15bb83 folded before Flop


Poker Hand #TM302717942: Tournament #208374325, 207-M: $30 The European Classic [9-Max] Hold'em No Limit - Level15(1,250/2,500) - 2025/05/26 19:39:24
Table '8' 9-max Seat #2 is the button
Seat 1: cec315d1 (88,206 in chips)
Seat 2: faefca12 (20,350 in chips)
Seat 3: c1318866 (19,800 in chips)
Seat 4: 7b5bac1b (24,700 in chips)
Seat 5: Hero (30,850 in chips)
Seat 6: ce1a857c (106,940 in chips)
Seat 7: ac11bb11 (54,300 in chips)
Seat 8: eed5b397 (49,750 in chips)
Seat 9: 1d15bb83 (24,700 in chips)
faefca12: posts the ante 300
c1318866: posts the ante 300
eed5b397: posts the ante 300
1d15bb83: posts the ante 300
7b5bac1b: posts the ante 300
ce1a857c: posts the ante 300
cec315d1: posts the ante 300
ac11bb11: posts the ante 300
Hero: posts the ante 300
c1318866: posts small blind 1,250
7b5bac1b: posts big blind 2,500
*** HOLE CARDS ***
Dealt to cec315d1 
Dealt to faefca12 
Dealt to c1318866 
Dealt to 7b5bac1b 
Dealt to Hero [7h Kh]
Dealt to ce1a857c 
Dealt to ac11bb11 
Dealt to eed5b397 
Dealt to 1d15bb83 
Hero: folds
ce1a857c: folds
ac11bb11: folds
eed5b397: folds
1d15bb83: raises 21,900 to 24,400
cec315d1: folds
faefca12: folds
c1318866: folds
7b5bac1b: folds
Uncalled bet (21,900) returned to 1d15bb83
*** SHOWDOWN ***
1d15bb83 collected 8,950 from pot
*** SUMMARY ***
Total pot 8,950 | Rake 0 | Jackpot 0 | Bingo 0 | Fortune 0 | Tax 0
Seat 1: cec315d1 folded before Flop
Seat 2: faefca12 (button) folded before Flop
Seat 3: c1318866 (small blind) folded before Flop
Seat 4: 7b5bac1b (big blind) folded before Flop
Seat 5: Hero folded before Flop
Seat 6: ce1a857c folded before Flop
Seat 7: ac11bb11 folded before Flop
Seat 8: eed5b397 folded before Flop
Seat 9: 1d15bb83 collected (8,950)


Poker Hand #TM302717917: Tournament #208374325, 207-M: $30 The European Classic [9-Max] Hold'em No Limit - Level15(1,250/2,500) - 2025/05/26 19:38:52
Table '8' 9-max Seat #1 is the button
Seat 1: cec315d1 (88,506 in chips)
Seat 2: faefca12 (21,900 in chips)
Seat 3: c1318866 (22,600 in chips)
Seat 4: 7b5bac1b (25,000 in chips)
Seat 5: Hero (24,700 in chips)
Seat 6: ce1a857c (107,240 in chips)
Seat 7: ac11bb11 (54,600 in chips)
Seat 8: eed5b397 (50,050 in chips)
Seat 9: 1d15bb83 (25,000 in chips)
c1318866: posts the ante 300
faefca12: posts the ante 300
eed5b397: posts the ante 300
1d15bb83: posts the ante 300
7b5bac1b: posts the ante 300
ce1a857c: posts the ante 300
cec315d1: posts the ante 300
ac11bb11: posts the ante 300
Hero: posts the ante 300
faefca12: posts small blind 1,250
c1318866: posts big blind 2,500
*** HOLE CARDS ***
Dealt to cec315d1 
Dealt to faefca12 
Dealt to c1318866 
Dealt to 7b5bac1b 
Dealt to Hero [Qs Ah]
Dealt to ce1a857c 
Dealt to ac11bb11 
Dealt to eed5b397 
Dealt to 1d15bb83 
7b5bac1b: folds
Hero: raises 21,900 to 24,400
ce1a857c: folds
ac11bb11: folds
eed5b397: folds
1d15bb83: folds
cec315d1: folds
faefca12: folds
c1318866: folds
Uncalled bet (21,900) returned to Hero
*** SHOWDOWN ***
Hero collected 8,950 from pot
*** SUMMARY ***
Total pot 8,950 | Rake 0 | Jackpot 0 | Bingo 0 | Fortune 0 | Tax 0
Seat 1: cec315d1 (button) folded before Flop
Seat 2: faefca12 (small blind) folded before Flop
Seat 3: c1318866 (big blind) folded before Flop
Seat 4: 7b5bac1b folded before Flop
Seat 5: Hero collected (8,950)
Seat 6: ce1a857c folded before Flop
Seat 7: ac11bb11 folded before Flop
Seat 8: eed5b397 folded before Flop
Seat 9: 1d15bb83 folded before Flop


Poker Hand #TM302717874: Tournament #208374325, 207-M: $30 The European Classic [9-Max] Hold'em No Limit - Level15(1,250/2,500) - 2025/05/26 19:38:13
Table '8' 9-max Seat #8 is the button
Seat 1: cec315d1 (90,056 in chips)
Seat 2: faefca12 (24,700 in chips)
Seat 3: c1318866 (22,900 in chips)
Seat 4: 7e1b0586 (97,078 in chips)
Seat 5: Hero (25,000 in chips)
Seat 6: ce1a857c (112,540 in chips)
Seat 7: ac11bb11 (54,900 in chips)
Seat 8: eed5b397 (39,200 in chips)
c1318866: posts the ante 300
faefca12: posts the ante 300
eed5b397: posts the ante 300
ce1a857c: posts the ante 300
cec315d1: posts the ante 300
ac11bb11: posts the ante 300
7e1b0586: posts the ante 300
Hero: posts the ante 300
cec315d1: posts small blind 1,250
faefca12: posts big blind 2,500
*** HOLE CARDS ***
Dealt to cec315d1 
Dealt to faefca12 
Dealt to c1318866 
Dealt to 7e1b0586 
Dealt to Hero [2h 8s]
Dealt to ce1a857c 
Dealt to ac11bb11 
Dealt to eed5b397 
c1318866: folds
7e1b0586: folds
Hero: folds
ce1a857c: raises 2,500 to 5,000
ac11bb11: folds
eed5b397: raises 33,900 to 38,900
cec315d1: folds
faefca12: folds
ce1a857c: folds
Uncalled bet (33,900) returned to eed5b397
*** SHOWDOWN ***
eed5b397 collected 16,150 from pot
*** SUMMARY ***
Total pot 16,150 | Rake 0 | Jackpot 0 | Bingo 0 | Fortune 0 | Tax 0
Seat 1: cec315d1 (small blind) folded before Flop
Seat 2: faefca12 (big blind) folded before Flop
Seat 3: c1318866 folded before Flop
Seat 4: 7e1b0586 folded before Flop
Seat 5: Hero folded before Flop
Seat 6: ce1a857c folded before Flop
Seat 7: ac11bb11 folded before Flop
Seat 8: eed5b397 (button) collected (16,150)


