Game Hand #2025265381 - Tournament #31082331 - Holdem (No Limit) - Level 5 (1250.00/2500.00)- 2024/02/12 16:37:48 UTC
Table '69' 8-max Seat #4 is the button
Seat 1: NLlose (324866.00)
Seat 2: Seffler (149847.00)
Seat 3: theprodigalson (115058.00)
Seat 4: lipesticky (448276.00)
Seat 5: ParadizePtz (378414.00)
Seat 6: Mr Grey Zone (122540.00)
Seat 7: CLAYTONRASTA (133850.00)
Seat 8: Volare (124350.00)
NLlose posts ante 350.00
Seffler posts ante 350.00
theprodigalson posts ante 350.00
lipesticky posts ante 350.00
ParadizePtz posts ante 350.00
Mr Grey Zone posts ante 350.00
CLAYTONRASTA posts ante 350.00
Volare posts ante 350.00
ParadizePtz posts the small blind 1250.00
Mr Grey Zone posts the big blind 2500.00
*** HOLE CARDS ***
Main pot 2800.00
Dealt to lipesticky [Jc 7s]
CLAYTONRASTA raises 5500.00 to 5500.00
Volare folds
NLlose folds
Seffler folds
theprodigalson folds
lipesticky folds
ParadizePtz folds
Mr Grey Zone folds
Uncalled bet (3000.00) returned to CLAYTONRASTA
CLAYTONRASTA does not show
*** SUMMARY ***
Total pot 9050.00
Seat 1: NLlose folded on the Pre-Flop and did not bet
Seat 2: Seffler folded on the Pre-Flop and did not bet
Seat 3: theprodigalson folded on the Pre-Flop and did not bet
Seat 4: lipesticky (button) folded on the Pre-Flop
Seat 5: ParadizePtz (small blind) folded on the Pre-Flop
Seat 6: Mr Grey Zone (big blind) folded on the Pre-Flop
Seat 7: CLAYTONRASTA did not show and won 9050.00
Seat 8: Volare folded on the Pre-Flop and did not bet

Game Hand #2025265768 - Tournament #31082331 - Holdem (No Limit) - Level 5 (1250.00/2500.00)- 2024/02/12 16:38:23 UTC
Table '40' 8-max Seat #1 is the button
Seat 1: theprodigalson will be allowed to play after the button
Seat 2: lipesticky will be allowed to play after the button
Seat 3: Checkcalll (129600.00)
Seat 4: 20Lavar (123750.00)
Seat 5: THEGGOKER (126050.00)
Seat 6: Bluffstopper (192462.00)
Seat 8: Th3Technician (189464.00)
Checkcalll posts ante 350.00
20Lavar posts ante 350.00
THEGGOKER posts ante 350.00
Bluffstopper posts ante 350.00
Th3Technician posts ante 350.00
Checkcalll posts the small blind 1250.00
20Lavar posts the big blind 2500.00
*** HOLE CARDS ***
Main pot 1750.00
THEGGOKER folds
Bluffstopper folds
Th3Technician raises 5000.00 to 5000.00
Checkcalll raises 20000.00 to 21250.00
20Lavar raises 120900.00 to 123400.00 and is all-in
Th3Technician folds
Checkcalll calls 102150.00
*** FLOP *** [Ac 5d 3c]
Main pot 253550.00
*** TURN *** [Ac 5d 3c] [9d]
Main pot 253550.00
*** RIVER *** [Ac 5d 3c 9d] [4c]
Main pot 253550.00
*** SHOW DOWN ***
Main pot 253550.00
Checkcalll shows [Qc Qd] (a pair of Queens [Qd Qc Ac 9d 5d])
20Lavar shows [Jc Js] (a pair of Jacks [Js Jc Ac 9d 5d])
Checkcalll collected 253550.00 from main pot
*** SUMMARY ***
Total pot 253550.00
Board [Ac 5d 3c 9d 4c]
Seat 3: Checkcalll (small blind) showed [Qc Qd] and won 253550.00 with a pair of Queens [Qd Qc Ac 9d 5d]
Seat 4: 20Lavar (big blind) showed [Jc Js] and lost with a pair of Jacks [Js Jc Ac 9d 5d]
Seat 5: THEGGOKER folded on the Pre-Flop and did not bet
Seat 6: Bluffstopper folded on the Pre-Flop and did not bet
Seat 8: Th3Technician folded on the Pre-Flop and did not bet

Game Hand #2025266473 - Tournament #31082331 - Holdem (No Limit) - Level 5 (1250.00/2500.00)- 2024/02/12 16:39:26 UTC
Table '40' 8-max Seat #3 is the button
Seat 1: theprodigalson (114708.00)
Seat 2: lipesticky (447926.00)
Seat 3: Checkcalll (259400.00)
Seat 5: THEGGOKER (125700.00)
Seat 6: Bluffstopper (192112.00)
Seat 7: cheremis12 (125000.00)
Seat 8: Th3Technician (184114.00)
theprodigalson posts ante 350.00
lipesticky posts ante 350.00
Checkcalll posts ante 350.00
THEGGOKER posts ante 350.00
Bluffstopper posts ante 350.00
cheremis12 posts ante 350.00
Th3Technician posts ante 350.00
THEGGOKER posts the big blind 2500.00
*** HOLE CARDS ***
Main pot 2450.00
Dealt to lipesticky [Qs 5d]
Bluffstopper folds
cheremis12 folds
Th3Technician raises 5000.00 to 5000.00
theprodigalson calls 5000.00
lipesticky folds
Checkcalll folds
THEGGOKER folds
*** FLOP *** [Kd 9c 3d]
Main pot 14950.00
Th3Technician checks
theprodigalson checks
*** TURN *** [Kd 9c 3d] [4h]
Main pot 14950.00
Th3Technician bets 8223.00
theprodigalson calls 8223.00
*** RIVER *** [Kd 9c 3d 4h] [Ks]
Main pot 31396.00
Th3Technician checks
theprodigalson checks
*** SHOW DOWN ***
Main pot 31396.00
theprodigalson shows [Qc As] (a pair of Kings [Ks Kd As Qc 9c])
Th3Technician shows [Tc Ad] (a pair of Kings [Ks Kd Ad Tc 9c])
theprodigalson collected 31396.00 from main pot
*** SUMMARY ***
Total pot 31396.00
Board [Kd 9c 3d 4h Ks]
Seat 1: theprodigalson showed [Qc As] and won 31396.00 with a pair of Kings [Ks Kd As Qc 9c] with the kicker Queen
Seat 2: lipesticky folded on the Pre-Flop and did not bet
Seat 3: Checkcalll (button) folded on the Pre-Flop
Seat 5: THEGGOKER (big blind) folded on the Pre-Flop
Seat 6: Bluffstopper folded on the Pre-Flop and did not bet
Seat 7: cheremis12 folded on the Pre-Flop and did not bet
Seat 8: Th3Technician showed [Tc Ad] and lost with a pair of Kings [Ks Kd Ad Tc 9c]

Game Hand #2025267502 - Tournament #31082331 - Holdem (No Limit) - Level 5 (1250.00/2500.00)- 2024/02/12 16:40:59 UTC
Table '40' 8-max Seat #4 is the button
Seat 1: theprodigalson (132531.00)
Seat 2: lipesticky (447576.00)
Seat 3: Checkcalll (259050.00)
Seat 5: THEGGOKER (122850.00)
Seat 6: Bluffstopper (191762.00)
Seat 7: cheremis12 (124650.00)
Seat 8: Th3Technician (170541.00)
theprodigalson posts ante 350.00
lipesticky posts ante 350.00
Checkcalll posts ante 350.00
THEGGOKER posts ante 350.00
Bluffstopper posts ante 350.00
cheremis12 posts ante 350.00
Th3Technician posts ante 350.00
THEGGOKER posts the small blind 1250.00
Bluffstopper posts the big blind 2500.00
*** HOLE CARDS ***
Main pot 2450.00
Dealt to lipesticky [2c Qs]
cheremis12 folds
Th3Technician folds
theprodigalson folds
lipesticky folds
Checkcalll folds
THEGGOKER raises 5000.00 to 6250.00
Bluffstopper calls 3750.00
*** FLOP *** [3s Ad 4s]
Main pot 14950.00
THEGGOKER bets 6483.00
Bluffstopper folds
Uncalled bet (6483.00) returned to THEGGOKER
THEGGOKER does not show
*** SUMMARY ***
Total pot 14950.00
Board [3s Ad 4s]
Seat 1: theprodigalson folded on the Pre-Flop and did not bet
Seat 2: lipesticky folded on the Pre-Flop and did not bet
Seat 3: Checkcalll folded on the Pre-Flop and did not bet
Seat 5: THEGGOKER did not show and won 14950.00
Seat 6: Bluffstopper (big blind) folded on the Flop
Seat 7: cheremis12 folded on the Pre-Flop and did not bet
Seat 8: Th3Technician folded on the Pre-Flop and did not bet

Game Hand #2025267955 - Tournament #31082331 - Holdem (No Limit) - Level 5 (1250.00/2500.00)- 2024/02/12 16:41:41 UTC
Table '40' 8-max Seat #5 is the button
Seat 1: theprodigalson (132181.00)
Seat 2: lipesticky (447226.00)
Seat 3: Checkcalll (258700.00)
Seat 5: THEGGOKER (131200.00)
Seat 6: Bluffstopper (185162.00)
Seat 7: cheremis12 (124300.00)
Seat 8: Th3Technician (170191.00)
theprodigalson posts ante 350.00
lipesticky posts ante 350.00
Checkcalll posts ante 350.00
THEGGOKER posts ante 350.00
Bluffstopper posts ante 350.00
cheremis12 posts ante 350.00
Th3Technician posts ante 350.00
Bluffstopper posts the small blind 1250.00
cheremis12 posts the big blind 2500.00
*** HOLE CARDS ***
Main pot 2450.00
Dealt to lipesticky [2c 9d]
Th3Technician folds
theprodigalson raises 5000.00 to 5000.00
lipesticky folds
Checkcalll raises 13750.00 to 13750.00
THEGGOKER folds
Bluffstopper folds
cheremis12 folds
theprodigalson raises 23000.00 to 28000.00
Checkcalll calls 14250.00
*** FLOP *** [Tc Qc Ad]
Main pot 62200.00
theprodigalson bets 23000.00
Checkcalll calls 23000.00
*** TURN *** [Tc Qc Ad] [3d]
Main pot 108200.00
theprodigalson bets 80831.00 and is all-in
Checkcalll calls 80831.00
*** RIVER *** [Tc Qc Ad 3d] [5s]
Main pot 269862.00
*** SHOW DOWN ***
Main pot 269862.00
theprodigalson shows [Jh Js] (a pair of Jacks [Js Jh Ad Qc Tc])
Checkcalll shows [As Ks] (a pair of Aces [As Ad Ks Qc Tc])
Checkcalll collected 269862.00 from main pot
*** SUMMARY ***
Total pot 269862.00
Board [Tc Qc Ad 3d 5s]
Seat 1: theprodigalson showed [Jh Js] and lost with a pair of Jacks [Js Jh Ad Qc Tc]
Seat 2: lipesticky folded on the Pre-Flop and did not bet
Seat 3: Checkcalll showed [As Ks] and won 269862.00 with a pair of Aces [As Ad Ks Qc Tc]
Seat 5: THEGGOKER (button) folded on the Pre-Flop
Seat 6: Bluffstopper (small blind) folded on the Pre-Flop
Seat 7: cheremis12 (big blind) folded on the Pre-Flop
Seat 8: Th3Technician folded on the Pre-Flop and did not bet

Game Hand #2025269038 - Tournament #31082331 - Holdem (No Limit) - Level 5 (1250.00/2500.00)- 2024/02/12 16:43:25 UTC
Table '40' 8-max Seat #6 is the button
Seat 2: lipesticky (446876.00)
Seat 3: Checkcalll (396381.00)
Seat 4: IsmaelGabardo (125000.00)
Seat 5: THEGGOKER (130850.00)
Seat 6: Bluffstopper (183562.00)
Seat 7: cheremis12 (121450.00)
Seat 8: Th3Technician (169841.00)
lipesticky posts ante 350.00
Checkcalll posts ante 350.00
IsmaelGabardo posts ante 350.00
THEGGOKER posts ante 350.00
Bluffstopper posts ante 350.00
cheremis12 posts ante 350.00
Th3Technician posts ante 350.00
cheremis12 posts the small blind 1250.00
Th3Technician posts the big blind 2500.00
*** HOLE CARDS ***
Main pot 2450.00
Dealt to lipesticky [As 5s]
lipesticky raises 5250.00 to 5250.00
Checkcalll folds
IsmaelGabardo folds
THEGGOKER folds
Bluffstopper folds
cheremis12 folds
Th3Technician calls 2750.00
*** FLOP *** [Qh 6d 9c]
Main pot 14200.00
Th3Technician checks
lipesticky bets 4686.00
Th3Technician folds
Uncalled bet (4686.00) returned to lipesticky
lipesticky does not show
*** SUMMARY ***
Total pot 14200.00
Board [Qh 6d 9c]
Seat 2: lipesticky did not show and won 14200.00
Seat 3: Checkcalll folded on the Pre-Flop and did not bet
Seat 4: IsmaelGabardo folded on the Pre-Flop and did not bet
Seat 5: THEGGOKER folded on the Pre-Flop and did not bet
Seat 6: Bluffstopper (button) folded on the Pre-Flop
Seat 7: cheremis12 (small blind) folded on the Pre-Flop
Seat 8: Th3Technician (big blind) folded on the Flop

Game Hand #2025269928 - Tournament #31082331 - Holdem (No Limit) - Level 5 (1250.00/2500.00)- 2024/02/12 16:44:48 UTC
Table '40' 8-max Seat #7 is the button
Seat 1: RamiresRange (125000.00)
Seat 2: lipesticky (455476.00)
Seat 3: Checkcalll (396031.00)
Seat 4: IsmaelGabardo (124650.00)
Seat 5: THEGGOKER (130500.00)
Seat 6: Bluffstopper (183212.00)
Seat 7: cheremis12 (119850.00)
Seat 8: Th3Technician (164241.00)
RamiresRange posts ante 350.00
lipesticky posts ante 350.00
Checkcalll posts ante 350.00
IsmaelGabardo posts ante 350.00
THEGGOKER posts ante 350.00
Bluffstopper posts ante 350.00
cheremis12 posts ante 350.00
Th3Technician posts ante 350.00
Th3Technician posts the small blind 1250.00
RamiresRange posts the big blind 2500.00
*** HOLE CARDS ***
Main pot 2800.00
Dealt to lipesticky [5d 5h]
lipesticky raises 5250.00 to 5250.00
Checkcalll folds
IsmaelGabardo folds
THEGGOKER folds
Bluffstopper calls 5250.00
cheremis12 folds
Th3Technician folds
RamiresRange folds
*** FLOP *** [Ks Tc Kc]
Main pot 17050.00
lipesticky checks
Bluffstopper checks
*** TURN *** [Ks Tc Kc] [9s]
Main pot 17050.00
lipesticky checks
Bluffstopper checks
*** RIVER *** [Ks Tc Kc 9s] [Ac]
Main pot 17050.00
lipesticky bets 9378.00
Bluffstopper folds
Uncalled bet (9378.00) returned to lipesticky
lipesticky does not show
*** SUMMARY ***
Total pot 17050.00
Board [Ks Tc Kc 9s Ac]
Seat 1: RamiresRange (big blind) folded on the Pre-Flop
Seat 2: lipesticky did not show and won 17050.00
Seat 3: Checkcalll folded on the Pre-Flop and did not bet
Seat 4: IsmaelGabardo folded on the Pre-Flop and did not bet
Seat 5: THEGGOKER folded on the Pre-Flop and did not bet
Seat 6: Bluffstopper folded on the River
Seat 7: cheremis12 (button) folded on the Pre-Flop
Seat 8: Th3Technician (small blind) folded on the Pre-Flop

Game Hand #2025271193 - Tournament #31082331 - Holdem (No Limit) - Level 5 (1250.00/2500.00)- 2024/02/12 16:46:43 UTC
Table '40' 8-max Seat #8 is the button
Seat 1: RamiresRange (122150.00)
Seat 2: lipesticky (466926.00)
Seat 3: Checkcalll (395681.00)
Seat 4: IsmaelGabardo (124300.00)
Seat 5: THEGGOKER (130150.00)
Seat 6: Bluffstopper (177612.00)
Seat 7: cheremis12 (119500.00)
Seat 8: Th3Technician (162641.00)
RamiresRange posts ante 350.00
lipesticky posts ante 350.00
Checkcalll posts ante 350.00
IsmaelGabardo posts ante 350.00
THEGGOKER posts ante 350.00
Bluffstopper posts ante 350.00
cheremis12 posts ante 350.00
Th3Technician posts ante 350.00
RamiresRange posts the small blind 1250.00
lipesticky posts the big blind 2500.00
*** HOLE CARDS ***
Main pot 2800.00
Dealt to lipesticky [9h 4c]
Checkcalll folds
IsmaelGabardo folds
THEGGOKER raises 6250.00 to 6250.00
Bluffstopper folds
cheremis12 folds
Th3Technician folds
RamiresRange folds
lipesticky folds
Uncalled bet (3750.00) returned to THEGGOKER
THEGGOKER does not show
*** SUMMARY ***
Total pot 9050.00
Seat 1: RamiresRange (small blind) folded on the Pre-Flop
Seat 2: lipesticky (big blind) folded on the Pre-Flop
Seat 3: Checkcalll folded on the Pre-Flop and did not bet
Seat 4: IsmaelGabardo folded on the Pre-Flop and did not bet
Seat 5: THEGGOKER did not show and won 9050.00
Seat 6: Bluffstopper folded on the Pre-Flop and did not bet
Seat 7: cheremis12 folded on the Pre-Flop and did not bet
Seat 8: Th3Technician (button) folded on the Pre-Flop

Game Hand #2025271721 - Tournament #31082331 - Holdem (No Limit) - Level 5 (1250.00/2500.00)- 2024/02/12 16:47:32 UTC
Table '40' 8-max Seat #1 is the button
Seat 1: RamiresRange (120550.00)
Seat 2: lipesticky (464076.00)
Seat 3: Checkcalll (395331.00)
Seat 4: IsmaelGabardo (123950.00)
Seat 5: THEGGOKER (136350.00)
Seat 6: Bluffstopper (177262.00)
Seat 7: cheremis12 (119150.00)
Seat 8: Th3Technician (162291.00)
RamiresRange posts ante 350.00
lipesticky posts ante 350.00
Checkcalll posts ante 350.00
IsmaelGabardo posts ante 350.00
THEGGOKER posts ante 350.00
Bluffstopper posts ante 350.00
cheremis12 posts ante 350.00
Th3Technician posts ante 350.00
lipesticky posts the small blind 1250.00
Checkcalll posts the big blind 2500.00
*** HOLE CARDS ***
Main pot 2800.00
Dealt to lipesticky [Ac 3h]
IsmaelGabardo folds
THEGGOKER folds
Bluffstopper raises 5000.00 to 5000.00
cheremis12 folds
Th3Technician folds
RamiresRange folds
lipesticky folds
Checkcalll calls 2500.00
*** FLOP *** [6d 3d 8s]
Main pot 14050.00
Checkcalll checks
Bluffstopper bets 5775.00
Checkcalll calls 5775.00
*** TURN *** [6d 3d 8s] [7d]
Main pot 25600.00
Checkcalll checks
Bluffstopper checks
*** RIVER *** [6d 3d 8s 7d] [7h]
Main pot 25600.00
Checkcalll bets 6400.00
Bluffstopper calls 6400.00
*** SHOW DOWN ***
Main pot 38400.00
Checkcalll shows [4d 4s] (two pair, Sevens and Fours [7h 7d 4s 4d 8s])
Bluffstopper shows [9c 8c] (two pair, Eights and Sevens [8s 8c 7h 7d 9c])
Bluffstopper collected 38400.00 from main pot
*** SUMMARY ***
Total pot 38400.00
Board [6d 3d 8s 7d 7h]
Seat 1: RamiresRange (button) folded on the Pre-Flop
Seat 2: lipesticky (small blind) folded on the Pre-Flop
Seat 3: Checkcalll (big blind) showed [4d 4s] and lost with two pair, Sevens and Fours [7h 7d 4s 4d 8s]
Seat 4: IsmaelGabardo folded on the Pre-Flop and did not bet
Seat 5: THEGGOKER folded on the Pre-Flop and did not bet
Seat 6: Bluffstopper showed [9c 8c] and won 38400.00 with two pair, Eights and Sevens [8s 8c 7h 7d 9c]
Seat 7: cheremis12 folded on the Pre-Flop and did not bet
Seat 8: Th3Technician folded on the Pre-Flop and did not bet

Game Hand #2025272449 - Tournament #31082331 - Holdem (No Limit) - Level 5 (1250.00/2500.00)- 2024/02/12 16:48:38 UTC
Table '40' 8-max Seat #2 is the button
Seat 1: RamiresRange (120200.00)
Seat 2: lipesticky (462476.00)
Seat 3: Checkcalll (377806.00)
Seat 4: IsmaelGabardo (123600.00)
Seat 5: THEGGOKER (136000.00)
Seat 6: Bluffstopper (198137.00)
Seat 7: cheremis12 (118800.00)
Seat 8: Th3Technician (161941.00)
RamiresRange posts ante 350.00
lipesticky posts ante 350.00
Checkcalll posts ante 350.00
IsmaelGabardo posts ante 350.00
THEGGOKER posts ante 350.00
Bluffstopper posts ante 350.00
cheremis12 posts ante 350.00
Th3Technician posts ante 350.00
Checkcalll posts the small blind 1250.00
IsmaelGabardo posts the big blind 2500.00
*** HOLE CARDS ***
Main pot 2800.00
Dealt to lipesticky [Qc 7d]
THEGGOKER folds
Bluffstopper folds
cheremis12 folds
Th3Technician folds
RamiresRange folds
lipesticky folds
Checkcalll raises 7500.00 to 8750.00
IsmaelGabardo calls 6250.00
*** FLOP *** [6h 4d 5d]
Main pot 20300.00
Checkcalll bets 5075.00
IsmaelGabardo calls 5075.00
*** TURN *** [6h 4d 5d] [Jc]
Main pot 30450.00
Checkcalll checks
IsmaelGabardo bets 20097.00
Checkcalll calls 20097.00
*** RIVER *** [6h 4d 5d Jc] [Qd]
Main pot 70644.00
Checkcalll bets 8911.00
IsmaelGabardo raises 89328.00 to 89328.00 and is all-in
Checkcalll folds
Uncalled bet (80417.00) returned to IsmaelGabardo
IsmaelGabardo does not show
*** SUMMARY ***
Total pot 88466.00
Board [6h 4d 5d Jc Qd]
Seat 1: RamiresRange folded on the Pre-Flop and did not bet
Seat 2: lipesticky (button) folded on the Pre-Flop
Seat 3: Checkcalll (small blind) folded on the River
Seat 4: IsmaelGabardo did not show and won 88466.00
Seat 5: THEGGOKER folded on the Pre-Flop and did not bet
Seat 6: Bluffstopper folded on the Pre-Flop and did not bet
Seat 7: cheremis12 folded on the Pre-Flop and did not bet
Seat 8: Th3Technician folded on the Pre-Flop and did not bet

