Game Hand #2037902654 - Tournament #31238678 - Holdem (No Limit) - Level 2 (600.00/1200.00)- 2024/02/24 16:32:32 UTC
Table '1' 8-max Seat #2 is the button
Seat 1: SonicMonik (114621.00)
Seat 2: Boomvang (110180.00)
Seat 3: Sky4sail (95380.00)
Seat 4: IamPickleRick (131544.00)
Seat 5: 1sefire (99280.00)
Seat 6: lipesticky (100000.00)
Seat 7: hm nika (99140.00)
Seat 8: TraviensMcRoy (86646.00)
SonicMonik posts ante 180.00
Boomvang posts ante 180.00
Sky4sail posts ante 180.00
IamPickleRick posts ante 180.00
1sefire posts ante 180.00
lipesticky posts ante 180.00
hm nika posts ante 180.00
TraviensMcRoy posts ante 180.00
Sky4sail posts the small blind 600.00
IamPickleRick posts the big blind 1200.00
*** HOLE CARDS ***
Main pot 1440.00
Dealt to lipesticky [Ks 9c]
1sefire folds
lipesticky folds
hm nika raises 2400.00 to 2400.00
TraviensMcRoy folds
SonicMonik folds
Boomvang folds
Sky4sail folds
IamPickleRick calls 1200.00
*** FLOP *** [Kc 2h Kd]
Main pot 6840.00
IamPickleRick checks
hm nika bets 3420.00
IamPickleRick calls 3420.00
*** TURN *** [Kc 2h Kd] [Qh]
Main pot 13680.00
IamPickleRick checks
hm nika checks
*** RIVER *** [Kc 2h Kd Qh] [6d]
Main pot 13680.00
IamPickleRick checks
hm nika bets 4514.00
IamPickleRick folds
Uncalled bet (4514.00) returned to hm nika
hm nika does not show
*** SUMMARY ***
Total pot 13680.00
Board [Kc 2h Kd Qh 6d]
Seat 1: SonicMonik folded on the Pre-Flop and did not bet
Seat 2: Boomvang (button) folded on the Pre-Flop
Seat 3: Sky4sail (small blind) folded on the Pre-Flop
Seat 4: IamPickleRick (big blind) folded on the River
Seat 5: 1sefire folded on the Pre-Flop and did not bet
Seat 6: lipesticky folded on the Pre-Flop and did not bet
Seat 7: hm nika did not show and won 13680.00
Seat 8: TraviensMcRoy folded on the Pre-Flop and did not bet

Game Hand #2037903787 - Tournament #31238678 - Holdem (No Limit) - Level 2 (600.00/1200.00)- 2024/02/24 16:34:11 UTC
Table '1' 8-max Seat #3 is the button
Seat 1: SonicMonik (114441.00)
Seat 2: Boomvang (110000.00)
Seat 3: Sky4sail (94600.00)
Seat 4: IamPickleRick (125544.00)
Seat 5: 1sefire (99100.00)
Seat 6: lipesticky (99820.00)
Seat 7: hm nika (106820.00)
Seat 8: TraviensMcRoy (86466.00)
SonicMonik posts ante 180.00
Boomvang posts ante 180.00
Sky4sail posts ante 180.00
IamPickleRick posts ante 180.00
1sefire posts ante 180.00
lipesticky posts ante 180.00
hm nika posts ante 180.00
TraviensMcRoy posts ante 180.00
IamPickleRick posts the small blind 600.00
1sefire posts the big blind 1200.00
*** HOLE CARDS ***
Main pot 1440.00
Dealt to lipesticky [Kc Kd]
lipesticky raises 2520.00 to 2520.00
hm nika folds
TraviensMcRoy folds
SonicMonik raises 9000.00 to 9000.00
Boomvang folds
Sky4sail folds
IamPickleRick folds
1sefire folds
lipesticky raises 19980.00 to 22500.00
SonicMonik raises 105261.00 to 114261.00 and is all-in
lipesticky calls 77140.00 and is all-in
Uncalled bet (14621.00) returned to SonicMonik
*** FLOP *** [Qs Js 6h]
Main pot 202520.00
*** TURN *** [Qs Js 6h] [8s]
Main pot 202520.00
*** RIVER *** [Qs Js 6h 8s] [2h]
Main pot 202520.00
*** SHOW DOWN ***
Main pot 202520.00
SonicMonik shows [Ah Ac] (a pair of Aces [Ah Ac Qs Js 8s])
lipesticky shows [Kc Kd] (a pair of Kings [Kd Kc Qs Js 8s])
SonicMonik collected 202520.00 from main pot
*** SUMMARY ***
Total pot 202520.00
Board [Qs Js 6h 8s 2h]
Seat 1: SonicMonik showed [Ah Ac] and won 202520.00 with a pair of Aces [Ah Ac Qs Js 8s]
Seat 2: Boomvang folded on the Pre-Flop and did not bet
Seat 3: Sky4sail (button) folded on the Pre-Flop
Seat 4: IamPickleRick (small blind) folded on the Pre-Flop
Seat 5: 1sefire (big blind) folded on the Pre-Flop
Seat 6: lipesticky showed [Kc Kd] and lost with a pair of Kings [Kd Kc Qs Js 8s]
Seat 7: hm nika folded on the Pre-Flop and did not bet
Seat 8: TraviensMcRoy folded on the Pre-Flop and did not bet

