Game Hand #2029247746 - Tournament #31204185 - Holdem (No Limit) - Level 3 (750.00/1500.00)- 2024/02/16 16:47:40 UTC
Table '33' 8-max Seat #1 is the button
Seat 1: nicsigan (95470.00)
Seat 2: thespoke (118250.00)
Seat 3: BakuCommissar (104020.00)
Seat 4: JohnTextor (199220.00)
Seat 5: AguCabrera07 (96600.00)
Seat 6: BaiMax (192169.00)
Seat 7: iambot00 (85148.00)
Seat 8: lipesticky (100000.00)
nicsigan posts ante 200.00
thespoke posts ante 200.00
BakuCommissar posts ante 200.00
JohnTextor posts ante 200.00
AguCabrera07 posts ante 200.00
BaiMax posts ante 200.00
iambot00 posts ante 200.00
lipesticky posts ante 200.00
thespoke posts the small blind 750.00
BakuCommissar posts the big blind 1500.00
*** HOLE CARDS ***
Main pot 1600.00
Dealt to lipesticky [Jh 9c]
JohnTextor folds
AguCabrera07 folds
BaiMax folds
iambot00 folds
lipesticky raises 3150.00 to 3150.00
nicsigan folds
thespoke folds
BakuCommissar calls 1650.00
*** FLOP *** [Ts 4s Jc]
Main pot 8650.00
BakuCommissar checks
lipesticky bets 2105.00
BakuCommissar raises 14621.00 to 14621.00
lipesticky calls 12516.00
*** TURN *** [Ts 4s Jc] [9h]
Main pot 37892.00
BakuCommissar bets 86049.00 and is all-in
lipesticky calls 82029.00 and is all-in
Uncalled bet (4020.00) returned to BakuCommissar
*** RIVER *** [Ts 4s Jc 9h] [4c]
Main pot 201950.00
*** SHOW DOWN ***
Main pot 201950.00
BakuCommissar shows [7h 8h] (a straight, Jack high [Jc Ts 9h 8h 7h])
lipesticky shows [Jh 9c] (two pair, Jacks and Nines [Jh Jc 9h 9c Ts])
BakuCommissar collected 201950.00 from main pot
*** SUMMARY ***
Total pot 201950.00
Board [Ts 4s Jc 9h 4c]
Seat 1: nicsigan (button) folded on the Pre-Flop
Seat 2: thespoke (small blind) folded on the Pre-Flop
Seat 3: BakuCommissar (big blind) showed [7h 8h] and won 201950.00 with a straight, Jack high [Jc Ts 9h 8h 7h]
Seat 4: JohnTextor folded on the Pre-Flop and did not bet
Seat 5: AguCabrera07 folded on the Pre-Flop and did not bet
Seat 6: BaiMax folded on the Pre-Flop and did not bet
Seat 7: iambot00 folded on the Pre-Flop and did not bet
Seat 8: lipesticky showed [Jh 9c] and lost with two pair, Jacks and Nines [Jh Jc 9h 9c Ts]

