Game Hand #2017074385 - Tournament #31137323 - Holdem (No Limit) - Level 2 (600.00/1200.00)- 2024/02/04 17:01:51 UTC
Table '124' 8-max Seat #1 is the button
Seat 1: SteamTrader (125000.00)
Seat 2: AA_VAZ (125000.00)
Seat 3: norimyxxxo (125000.00)
Seat 4: crazylucky82 (125000.00)
Seat 5: rat root river (125000.00)
Seat 6: 1913Gbr (125000.00)
Seat 7: lipesticky (125000.00)
Seat 8: QuimEmpeno (125000.00)
SteamTrader posts ante 180.00
AA_VAZ posts ante 180.00
norimyxxxo posts ante 180.00
crazylucky82 posts ante 180.00
rat root river posts ante 180.00
1913Gbr posts ante 180.00
lipesticky posts ante 180.00
QuimEmpeno posts ante 180.00
AA_VAZ posts the small blind 600.00
norimyxxxo posts the big blind 1200.00
*** HOLE CARDS ***
Main pot 1440.00
Dealt to lipesticky [6s 4s]
crazylucky82 folds
rat root river folds
1913Gbr folds
lipesticky raises 2520.00 to 2520.00
QuimEmpeno folds
SteamTrader calls 2520.00
AA_VAZ raises 16440.00 to 17040.00
norimyxxxo folds
lipesticky folds
SteamTrader folds
Uncalled bet (14520.00) returned to AA_VAZ
AA_VAZ does not show
*** SUMMARY ***
Total pot 10200.00
Seat 1: SteamTrader (button) folded on the Pre-Flop
Seat 2: AA_VAZ did not show and won 10200.00
Seat 3: norimyxxxo (big blind) folded on the Pre-Flop
Seat 4: crazylucky82 folded on the Pre-Flop and did not bet
Seat 5: rat root river folded on the Pre-Flop and did not bet
Seat 6: 1913Gbr folded on the Pre-Flop and did not bet
Seat 7: lipesticky folded on the Pre-Flop and did not bet
Seat 8: QuimEmpeno folded on the Pre-Flop and did not bet

