Game Hand #2027240283 - Tournament #31082790 - Holdem (No Limit) - Level 3 (750.00/1500.00)- 2024/02/14 16:10:20 UTC
Table '20' 8-max Seat #3 is the button
Seat 1: voktv (85916.00)
Seat 2: ingush228 (174563.00)
Seat 3: Survivor39 (122310.00)
Seat 4: yaMica (243136.00)
Seat 5: Bibogam (168598.00)
Seat 6: jufepure1001 (124620.00)
Seat 7: Ungov3rnabl3 (121950.00)
Seat 8: lipesticky (125000.00)
voktv posts ante 200.00
ingush228 posts ante 200.00
Survivor39 posts ante 200.00
yaMica posts ante 200.00
Bibogam posts ante 200.00
jufepure1001 posts ante 200.00
Ungov3rnabl3 posts ante 200.00
lipesticky posts ante 200.00
yaMica posts the small blind 750.00
Bibogam posts the big blind 1500.00
*** HOLE CARDS ***
Main pot 1600.00
Dealt to lipesticky [Qh 6c]
jufepure1001 folds
Ungov3rnabl3 folds
lipesticky folds
voktv folds
ingush228 folds
Survivor39 folds
yaMica calls 750.00
Bibogam checks
*** FLOP *** [5s Td 9d]
Main pot 4600.00
yaMica bets 1500.00
Bibogam folds
Uncalled bet (1500.00) returned to yaMica
yaMica does not show
*** SUMMARY ***
Total pot 4600.00
Board [5s Td 9d]
Seat 1: voktv folded on the Pre-Flop and did not bet
Seat 2: ingush228 folded on the Pre-Flop and did not bet
Seat 3: Survivor39 (button) folded on the Pre-Flop
Seat 4: yaMica did not show and won 4600.00
Seat 5: Bibogam (big blind) folded on the Flop
Seat 6: jufepure1001 folded on the Pre-Flop and did not bet
Seat 7: Ungov3rnabl3 folded on the Pre-Flop and did not bet
Seat 8: lipesticky folded on the Pre-Flop and did not bet

Game Hand #2027240830 - Tournament #31082790 - Holdem (No Limit) - Level 3 (750.00/1500.00)- 2024/02/14 16:11:12 UTC
Table '20' 8-max Seat #4 is the button
Seat 1: voktv (85716.00)
Seat 2: ingush228 (174363.00)
Seat 3: Survivor39 (122110.00)
Seat 4: yaMica (246036.00)
Seat 5: Bibogam (166898.00)
Seat 6: jufepure1001 (124420.00)
Seat 7: Ungov3rnabl3 (121750.00)
Seat 8: lipesticky (124800.00)
voktv posts ante 200.00
ingush228 posts ante 200.00
Survivor39 posts ante 200.00
yaMica posts ante 200.00
Bibogam posts ante 200.00
jufepure1001 posts ante 200.00
Ungov3rnabl3 posts ante 200.00
lipesticky posts ante 200.00
Bibogam posts the small blind 750.00
jufepure1001 posts the big blind 1500.00
*** HOLE CARDS ***
Main pot 1600.00
Dealt to lipesticky [6d 2h]
Ungov3rnabl3 folds
lipesticky folds
voktv folds
ingush228 raises 3150.00 to 3150.00
Survivor39 folds
yaMica folds
Bibogam folds
jufepure1001 folds
Uncalled bet (1650.00) returned to ingush228
ingush228 does not show
*** SUMMARY ***
Total pot 5350.00
Seat 1: voktv folded on the Pre-Flop and did not bet
Seat 2: ingush228 did not show and won 5350.00
Seat 3: Survivor39 folded on the Pre-Flop and did not bet
Seat 4: yaMica (button) folded on the Pre-Flop
Seat 5: Bibogam (small blind) folded on the Pre-Flop
Seat 6: jufepure1001 (big blind) folded on the Pre-Flop
Seat 7: Ungov3rnabl3 folded on the Pre-Flop and did not bet
Seat 8: lipesticky folded on the Pre-Flop and did not bet

Game Hand #2027241223 - Tournament #31082790 - Holdem (No Limit) - Level 3 (750.00/1500.00)- 2024/02/14 16:11:47 UTC
Table '20' 8-max Seat #5 is the button
Seat 1: voktv (85516.00)
Seat 2: ingush228 (178013.00)
Seat 3: Survivor39 (121910.00)
Seat 4: yaMica (245836.00)
Seat 5: Bibogam (165948.00)
Seat 6: jufepure1001 (122720.00)
Seat 7: Ungov3rnabl3 (121550.00)
Seat 8: lipesticky (124600.00)
voktv posts ante 200.00
ingush228 posts ante 200.00
Survivor39 posts ante 200.00
yaMica posts ante 200.00
Bibogam posts ante 200.00
jufepure1001 posts ante 200.00
Ungov3rnabl3 posts ante 200.00
lipesticky posts ante 200.00
jufepure1001 posts the small blind 750.00
Ungov3rnabl3 posts the big blind 1500.00
*** HOLE CARDS ***
Main pot 1600.00
Dealt to lipesticky [9d 3h]
lipesticky folds
voktv folds
ingush228 folds
Survivor39 folds
yaMica folds
Bibogam folds
jufepure1001 raises 3150.00 to 3900.00
Ungov3rnabl3 calls 2400.00
*** FLOP *** [9s 9c 8d]
Main pot 9400.00
jufepure1001 checks
Ungov3rnabl3 checks
*** TURN *** [9s 9c 8d] [8c]
Main pot 9400.00
jufepure1001 bets 4700.00
Ungov3rnabl3 folds
Uncalled bet (4700.00) returned to jufepure1001
jufepure1001 does not show
*** SUMMARY ***
Total pot 9400.00
Board [9s 9c 8d 8c]
Seat 1: voktv folded on the Pre-Flop and did not bet
Seat 2: ingush228 folded on the Pre-Flop and did not bet
Seat 3: Survivor39 folded on the Pre-Flop and did not bet
Seat 4: yaMica folded on the Pre-Flop and did not bet
Seat 5: Bibogam (button) folded on the Pre-Flop
Seat 6: jufepure1001 did not show and won 9400.00
Seat 7: Ungov3rnabl3 (big blind) folded on the Turn
Seat 8: lipesticky folded on the Pre-Flop and did not bet

Game Hand #2027242093 - Tournament #31082790 - Holdem (No Limit) - Level 3 (750.00/1500.00)- 2024/02/14 16:13:09 UTC
Table '20' 8-max Seat #6 is the button
Seat 1: voktv (85316.00)
Seat 2: ingush228 (177813.00)
Seat 3: Survivor39 (121710.00)
Seat 4: yaMica (245636.00)
Seat 5: Bibogam (165748.00)
Seat 6: jufepure1001 (128020.00)
Seat 7: Ungov3rnabl3 (117450.00)
Seat 8: lipesticky (124400.00)
voktv posts ante 200.00
ingush228 posts ante 200.00
Survivor39 posts ante 200.00
yaMica posts ante 200.00
Bibogam posts ante 200.00
jufepure1001 posts ante 200.00
Ungov3rnabl3 posts ante 200.00
lipesticky posts ante 200.00
Ungov3rnabl3 posts the small blind 750.00
lipesticky posts the big blind 1500.00
*** HOLE CARDS ***
Main pot 1600.00
Dealt to lipesticky [Jh Th]
voktv folds
ingush228 folds
Survivor39 folds
yaMica raises 4500.00 to 4500.00
Bibogam folds
jufepure1001 calls 4500.00
Ungov3rnabl3 folds
lipesticky calls 3000.00
*** FLOP *** [8h Qh Jd]
Main pot 15850.00
lipesticky checks
yaMica checks
jufepure1001 bets 5231.00
lipesticky raises 19703.00 to 19703.00
yaMica folds
jufepure1001 folds
Uncalled bet (14472.00) returned to lipesticky
lipesticky does not show
*** SUMMARY ***
Total pot 26312.00
Board [8h Qh Jd]
Seat 1: voktv folded on the Pre-Flop and did not bet
Seat 2: ingush228 folded on the Pre-Flop and did not bet
Seat 3: Survivor39 folded on the Pre-Flop and did not bet
Seat 4: yaMica folded on the Flop
Seat 5: Bibogam folded on the Pre-Flop and did not bet
Seat 6: jufepure1001 (button) folded on the Flop
Seat 7: Ungov3rnabl3 (small blind) folded on the Pre-Flop
Seat 8: lipesticky did not show and won 26312.00

Game Hand #2027243128 - Tournament #31082790 - Holdem (No Limit) - Level 3 (750.00/1500.00)- 2024/02/14 16:14:48 UTC
Table '20' 8-max Seat #7 is the button
Seat 1: voktv (85116.00)
Seat 2: ingush228 (177613.00)
Seat 3: Survivor39 (121510.00)
Seat 4: yaMica (240936.00)
Seat 5: Bibogam (165548.00)
Seat 6: jufepure1001 (118089.00)
Seat 7: Ungov3rnabl3 (116500.00)
Seat 8: lipesticky (140781.00)
voktv posts ante 200.00
ingush228 posts ante 200.00
Survivor39 posts ante 200.00
yaMica posts ante 200.00
Bibogam posts ante 200.00
jufepure1001 posts ante 200.00
Ungov3rnabl3 posts ante 200.00
lipesticky posts ante 200.00
lipesticky posts the small blind 750.00
voktv posts the big blind 1500.00
*** HOLE CARDS ***
Main pot 1600.00
Dealt to lipesticky [Td 8c]
ingush228 folds
Survivor39 folds
yaMica folds
Bibogam folds
jufepure1001 raises 3450.00 to 3450.00
Ungov3rnabl3 folds
lipesticky folds
voktv calls 1950.00
*** FLOP *** [Jd 2c Js]
Main pot 9250.00
voktv checks
jufepure1001 bets 3053.00
voktv calls 3053.00
*** TURN *** [Jd 2c Js] [9c]
Main pot 15356.00
voktv checks
jufepure1001 bets 7678.00
voktv calls 7678.00
*** RIVER *** [Jd 2c Js 9c] [6h]
Main pot 30712.00
voktv checks
jufepure1001 bets 20270.00
voktv folds
Uncalled bet (20270.00) returned to jufepure1001
jufepure1001 does not show
*** SUMMARY ***
Total pot 30712.00
Board [Jd 2c Js 9c 6h]
Seat 1: voktv (big blind) folded on the River
Seat 2: ingush228 folded on the Pre-Flop and did not bet
Seat 3: Survivor39 folded on the Pre-Flop and did not bet
Seat 4: yaMica folded on the Pre-Flop and did not bet
Seat 5: Bibogam folded on the Pre-Flop and did not bet
Seat 6: jufepure1001 did not show and won 30712.00
Seat 7: Ungov3rnabl3 (button) folded on the Pre-Flop
Seat 8: lipesticky (small blind) folded on the Pre-Flop

Game Hand #2027244272 - Tournament #31082790 - Holdem (No Limit) - Level 3 (750.00/1500.00)- 2024/02/14 16:16:40 UTC
Table '20' 8-max Seat #8 is the button
Seat 1: voktv (70735.00)
Seat 2: ingush228 (177413.00)
Seat 3: Survivor39 (121310.00)
Seat 4: yaMica (240736.00)
Seat 5: Bibogam (165348.00)
Seat 6: jufepure1001 (134420.00)
Seat 7: Ungov3rnabl3 (116300.00)
Seat 8: lipesticky (139831.00)
voktv posts ante 200.00
ingush228 posts ante 200.00
Survivor39 posts ante 200.00
yaMica posts ante 200.00
Bibogam posts ante 200.00
jufepure1001 posts ante 200.00
Ungov3rnabl3 posts ante 200.00
lipesticky posts ante 200.00
voktv posts the small blind 750.00
ingush228 posts the big blind 1500.00
*** HOLE CARDS ***
Main pot 1600.00
Dealt to lipesticky [Qc 6s]
Survivor39 folds
yaMica raises 4500.00 to 4500.00
Bibogam folds
jufepure1001 folds
Ungov3rnabl3 folds
lipesticky folds
voktv folds
ingush228 calls 3000.00
*** FLOP *** [8c 9s 3d]
Main pot 11350.00
ingush228 checks
yaMica bets 3746.00
ingush228 calls 3746.00
*** TURN *** [8c 9s 3d] [Ac]
Main pot 18842.00
ingush228 checks
yaMica bets 12436.00
ingush228 calls 12436.00
*** RIVER *** [8c 9s 3d Ac] [Jh]
Main pot 43714.00
ingush228 checks
yaMica checks
*** SHOW DOWN ***
Main pot 43714.00
ingush228 shows [9d Ts] (a pair of Nines [9s 9d Ac Jh Ts])
yaMica shows [Qd Jc] (a pair of Jacks [Jh Jc Ac Qd 9s])
yaMica collected 43714.00 from main pot
*** SUMMARY ***
Total pot 43714.00
Board [8c 9s 3d Ac Jh]
Seat 1: voktv (small blind) folded on the Pre-Flop
Seat 2: ingush228 (big blind) showed [9d Ts] and lost with a pair of Nines [9s 9d Ac Jh Ts]
Seat 3: Survivor39 folded on the Pre-Flop and did not bet
Seat 4: yaMica showed [Qd Jc] and won 43714.00 with a pair of Jacks [Jh Jc Ac Qd 9s]
Seat 5: Bibogam folded on the Pre-Flop and did not bet
Seat 6: jufepure1001 folded on the Pre-Flop and did not bet
Seat 7: Ungov3rnabl3 folded on the Pre-Flop and did not bet
Seat 8: lipesticky (button) folded on the Pre-Flop

Game Hand #2027245027 - Tournament #31082790 - Holdem (No Limit) - Level 3 (750.00/1500.00)- 2024/02/14 16:17:50 UTC
Table '20' 8-max Seat #1 is the button
Seat 1: voktv (69785.00)
Seat 2: ingush228 (156531.00)
Seat 3: Survivor39 (121110.00)
Seat 4: yaMica (263568.00)
Seat 5: Bibogam (165148.00)
Seat 6: jufepure1001 (134220.00)
Seat 7: Ungov3rnabl3 (116100.00)
Seat 8: lipesticky (139631.00)
voktv posts ante 200.00
ingush228 posts ante 200.00
Survivor39 posts ante 200.00
yaMica posts ante 200.00
Bibogam posts ante 200.00
jufepure1001 posts ante 200.00
Ungov3rnabl3 posts ante 200.00
lipesticky posts ante 200.00
ingush228 posts the small blind 750.00
Survivor39 posts the big blind 1500.00
*** HOLE CARDS ***
Main pot 1600.00
Dealt to lipesticky [Kd 6d]
yaMica raises 4500.00 to 4500.00
Bibogam folds
jufepure1001 raises 13500.00 to 13500.00
Ungov3rnabl3 folds
lipesticky folds
voktv folds
ingush228 folds
Survivor39 folds
yaMica calls 9000.00
*** FLOP *** [Jd 2c Qc]
Main pot 30850.00
yaMica checks
jufepure1001 bets 10181.00
yaMica calls 10181.00
*** TURN *** [Jd 2c Qc] [2s]
Main pot 51212.00
yaMica checks
jufepure1001 bets 33800.00
yaMica raises 239687.00 to 239687.00 and is all-in
jufepure1001 calls 76539.00 and is all-in
Uncalled bet (129348.00) returned to yaMica
*** RIVER *** [Jd 2c Qc 2s] [2d]
Main pot 271890.00
*** SHOW DOWN ***
Main pot 271890.00
yaMica shows [Js Qs] (a full house, Deuces full of Queens [2s 2d 2c Qs Qc])
jufepure1001 shows [Ad As] (a full house, Deuces full of Aces [2s 2d 2c As Ad])
jufepure1001 collected 271890.00 from main pot
*** SUMMARY ***
Total pot 271890.00
Board [Jd 2c Qc 2s 2d]
Seat 1: voktv (button) folded on the Pre-Flop
Seat 2: ingush228 (small blind) folded on the Pre-Flop
Seat 3: Survivor39 (big blind) folded on the Pre-Flop
Seat 4: yaMica showed [Js Qs] and lost with a full house, Deuces full of Queens [2s 2d 2c Qs Qc]
Seat 5: Bibogam folded on the Pre-Flop and did not bet
Seat 6: jufepure1001 showed [Ad As] and won 271890.00 with a full house, Deuces full of Aces [2s 2d 2c As Ad]
Seat 7: Ungov3rnabl3 folded on the Pre-Flop and did not bet
Seat 8: lipesticky folded on the Pre-Flop and did not bet

Game Hand #2027246521 - Tournament #31082790 - Holdem (No Limit) - Level 3 (750.00/1500.00)- 2024/02/14 16:20:08 UTC
Table '20' 8-max Seat #2 is the button
Seat 1: voktv (69585.00)
Seat 5: Bibogam (164948.00)
Seat 7: Ungov3rnabl3 (115900.00)
Seat 8: lipesticky (139431.00)
voktv posts ante 200.00
Bibogam posts ante 200.00
Ungov3rnabl3 posts ante 200.00
lipesticky posts ante 200.00
Bibogam posts the big blind 1500.00
*** HOLE CARDS ***
Main pot 800.00
Dealt to lipesticky [3s As]
Ungov3rnabl3 raises 3000.00 to 3000.00
lipesticky raises 9750.00 to 9750.00
voktv folds
Bibogam folds
Ungov3rnabl3 raises 20250.00 to 23250.00
lipesticky calls 13500.00
*** FLOP *** [7s 9c 2h]
Main pot 48800.00
Ungov3rnabl3 bets 12200.00
lipesticky calls 12200.00
*** TURN *** [7s 9c 2h] [3c]
Main pot 73200.00
Ungov3rnabl3 bets 80250.00 and is all-in
lipesticky calls 80250.00
*** RIVER *** [7s 9c 2h 3c] [8d]
Main pot 233700.00
*** SHOW DOWN ***
Main pot 233700.00
Ungov3rnabl3 shows [Qs Qc] (a pair of Queens [Qs Qc 9c 8d 7s])
lipesticky shows [3s As] (a pair of Threes [3s 3c As 9c 8d])
Ungov3rnabl3 collected 233700.00 from main pot
*** SUMMARY ***
Total pot 233700.00
Board [7s 9c 2h 3c 8d]
Seat 1: voktv folded on the Pre-Flop and did not bet
Seat 5: Bibogam (big blind) folded on the Pre-Flop
Seat 7: Ungov3rnabl3 showed [Qs Qc] and won 233700.00 with a pair of Queens [Qs Qc 9c 8d 7s]
Seat 8: lipesticky showed [3s As] and lost with a pair of Threes [3s 3c As 9c 8d]

Game Hand #2027247997 - Tournament #31082790 - Holdem (No Limit) - Level 3 (750.00/1500.00)- 2024/02/14 16:22:12 UTC
Table '20' 8-max Seat #3 is the button
Seat 1: voktv (69385.00)
Seat 2: ThugLife96 (125000.00)
Seat 5: Bibogam (163248.00)
Seat 7: Ungov3rnabl3 (233700.00)
Seat 8: lipesticky (23531.00)
voktv posts ante 200.00
ThugLife96 posts ante 200.00
Bibogam posts ante 200.00
Ungov3rnabl3 posts ante 200.00
lipesticky posts ante 200.00
Bibogam posts the small blind 750.00
Ungov3rnabl3 posts the big blind 1500.00
*** HOLE CARDS ***
Main pot 1000.00
Dealt to lipesticky [Ad Jh]
lipesticky raises 23331.00 to 23331.00 and is all-in
voktv folds
ThugLife96 folds
Bibogam folds
Ungov3rnabl3 calls 21831.00
*** FLOP *** [Jc 4h 2h]
Main pot 48412.00
*** TURN *** [Jc 4h 2h] [8s]
Main pot 48412.00
*** RIVER *** [Jc 4h 2h 8s] [7s]
Main pot 48412.00
*** SHOW DOWN ***
Main pot 48412.00
Ungov3rnabl3 shows [Jd Ah] (a pair of Jacks [Jd Jc Ah 8s 7s])
lipesticky shows [Ad Jh] (a pair of Jacks [Jh Jc Ad 8s 7s])
Ungov3rnabl3 collected 24206.00 from main pot
lipesticky collected 24206.00 from main pot
*** SUMMARY ***
Total pot 48412.00
Board [Jc 4h 2h 8s 7s]
Seat 1: voktv folded on the Pre-Flop and did not bet
Seat 2: ThugLife96 folded on the Pre-Flop and did not bet
Seat 5: Bibogam (small blind) folded on the Pre-Flop
Seat 7: Ungov3rnabl3 (big blind) showed [Jd Ah] and won 24206.00 with a pair of Jacks [Jd Jc Ah 8s 7s]
Seat 8: lipesticky showed [Ad Jh] and won 24206.00 with a pair of Jacks [Jh Jc Ad 8s 7s]

Game Hand #2027248487 - Tournament #31082790 - Holdem (No Limit) - Level 4 (1000.00/2000.00)- 2024/02/14 16:22:52 UTC
Table '20' 8-max Seat #5 is the button
Seat 2: ThugLife96 (124800.00)
Seat 3: bomj (168638.00)
Seat 4: iglukin (137670.00)
Seat 5: Bibogam (162298.00)
Seat 6: queota? will be allowed to play after the button
Seat 7: Ungov3rnabl3 (234375.00)
Seat 8: lipesticky (24206.00)
ThugLife96 posts ante 300.00
bomj posts ante 300.00
iglukin posts ante 300.00
Bibogam posts ante 300.00
Ungov3rnabl3 posts ante 300.00
lipesticky posts ante 300.00
Ungov3rnabl3 posts the small blind 1000.00
lipesticky posts the big blind 2000.00
*** HOLE CARDS ***
Main pot 1800.00
Dealt to lipesticky [2d 9s]
ThugLife96 folds
bomj folds
iglukin raises 4000.00 to 4000.00
Bibogam raises 10000.00 to 10000.00
Ungov3rnabl3 folds
lipesticky folds
iglukin raises 21000.00 to 25000.00
Bibogam raises 151998.00 to 161998.00 and is all-in
iglukin folds
Uncalled bet (136998.00) returned to Bibogam
Bibogam does not show
*** SUMMARY ***
Total pot 54800.00
Seat 2: ThugLife96 folded on the Pre-Flop and did not bet
Seat 3: bomj folded on the Pre-Flop and did not bet
Seat 4: iglukin folded on the Pre-Flop and did not bet
Seat 5: Bibogam did not show and won 54800.00
Seat 7: Ungov3rnabl3 (small blind) folded on the Pre-Flop
Seat 8: lipesticky (big blind) folded on the Pre-Flop

Game Hand #2027249239 - Tournament #31082790 - Holdem (No Limit) - Level 4 (1000.00/2000.00)- 2024/02/14 16:23:55 UTC
Table '20' 8-max Seat #7 is the button
Seat 2: ThugLife96 (124500.00)
Seat 3: bomj (168338.00)
Seat 4: iglukin (112370.00)
Seat 5: Bibogam (191798.00)
Seat 6: queota? (125000.00)
Seat 7: Ungov3rnabl3 (233075.00)
Seat 8: lipesticky (21906.00)
ThugLife96 posts ante 300.00
bomj posts ante 300.00
iglukin posts ante 300.00
Bibogam posts ante 300.00
queota? posts ante 300.00
Ungov3rnabl3 posts ante 300.00
lipesticky posts ante 300.00
lipesticky posts the small blind 1000.00
ThugLife96 posts the big blind 2000.00
*** HOLE CARDS ***
Main pot 2100.00
Dealt to lipesticky [Kc Js]
bomj folds
iglukin raises 4000.00 to 4000.00
Bibogam folds
queota? folds
Ungov3rnabl3 folds
lipesticky calls 3000.00
ThugLife96 folds
*** FLOP *** [Ts 8h Ac]
Main pot 12100.00
lipesticky checks
iglukin bets 2000.00
lipesticky calls 2000.00
*** TURN *** [Ts 8h Ac] [Ah]
Main pot 16100.00
lipesticky checks
iglukin checks
*** RIVER *** [Ts 8h Ac Ah] [4c]
Main pot 16100.00
lipesticky checks
iglukin checks
*** SHOW DOWN ***
Main pot 16100.00
iglukin shows [8d Jd] (two pair, Aces and Eights [Ah Ac 8h 8d Jd])
lipesticky shows [Kc Js] (a pair of Aces [Ah Ac Kc Js Ts])
iglukin collected 16100.00 from main pot
*** SUMMARY ***
Total pot 16100.00
Board [Ts 8h Ac Ah 4c]
Seat 2: ThugLife96 (big blind) folded on the Pre-Flop
Seat 3: bomj folded on the Pre-Flop and did not bet
Seat 4: iglukin showed [8d Jd] and won 16100.00 with two pair, Aces and Eights [Ah Ac 8h 8d Jd]
Seat 5: Bibogam folded on the Pre-Flop and did not bet
Seat 6: queota? folded on the Pre-Flop and did not bet
Seat 7: Ungov3rnabl3 (button) folded on the Pre-Flop
Seat 8: lipesticky (small blind) showed [Kc Js] and lost with a pair of Aces [Ah Ac Kc Js Ts]

Game Hand #2027250392 - Tournament #31082790 - Holdem (No Limit) - Level 4 (1000.00/2000.00)- 2024/02/14 16:25:34 UTC
Table '20' 8-max Seat #8 is the button
Seat 1: Wakka147 will be allowed to play after the button
Seat 2: ThugLife96 (122200.00)
Seat 3: bomj (168038.00)
Seat 4: iglukin (122170.00)
Seat 5: Bibogam (191498.00)
Seat 6: queota? (124700.00)
Seat 7: Ungov3rnabl3 (232775.00)
Seat 8: lipesticky (15606.00)
ThugLife96 posts ante 300.00
bomj posts ante 300.00
iglukin posts ante 300.00
Bibogam posts ante 300.00
queota? posts ante 300.00
Ungov3rnabl3 posts ante 300.00
lipesticky posts ante 300.00
ThugLife96 posts the small blind 1000.00
bomj posts the big blind 2000.00
*** HOLE CARDS ***
Main pot 2100.00
Dealt to lipesticky [4h 7h]
iglukin folds
Bibogam folds
queota? folds
Ungov3rnabl3 raises 4000.00 to 4000.00
lipesticky folds
ThugLife96 folds
bomj calls 2000.00
*** FLOP *** [3s 2c 3h]
Main pot 11100.00
bomj checks
Ungov3rnabl3 bets 2000.00
bomj calls 2000.00
*** TURN *** [3s 2c 3h] [4s]
Main pot 15100.00
bomj checks
Ungov3rnabl3 checks
*** RIVER *** [3s 2c 3h 4s] [9c]
Main pot 15100.00
bomj bets 11325.00
Ungov3rnabl3 folds
Uncalled bet (11325.00) returned to bomj
bomj does not show
*** SUMMARY ***
Total pot 15100.00
Board [3s 2c 3h 4s 9c]
Seat 2: ThugLife96 (small blind) folded on the Pre-Flop
Seat 3: bomj did not show and won 15100.00
Seat 4: iglukin folded on the Pre-Flop and did not bet
Seat 5: Bibogam folded on the Pre-Flop and did not bet
Seat 6: queota? folded on the Pre-Flop and did not bet
Seat 7: Ungov3rnabl3 folded on the River
Seat 8: lipesticky (button) folded on the Pre-Flop

