Game Hand #2017075408 - Tournament #31137323 - Holdem (No Limit) - Level 2 (600.00/1200.00)- 2024/02/04 17:02:53 UTC
Table '124' 8-max Seat #2 is the button
Seat 1: SteamTrader (122300.00)
Seat 2: AA_VAZ (132500.00)
Seat 3: norimyxxxo (123620.00)
Seat 4: crazylucky82 (124820.00)
Seat 5: rat root river (124820.00)
Seat 6: 1913Gbr (124820.00)
Seat 7: lipesticky (122300.00)
Seat 8: QuimEmpeno (124820.00)
SteamTrader posts ante 180.00
AA_VAZ posts ante 180.00
norimyxxxo posts ante 180.00
crazylucky82 posts ante 180.00
rat root river posts ante 180.00
1913Gbr posts ante 180.00
lipesticky posts ante 180.00
QuimEmpeno posts ante 180.00
norimyxxxo posts the small blind 600.00
crazylucky82 posts the big blind 1200.00
*** HOLE CARDS ***
Main pot 1440.00
Dealt to lipesticky [6s 6h]
rat root river folds
1913Gbr raises 2400.00 to 2400.00
lipesticky calls 2400.00
QuimEmpeno calls 2400.00
SteamTrader calls 2400.00
AA_VAZ raises 14400.00 to 14400.00
norimyxxxo folds
crazylucky82 folds
1913Gbr folds
lipesticky calls 12000.00
QuimEmpeno calls 12000.00
SteamTrader calls 12000.00
*** FLOP *** [5h 9s Jd]
Main pot 63240.00
lipesticky checks
QuimEmpeno checks
SteamTrader checks
AA_VAZ checks
*** TURN *** [5h 9s Jd] [Jc]
Main pot 63240.00
lipesticky checks
QuimEmpeno checks
SteamTrader checks
AA_VAZ bets 24469.00
lipesticky folds
QuimEmpeno folds
SteamTrader folds
Uncalled bet (24469.00) returned to AA_VAZ
AA_VAZ does not show
*** SUMMARY ***
Total pot 63240.00
Board [5h 9s Jd Jc]
Seat 1: SteamTrader folded on the Turn
Seat 2: AA_VAZ did not show and won 63240.00
Seat 3: norimyxxxo (small blind) folded on the Pre-Flop
Seat 4: crazylucky82 (big blind) folded on the Pre-Flop
Seat 5: rat root river folded on the Pre-Flop and did not bet
Seat 6: 1913Gbr folded on the Pre-Flop and did not bet
Seat 7: lipesticky folded on the Turn
Seat 8: QuimEmpeno folded on the Turn

Game Hand #2017078070 - Tournament #31137323 - Holdem (No Limit) - Level 2 (600.00/1200.00)- 2024/02/04 17:05:31 UTC
Table '124' 8-max Seat #3 is the button
Seat 1: SteamTrader (107720.00)
Seat 2: AA_VAZ (181160.00)
Seat 3: norimyxxxo (122840.00)
Seat 4: crazylucky82 (123440.00)
Seat 5: rat root river (124640.00)
Seat 6: 1913Gbr (122240.00)
Seat 7: lipesticky (107720.00)
Seat 8: QuimEmpeno (110240.00)
SteamTrader posts ante 180.00
AA_VAZ posts ante 180.00
norimyxxxo posts ante 180.00
crazylucky82 posts ante 180.00
rat root river posts ante 180.00
1913Gbr posts ante 180.00
lipesticky posts ante 180.00
QuimEmpeno posts ante 180.00
crazylucky82 posts the small blind 600.00
rat root river posts the big blind 1200.00
*** HOLE CARDS ***
Main pot 1440.00
Dealt to lipesticky [5c 5d]
1913Gbr folds
lipesticky raises 2520.00 to 2520.00
QuimEmpeno folds
SteamTrader folds
AA_VAZ folds
norimyxxxo folds
crazylucky82 folds
rat root river calls 1320.00
*** FLOP *** [Ts 4h Ah]
Main pot 7080.00
rat root river checks
lipesticky bets 2336.00
rat root river folds
Uncalled bet (2336.00) returned to lipesticky
lipesticky does not show
*** SUMMARY ***
Total pot 7080.00
Board [Ts 4h Ah]
Seat 1: SteamTrader folded on the Pre-Flop and did not bet
Seat 2: AA_VAZ folded on the Pre-Flop and did not bet
Seat 3: norimyxxxo (button) folded on the Pre-Flop
Seat 4: crazylucky82 (small blind) folded on the Pre-Flop
Seat 5: rat root river (big blind) folded on the Flop
Seat 6: 1913Gbr folded on the Pre-Flop and did not bet
Seat 7: lipesticky did not show and won 7080.00
Seat 8: QuimEmpeno folded on the Pre-Flop and did not bet

Game Hand #2017079952 - Tournament #31137323 - Holdem (No Limit) - Level 2 (600.00/1200.00)- 2024/02/04 17:06:55 UTC
Table '124' 8-max Seat #4 is the button
Seat 1: SteamTrader (107540.00)
Seat 2: AA_VAZ (180980.00)
Seat 3: norimyxxxo (122660.00)
Seat 4: crazylucky82 (122660.00)
Seat 5: rat root river (121940.00)
Seat 6: 1913Gbr (122060.00)
Seat 7: lipesticky (112100.00)
Seat 8: QuimEmpeno (110060.00)
SteamTrader posts ante 180.00
AA_VAZ posts ante 180.00
norimyxxxo posts ante 180.00
crazylucky82 posts ante 180.00
rat root river posts ante 180.00
1913Gbr posts ante 180.00
lipesticky posts ante 180.00
QuimEmpeno posts ante 180.00
rat root river posts the small blind 600.00
1913Gbr posts the big blind 1200.00
*** HOLE CARDS ***
Main pot 1440.00
Dealt to lipesticky [4c 8d]
lipesticky folds
QuimEmpeno raises 2400.00 to 2400.00
SteamTrader folds
AA_VAZ folds
norimyxxxo folds
crazylucky82 folds
rat root river folds
1913Gbr calls 1200.00
*** FLOP *** [Kd Jd Ah]
Main pot 6840.00
1913Gbr checks
QuimEmpeno bets 2257.00
1913Gbr calls 2257.00
*** TURN *** [Kd Jd Ah] [3s]
Main pot 11354.00
1913Gbr checks
QuimEmpeno bets 8516.00
1913Gbr folds
Uncalled bet (8516.00) returned to QuimEmpeno
QuimEmpeno does not show
*** SUMMARY ***
Total pot 11354.00
Board [Kd Jd Ah 3s]
Seat 1: SteamTrader folded on the Pre-Flop and did not bet
Seat 2: AA_VAZ folded on the Pre-Flop and did not bet
Seat 3: norimyxxxo folded on the Pre-Flop and did not bet
Seat 4: crazylucky82 (button) folded on the Pre-Flop
Seat 5: rat root river (small blind) folded on the Pre-Flop
Seat 6: 1913Gbr (big blind) folded on the Turn
Seat 7: lipesticky folded on the Pre-Flop and did not bet
Seat 8: QuimEmpeno did not show and won 11354.00

Game Hand #2017081560 - Tournament #31137323 - Holdem (No Limit) - Level 2 (600.00/1200.00)- 2024/02/04 17:08:08 UTC
Table '124' 8-max Seat #5 is the button
Seat 1: SteamTrader (107360.00)
Seat 2: AA_VAZ (180800.00)
Seat 3: norimyxxxo (122480.00)
Seat 4: crazylucky82 (122480.00)
Seat 5: rat root river (121160.00)
Seat 6: 1913Gbr (117223.00)
Seat 7: lipesticky (111920.00)
Seat 8: QuimEmpeno (116577.00)
SteamTrader posts ante 180.00
AA_VAZ posts ante 180.00
norimyxxxo posts ante 180.00
crazylucky82 posts ante 180.00
rat root river posts ante 180.00
1913Gbr posts ante 180.00
lipesticky posts ante 180.00
QuimEmpeno posts ante 180.00
1913Gbr posts the small blind 600.00
lipesticky posts the big blind 1200.00
*** HOLE CARDS ***
Main pot 1440.00
Dealt to lipesticky [8s Ad]
QuimEmpeno raises 2520.00 to 2520.00
SteamTrader folds
AA_VAZ folds
norimyxxxo folds
crazylucky82 folds
rat root river folds
1913Gbr folds
lipesticky calls 1320.00
*** FLOP *** [Tc Js 2s]
Main pot 7080.00
lipesticky checks
QuimEmpeno bets 2336.00
lipesticky folds
Uncalled bet (2336.00) returned to QuimEmpeno
QuimEmpeno does not show
*** SUMMARY ***
Total pot 7080.00
Board [Tc Js 2s]
Seat 1: SteamTrader folded on the Pre-Flop and did not bet
Seat 2: AA_VAZ folded on the Pre-Flop and did not bet
Seat 3: norimyxxxo folded on the Pre-Flop and did not bet
Seat 4: crazylucky82 folded on the Pre-Flop and did not bet
Seat 5: rat root river (button) folded on the Pre-Flop
Seat 6: 1913Gbr (small blind) folded on the Pre-Flop
Seat 7: lipesticky (big blind) folded on the Flop
Seat 8: QuimEmpeno did not show and won 7080.00

Game Hand #2017082937 - Tournament #31137323 - Holdem (No Limit) - Level 2 (600.00/1200.00)- 2024/02/04 17:09:12 UTC
Table '124' 8-max Seat #6 is the button
Seat 1: SteamTrader (107180.00)
Seat 2: AA_VAZ (180620.00)
Seat 3: norimyxxxo (122300.00)
Seat 4: crazylucky82 (122300.00)
Seat 5: rat root river (120980.00)
Seat 6: 1913Gbr (116443.00)
Seat 7: lipesticky (109220.00)
Seat 8: QuimEmpeno (120957.00)
SteamTrader posts ante 180.00
AA_VAZ posts ante 180.00
norimyxxxo posts ante 180.00
crazylucky82 posts ante 180.00
rat root river posts ante 180.00
1913Gbr posts ante 180.00
lipesticky posts ante 180.00
QuimEmpeno posts ante 180.00
lipesticky posts the small blind 600.00
QuimEmpeno posts the big blind 1200.00
*** HOLE CARDS ***
Main pot 1440.00
Dealt to lipesticky [2s As]
SteamTrader folds
AA_VAZ folds
norimyxxxo folds
crazylucky82 folds
rat root river folds
1913Gbr raises 2400.00 to 2400.00
lipesticky calls 1800.00
QuimEmpeno folds
*** FLOP *** [8s Qc 6s]
Main pot 7440.00
lipesticky checks
1913Gbr bets 4910.00
lipesticky calls 4910.00
*** TURN *** [8s Qc 6s] [5d]
Main pot 17260.00
lipesticky checks
1913Gbr checks
*** RIVER *** [8s Qc 6s 5d] [Kc]
Main pot 17260.00
lipesticky bets 4496.00
1913Gbr folds
Uncalled bet (4496.00) returned to lipesticky
lipesticky does not show
*** SUMMARY ***
Total pot 17260.00
Board [8s Qc 6s 5d Kc]
Seat 1: SteamTrader folded on the Pre-Flop and did not bet
Seat 2: AA_VAZ folded on the Pre-Flop and did not bet
Seat 3: norimyxxxo folded on the Pre-Flop and did not bet
Seat 4: crazylucky82 folded on the Pre-Flop and did not bet
Seat 5: rat root river folded on the Pre-Flop and did not bet
Seat 6: 1913Gbr (button) folded on the River
Seat 7: lipesticky did not show and won 17260.00
Seat 8: QuimEmpeno (big blind) folded on the Pre-Flop

Game Hand #2017084851 - Tournament #31137323 - Holdem (No Limit) - Level 2 (600.00/1200.00)- 2024/02/04 17:10:39 UTC
Table '124' 8-max Seat #7 is the button
Seat 1: SteamTrader (107000.00)
Seat 2: AA_VAZ (180440.00)
Seat 3: norimyxxxo (122120.00)
Seat 4: crazylucky82 (122120.00)
Seat 5: rat root river (120800.00)
Seat 6: 1913Gbr (108953.00)
Seat 7: lipesticky (118990.00)
Seat 8: QuimEmpeno (119577.00)
SteamTrader posts ante 180.00
AA_VAZ posts ante 180.00
norimyxxxo posts ante 180.00
crazylucky82 posts ante 180.00
rat root river posts ante 180.00
1913Gbr posts ante 180.00
lipesticky posts ante 180.00
QuimEmpeno posts ante 180.00
QuimEmpeno posts the small blind 600.00
SteamTrader posts the big blind 1200.00
*** HOLE CARDS ***
Main pot 1440.00
Dealt to lipesticky [2h 4c]
AA_VAZ raises 2400.00 to 2400.00
norimyxxxo folds
crazylucky82 folds
rat root river folds
1913Gbr folds
lipesticky folds
QuimEmpeno folds
SteamTrader calls 1200.00
*** FLOP *** [2c 7d 4h]
Main pot 6840.00
SteamTrader checks
AA_VAZ bets 2257.00
SteamTrader folds
Uncalled bet (2257.00) returned to AA_VAZ
AA_VAZ does not show
*** SUMMARY ***
Total pot 6840.00
Board [2c 7d 4h]
Seat 1: SteamTrader (big blind) folded on the Flop
Seat 2: AA_VAZ did not show and won 6840.00
Seat 3: norimyxxxo folded on the Pre-Flop and did not bet
Seat 4: crazylucky82 folded on the Pre-Flop and did not bet
Seat 5: rat root river folded on the Pre-Flop and did not bet
Seat 6: 1913Gbr folded on the Pre-Flop and did not bet
Seat 7: lipesticky (button) folded on the Pre-Flop
Seat 8: QuimEmpeno (small blind) folded on the Pre-Flop

Game Hand #2017086086 - Tournament #31137323 - Holdem (No Limit) - Level 2 (600.00/1200.00)- 2024/02/04 17:11:34 UTC
Table '124' 8-max Seat #8 is the button
Seat 1: SteamTrader (104420.00)
Seat 2: AA_VAZ (184700.00)
Seat 3: norimyxxxo (121940.00)
Seat 4: crazylucky82 (121940.00)
Seat 5: rat root river (120620.00)
Seat 6: 1913Gbr (108773.00)
Seat 7: lipesticky (118810.00)
Seat 8: QuimEmpeno (118797.00)
SteamTrader posts ante 180.00
AA_VAZ posts ante 180.00
norimyxxxo posts ante 180.00
crazylucky82 posts ante 180.00
rat root river posts ante 180.00
1913Gbr posts ante 180.00
lipesticky posts ante 180.00
QuimEmpeno posts ante 180.00
SteamTrader posts the small blind 600.00
AA_VAZ posts the big blind 1200.00
*** HOLE CARDS ***
Main pot 1440.00
Dealt to lipesticky [4c Kc]
norimyxxxo folds
crazylucky82 folds
rat root river folds
1913Gbr folds
lipesticky raises 2520.00 to 2520.00
QuimEmpeno calls 2520.00
SteamTrader raises 9000.00 to 9600.00
AA_VAZ folds
lipesticky folds
QuimEmpeno folds
Uncalled bet (7080.00) returned to SteamTrader
SteamTrader does not show
*** SUMMARY ***
Total pot 10200.00
Seat 1: SteamTrader did not show and won 10200.00
Seat 2: AA_VAZ (big blind) folded on the Pre-Flop
Seat 3: norimyxxxo folded on the Pre-Flop and did not bet
Seat 4: crazylucky82 folded on the Pre-Flop and did not bet
Seat 5: rat root river folded on the Pre-Flop and did not bet
Seat 6: 1913Gbr folded on the Pre-Flop and did not bet
Seat 7: lipesticky folded on the Pre-Flop and did not bet
Seat 8: QuimEmpeno (button) folded on the Pre-Flop

Game Hand #2017087976 - Tournament #31137323 - Holdem (No Limit) - Level 2 (600.00/1200.00)- 2024/02/04 17:12:58 UTC
Table '124' 8-max Seat #1 is the button
Seat 1: SteamTrader (111920.00)
Seat 2: AA_VAZ (183320.00)
Seat 3: norimyxxxo (121760.00)
Seat 4: crazylucky82 (121760.00)
Seat 5: rat root river (120440.00)
Seat 6: 1913Gbr (108593.00)
Seat 7: lipesticky (116110.00)
Seat 8: QuimEmpeno (116097.00)
SteamTrader posts ante 180.00
AA_VAZ posts ante 180.00
norimyxxxo posts ante 180.00
crazylucky82 posts ante 180.00
rat root river posts ante 180.00
1913Gbr posts ante 180.00
lipesticky posts ante 180.00
QuimEmpeno posts ante 180.00
AA_VAZ posts the small blind 600.00
norimyxxxo posts the big blind 1200.00
*** HOLE CARDS ***
Main pot 1440.00
Dealt to lipesticky [8s 9h]
crazylucky82 folds
rat root river raises 2400.00 to 2400.00
1913Gbr folds
lipesticky folds
QuimEmpeno folds
SteamTrader calls 2400.00
AA_VAZ calls 1800.00
norimyxxxo calls 1200.00
*** FLOP *** [3c Ad 5d]
Main pot 11040.00
AA_VAZ checks
norimyxxxo checks
rat root river checks
SteamTrader checks
*** TURN *** [3c Ad 5d] [Td]
Main pot 11040.00
AA_VAZ checks
norimyxxxo checks
rat root river checks
SteamTrader checks
*** RIVER *** [3c Ad 5d Td] [2d]
Main pot 11040.00
AA_VAZ checks
norimyxxxo checks
rat root river checks
SteamTrader checks
*** SHOW DOWN ***
Main pot 11040.00
SteamTrader shows [Jh Ts] (a pair of Tens [Ts Td Ad Jh 5d])
AA_VAZ shows [As 2s] (two pair, Aces and Deuces [As Ad 2s 2d Td])
norimyxxxo shows [6s 9d] (a flush, Ace high [Ad Td 9d 5d 2d])
rat root river shows [Th Ks] (a pair of Tens [Th Td Ad Ks 5d])
norimyxxxo collected 11040.00 from main pot
*** SUMMARY ***
Total pot 11040.00
Board [3c Ad 5d Td 2d]
Seat 1: SteamTrader (button) showed [Jh Ts] and lost with a pair of Tens [Ts Td Ad Jh 5d]
Seat 2: AA_VAZ (small blind) showed [As 2s] and lost with two pair, Aces and Deuces [As Ad 2s 2d Td]
Seat 3: norimyxxxo (big blind) showed [6s 9d] and won 11040.00 with a flush, Ace high [Ad Td 9d 5d 2d]
Seat 4: crazylucky82 folded on the Pre-Flop and did not bet
Seat 5: rat root river showed [Th Ks] and lost with a pair of Tens [Th Td Ad Ks 5d]
Seat 6: 1913Gbr folded on the Pre-Flop and did not bet
Seat 7: lipesticky folded on the Pre-Flop and did not bet
Seat 8: QuimEmpeno folded on the Pre-Flop and did not bet

Game Hand #2017090951 - Tournament #31137323 - Holdem (No Limit) - Level 2 (600.00/1200.00)- 2024/02/04 17:15:14 UTC
Table '124' 8-max Seat #2 is the button
Seat 2: AA_VAZ (180740.00)
Seat 3: norimyxxxo (130220.00)
Seat 4: crazylucky82 (121580.00)
Seat 5: rat root river (117860.00)
Seat 6: 1913Gbr (108413.00)
Seat 7: lipesticky (115930.00)
Seat 8: QuimEmpeno (115917.00)
AA_VAZ posts ante 180.00
norimyxxxo posts ante 180.00
crazylucky82 posts ante 180.00
rat root river posts ante 180.00
1913Gbr posts ante 180.00
lipesticky posts ante 180.00
QuimEmpeno posts ante 180.00
norimyxxxo posts the small blind 600.00
crazylucky82 posts the big blind 1200.00
*** HOLE CARDS ***
Main pot 1260.00
Dealt to lipesticky [2d Qd]
rat root river folds
1913Gbr folds
lipesticky folds
QuimEmpeno folds
AA_VAZ folds
norimyxxxo raises 3600.00 to 4200.00
crazylucky82 calls 3000.00
*** FLOP *** [9s As 5d]
Main pot 9660.00
norimyxxxo bets 3188.00
crazylucky82 calls 3188.00
*** TURN *** [9s As 5d] [8d]
Main pot 16036.00
norimyxxxo checks
crazylucky82 checks
*** RIVER *** [9s As 5d 8d] [Jd]
Main pot 16036.00
norimyxxxo checks
crazylucky82 bets 8018.00
norimyxxxo calls 8018.00
*** SHOW DOWN ***
Main pot 32072.00
norimyxxxo shows [9c Kd] (a pair of Nines [9s 9c As Kd Jd])
crazylucky82 shows [Ad 3c] (a pair of Aces [As Ad Jd 9s 8d])
crazylucky82 collected 32072.00 from main pot
*** SUMMARY ***
Total pot 32072.00
Board [9s As 5d 8d Jd]
Seat 2: AA_VAZ (button) folded on the Pre-Flop
Seat 3: norimyxxxo (small blind) showed [9c Kd] and lost with a pair of Nines [9s 9c As Kd Jd]
Seat 4: crazylucky82 (big blind) showed [Ad 3c] and won 32072.00 with a pair of Aces [As Ad Jd 9s 8d]
Seat 5: rat root river folded on the Pre-Flop and did not bet
Seat 6: 1913Gbr folded on the Pre-Flop and did not bet
Seat 7: lipesticky folded on the Pre-Flop and did not bet
Seat 8: QuimEmpeno folded on the Pre-Flop and did not bet

Game Hand #2017093060 - Tournament #31137323 - Holdem (No Limit) - Level 2 (600.00/1200.00)- 2024/02/04 17:16:46 UTC
Table '124' 8-max Seat #3 is the button
Seat 2: AA_VAZ (180560.00)
Seat 3: norimyxxxo (114634.00)
Seat 4: crazylucky82 (138066.00)
Seat 5: rat root river (117680.00)
Seat 6: 1913Gbr (108233.00)
Seat 7: lipesticky (115750.00)
Seat 8: QuimEmpeno (115737.00)
AA_VAZ posts ante 180.00
norimyxxxo posts ante 180.00
crazylucky82 posts ante 180.00
rat root river posts ante 180.00
1913Gbr posts ante 180.00
lipesticky posts ante 180.00
QuimEmpeno posts ante 180.00
crazylucky82 posts the small blind 600.00
rat root river posts the big blind 1200.00
*** HOLE CARDS ***
Main pot 1260.00
Dealt to lipesticky [9d 8h]
1913Gbr folds
lipesticky folds
QuimEmpeno folds
AA_VAZ raises 2400.00 to 2400.00
norimyxxxo folds
crazylucky82 folds
rat root river raises 7800.00 to 9000.00
AA_VAZ folds
Uncalled bet (6600.00) returned to rat root river
rat root river does not show
*** SUMMARY ***
Total pot 6660.00
Seat 2: AA_VAZ folded on the Pre-Flop and did not bet
Seat 3: norimyxxxo (button) folded on the Pre-Flop
Seat 4: crazylucky82 (small blind) folded on the Pre-Flop
Seat 5: rat root river did not show and won 6660.00
Seat 6: 1913Gbr folded on the Pre-Flop and did not bet
Seat 7: lipesticky folded on the Pre-Flop and did not bet
Seat 8: QuimEmpeno folded on the Pre-Flop and did not bet

Game Hand #2017094391 - Tournament #31137323 - Holdem (No Limit) - Level 3 (750.00/1500.00)- 2024/02/04 17:17:45 UTC
Table '124' 8-max Seat #4 is the button
Seat 1: cmaassetyer (125000.00)
Seat 2: AA_VAZ (177980.00)
Seat 3: norimyxxxo (114454.00)
Seat 4: crazylucky82 (137286.00)
Seat 5: rat root river (121760.00)
Seat 6: 1913Gbr (108053.00)
Seat 7: lipesticky (115570.00)
Seat 8: QuimEmpeno (115557.00)
cmaassetyer posts ante 200.00
AA_VAZ posts ante 200.00
norimyxxxo posts ante 200.00
crazylucky82 posts ante 200.00
rat root river posts ante 200.00
1913Gbr posts ante 200.00
lipesticky posts ante 200.00
QuimEmpeno posts ante 200.00
rat root river posts the small blind 750.00
1913Gbr posts the big blind 1500.00
*** HOLE CARDS ***
Main pot 1600.00
Dealt to lipesticky [4h 2d]
lipesticky folds
QuimEmpeno folds
cmaassetyer folds
AA_VAZ folds
norimyxxxo raises 3000.00 to 3000.00
crazylucky82 folds
rat root river folds
1913Gbr calls 1500.00
*** FLOP *** [4s 9s Jd]
Main pot 8350.00
1913Gbr checks
norimyxxxo bets 2756.00
1913Gbr calls 2756.00
*** TURN *** [4s 9s Jd] [6s]
Main pot 13862.00
1913Gbr bets 4574.00
norimyxxxo calls 4574.00
*** RIVER *** [4s 9s Jd 6s] [7s]
Main pot 23010.00
1913Gbr checks
norimyxxxo bets 18187.00
1913Gbr folds
Uncalled bet (18187.00) returned to norimyxxxo
norimyxxxo does not show
*** SUMMARY ***
Total pot 23010.00
Board [4s 9s Jd 6s 7s]
Seat 1: cmaassetyer folded on the Pre-Flop and did not bet
Seat 2: AA_VAZ folded on the Pre-Flop and did not bet
Seat 3: norimyxxxo did not show and won 23010.00
Seat 4: crazylucky82 (button) folded on the Pre-Flop
Seat 5: rat root river (small blind) folded on the Pre-Flop
Seat 6: 1913Gbr (big blind) folded on the River
Seat 7: lipesticky folded on the Pre-Flop and did not bet
Seat 8: QuimEmpeno folded on the Pre-Flop and did not bet

Game Hand #2017097055 - Tournament #31137323 - Holdem (No Limit) - Level 3 (750.00/1500.00)- 2024/02/04 17:19:43 UTC
Table '124' 8-max Seat #5 is the button
Seat 1: cmaassetyer (124800.00)
Seat 2: AA_VAZ (177780.00)
Seat 3: norimyxxxo (126934.00)
Seat 4: crazylucky82 (137086.00)
Seat 5: rat root river (120810.00)
Seat 6: 1913Gbr (97523.00)
Seat 7: lipesticky (115370.00)
Seat 8: QuimEmpeno (115357.00)
cmaassetyer posts ante 200.00
AA_VAZ posts ante 200.00
norimyxxxo posts ante 200.00
crazylucky82 posts ante 200.00
rat root river posts ante 200.00
1913Gbr posts ante 200.00
lipesticky posts ante 200.00
QuimEmpeno posts ante 200.00
1913Gbr posts the small blind 750.00
lipesticky posts the big blind 1500.00
*** HOLE CARDS ***
Main pot 1600.00
Dealt to lipesticky [Qc 9c]
QuimEmpeno folds
cmaassetyer folds
AA_VAZ folds
norimyxxxo folds
crazylucky82 folds
rat root river folds
1913Gbr calls 750.00
lipesticky checks
*** FLOP *** [3s Kh 3d]
Main pot 4600.00
1913Gbr bets 1500.00
lipesticky calls 1500.00
*** TURN *** [3s Kh 3d] [Qh]
Main pot 7600.00
1913Gbr checks
lipesticky checks
*** RIVER *** [3s Kh 3d Qh] [6c]
Main pot 7600.00
1913Gbr checks
lipesticky bets 4180.00
1913Gbr folds
Uncalled bet (4180.00) returned to lipesticky
lipesticky does not show
*** SUMMARY ***
Total pot 7600.00
Board [3s Kh 3d Qh 6c]
Seat 1: cmaassetyer folded on the Pre-Flop and did not bet
Seat 2: AA_VAZ folded on the Pre-Flop and did not bet
Seat 3: norimyxxxo folded on the Pre-Flop and did not bet
Seat 4: crazylucky82 folded on the Pre-Flop and did not bet
Seat 5: rat root river (button) folded on the Pre-Flop
Seat 6: 1913Gbr (small blind) folded on the River
Seat 7: lipesticky did not show and won 7600.00
Seat 8: QuimEmpeno folded on the Pre-Flop and did not bet

Game Hand #2017099773 - Tournament #31137323 - Holdem (No Limit) - Level 3 (750.00/1500.00)- 2024/02/04 17:21:42 UTC
Table '124' 8-max Seat #6 is the button
Seat 1: cmaassetyer (124600.00)
Seat 2: AA_VAZ (177580.00)
Seat 3: norimyxxxo (126734.00)
Seat 4: crazylucky82 (136886.00)
Seat 5: rat root river (120610.00)
Seat 6: 1913Gbr (94323.00)
Seat 7: lipesticky (119770.00)
Seat 8: QuimEmpeno (115157.00)
cmaassetyer posts ante 200.00
AA_VAZ posts ante 200.00
norimyxxxo posts ante 200.00
crazylucky82 posts ante 200.00
rat root river posts ante 200.00
1913Gbr posts ante 200.00
lipesticky posts ante 200.00
QuimEmpeno posts ante 200.00
lipesticky posts the small blind 750.00
QuimEmpeno posts the big blind 1500.00
*** HOLE CARDS ***
Main pot 1600.00
Dealt to lipesticky [Tc Qh]
cmaassetyer folds
AA_VAZ folds
norimyxxxo folds
crazylucky82 folds
rat root river folds
1913Gbr folds
lipesticky folds
QuimEmpeno does not show
*** SUMMARY ***
Total pot 3850.00
Seat 1: cmaassetyer folded on the Pre-Flop and did not bet
Seat 2: AA_VAZ folded on the Pre-Flop and did not bet
Seat 3: norimyxxxo folded on the Pre-Flop and did not bet
Seat 4: crazylucky82 folded on the Pre-Flop and did not bet
Seat 5: rat root river folded on the Pre-Flop and did not bet
Seat 6: 1913Gbr (button) folded on the Pre-Flop
Seat 7: lipesticky (small blind) folded on the Pre-Flop
Seat 8: QuimEmpeno did not show and won 3850.00

