Game Hand #2034801349 - Tournament #31086857 - Holdem (No Limit) - Level 3 (750.00/1500.00)- 2024/02/21 16:20:44 UTC
Table '69' 8-max Seat #1 is the button
Seat 1: po100zoom777 (125000.00)
Seat 2: DictumFactum (351154.00)
Seat 3: Drakaries (249947.00)
Seat 4: EaglesFan1127 (295071.00)
Seat 5: Breadstacks (276067.00)
Seat 6: lipesticky (136144.00)
Seat 7: Opp0rtunities (169526.00)
Seat 8: veruswelt21 (125000.00)
po100zoom777 posts ante 200.00
DictumFactum posts ante 200.00
Drakaries posts ante 200.00
EaglesFan1127 posts ante 200.00
Breadstacks posts ante 200.00
lipesticky posts ante 200.00
Opp0rtunities posts ante 200.00
veruswelt21 posts ante 200.00
DictumFactum posts the small blind 750.00
Drakaries posts the big blind 1500.00
*** HOLE CARDS ***
Main pot 1600.00
Dealt to lipesticky [2h 4c]
EaglesFan1127 folds
Breadstacks folds
lipesticky folds
Opp0rtunities folds
veruswelt21 folds
po100zoom777 raises 3000.00 to 3000.00
DictumFactum folds
Drakaries calls 1500.00
*** FLOP *** [Js 2s 3s]
Main pot 8350.00
Drakaries checks
po100zoom777 bets 2088.00
Drakaries folds
Uncalled bet (2088.00) returned to po100zoom777
po100zoom777 does not show
*** SUMMARY ***
Total pot 8350.00
Board [Js 2s 3s]
Seat 1: po100zoom777 did not show and won 8350.00
Seat 2: DictumFactum (small blind) folded on the Pre-Flop
Seat 3: Drakaries (big blind) folded on the Flop
Seat 4: EaglesFan1127 folded on the Pre-Flop and did not bet
Seat 5: Breadstacks folded on the Pre-Flop and did not bet
Seat 6: lipesticky folded on the Pre-Flop and did not bet
Seat 7: Opp0rtunities folded on the Pre-Flop and did not bet
Seat 8: veruswelt21 folded on the Pre-Flop and did not bet

Game Hand #2034802200 - Tournament #31086857 - Holdem (No Limit) - Level 3 (750.00/1500.00)- 2024/02/21 16:21:48 UTC
Table '69' 8-max Seat #2 is the button
Seat 1: po100zoom777 (130150.00)
Seat 2: DictumFactum (350204.00)
Seat 3: Drakaries (246747.00)
Seat 4: EaglesFan1127 (294871.00)
Seat 5: Breadstacks (275867.00)
Seat 6: lipesticky (135944.00)
Seat 7: Opp0rtunities (169326.00)
Seat 8: veruswelt21 (124800.00)
po100zoom777 posts ante 200.00
DictumFactum posts ante 200.00
Drakaries posts ante 200.00
EaglesFan1127 posts ante 200.00
Breadstacks posts ante 200.00
lipesticky posts ante 200.00
Opp0rtunities posts ante 200.00
veruswelt21 posts ante 200.00
Drakaries posts the small blind 750.00
EaglesFan1127 posts the big blind 1500.00
*** HOLE CARDS ***
Main pot 1600.00
Dealt to lipesticky [Td 2d]
Breadstacks folds
lipesticky folds
Opp0rtunities folds
veruswelt21 folds
po100zoom777 folds
DictumFactum raises 3000.00 to 3000.00
Drakaries folds
EaglesFan1127 folds
Uncalled bet (1500.00) returned to DictumFactum
DictumFactum does not show
*** SUMMARY ***
Total pot 5350.00
Seat 1: po100zoom777 folded on the Pre-Flop and did not bet
Seat 2: DictumFactum did not show and won 5350.00
Seat 3: Drakaries (small blind) folded on the Pre-Flop
Seat 4: EaglesFan1127 (big blind) folded on the Pre-Flop
Seat 5: Breadstacks folded on the Pre-Flop and did not bet
Seat 6: lipesticky folded on the Pre-Flop and did not bet
Seat 7: Opp0rtunities folded on the Pre-Flop and did not bet
Seat 8: veruswelt21 folded on the Pre-Flop and did not bet

Game Hand #2034802735 - Tournament #31086857 - Holdem (No Limit) - Level 3 (750.00/1500.00)- 2024/02/21 16:22:31 UTC
Table '69' 8-max Seat #3 is the button
Seat 1: po100zoom777 (129950.00)
Seat 2: DictumFactum (353854.00)
Seat 3: Drakaries (245797.00)
Seat 4: EaglesFan1127 (293171.00)
Seat 5: Breadstacks (275667.00)
Seat 6: lipesticky (135744.00)
Seat 7: Opp0rtunities (169126.00)
Seat 8: veruswelt21 (124600.00)
po100zoom777 posts ante 200.00
DictumFactum posts ante 200.00
Drakaries posts ante 200.00
EaglesFan1127 posts ante 200.00
Breadstacks posts ante 200.00
lipesticky posts ante 200.00
Opp0rtunities posts ante 200.00
veruswelt21 posts ante 200.00
EaglesFan1127 posts the small blind 750.00
Breadstacks posts the big blind 1500.00
*** HOLE CARDS ***
Main pot 1600.00
Dealt to lipesticky [2s 9c]
lipesticky folds
Opp0rtunities raises 3150.00 to 3150.00
veruswelt21 folds
po100zoom777 folds
DictumFactum folds
Drakaries folds
EaglesFan1127 folds
Breadstacks folds
Uncalled bet (1650.00) returned to Opp0rtunities
Opp0rtunities does not show
*** SUMMARY ***
Total pot 5350.00
Seat 1: po100zoom777 folded on the Pre-Flop and did not bet
Seat 2: DictumFactum folded on the Pre-Flop and did not bet
Seat 3: Drakaries (button) folded on the Pre-Flop
Seat 4: EaglesFan1127 (small blind) folded on the Pre-Flop
Seat 5: Breadstacks (big blind) folded on the Pre-Flop
Seat 6: lipesticky folded on the Pre-Flop and did not bet
Seat 7: Opp0rtunities did not show and won 5350.00
Seat 8: veruswelt21 folded on the Pre-Flop and did not bet

Game Hand #2034803257 - Tournament #31086857 - Holdem (No Limit) - Level 4 (1000.00/2000.00)- 2024/02/21 16:23:12 UTC
Table '69' 8-max Seat #4 is the button
Seat 1: po100zoom777 (129750.00)
Seat 2: DictumFactum (353654.00)
Seat 3: Drakaries (245597.00)
Seat 4: EaglesFan1127 (292221.00)
Seat 5: Breadstacks (273967.00)
Seat 6: lipesticky (135544.00)
Seat 7: Opp0rtunities (172776.00)
Seat 8: veruswelt21 (124400.00)
po100zoom777 posts ante 300.00
DictumFactum posts ante 300.00
Drakaries posts ante 300.00
EaglesFan1127 posts ante 300.00
Breadstacks posts ante 300.00
lipesticky posts ante 300.00
Opp0rtunities posts ante 300.00
veruswelt21 posts ante 300.00
Breadstacks posts the small blind 1000.00
lipesticky posts the big blind 2000.00
*** HOLE CARDS ***
Main pot 2400.00
Dealt to lipesticky [2c Kd]
Opp0rtunities folds
veruswelt21 folds
po100zoom777 folds
DictumFactum raises 4000.00 to 4000.00
Drakaries raises 16000.00 to 16000.00
EaglesFan1127 folds
Breadstacks folds
lipesticky folds
DictumFactum calls 12000.00
*** FLOP *** [Qd Jc Ac]
Main pot 37400.00
DictumFactum checks
Drakaries bets 12342.00
DictumFactum calls 12342.00
*** TURN *** [Qd Jc Ac] [4h]
Main pot 62084.00
DictumFactum checks
Drakaries checks
*** RIVER *** [Qd Jc Ac 4h] [5d]
Main pot 62084.00
DictumFactum bets 15521.00
Drakaries calls 15521.00
*** SHOW DOWN ***
Main pot 93126.00
DictumFactum shows [Qh 9h] (a pair of Queens [Qh Qd Ac Jc 9h])
Drakaries shows [Qs Kh] (a pair of Queens [Qs Qd Ac Kh Jc])
Drakaries collected 93126.00 from main pot
*** SUMMARY ***
Total pot 93126.00
Board [Qd Jc Ac 4h 5d]
Seat 1: po100zoom777 folded on the Pre-Flop and did not bet
Seat 2: DictumFactum showed [Qh 9h] and lost with a pair of Queens [Qh Qd Ac Jc 9h]
Seat 3: Drakaries showed [Qs Kh] and won 93126.00 with a pair of Queens [Qs Qd Ac Kh Jc] with the kicker King
Seat 4: EaglesFan1127 (button) folded on the Pre-Flop
Seat 5: Breadstacks (small blind) folded on the Pre-Flop
Seat 6: lipesticky (big blind) folded on the Pre-Flop
Seat 7: Opp0rtunities folded on the Pre-Flop and did not bet
Seat 8: veruswelt21 folded on the Pre-Flop and did not bet

Game Hand #2034804271 - Tournament #31086857 - Holdem (No Limit) - Level 4 (1000.00/2000.00)- 2024/02/21 16:24:32 UTC
Table '69' 8-max Seat #5 is the button
Seat 1: po100zoom777 (129450.00)
Seat 2: DictumFactum (309491.00)
Seat 3: Drakaries (294560.00)
Seat 4: EaglesFan1127 (291921.00)
Seat 5: Breadstacks (272667.00)
Seat 6: lipesticky (133244.00)
Seat 7: Opp0rtunities (172476.00)
Seat 8: veruswelt21 (124100.00)
po100zoom777 posts ante 300.00
DictumFactum posts ante 300.00
Drakaries posts ante 300.00
EaglesFan1127 posts ante 300.00
Breadstacks posts ante 300.00
lipesticky posts ante 300.00
Opp0rtunities posts ante 300.00
veruswelt21 posts ante 300.00
lipesticky posts the small blind 1000.00
Opp0rtunities posts the big blind 2000.00
*** HOLE CARDS ***
Main pot 2400.00
Dealt to lipesticky [2s 2c]
veruswelt21 folds
po100zoom777 folds
DictumFactum folds
Drakaries folds
EaglesFan1127 raises 4600.00 to 4600.00
Breadstacks folds
lipesticky calls 3600.00
Opp0rtunities calls 2600.00
*** FLOP *** [9h 3c 7s]
Main pot 16200.00
lipesticky checks
Opp0rtunities checks
EaglesFan1127 checks
*** TURN *** [9h 3c 7s] [Qd]
Main pot 16200.00
lipesticky checks
Opp0rtunities checks
EaglesFan1127 checks
*** RIVER *** [9h 3c 7s Qd] [Ah]
Main pot 16200.00
lipesticky checks
Opp0rtunities bets 11000.00
EaglesFan1127 calls 11000.00
lipesticky folds
*** SHOW DOWN ***
Main pot 38200.00
EaglesFan1127 shows [8h Ad] (a pair of Aces [Ah Ad Qd 9h 8h])
Opp0rtunities shows [Jc Ac] (a pair of Aces [Ah Ac Qd Jc 9h])
Opp0rtunities collected 38200.00 from main pot
*** SUMMARY ***
Total pot 38200.00
Board [9h 3c 7s Qd Ah]
Seat 1: po100zoom777 folded on the Pre-Flop and did not bet
Seat 2: DictumFactum folded on the Pre-Flop and did not bet
Seat 3: Drakaries folded on the Pre-Flop and did not bet
Seat 4: EaglesFan1127 showed [8h Ad] and lost with a pair of Aces [Ah Ad Qd 9h 8h]
Seat 5: Breadstacks (button) folded on the Pre-Flop
Seat 6: lipesticky (small blind) folded on the River
Seat 7: Opp0rtunities (big blind) showed [Jc Ac] and won 38200.00 with a pair of Aces [Ah Ac Qd Jc 9h] with the kicker Jack
Seat 8: veruswelt21 folded on the Pre-Flop and did not bet

Game Hand #2034805928 - Tournament #31086857 - Holdem (No Limit) - Level 4 (1000.00/2000.00)- 2024/02/21 16:26:46 UTC
Table '69' 8-max Seat #6 is the button
Seat 1: po100zoom777 (129150.00)
Seat 2: DictumFactum (309191.00)
Seat 3: Drakaries (294260.00)
Seat 4: EaglesFan1127 (276021.00)
Seat 5: Breadstacks (272367.00)
Seat 6: lipesticky (128344.00)
Seat 7: Opp0rtunities (194776.00)
Seat 8: veruswelt21 (123800.00)
po100zoom777 posts ante 300.00
DictumFactum posts ante 300.00
Drakaries posts ante 300.00
EaglesFan1127 posts ante 300.00
Breadstacks posts ante 300.00
lipesticky posts ante 300.00
Opp0rtunities posts ante 300.00
veruswelt21 posts ante 300.00
Opp0rtunities posts the small blind 1000.00
veruswelt21 posts the big blind 2000.00
*** HOLE CARDS ***
Main pot 2400.00
Dealt to lipesticky [Ks 5h]
po100zoom777 folds
DictumFactum folds
Drakaries folds
EaglesFan1127 folds
Breadstacks folds
lipesticky raises 4600.00 to 4600.00
Opp0rtunities folds
veruswelt21 raises 19200.00 to 21200.00
lipesticky folds
Uncalled bet (16600.00) returned to veruswelt21
veruswelt21 does not show
*** SUMMARY ***
Total pot 12600.00
Seat 1: po100zoom777 folded on the Pre-Flop and did not bet
Seat 2: DictumFactum folded on the Pre-Flop and did not bet
Seat 3: Drakaries folded on the Pre-Flop and did not bet
Seat 4: EaglesFan1127 folded on the Pre-Flop and did not bet
Seat 5: Breadstacks folded on the Pre-Flop and did not bet
Seat 6: lipesticky (button) folded on the Pre-Flop
Seat 7: Opp0rtunities (small blind) folded on the Pre-Flop
Seat 8: veruswelt21 did not show and won 12600.00

Game Hand #2034806690 - Tournament #31086857 - Holdem (No Limit) - Level 4 (1000.00/2000.00)- 2024/02/21 16:27:49 UTC
Table '69' 8-max Seat #7 is the button
Seat 1: po100zoom777 (128850.00)
Seat 2: DictumFactum (308891.00)
Seat 3: Drakaries (293960.00)
Seat 4: EaglesFan1127 (275721.00)
Seat 5: Breadstacks (272067.00)
Seat 6: lipesticky (123444.00)
Seat 7: Opp0rtunities (193476.00)
Seat 8: veruswelt21 (131500.00)
po100zoom777 posts ante 300.00
DictumFactum posts ante 300.00
Drakaries posts ante 300.00
EaglesFan1127 posts ante 300.00
Breadstacks posts ante 300.00
lipesticky posts ante 300.00
Opp0rtunities posts ante 300.00
veruswelt21 posts ante 300.00
veruswelt21 posts the small blind 1000.00
po100zoom777 posts the big blind 2000.00
*** HOLE CARDS ***
Main pot 2400.00
Dealt to lipesticky [6c 4d]
DictumFactum folds
Drakaries raises 6000.00 to 6000.00
EaglesFan1127 folds
Breadstacks calls 6000.00
lipesticky folds
Opp0rtunities calls 6000.00
veruswelt21 folds
po100zoom777 folds
*** FLOP *** [Qh 5s 3c]
Main pot 23400.00
Drakaries bets 7722.00
Breadstacks folds
Opp0rtunities folds
Uncalled bet (7722.00) returned to Drakaries
Drakaries does not show
*** SUMMARY ***
Total pot 23400.00
Board [Qh 5s 3c]
Seat 1: po100zoom777 (big blind) folded on the Pre-Flop
Seat 2: DictumFactum folded on the Pre-Flop and did not bet
Seat 3: Drakaries did not show and won 23400.00
Seat 4: EaglesFan1127 folded on the Pre-Flop and did not bet
Seat 5: Breadstacks folded on the Flop
Seat 6: lipesticky folded on the Pre-Flop and did not bet
Seat 7: Opp0rtunities (button) folded on the Flop
Seat 8: veruswelt21 (small blind) folded on the Pre-Flop

Game Hand #2034807354 - Tournament #31086857 - Holdem (No Limit) - Level 4 (1000.00/2000.00)- 2024/02/21 16:28:46 UTC
Table '69' 8-max Seat #8 is the button
Seat 1: po100zoom777 (126550.00)
Seat 2: DictumFactum (308591.00)
Seat 3: Drakaries (311060.00)
Seat 4: EaglesFan1127 (275421.00)
Seat 5: Breadstacks (265767.00)
Seat 6: lipesticky (123144.00)
Seat 7: Opp0rtunities (187176.00)
Seat 8: veruswelt21 (130200.00)
po100zoom777 posts ante 300.00
DictumFactum posts ante 300.00
Drakaries posts ante 300.00
EaglesFan1127 posts ante 300.00
Breadstacks posts ante 300.00
lipesticky posts ante 300.00
Opp0rtunities posts ante 300.00
veruswelt21 posts ante 300.00
po100zoom777 posts the small blind 1000.00
DictumFactum posts the big blind 2000.00
*** HOLE CARDS ***
Main pot 2400.00
Dealt to lipesticky [6c Qc]
Drakaries folds
EaglesFan1127 folds
Breadstacks folds
lipesticky folds
Opp0rtunities raises 4600.00 to 4600.00
veruswelt21 folds
po100zoom777 folds
DictumFactum folds
Uncalled bet (2600.00) returned to Opp0rtunities
Opp0rtunities does not show
*** SUMMARY ***
Total pot 7400.00
Seat 1: po100zoom777 (small blind) folded on the Pre-Flop
Seat 2: DictumFactum (big blind) folded on the Pre-Flop
Seat 3: Drakaries folded on the Pre-Flop and did not bet
Seat 4: EaglesFan1127 folded on the Pre-Flop and did not bet
Seat 5: Breadstacks folded on the Pre-Flop and did not bet
Seat 6: lipesticky folded on the Pre-Flop and did not bet
Seat 7: Opp0rtunities did not show and won 7400.00
Seat 8: veruswelt21 (button) folded on the Pre-Flop

Game Hand #2034807678 - Tournament #31086857 - Holdem (No Limit) - Level 4 (1000.00/2000.00)- 2024/02/21 16:29:14 UTC
Table '69' 8-max Seat #1 is the button
Seat 1: po100zoom777 (125250.00)
Seat 2: DictumFactum (306291.00)
Seat 3: Drakaries (310760.00)
Seat 4: EaglesFan1127 (275121.00)
Seat 5: Breadstacks (265467.00)
Seat 6: lipesticky (122844.00)
Seat 7: Opp0rtunities (192276.00)
Seat 8: veruswelt21 (129900.00)
po100zoom777 posts ante 300.00
DictumFactum posts ante 300.00
Drakaries posts ante 300.00
EaglesFan1127 posts ante 300.00
Breadstacks posts ante 300.00
lipesticky posts ante 300.00
Opp0rtunities posts ante 300.00
veruswelt21 posts ante 300.00
DictumFactum posts the small blind 1000.00
Drakaries posts the big blind 2000.00
*** HOLE CARDS ***
Main pot 2400.00
Dealt to lipesticky [7d 3h]
EaglesFan1127 raises 4600.00 to 4600.00
Breadstacks folds
lipesticky folds
Opp0rtunities folds
veruswelt21 folds
po100zoom777 folds
DictumFactum calls 3600.00
Drakaries folds
*** FLOP *** [4h As 5s]
Main pot 13600.00
DictumFactum checks
EaglesFan1127 checks
*** TURN *** [4h As 5s] [Kc]
Main pot 13600.00
DictumFactum checks
EaglesFan1127 checks
*** RIVER *** [4h As 5s Kc] [3s]
Main pot 13600.00
DictumFactum bets 3400.00
EaglesFan1127 folds
Uncalled bet (3400.00) returned to DictumFactum
DictumFactum does not show
*** SUMMARY ***
Total pot 13600.00
Board [4h As 5s Kc 3s]
Seat 1: po100zoom777 (button) folded on the Pre-Flop
Seat 2: DictumFactum did not show and won 13600.00
Seat 3: Drakaries (big blind) folded on the Pre-Flop
Seat 4: EaglesFan1127 folded on the River
Seat 5: Breadstacks folded on the Pre-Flop and did not bet
Seat 6: lipesticky folded on the Pre-Flop and did not bet
Seat 7: Opp0rtunities folded on the Pre-Flop and did not bet
Seat 8: veruswelt21 folded on the Pre-Flop and did not bet

Game Hand #2034808676 - Tournament #31086857 - Holdem (No Limit) - Level 4 (1000.00/2000.00)- 2024/02/21 16:30:40 UTC
Table '69' 8-max Seat #2 is the button
Seat 1: po100zoom777 (124950.00)
Seat 2: DictumFactum (314991.00)
Seat 3: Drakaries (308460.00)
Seat 4: EaglesFan1127 (270221.00)
Seat 5: Breadstacks (265167.00)
Seat 6: lipesticky (122544.00)
Seat 7: Opp0rtunities (191976.00)
Seat 8: veruswelt21 (129600.00)
po100zoom777 posts ante 300.00
DictumFactum posts ante 300.00
Drakaries posts ante 300.00
EaglesFan1127 posts ante 300.00
Breadstacks posts ante 300.00
lipesticky posts ante 300.00
Opp0rtunities posts ante 300.00
veruswelt21 posts ante 300.00
Drakaries posts the small blind 1000.00
EaglesFan1127 posts the big blind 2000.00
*** HOLE CARDS ***
Main pot 2400.00
Dealt to lipesticky [Ah 9c]
Breadstacks folds
lipesticky folds
Opp0rtunities folds
veruswelt21 raises 4400.00 to 4400.00
po100zoom777 folds
DictumFactum folds
Drakaries folds
EaglesFan1127 folds
Uncalled bet (2400.00) returned to veruswelt21
veruswelt21 does not show
*** SUMMARY ***
Total pot 7400.00
Seat 1: po100zoom777 folded on the Pre-Flop and did not bet
Seat 2: DictumFactum (button) folded on the Pre-Flop
Seat 3: Drakaries (small blind) folded on the Pre-Flop
Seat 4: EaglesFan1127 (big blind) folded on the Pre-Flop
Seat 5: Breadstacks folded on the Pre-Flop and did not bet
Seat 6: lipesticky folded on the Pre-Flop and did not bet
Seat 7: Opp0rtunities folded on the Pre-Flop and did not bet
Seat 8: veruswelt21 did not show and won 7400.00

Game Hand #2034809048 - Tournament #31086857 - Holdem (No Limit) - Level 4 (1000.00/2000.00)- 2024/02/21 16:31:11 UTC
Table '69' 8-max Seat #3 is the button
Seat 1: po100zoom777 (124650.00)
Seat 2: DictumFactum (314691.00)
Seat 3: Drakaries (307160.00)
Seat 4: EaglesFan1127 (267921.00)
Seat 5: Breadstacks (264867.00)
Seat 6: lipesticky (122244.00)
Seat 7: Opp0rtunities (191676.00)
Seat 8: veruswelt21 (134700.00)
po100zoom777 posts ante 300.00
DictumFactum posts ante 300.00
Drakaries posts ante 300.00
EaglesFan1127 posts ante 300.00
Breadstacks posts ante 300.00
lipesticky posts ante 300.00
Opp0rtunities posts ante 300.00
veruswelt21 posts ante 300.00
EaglesFan1127 posts the small blind 1000.00
Breadstacks posts the big blind 2000.00
*** HOLE CARDS ***
Main pot 2400.00
Dealt to lipesticky [Kc Js]
lipesticky raises 4200.00 to 4200.00
Opp0rtunities folds
veruswelt21 folds
po100zoom777 folds
DictumFactum folds
Drakaries folds
EaglesFan1127 raises 14000.00 to 15000.00
Breadstacks calls 13000.00
lipesticky folds
*** FLOP *** [3h Qs Ts]
Main pot 36600.00
EaglesFan1127 bets 12078.00
Breadstacks calls 12078.00
*** TURN *** [3h Qs Ts] [Kh]
Main pot 60756.00
EaglesFan1127 bets 34378.00
Breadstacks raises 68756.00 to 68756.00
EaglesFan1127 folds
Uncalled bet (34378.00) returned to Breadstacks
Breadstacks does not show
*** SUMMARY ***
Total pot 129512.00
Board [3h Qs Ts Kh]
Seat 1: po100zoom777 folded on the Pre-Flop and did not bet
Seat 2: DictumFactum folded on the Pre-Flop and did not bet
Seat 3: Drakaries (button) folded on the Pre-Flop
Seat 4: EaglesFan1127 (small blind) folded on the Turn
Seat 5: Breadstacks did not show and won 129512.00
Seat 6: lipesticky folded on the Pre-Flop and did not bet
Seat 7: Opp0rtunities folded on the Pre-Flop and did not bet
Seat 8: veruswelt21 folded on the Pre-Flop and did not bet

Game Hand #2034810465 - Tournament #31086857 - Holdem (No Limit) - Level 4 (1000.00/2000.00)- 2024/02/21 16:33:10 UTC
Table '69' 8-max Seat #4 is the button
Seat 1: po100zoom777 (124350.00)
Seat 2: DictumFactum (314391.00)
Seat 3: Drakaries (306860.00)
Seat 4: EaglesFan1127 (206165.00)
Seat 5: Breadstacks (332623.00)
Seat 6: lipesticky (117744.00)
Seat 7: Opp0rtunities (191376.00)
Seat 8: veruswelt21 (134400.00)
po100zoom777 posts ante 300.00
DictumFactum posts ante 300.00
Drakaries posts ante 300.00
EaglesFan1127 posts ante 300.00
Breadstacks posts ante 300.00
lipesticky posts ante 300.00
Opp0rtunities posts ante 300.00
veruswelt21 posts ante 300.00
Breadstacks posts the small blind 1000.00
lipesticky posts the big blind 2000.00
*** HOLE CARDS ***
Main pot 2400.00
Dealt to lipesticky [3c 2c]
Opp0rtunities folds
veruswelt21 raises 4400.00 to 4400.00
po100zoom777 folds
DictumFactum raises 14800.00 to 14800.00
Drakaries folds
EaglesFan1127 folds
Breadstacks folds
lipesticky folds
veruswelt21 folds
Uncalled bet (10400.00) returned to DictumFactum
DictumFactum does not show
*** SUMMARY ***
Total pot 14200.00
Seat 1: po100zoom777 folded on the Pre-Flop and did not bet
Seat 2: DictumFactum did not show and won 14200.00
Seat 3: Drakaries folded on the Pre-Flop and did not bet
Seat 4: EaglesFan1127 (button) folded on the Pre-Flop
Seat 5: Breadstacks (small blind) folded on the Pre-Flop
Seat 6: lipesticky (big blind) folded on the Pre-Flop
Seat 7: Opp0rtunities folded on the Pre-Flop and did not bet
Seat 8: veruswelt21 folded on the Pre-Flop and did not bet

Game Hand #2034811014 - Tournament #31086857 - Holdem (No Limit) - Level 4 (1000.00/2000.00)- 2024/02/21 16:33:56 UTC
Table '69' 8-max Seat #5 is the button
Seat 1: po100zoom777 (124050.00)
Seat 2: DictumFactum (323891.00)
Seat 3: Drakaries (306560.00)
Seat 4: EaglesFan1127 (205865.00)
Seat 5: Breadstacks (331323.00)
Seat 6: lipesticky (115444.00)
Seat 7: Opp0rtunities (191076.00)
Seat 8: veruswelt21 (129700.00)
po100zoom777 posts ante 300.00
DictumFactum posts ante 300.00
Drakaries posts ante 300.00
EaglesFan1127 posts ante 300.00
Breadstacks posts ante 300.00
lipesticky posts ante 300.00
Opp0rtunities posts ante 300.00
veruswelt21 posts ante 300.00
lipesticky posts the small blind 1000.00
Opp0rtunities posts the big blind 2000.00
*** HOLE CARDS ***
Main pot 2400.00
Dealt to lipesticky [9c 7h]
veruswelt21 folds
po100zoom777 folds
DictumFactum folds
Drakaries folds
EaglesFan1127 folds
Breadstacks raises 4000.00 to 4000.00
lipesticky folds
Opp0rtunities folds
Uncalled bet (2000.00) returned to Breadstacks
Breadstacks does not show
*** SUMMARY ***
Total pot 7400.00
Seat 1: po100zoom777 folded on the Pre-Flop and did not bet
Seat 2: DictumFactum folded on the Pre-Flop and did not bet
Seat 3: Drakaries folded on the Pre-Flop and did not bet
Seat 4: EaglesFan1127 folded on the Pre-Flop and did not bet
Seat 5: Breadstacks did not show and won 7400.00
Seat 6: lipesticky (small blind) folded on the Pre-Flop
Seat 7: Opp0rtunities (big blind) folded on the Pre-Flop
Seat 8: veruswelt21 folded on the Pre-Flop and did not bet

Game Hand #2034811662 - Tournament #31086857 - Holdem (No Limit) - Level 4 (1000.00/2000.00)- 2024/02/21 16:34:50 UTC
Table '69' 8-max Seat #6 is the button
Seat 1: po100zoom777 (123750.00)
Seat 2: DictumFactum (323591.00)
Seat 3: Drakaries (306260.00)
Seat 4: EaglesFan1127 (205565.00)
Seat 5: Breadstacks (336423.00)
Seat 6: lipesticky (114144.00)
Seat 7: Opp0rtunities (188776.00)
Seat 8: veruswelt21 (129400.00)
po100zoom777 posts ante 300.00
DictumFactum posts ante 300.00
Drakaries posts ante 300.00
EaglesFan1127 posts ante 300.00
Breadstacks posts ante 300.00
lipesticky posts ante 300.00
Opp0rtunities posts ante 300.00
veruswelt21 posts ante 300.00
Opp0rtunities posts the small blind 1000.00
veruswelt21 posts the big blind 2000.00
*** HOLE CARDS ***
Main pot 2400.00
Dealt to lipesticky [7d Qh]
po100zoom777 folds
DictumFactum raises 4000.00 to 4000.00
Drakaries folds
EaglesFan1127 folds
Breadstacks folds
lipesticky folds
Opp0rtunities folds
veruswelt21 folds
Uncalled bet (2000.00) returned to DictumFactum
DictumFactum shows [Ac Kc]
*** SUMMARY ***
Total pot 7400.00
Seat 1: po100zoom777 folded on the Pre-Flop and did not bet
Seat 2: DictumFactum showed [Ac Kc] and won 7400.00
Seat 3: Drakaries folded on the Pre-Flop and did not bet
Seat 4: EaglesFan1127 folded on the Pre-Flop and did not bet
Seat 5: Breadstacks folded on the Pre-Flop and did not bet
Seat 6: lipesticky (button) folded on the Pre-Flop
Seat 7: Opp0rtunities (small blind) folded on the Pre-Flop
Seat 8: veruswelt21 (big blind) folded on the Pre-Flop

Game Hand #2034812009 - Tournament #31086857 - Holdem (No Limit) - Level 4 (1000.00/2000.00)- 2024/02/21 16:35:18 UTC
Table '69' 8-max Seat #7 is the button
Seat 1: po100zoom777 (123450.00)
Seat 2: DictumFactum (328691.00)
Seat 3: Drakaries (305960.00)
Seat 4: EaglesFan1127 (205265.00)
Seat 5: Breadstacks (336123.00)
Seat 6: lipesticky (113844.00)
Seat 7: Opp0rtunities (187476.00)
Seat 8: veruswelt21 (127100.00)
po100zoom777 posts ante 300.00
DictumFactum posts ante 300.00
Drakaries posts ante 300.00
EaglesFan1127 posts ante 300.00
Breadstacks posts ante 300.00
lipesticky posts ante 300.00
Opp0rtunities posts ante 300.00
veruswelt21 posts ante 300.00
veruswelt21 posts the small blind 1000.00
po100zoom777 posts the big blind 2000.00
*** HOLE CARDS ***
Main pot 2400.00
Dealt to lipesticky [7d 2h]
DictumFactum folds
Drakaries folds
EaglesFan1127 folds
Breadstacks raises 4000.00 to 4000.00
lipesticky folds
Opp0rtunities folds
veruswelt21 folds
po100zoom777 folds
Uncalled bet (2000.00) returned to Breadstacks
Breadstacks does not show
*** SUMMARY ***
Total pot 7400.00
Seat 1: po100zoom777 (big blind) folded on the Pre-Flop
Seat 2: DictumFactum folded on the Pre-Flop and did not bet
Seat 3: Drakaries folded on the Pre-Flop and did not bet
Seat 4: EaglesFan1127 folded on the Pre-Flop and did not bet
Seat 5: Breadstacks did not show and won 7400.00
Seat 6: lipesticky folded on the Pre-Flop and did not bet
Seat 7: Opp0rtunities (button) folded on the Pre-Flop
Seat 8: veruswelt21 (small blind) folded on the Pre-Flop

Game Hand #2034812399 - Tournament #31086857 - Holdem (No Limit) - Level 4 (1000.00/2000.00)- 2024/02/21 16:35:53 UTC
Table '69' 8-max Seat #8 is the button
Seat 1: po100zoom777 (121150.00)
Seat 2: DictumFactum (328391.00)
Seat 3: Drakaries (305660.00)
Seat 4: EaglesFan1127 (204965.00)
Seat 5: Breadstacks (341223.00)
Seat 6: lipesticky (113544.00)
Seat 7: Opp0rtunities (187176.00)
Seat 8: veruswelt21 (125800.00)
po100zoom777 posts ante 300.00
DictumFactum posts ante 300.00
Drakaries posts ante 300.00
EaglesFan1127 posts ante 300.00
Breadstacks posts ante 300.00
lipesticky posts ante 300.00
Opp0rtunities posts ante 300.00
veruswelt21 posts ante 300.00
po100zoom777 posts the small blind 1000.00
DictumFactum posts the big blind 2000.00
*** HOLE CARDS ***
Main pot 2400.00
Dealt to lipesticky [Td Tc]
Drakaries folds
EaglesFan1127 folds
Breadstacks raises 4000.00 to 4000.00
lipesticky calls 4000.00
Opp0rtunities calls 4000.00
veruswelt21 folds
po100zoom777 folds
DictumFactum raises 26000.00 to 28000.00
Breadstacks calls 24000.00
lipesticky raises 109244.00 to 113244.00 and is all-in
Opp0rtunities folds
DictumFactum raises 300091.00 to 328091.00 and is all-in
Breadstacks folds
Uncalled bet (214847.00) returned to DictumFactum
*** FLOP *** [5c 4c 2d]
Main pot 261888.00
*** TURN *** [5c 4c 2d] [2s]
Main pot 261888.00
*** RIVER *** [5c 4c 2d 2s] [Kh]
Main pot 261888.00
*** SHOW DOWN ***
Main pot 261888.00
DictumFactum shows [Th Ts] (two pair, Tens and Deuces [Ts Th 2s 2d Kh])
lipesticky shows [Td Tc] (two pair, Tens and Deuces [Td Tc 2s 2d Kh])
lipesticky collected 130944.00 from main pot
DictumFactum collected 130944.00 from main pot
*** SUMMARY ***
Total pot 261888.00
Board [5c 4c 2d 2s Kh]
Seat 1: po100zoom777 (small blind) folded on the Pre-Flop
Seat 2: DictumFactum (big blind) showed [Th Ts] and won 130944.00 with two pair, Tens and Deuces [Ts Th 2s 2d Kh]
Seat 3: Drakaries folded on the Pre-Flop and did not bet
Seat 4: EaglesFan1127 folded on the Pre-Flop and did not bet
Seat 5: Breadstacks folded on the Pre-Flop and did not bet
Seat 6: lipesticky showed [Td Tc] and won 130944.00 with two pair, Tens and Deuces [Td Tc 2s 2d Kh]
Seat 7: Opp0rtunities folded on the Pre-Flop and did not bet
Seat 8: veruswelt21 (button) folded on the Pre-Flop

Game Hand #2034813820 - Tournament #31086857 - Holdem (No Limit) - Level 5 (1250.00/2500.00)- 2024/02/21 16:37:54 UTC
Table '69' 8-max Seat #1 is the button
Seat 1: po100zoom777 (119850.00)
Seat 2: DictumFactum (345791.00)
Seat 3: Drakaries (305360.00)
Seat 4: EaglesFan1127 (204665.00)
Seat 5: Breadstacks (312923.00)
Seat 6: lipesticky (130944.00)
Seat 7: Opp0rtunities (182876.00)
Seat 8: veruswelt21 (125500.00)
po100zoom777 posts ante 350.00
DictumFactum posts ante 350.00
Drakaries posts ante 350.00
EaglesFan1127 posts ante 350.00
Breadstacks posts ante 350.00
lipesticky posts ante 350.00
Opp0rtunities posts ante 350.00
veruswelt21 posts ante 350.00
DictumFactum posts the small blind 1250.00
Drakaries posts the big blind 2500.00
*** HOLE CARDS ***
Main pot 2800.00
Dealt to lipesticky [3h 7d]
EaglesFan1127 folds
Breadstacks folds
lipesticky folds
Opp0rtunities folds
veruswelt21 folds
po100zoom777 raises 5000.00 to 5000.00
DictumFactum folds
Drakaries folds
Uncalled bet (2500.00) returned to po100zoom777
po100zoom777 does not show
*** SUMMARY ***
Total pot 9050.00
Seat 1: po100zoom777 did not show and won 9050.00
Seat 2: DictumFactum (small blind) folded on the Pre-Flop
Seat 3: Drakaries (big blind) folded on the Pre-Flop
Seat 4: EaglesFan1127 folded on the Pre-Flop and did not bet
Seat 5: Breadstacks folded on the Pre-Flop and did not bet
Seat 6: lipesticky folded on the Pre-Flop and did not bet
Seat 7: Opp0rtunities folded on the Pre-Flop and did not bet
Seat 8: veruswelt21 folded on the Pre-Flop and did not bet

Game Hand #2034814171 - Tournament #31086857 - Holdem (No Limit) - Level 5 (1250.00/2500.00)- 2024/02/21 16:38:24 UTC
Table '69' 8-max Seat #2 is the button
Seat 1: po100zoom777 (126050.00)
Seat 2: DictumFactum (344191.00)
Seat 3: Drakaries (302510.00)
Seat 4: EaglesFan1127 (204315.00)
Seat 5: Breadstacks (312573.00)
Seat 6: lipesticky (130594.00)
Seat 7: Opp0rtunities (182526.00)
Seat 8: veruswelt21 (125150.00)
po100zoom777 posts ante 350.00
DictumFactum posts ante 350.00
Drakaries posts ante 350.00
EaglesFan1127 posts ante 350.00
Breadstacks posts ante 350.00
lipesticky posts ante 350.00
Opp0rtunities posts ante 350.00
veruswelt21 posts ante 350.00
Drakaries posts the small blind 1250.00
EaglesFan1127 posts the big blind 2500.00
*** HOLE CARDS ***
Main pot 2800.00
Dealt to lipesticky [Jc 2h]
Breadstacks raises 5000.00 to 5000.00
lipesticky folds
Opp0rtunities folds
veruswelt21 folds
po100zoom777 calls 5000.00
DictumFactum folds
Drakaries raises 28750.00 to 30000.00
EaglesFan1127 folds
Breadstacks folds
po100zoom777 folds
Uncalled bet (25000.00) returned to Drakaries
Drakaries does not show
*** SUMMARY ***
Total pot 20300.00
Seat 1: po100zoom777 folded on the Pre-Flop and did not bet
Seat 2: DictumFactum (button) folded on the Pre-Flop
Seat 3: Drakaries did not show and won 20300.00
Seat 4: EaglesFan1127 (big blind) folded on the Pre-Flop
Seat 5: Breadstacks folded on the Pre-Flop and did not bet
Seat 6: lipesticky folded on the Pre-Flop and did not bet
Seat 7: Opp0rtunities folded on the Pre-Flop and did not bet
Seat 8: veruswelt21 folded on the Pre-Flop and did not bet

Game Hand #2034814771 - Tournament #31086857 - Holdem (No Limit) - Level 5 (1250.00/2500.00)- 2024/02/21 16:39:15 UTC
Table '69' 8-max Seat #3 is the button
Seat 1: po100zoom777 (120700.00)
Seat 2: DictumFactum (343841.00)
Seat 3: Drakaries (317460.00)
Seat 4: EaglesFan1127 (201465.00)
Seat 5: Breadstacks (307223.00)
Seat 6: lipesticky (130244.00)
Seat 7: Opp0rtunities (182176.00)
Seat 8: veruswelt21 (124800.00)
po100zoom777 posts ante 350.00
DictumFactum posts ante 350.00
Drakaries posts ante 350.00
EaglesFan1127 posts ante 350.00
Breadstacks posts ante 350.00
lipesticky posts ante 350.00
Opp0rtunities posts ante 350.00
veruswelt21 posts ante 350.00
EaglesFan1127 posts the small blind 1250.00
Breadstacks posts the big blind 2500.00
*** HOLE CARDS ***
Main pot 2800.00
Dealt to lipesticky [Js 7h]
lipesticky folds
Opp0rtunities folds
veruswelt21 raises 5500.00 to 5500.00
po100zoom777 folds
DictumFactum folds
Drakaries calls 5500.00
EaglesFan1127 folds
Breadstacks calls 3000.00
*** FLOP *** [5h Qc As]
Main pot 20550.00
Breadstacks checks
veruswelt21 checks
Drakaries checks
*** TURN *** [5h Qc As] [2h]
Main pot 20550.00
Breadstacks bets 9025.00
veruswelt21 folds
Drakaries folds
Uncalled bet (9025.00) returned to Breadstacks
Breadstacks does not show
*** SUMMARY ***
Total pot 20550.00
Board [5h Qc As 2h]
Seat 1: po100zoom777 folded on the Pre-Flop and did not bet
Seat 2: DictumFactum folded on the Pre-Flop and did not bet
Seat 3: Drakaries (button) folded on the Turn
Seat 4: EaglesFan1127 (small blind) folded on the Pre-Flop
Seat 5: Breadstacks did not show and won 20550.00
Seat 6: lipesticky folded on the Pre-Flop and did not bet
Seat 7: Opp0rtunities folded on the Pre-Flop and did not bet
Seat 8: veruswelt21 folded on the Turn

Game Hand #2034815458 - Tournament #31086857 - Holdem (No Limit) - Level 5 (1250.00/2500.00)- 2024/02/21 16:40:13 UTC
Table '69' 8-max Seat #4 is the button
Seat 1: po100zoom777 (120350.00)
Seat 2: DictumFactum (343491.00)
Seat 3: Drakaries (311610.00)
Seat 4: EaglesFan1127 (199865.00)
Seat 5: Breadstacks (321923.00)
Seat 6: lipesticky (129894.00)
Seat 7: Opp0rtunities (181826.00)
Seat 8: veruswelt21 (118950.00)
po100zoom777 posts ante 350.00
DictumFactum posts ante 350.00
Drakaries posts ante 350.00
EaglesFan1127 posts ante 350.00
Breadstacks posts ante 350.00
lipesticky posts ante 350.00
Opp0rtunities posts ante 350.00
veruswelt21 posts ante 350.00
Breadstacks posts the small blind 1250.00
lipesticky posts the big blind 2500.00
*** HOLE CARDS ***
Main pot 2800.00
Dealt to lipesticky [2h Ac]
Opp0rtunities folds
veruswelt21 folds
po100zoom777 folds
DictumFactum folds
Drakaries raises 6250.00 to 6250.00
EaglesFan1127 folds
Breadstacks folds
lipesticky calls 3750.00
*** FLOP *** [3c Js 8s]
Main pot 16550.00
lipesticky checks
Drakaries bets 16385.00
lipesticky folds
Uncalled bet (16385.00) returned to Drakaries
Drakaries does not show
*** SUMMARY ***
Total pot 16550.00
Board [3c Js 8s]
Seat 1: po100zoom777 folded on the Pre-Flop and did not bet
Seat 2: DictumFactum folded on the Pre-Flop and did not bet
Seat 3: Drakaries did not show and won 16550.00
Seat 4: EaglesFan1127 (button) folded on the Pre-Flop
Seat 5: Breadstacks (small blind) folded on the Pre-Flop
Seat 6: lipesticky (big blind) folded on the Flop
Seat 7: Opp0rtunities folded on the Pre-Flop and did not bet
Seat 8: veruswelt21 folded on the Pre-Flop and did not bet

