Game Hand #2027375688 - Tournament #31082790 - Holdem (No Limit) - Level 13 (5000.00/10000.00)- 2024/02/14 19:05:05 UTC
Table '24' 8-max Seat #6 is the button
Seat 1: beautylicious (86896.00)
Seat 2: lipesticky (766750.00)
Seat 3: Deathcuddle (588181.00)
Seat 4: JoeBurreaux (431291.00)
Seat 5: ANTCHIP12345 (743319.00)
Seat 6: ingush228 (331742.00)
Seat 7: AlchemistBR (288808.00) is sitting out
Seat 8: PokerKing2424 (233000.00)
beautylicious posts ante 1500.00
lipesticky posts ante 1500.00
Deathcuddle posts ante 1500.00
JoeBurreaux posts ante 1500.00
ANTCHIP12345 posts ante 1500.00
ingush228 posts ante 1500.00
AlchemistBR posts ante 1500.00
PokerKing2424 posts ante 1500.00
AlchemistBR posts the small blind 5000.00
PokerKing2424 posts the big blind 10000.00
*** HOLE CARDS ***
Main pot 12000.00
Dealt to lipesticky [Jc Ah]
beautylicious folds
lipesticky raises 21000.00 to 21000.00
Deathcuddle folds
JoeBurreaux folds
ANTCHIP12345 folds
ingush228 folds
AlchemistBR folds
PokerKing2424 folds
Uncalled bet (11000.00) returned to lipesticky
lipesticky does not show
*** SUMMARY ***
Total pot 37000.00
Seat 1: beautylicious folded on the Pre-Flop and did not bet
Seat 2: lipesticky did not show and won 37000.00
Seat 3: Deathcuddle folded on the Pre-Flop and did not bet
Seat 4: JoeBurreaux folded on the Pre-Flop and did not bet
Seat 5: ANTCHIP12345 folded on the Pre-Flop and did not bet
Seat 6: ingush228 (button) folded on the Pre-Flop
Seat 7: AlchemistBR (small blind) folded on the Pre-Flop
Seat 8: PokerKing2424 (big blind) folded on the Pre-Flop

Game Hand #2027376440 - Tournament #31082790 - Holdem (No Limit) - Level 13 (5000.00/10000.00)- 2024/02/14 19:05:47 UTC
Table '24' 8-max Seat #7 is the button
Seat 1: beautylicious (85396.00)
Seat 2: lipesticky (792250.00)
Seat 3: Deathcuddle (586681.00)
Seat 4: JoeBurreaux (429791.00)
Seat 5: ANTCHIP12345 (741819.00)
Seat 6: ingush228 (330242.00)
Seat 7: AlchemistBR (282308.00)
Seat 8: PokerKing2424 (221500.00)
beautylicious posts ante 1500.00
lipesticky posts ante 1500.00
Deathcuddle posts ante 1500.00
JoeBurreaux posts ante 1500.00
ANTCHIP12345 posts ante 1500.00
ingush228 posts ante 1500.00
AlchemistBR posts ante 1500.00
PokerKing2424 posts ante 1500.00
PokerKing2424 posts the small blind 5000.00
beautylicious posts the big blind 10000.00
*** HOLE CARDS ***
Main pot 12000.00
Dealt to lipesticky [5s 4h]
lipesticky folds
Deathcuddle raises 20000.00 to 20000.00
JoeBurreaux folds
ANTCHIP12345 folds
ingush228 folds
AlchemistBR folds
PokerKing2424 folds
beautylicious folds
Uncalled bet (10000.00) returned to Deathcuddle
Deathcuddle does not show
*** SUMMARY ***
Total pot 37000.00
Seat 1: beautylicious (big blind) folded on the Pre-Flop
Seat 2: lipesticky folded on the Pre-Flop and did not bet
Seat 3: Deathcuddle did not show and won 37000.00
Seat 4: JoeBurreaux folded on the Pre-Flop and did not bet
Seat 5: ANTCHIP12345 folded on the Pre-Flop and did not bet
Seat 6: ingush228 folded on the Pre-Flop and did not bet
Seat 7: AlchemistBR (button) folded on the Pre-Flop
Seat 8: PokerKing2424 (small blind) folded on the Pre-Flop

Game Hand #2027377405 - Tournament #31082790 - Holdem (No Limit) - Level 13 (5000.00/10000.00)- 2024/02/14 19:06:41 UTC
Table '24' 8-max Seat #8 is the button
Seat 1: beautylicious (73896.00)
Seat 2: lipesticky (790750.00)
Seat 3: Deathcuddle (612181.00)
Seat 4: JoeBurreaux (428291.00)
Seat 5: ANTCHIP12345 (740319.00)
Seat 6: ingush228 (328742.00)
Seat 7: AlchemistBR (280808.00)
Seat 8: PokerKing2424 (215000.00)
beautylicious posts ante 1500.00
lipesticky posts ante 1500.00
Deathcuddle posts ante 1500.00
JoeBurreaux posts ante 1500.00
ANTCHIP12345 posts ante 1500.00
ingush228 posts ante 1500.00
AlchemistBR posts ante 1500.00
PokerKing2424 posts ante 1500.00
beautylicious posts the small blind 5000.00
lipesticky posts the big blind 10000.00
*** HOLE CARDS ***
Main pot 12000.00
Dealt to lipesticky [6c 9c]
Deathcuddle folds
JoeBurreaux raises 20000.00 to 20000.00
ANTCHIP12345 folds
ingush228 folds
AlchemistBR folds
PokerKing2424 folds
beautylicious raises 67396.00 to 72396.00 and is all-in
lipesticky folds
JoeBurreaux calls 52396.00
*** FLOP *** [2h Th Qh]
Main pot 166792.00
*** TURN *** [2h Th Qh] [4c]
Main pot 166792.00
*** RIVER *** [2h Th Qh 4c] [Ac]
Main pot 166792.00
*** SHOW DOWN ***
Main pot 166792.00
beautylicious shows [Qs As] (two pair, Aces and Queens [As Ac Qs Qh Th])
JoeBurreaux shows [3s 3d] (a pair of Threes [3s 3d Ac Qh Th])
beautylicious collected 166792.00 from main pot
*** SUMMARY ***
Total pot 166792.00
Board [2h Th Qh 4c Ac]
Seat 1: beautylicious (small blind) showed [Qs As] and won 166792.00 with two pair, Aces and Queens [As Ac Qs Qh Th]
Seat 2: lipesticky (big blind) folded on the Pre-Flop
Seat 3: Deathcuddle folded on the Pre-Flop and did not bet
Seat 4: JoeBurreaux showed [3s 3d] and lost with a pair of Threes [3s 3d Ac Qh Th]
Seat 5: ANTCHIP12345 folded on the Pre-Flop and did not bet
Seat 6: ingush228 folded on the Pre-Flop and did not bet
Seat 7: AlchemistBR folded on the Pre-Flop and did not bet
Seat 8: PokerKing2424 (button) folded on the Pre-Flop

Game Hand #2027378430 - Tournament #31082790 - Holdem (No Limit) - Level 13 (5000.00/10000.00)- 2024/02/14 19:07:40 UTC
Table '24' 8-max Seat #1 is the button
Seat 1: beautylicious (166792.00)
Seat 2: lipesticky (779250.00)
Seat 3: Deathcuddle (610681.00)
Seat 4: JoeBurreaux (354395.00)
Seat 5: ANTCHIP12345 (738819.00)
Seat 6: ingush228 (327242.00)
Seat 7: AlchemistBR (279308.00)
Seat 8: PokerKing2424 (213500.00)
beautylicious posts ante 1500.00
lipesticky posts ante 1500.00
Deathcuddle posts ante 1500.00
JoeBurreaux posts ante 1500.00
ANTCHIP12345 posts ante 1500.00
ingush228 posts ante 1500.00
AlchemistBR posts ante 1500.00
PokerKing2424 posts ante 1500.00
lipesticky posts the small blind 5000.00
Deathcuddle posts the big blind 10000.00
*** HOLE CARDS ***
Main pot 12000.00
Dealt to lipesticky [4h Ah]
JoeBurreaux folds
ANTCHIP12345 folds
ingush228 raises 21000.00 to 21000.00
AlchemistBR folds
PokerKing2424 folds
beautylicious folds
lipesticky calls 16000.00
Deathcuddle calls 11000.00
*** FLOP *** [5c 7c 3d]
Main pot 75000.00
lipesticky checks
Deathcuddle bets 56250.00
ingush228 folds
lipesticky calls 56250.00
*** TURN *** [5c 7c 3d] [Js]
Main pot 187500.00
lipesticky checks
Deathcuddle bets 68750.00
lipesticky folds
Uncalled bet (68750.00) returned to Deathcuddle
Deathcuddle does not show
*** SUMMARY ***
Total pot 187500.00
Board [5c 7c 3d Js]
Seat 1: beautylicious (button) folded on the Pre-Flop
Seat 2: lipesticky (small blind) folded on the Turn
Seat 3: Deathcuddle did not show and won 187500.00
Seat 4: JoeBurreaux folded on the Pre-Flop and did not bet
Seat 5: ANTCHIP12345 folded on the Pre-Flop and did not bet
Seat 6: ingush228 folded on the Flop
Seat 7: AlchemistBR folded on the Pre-Flop and did not bet
Seat 8: PokerKing2424 folded on the Pre-Flop and did not bet

Game Hand #2027380420 - Tournament #31082790 - Holdem (No Limit) - Level 14 (6000.00/12000.00)- 2024/02/14 19:09:35 UTC
Table '24' 8-max Seat #2 is the button
Seat 1: beautylicious (165292.00)
Seat 2: lipesticky (700500.00)
Seat 3: Deathcuddle (719431.00)
Seat 4: JoeBurreaux (352895.00)
Seat 5: ANTCHIP12345 (737319.00)
Seat 6: ingush228 (304742.00)
Seat 7: AlchemistBR (277808.00)
Seat 8: PokerKing2424 (212000.00)
beautylicious posts ante 1800.00
lipesticky posts ante 1800.00
Deathcuddle posts ante 1800.00
JoeBurreaux posts ante 1800.00
ANTCHIP12345 posts ante 1800.00
ingush228 posts ante 1800.00
AlchemistBR posts ante 1800.00
PokerKing2424 posts ante 1800.00
Deathcuddle posts the small blind 6000.00
JoeBurreaux posts the big blind 12000.00
*** HOLE CARDS ***
Main pot 14400.00
Dealt to lipesticky [6d Jc]
ANTCHIP12345 raises 24000.00 to 24000.00
ingush228 folds
AlchemistBR folds
PokerKing2424 folds
beautylicious folds
lipesticky folds
Deathcuddle folds
JoeBurreaux calls 12000.00
*** FLOP *** [2s Jh 9d]
Main pot 68400.00
JoeBurreaux checks
ANTCHIP12345 bets 22572.00
JoeBurreaux calls 22572.00
*** TURN *** [2s Jh 9d] [5h]
Main pot 113544.00
JoeBurreaux checks
ANTCHIP12345 checks
*** RIVER *** [2s Jh 9d 5h] [8d]
Main pot 113544.00
JoeBurreaux checks
ANTCHIP12345 checks
*** SHOW DOWN ***
Main pot 113544.00
JoeBurreaux shows [2d Qd] (a pair of Deuces [2s 2d Qd Jh 9d])
ANTCHIP12345 shows [Ks Ac] (a high card, Ace high [Ac Ks Jh 9d 8d])
JoeBurreaux collected 113544.00 from main pot
*** SUMMARY ***
Total pot 113544.00
Board [2s Jh 9d 5h 8d]
Seat 1: beautylicious folded on the Pre-Flop and did not bet
Seat 2: lipesticky (button) folded on the Pre-Flop
Seat 3: Deathcuddle (small blind) folded on the Pre-Flop
Seat 4: JoeBurreaux (big blind) showed [2d Qd] and won 113544.00 with a pair of Deuces [2s 2d Qd Jh 9d]
Seat 5: ANTCHIP12345 showed [Ks Ac] and lost with a high card, Ace high [Ac Ks Jh 9d 8d]
Seat 6: ingush228 folded on the Pre-Flop and did not bet
Seat 7: AlchemistBR folded on the Pre-Flop and did not bet
Seat 8: PokerKing2424 folded on the Pre-Flop and did not bet

Game Hand #2027381978 - Tournament #31082790 - Holdem (No Limit) - Level 14 (6000.00/12000.00)- 2024/02/14 19:11:11 UTC
Table '24' 8-max Seat #3 is the button
Seat 1: beautylicious (163492.00)
Seat 2: lipesticky (698700.00)
Seat 3: Deathcuddle (711631.00)
Seat 4: JoeBurreaux (418067.00)
Seat 5: ANTCHIP12345 (688947.00)
Seat 6: ingush228 (302942.00)
Seat 7: AlchemistBR (276008.00)
Seat 8: PokerKing2424 (210200.00)
beautylicious posts ante 1800.00
lipesticky posts ante 1800.00
Deathcuddle posts ante 1800.00
JoeBurreaux posts ante 1800.00
ANTCHIP12345 posts ante 1800.00
ingush228 posts ante 1800.00
AlchemistBR posts ante 1800.00
PokerKing2424 posts ante 1800.00
JoeBurreaux posts the small blind 6000.00
ANTCHIP12345 posts the big blind 12000.00
*** HOLE CARDS ***
Main pot 14400.00
Dealt to lipesticky [Ts 9d]
ingush228 folds
AlchemistBR folds
PokerKing2424 calls 12000.00
beautylicious folds
lipesticky calls 12000.00
Deathcuddle folds
JoeBurreaux calls 6000.00
ANTCHIP12345 checks
*** FLOP *** [8c 2d 3d]
Main pot 62400.00
JoeBurreaux checks
ANTCHIP12345 checks
PokerKing2424 bets 52800.00
lipesticky folds
JoeBurreaux folds
ANTCHIP12345 folds
Uncalled bet (52800.00) returned to PokerKing2424
PokerKing2424 does not show
*** SUMMARY ***
Total pot 62400.00
Board [8c 2d 3d]
Seat 1: beautylicious folded on the Pre-Flop and did not bet
Seat 2: lipesticky folded on the Flop
Seat 3: Deathcuddle (button) folded on the Pre-Flop
Seat 4: JoeBurreaux (small blind) folded on the Flop
Seat 5: ANTCHIP12345 (big blind) folded on the Flop
Seat 6: ingush228 folded on the Pre-Flop and did not bet
Seat 7: AlchemistBR folded on the Pre-Flop and did not bet
Seat 8: PokerKing2424 did not show and won 62400.00

Game Hand #2027383145 - Tournament #31082790 - Holdem (No Limit) - Level 14 (6000.00/12000.00)- 2024/02/14 19:12:22 UTC
Table '24' 8-max Seat #4 is the button
Seat 1: beautylicious (161692.00)
Seat 2: lipesticky (684900.00)
Seat 3: Deathcuddle (709831.00)
Seat 4: JoeBurreaux (404267.00)
Seat 5: ANTCHIP12345 (675147.00)
Seat 6: ingush228 (301142.00)
Seat 7: AlchemistBR (274208.00)
Seat 8: PokerKing2424 (258800.00)
beautylicious posts ante 1800.00
lipesticky posts ante 1800.00
Deathcuddle posts ante 1800.00
JoeBurreaux posts ante 1800.00
ANTCHIP12345 posts ante 1800.00
ingush228 posts ante 1800.00
AlchemistBR posts ante 1800.00
PokerKing2424 posts ante 1800.00
ANTCHIP12345 posts the small blind 6000.00
ingush228 posts the big blind 12000.00
*** HOLE CARDS ***
Main pot 14400.00
Dealt to lipesticky [6s 2c]
AlchemistBR raises 24000.00 to 24000.00
PokerKing2424 calls 24000.00
beautylicious folds
lipesticky folds
Deathcuddle folds
JoeBurreaux folds
ANTCHIP12345 folds
ingush228 calls 12000.00
*** FLOP *** [Td Jh 6h]
Main pot 92400.00
ingush228 checks
AlchemistBR bets 60984.00
PokerKing2424 calls 60984.00
ingush228 folds
*** TURN *** [Td Jh 6h] [4s]
Main pot 214368.00
AlchemistBR bets 187424.00 and is all-in
PokerKing2424 calls 172016.00 and is all-in
Uncalled bet (15408.00) returned to AlchemistBR
*** RIVER *** [Td Jh 6h 4s] [3d]
Main pot 558400.00
*** SHOW DOWN ***
Main pot 558400.00
AlchemistBR shows [Jd Kd] (a pair of Jacks [Jh Jd Kd Td 6h])
PokerKing2424 shows [Js 8d] (a pair of Jacks [Js Jh Td 8d 6h])
AlchemistBR collected 558400.00 from main pot
*** SUMMARY ***
Total pot 558400.00
Board [Td Jh 6h 4s 3d]
Seat 1: beautylicious folded on the Pre-Flop and did not bet
Seat 2: lipesticky folded on the Pre-Flop and did not bet
Seat 3: Deathcuddle folded on the Pre-Flop and did not bet
Seat 4: JoeBurreaux (button) folded on the Pre-Flop
Seat 5: ANTCHIP12345 (small blind) folded on the Pre-Flop
Seat 6: ingush228 (big blind) folded on the Flop
Seat 7: AlchemistBR showed [Jd Kd] and won 558400.00 with a pair of Jacks [Jh Jd Kd Td 6h] with the kicker King
Seat 8: PokerKing2424 showed [Js 8d] and lost with a pair of Jacks [Js Jh Td 8d 6h]

Game Hand #2027384216 - Tournament #31082790 - Holdem (No Limit) - Level 14 (6000.00/12000.00)- 2024/02/14 19:13:29 UTC
Table '24' 8-max Seat #5 is the button
Seat 1: beautylicious (159892.00)
Seat 2: lipesticky (683100.00)
Seat 3: Deathcuddle (708031.00)
Seat 4: JoeBurreaux (402467.00)
Seat 5: ANTCHIP12345 (667347.00)
Seat 6: ingush228 (275342.00)
Seat 7: AlchemistBR (573808.00)
beautylicious posts ante 1800.00
lipesticky posts ante 1800.00
Deathcuddle posts ante 1800.00
JoeBurreaux posts ante 1800.00
ANTCHIP12345 posts ante 1800.00
ingush228 posts ante 1800.00
AlchemistBR posts ante 1800.00
ingush228 posts the small blind 6000.00
AlchemistBR posts the big blind 12000.00
*** HOLE CARDS ***
Main pot 12600.00
Dealt to lipesticky [3d Tc]
beautylicious folds
lipesticky folds
Deathcuddle folds
JoeBurreaux folds
ANTCHIP12345 folds
ingush228 calls 6000.00
AlchemistBR checks
*** FLOP *** [3s Ah 7h]
Main pot 36600.00
ingush228 bets 12000.00
AlchemistBR calls 12000.00
*** TURN *** [3s Ah 7h] [Ts]
Main pot 60600.00
ingush228 bets 33330.00
AlchemistBR folds
Uncalled bet (33330.00) returned to ingush228
ingush228 does not show
*** SUMMARY ***
Total pot 60600.00
Board [3s Ah 7h Ts]
Seat 1: beautylicious folded on the Pre-Flop and did not bet
Seat 2: lipesticky folded on the Pre-Flop and did not bet
Seat 3: Deathcuddle folded on the Pre-Flop and did not bet
Seat 4: JoeBurreaux folded on the Pre-Flop and did not bet
Seat 5: ANTCHIP12345 (button) folded on the Pre-Flop
Seat 6: ingush228 did not show and won 60600.00
Seat 7: AlchemistBR (big blind) folded on the Turn

Game Hand #2027385576 - Tournament #31082790 - Holdem (No Limit) - Level 14 (6000.00/12000.00)- 2024/02/14 19:14:57 UTC
Table '24' 8-max Seat #6 is the button
Seat 1: beautylicious (158092.00)
Seat 2: lipesticky (681300.00)
Seat 3: Deathcuddle (706231.00)
Seat 4: JoeBurreaux (400667.00)
Seat 5: ANTCHIP12345 (665547.00)
Seat 6: ingush228 (310142.00)
Seat 7: AlchemistBR (548008.00)
Seat 8: Boois (447338.00)
beautylicious posts ante 1800.00
lipesticky posts ante 1800.00
Deathcuddle posts ante 1800.00
JoeBurreaux posts ante 1800.00
ANTCHIP12345 posts ante 1800.00
ingush228 posts ante 1800.00
AlchemistBR posts ante 1800.00
Boois posts ante 1800.00
AlchemistBR posts the small blind 6000.00
Boois posts the big blind 12000.00
*** HOLE CARDS ***
Main pot 14400.00
Dealt to lipesticky [Ah Ts]
beautylicious folds
lipesticky raises 25200.00 to 25200.00
Deathcuddle folds
JoeBurreaux folds
ANTCHIP12345 calls 25200.00
ingush228 folds
AlchemistBR folds
Boois calls 13200.00
*** FLOP *** [Ad Qh 9c]
Main pot 96000.00
Boois checks
lipesticky bets 25680.00
ANTCHIP12345 calls 25680.00
Boois folds
*** TURN *** [Ad Qh 9c] [As]
Main pot 147360.00
lipesticky checks
ANTCHIP12345 bets 48629.00
lipesticky calls 48629.00
*** RIVER *** [Ad Qh 9c As] [Ac]
Main pot 244618.00
lipesticky checks
ANTCHIP12345 checks
*** SHOW DOWN ***
Main pot 244618.00
lipesticky shows [Ah Ts] (four of a kind, Four Aces [As Ah Ad Ac Qh])
ANTCHIP12345 shows [Kc Qs] (a full house, Aces full of Queens [As Ad Ac Qs Qh])
lipesticky collected 244618.00 from main pot
*** SUMMARY ***
Total pot 244618.00
Board [Ad Qh 9c As Ac]
Seat 1: beautylicious folded on the Pre-Flop and did not bet
Seat 2: lipesticky showed [Ah Ts] and won 244618.00 with four of a kind, Four Aces [As Ah Ad Ac Qh]
Seat 3: Deathcuddle folded on the Pre-Flop and did not bet
Seat 4: JoeBurreaux folded on the Pre-Flop and did not bet
Seat 5: ANTCHIP12345 showed [Kc Qs] and lost with a full house, Aces full of Queens [As Ad Ac Qs Qh]
Seat 6: ingush228 (button) folded on the Pre-Flop
Seat 7: AlchemistBR (small blind) folded on the Pre-Flop
Seat 8: Boois (big blind) folded on the Flop

Game Hand #2027387877 - Tournament #31082790 - Holdem (No Limit) - Level 14 (6000.00/12000.00)- 2024/02/14 19:17:24 UTC
Table '24' 8-max Seat #7 is the button
Seat 1: beautylicious (156292.00)
Seat 2: lipesticky (824609.00)
Seat 3: Deathcuddle (704431.00)
Seat 4: JoeBurreaux (398867.00)
Seat 5: ANTCHIP12345 (564238.00)
Seat 6: ingush228 (308342.00)
Seat 7: AlchemistBR (540208.00)
Seat 8: Boois (420338.00)
beautylicious posts ante 1800.00
lipesticky posts ante 1800.00
Deathcuddle posts ante 1800.00
JoeBurreaux posts ante 1800.00
ANTCHIP12345 posts ante 1800.00
ingush228 posts ante 1800.00
AlchemistBR posts ante 1800.00
Boois posts ante 1800.00
Boois posts the small blind 6000.00
beautylicious posts the big blind 12000.00
*** HOLE CARDS ***
Main pot 14400.00
Dealt to lipesticky [Kc 8s]
lipesticky folds
Deathcuddle raises 24000.00 to 24000.00
JoeBurreaux folds
ANTCHIP12345 folds
ingush228 folds
AlchemistBR folds
Boois folds
beautylicious folds
Uncalled bet (12000.00) returned to Deathcuddle
Deathcuddle does not show
*** SUMMARY ***
Total pot 44400.00
Seat 1: beautylicious (big blind) folded on the Pre-Flop
Seat 2: lipesticky folded on the Pre-Flop and did not bet
Seat 3: Deathcuddle did not show and won 44400.00
Seat 4: JoeBurreaux folded on the Pre-Flop and did not bet
Seat 5: ANTCHIP12345 folded on the Pre-Flop and did not bet
Seat 6: ingush228 folded on the Pre-Flop and did not bet
Seat 7: AlchemistBR (button) folded on the Pre-Flop
Seat 8: Boois (small blind) folded on the Pre-Flop

Game Hand #2027388881 - Tournament #31082790 - Holdem (No Limit) - Level 15 (7000.00/14000.00)- 2024/02/14 19:18:29 UTC
Table '24' 8-max Seat #8 is the button
Seat 1: beautylicious (142492.00)
Seat 2: lipesticky (822809.00)
Seat 3: Deathcuddle (735031.00)
Seat 4: JoeBurreaux (397067.00)
Seat 5: ANTCHIP12345 (562438.00)
Seat 6: ingush228 (306542.00)
Seat 7: AlchemistBR (538408.00) is sitting out
Seat 8: Boois (412538.00)
beautylicious posts ante 2000.00
lipesticky posts ante 2000.00
Deathcuddle posts ante 2000.00
JoeBurreaux posts ante 2000.00
ANTCHIP12345 posts ante 2000.00
ingush228 posts ante 2000.00
AlchemistBR posts ante 2000.00
Boois posts ante 2000.00
beautylicious posts the small blind 7000.00
lipesticky posts the big blind 14000.00
*** HOLE CARDS ***
Main pot 16000.00
Dealt to lipesticky [Qc 3s]
Deathcuddle folds
JoeBurreaux folds
ANTCHIP12345 folds
ingush228 folds
AlchemistBR folds
Boois raises 28000.00 to 28000.00
beautylicious raises 133492.00 to 140492.00 and is all-in
lipesticky folds
Boois calls 112492.00
*** FLOP *** [9s 4d 7h]
Main pot 310984.00
*** TURN *** [9s 4d 7h] [Jd]
Main pot 310984.00
*** RIVER *** [9s 4d 7h Jd] [5h]
Main pot 310984.00
*** SHOW DOWN ***
Main pot 310984.00
beautylicious shows [9c Ac] (a pair of Nines [9s 9c Ac Jd 7h])
Boois shows [3h Ah] (a high card, Ace high [Ah Jd 9s 7h 5h])
beautylicious collected 310984.00 from main pot
*** SUMMARY ***
Total pot 310984.00
Board [9s 4d 7h Jd 5h]
Seat 1: beautylicious (small blind) showed [9c Ac] and won 310984.00 with a pair of Nines [9s 9c Ac Jd 7h]
Seat 2: lipesticky (big blind) folded on the Pre-Flop
Seat 3: Deathcuddle folded on the Pre-Flop and did not bet
Seat 4: JoeBurreaux folded on the Pre-Flop and did not bet
Seat 5: ANTCHIP12345 folded on the Pre-Flop and did not bet
Seat 6: ingush228 folded on the Pre-Flop and did not bet
Seat 7: AlchemistBR folded on the Pre-Flop and did not bet
Seat 8: Boois (button) showed [3h Ah] and lost with a high card, Ace high [Ah Jd 9s 7h 5h]

Game Hand #2027389622 - Tournament #31082790 - Holdem (No Limit) - Level 15 (7000.00/14000.00)- 2024/02/14 19:19:17 UTC
Table '24' 8-max Seat #1 is the button
Seat 1: beautylicious (310984.00)
Seat 2: lipesticky (806809.00)
Seat 3: Deathcuddle (733031.00)
Seat 4: JoeBurreaux (395067.00)
Seat 5: ANTCHIP12345 (560438.00)
Seat 6: ingush228 (304542.00)
Seat 7: AlchemistBR (536408.00)
Seat 8: Boois (270046.00)
beautylicious posts ante 2000.00
lipesticky posts ante 2000.00
Deathcuddle posts ante 2000.00
JoeBurreaux posts ante 2000.00
ANTCHIP12345 posts ante 2000.00
ingush228 posts ante 2000.00
AlchemistBR posts ante 2000.00
Boois posts ante 2000.00
lipesticky posts the small blind 7000.00
Deathcuddle posts the big blind 14000.00
*** HOLE CARDS ***
Main pot 16000.00
Dealt to lipesticky [3h Qc]
JoeBurreaux folds
ANTCHIP12345 folds
ingush228 folds
AlchemistBR folds
Boois raises 28000.00 to 28000.00
beautylicious folds
lipesticky folds
Deathcuddle calls 14000.00
*** FLOP *** [5d 2s 7s]
Main pot 79000.00
Deathcuddle bets 59250.00
Boois raises 240046.00 to 240046.00 and is all-in
Deathcuddle calls 180796.00
*** TURN *** [5d 2s 7s] [Kh]
Main pot 559092.00
*** RIVER *** [5d 2s 7s Kh] [7h]
Main pot 559092.00
*** SHOW DOWN ***
Main pot 559092.00
Deathcuddle shows [7d 9d] (three of a kind, Set of Sevens [7s 7h 7d Kh 9d])
Boois shows [Ac Ks] (two pair, Kings and Sevens [Ks Kh 7s 7h Ac])
Deathcuddle collected 559092.00 from main pot
*** SUMMARY ***
Total pot 559092.00
Board [5d 2s 7s Kh 7h]
Seat 1: beautylicious (button) folded on the Pre-Flop
Seat 2: lipesticky (small blind) folded on the Pre-Flop
Seat 3: Deathcuddle (big blind) showed [7d 9d] and won 559092.00 with three of a kind, Set of Sevens [7s 7h 7d Kh 9d]
Seat 4: JoeBurreaux folded on the Pre-Flop and did not bet
Seat 5: ANTCHIP12345 folded on the Pre-Flop and did not bet
Seat 6: ingush228 folded on the Pre-Flop and did not bet
Seat 7: AlchemistBR folded on the Pre-Flop and did not bet
Seat 8: Boois showed [Ac Ks] and lost with two pair, Kings and Sevens [Ks Kh 7s 7h Ac]

Game Hand #2027390594 - Tournament #31082790 - Holdem (No Limit) - Level 15 (7000.00/14000.00)- 2024/02/14 19:20:21 UTC
Table '24' 8-max Seat #2 is the button
Seat 1: beautylicious (308984.00)
Seat 2: lipesticky (797809.00)
Seat 3: Deathcuddle (1022077.00)
Seat 4: JoeBurreaux (393067.00)
Seat 5: ANTCHIP12345 (558438.00)
Seat 6: ingush228 (302542.00)
Seat 7: AlchemistBR (534408.00)
beautylicious posts ante 2000.00
lipesticky posts ante 2000.00
Deathcuddle posts ante 2000.00
JoeBurreaux posts ante 2000.00
ANTCHIP12345 posts ante 2000.00
ingush228 posts ante 2000.00
AlchemistBR posts ante 2000.00
Deathcuddle posts the small blind 7000.00
JoeBurreaux posts the big blind 14000.00
*** HOLE CARDS ***
Main pot 14000.00
Dealt to lipesticky [Jc Qs]
ANTCHIP12345 folds
ingush228 folds
AlchemistBR folds
beautylicious folds
lipesticky raises 29400.00 to 29400.00
Deathcuddle folds
JoeBurreaux calls 15400.00
*** FLOP *** [Th Ah Qc]
Main pot 79800.00
JoeBurreaux checks
lipesticky bets 19334.00
JoeBurreaux calls 19334.00
*** TURN *** [Th Ah Qc] [2d]
Main pot 118468.00
JoeBurreaux checks
lipesticky checks
*** RIVER *** [Th Ah Qc 2d] [9s]
Main pot 118468.00
JoeBurreaux checks
lipesticky bets 65157.00
JoeBurreaux folds
Uncalled bet (65157.00) returned to lipesticky
lipesticky does not show
*** SUMMARY ***
Total pot 118468.00
Board [Th Ah Qc 2d 9s]
Seat 1: beautylicious folded on the Pre-Flop and did not bet
Seat 2: lipesticky did not show and won 118468.00
Seat 3: Deathcuddle (small blind) folded on the Pre-Flop
Seat 4: JoeBurreaux (big blind) folded on the River
Seat 5: ANTCHIP12345 folded on the Pre-Flop and did not bet
Seat 6: ingush228 folded on the Pre-Flop and did not bet
Seat 7: AlchemistBR folded on the Pre-Flop and did not bet

Game Hand #2027391850 - Tournament #31082790 - Holdem (No Limit) - Level 15 (7000.00/14000.00)- 2024/02/14 19:21:46 UTC
Table '24' 8-max Seat #3 is the button
Seat 1: beautylicious (306984.00)
Seat 2: lipesticky (865543.00)
Seat 3: Deathcuddle (1013077.00)
Seat 4: JoeBurreaux (342333.00)
Seat 5: ANTCHIP12345 (556438.00)
Seat 6: ingush228 (300542.00)
Seat 7: AlchemistBR (532408.00)
Seat 8: zAfStOp_Re (668899.00)
beautylicious posts ante 2000.00
lipesticky posts ante 2000.00
Deathcuddle posts ante 2000.00
JoeBurreaux posts ante 2000.00
ANTCHIP12345 posts ante 2000.00
ingush228 posts ante 2000.00
AlchemistBR posts ante 2000.00
zAfStOp_Re posts ante 2000.00
JoeBurreaux posts the small blind 7000.00
ANTCHIP12345 posts the big blind 14000.00
*** HOLE CARDS ***
Main pot 16000.00
Dealt to lipesticky [6h Js]
ingush228 folds
AlchemistBR folds
zAfStOp_Re raises 29400.00 to 29400.00
beautylicious folds
lipesticky folds
Deathcuddle calls 29400.00
JoeBurreaux folds
ANTCHIP12345 folds
*** FLOP *** [5h 9d Ac]
Main pot 95800.00
zAfStOp_Re bets 31614.00
Deathcuddle folds
Uncalled bet (31614.00) returned to zAfStOp_Re
zAfStOp_Re does not show
*** SUMMARY ***
Total pot 95800.00
Board [5h 9d Ac]
Seat 1: beautylicious folded on the Pre-Flop and did not bet
Seat 2: lipesticky folded on the Pre-Flop and did not bet
Seat 3: Deathcuddle (button) folded on the Flop
Seat 4: JoeBurreaux (small blind) folded on the Pre-Flop
Seat 5: ANTCHIP12345 (big blind) folded on the Pre-Flop
Seat 6: ingush228 folded on the Pre-Flop and did not bet
Seat 7: AlchemistBR folded on the Pre-Flop and did not bet
Seat 8: zAfStOp_Re did not show and won 95800.00

Game Hand #2027392600 - Tournament #31082790 - Holdem (No Limit) - Level 15 (7000.00/14000.00)- 2024/02/14 19:22:35 UTC
Table '24' 8-max Seat #4 is the button
Seat 1: beautylicious (304984.00)
Seat 2: lipesticky (863543.00)
Seat 3: Deathcuddle (981677.00)
Seat 4: JoeBurreaux (333333.00)
Seat 5: ANTCHIP12345 (540438.00)
Seat 6: ingush228 (298542.00)
Seat 7: AlchemistBR (530408.00)
Seat 8: zAfStOp_Re (733299.00)
beautylicious posts ante 2000.00
lipesticky posts ante 2000.00
Deathcuddle posts ante 2000.00
JoeBurreaux posts ante 2000.00
ANTCHIP12345 posts ante 2000.00
ingush228 posts ante 2000.00
AlchemistBR posts ante 2000.00
zAfStOp_Re posts ante 2000.00
ANTCHIP12345 posts the small blind 7000.00
ingush228 posts the big blind 14000.00
*** HOLE CARDS ***
Main pot 16000.00
Dealt to lipesticky [5h 8h]
AlchemistBR folds
zAfStOp_Re folds
beautylicious folds
lipesticky folds
Deathcuddle raises 28000.00 to 28000.00
JoeBurreaux calls 28000.00
ANTCHIP12345 folds
ingush228 folds
*** FLOP *** [Jc 3h Kd]
Main pot 93000.00
Deathcuddle checks
JoeBurreaux checks
*** TURN *** [Jc 3h Kd] [9h]
Main pot 93000.00
Deathcuddle checks
JoeBurreaux checks
*** RIVER *** [Jc 3h Kd 9h] [4c]
Main pot 93000.00
Deathcuddle bets 69750.00
JoeBurreaux calls 69750.00
*** SHOW DOWN ***
Main pot 232500.00
Deathcuddle shows [Ts Jd] (a pair of Jacks [Jd Jc Kd Ts 9h])
JoeBurreaux shows [Ad 4d] (a pair of Fours [4d 4c Ad Kd Jc])
Deathcuddle collected 232500.00 from main pot
*** SUMMARY ***
Total pot 232500.00
Board [Jc 3h Kd 9h 4c]
Seat 1: beautylicious folded on the Pre-Flop and did not bet
Seat 2: lipesticky folded on the Pre-Flop and did not bet
Seat 3: Deathcuddle showed [Ts Jd] and won 232500.00 with a pair of Jacks [Jd Jc Kd Ts 9h]
Seat 4: JoeBurreaux (button) showed [Ad 4d] and lost with a pair of Fours [4d 4c Ad Kd Jc]
Seat 5: ANTCHIP12345 (small blind) folded on the Pre-Flop
Seat 6: ingush228 (big blind) folded on the Pre-Flop
Seat 7: AlchemistBR folded on the Pre-Flop and did not bet
Seat 8: zAfStOp_Re folded on the Pre-Flop and did not bet

Game Hand #2027393754 - Tournament #31082790 - Holdem (No Limit) - Level 15 (7000.00/14000.00)- 2024/02/14 19:23:51 UTC
Table '24' 8-max Seat #5 is the button
Seat 1: beautylicious (302984.00)
Seat 2: lipesticky (861543.00)
Seat 3: Deathcuddle (1114427.00)
Seat 4: JoeBurreaux (233583.00)
Seat 5: ANTCHIP12345 (531438.00)
Seat 6: ingush228 (282542.00)
Seat 7: AlchemistBR (528408.00)
Seat 8: zAfStOp_Re (731299.00)
beautylicious posts ante 2000.00
lipesticky posts ante 2000.00
Deathcuddle posts ante 2000.00
JoeBurreaux posts ante 2000.00
ANTCHIP12345 posts ante 2000.00
ingush228 posts ante 2000.00
AlchemistBR posts ante 2000.00
zAfStOp_Re posts ante 2000.00
ingush228 posts the small blind 7000.00
AlchemistBR posts the big blind 14000.00
*** HOLE CARDS ***
Main pot 16000.00
Dealt to lipesticky [Ac 4c]
zAfStOp_Re folds
beautylicious folds
lipesticky raises 29400.00 to 29400.00
Deathcuddle folds
JoeBurreaux folds
ANTCHIP12345 folds
ingush228 folds
AlchemistBR raises 91000.00 to 105000.00
lipesticky calls 75600.00
*** FLOP *** [8c Jd 2h]
Main pot 233000.00
AlchemistBR bets 421408.00 and is all-in
lipesticky folds
Uncalled bet (421408.00) returned to AlchemistBR
AlchemistBR does not show
*** SUMMARY ***
Total pot 233000.00
Board [8c Jd 2h]
Seat 1: beautylicious folded on the Pre-Flop and did not bet
Seat 2: lipesticky folded on the Flop
Seat 3: Deathcuddle folded on the Pre-Flop and did not bet
Seat 4: JoeBurreaux folded on the Pre-Flop and did not bet
Seat 5: ANTCHIP12345 (button) folded on the Pre-Flop
Seat 6: ingush228 (small blind) folded on the Pre-Flop
Seat 7: AlchemistBR did not show and won 233000.00
Seat 8: zAfStOp_Re folded on the Pre-Flop and did not bet

Game Hand #2027395194 - Tournament #31082790 - Holdem (No Limit) - Level 15 (7000.00/14000.00)- 2024/02/14 19:25:27 UTC
Table '24' 8-max Seat #6 is the button
Seat 1: beautylicious (300984.00)
Seat 2: lipesticky (754543.00)
Seat 3: Deathcuddle (1112427.00)
Seat 4: JoeBurreaux (231583.00)
Seat 5: ANTCHIP12345 (529438.00)
Seat 6: ingush228 (273542.00)
Seat 7: AlchemistBR (654408.00)
Seat 8: zAfStOp_Re (729299.00)
beautylicious posts ante 2000.00
lipesticky posts ante 2000.00
Deathcuddle posts ante 2000.00
JoeBurreaux posts ante 2000.00
ANTCHIP12345 posts ante 2000.00
ingush228 posts ante 2000.00
AlchemistBR posts ante 2000.00
zAfStOp_Re posts ante 2000.00
AlchemistBR posts the small blind 7000.00
zAfStOp_Re posts the big blind 14000.00
*** HOLE CARDS ***
Main pot 16000.00
Dealt to lipesticky [4c Kd]
beautylicious folds
lipesticky folds
Deathcuddle folds
JoeBurreaux folds
ANTCHIP12345 folds
ingush228 folds
AlchemistBR raises 42000.00 to 49000.00
zAfStOp_Re folds
Uncalled bet (35000.00) returned to AlchemistBR
AlchemistBR does not show
*** SUMMARY ***
Total pot 44000.00
Seat 1: beautylicious folded on the Pre-Flop and did not bet
Seat 2: lipesticky folded on the Pre-Flop and did not bet
Seat 3: Deathcuddle folded on the Pre-Flop and did not bet
Seat 4: JoeBurreaux folded on the Pre-Flop and did not bet
Seat 5: ANTCHIP12345 folded on the Pre-Flop and did not bet
Seat 6: ingush228 (button) folded on the Pre-Flop
Seat 7: AlchemistBR did not show and won 44000.00
Seat 8: zAfStOp_Re (big blind) folded on the Pre-Flop

Game Hand #2027396021 - Tournament #31082790 - Holdem (No Limit) - Level 15 (7000.00/14000.00)- 2024/02/14 19:26:22 UTC
Table '24' 8-max Seat #7 is the button
Seat 1: beautylicious (298984.00)
Seat 2: lipesticky (752543.00)
Seat 3: Deathcuddle (1110427.00)
Seat 4: JoeBurreaux (229583.00)
Seat 5: ANTCHIP12345 (527438.00)
Seat 6: ingush228 (271542.00)
Seat 7: AlchemistBR (682408.00)
Seat 8: zAfStOp_Re (713299.00)
beautylicious posts ante 2000.00
lipesticky posts ante 2000.00
Deathcuddle posts ante 2000.00
JoeBurreaux posts ante 2000.00
ANTCHIP12345 posts ante 2000.00
ingush228 posts ante 2000.00
AlchemistBR posts ante 2000.00
zAfStOp_Re posts ante 2000.00
zAfStOp_Re posts the small blind 7000.00
beautylicious posts the big blind 14000.00
*** HOLE CARDS ***
Main pot 16000.00
Dealt to lipesticky [Jd 3d]
lipesticky folds
Deathcuddle folds
JoeBurreaux folds
ANTCHIP12345 raises 28000.00 to 28000.00
ingush228 folds
AlchemistBR folds
zAfStOp_Re folds
beautylicious calls 14000.00
*** FLOP *** [2s Ad Ks]
Main pot 79000.00
beautylicious checks
ANTCHIP12345 bets 26070.00
beautylicious folds
Uncalled bet (26070.00) returned to ANTCHIP12345
ANTCHIP12345 does not show
*** SUMMARY ***
Total pot 79000.00
Board [2s Ad Ks]
Seat 1: beautylicious (big blind) folded on the Flop
Seat 2: lipesticky folded on the Pre-Flop and did not bet
Seat 3: Deathcuddle folded on the Pre-Flop and did not bet
Seat 4: JoeBurreaux folded on the Pre-Flop and did not bet
Seat 5: ANTCHIP12345 did not show and won 79000.00
Seat 6: ingush228 folded on the Pre-Flop and did not bet
Seat 7: AlchemistBR (button) folded on the Pre-Flop
Seat 8: zAfStOp_Re (small blind) folded on the Pre-Flop

Game Hand #2027397008 - Tournament #31082790 - Holdem (No Limit) - Level 15 (7000.00/14000.00)- 2024/02/14 19:27:27 UTC
Table '24' 8-max Seat #8 is the button
Seat 1: beautylicious (268984.00)
Seat 2: lipesticky (750543.00)
Seat 3: Deathcuddle (1108427.00)
Seat 4: JoeBurreaux (227583.00)
Seat 5: ANTCHIP12345 (576438.00)
Seat 6: ingush228 (269542.00)
Seat 7: AlchemistBR (680408.00)
Seat 8: zAfStOp_Re (704299.00)
beautylicious posts ante 2000.00
lipesticky posts ante 2000.00
Deathcuddle posts ante 2000.00
JoeBurreaux posts ante 2000.00
ANTCHIP12345 posts ante 2000.00
ingush228 posts ante 2000.00
AlchemistBR posts ante 2000.00
zAfStOp_Re posts ante 2000.00
beautylicious posts the small blind 7000.00
lipesticky posts the big blind 14000.00
*** HOLE CARDS ***
Main pot 16000.00
Dealt to lipesticky [8h 6d]
Deathcuddle folds
JoeBurreaux folds
ANTCHIP12345 folds
ingush228 raises 29400.00 to 29400.00
AlchemistBR calls 29400.00
zAfStOp_Re folds
beautylicious folds
lipesticky calls 15400.00
*** FLOP *** [4d Jc 8s]
Main pot 111200.00
lipesticky checks
ingush228 bets 43696.00
AlchemistBR folds
lipesticky folds
Uncalled bet (43696.00) returned to ingush228
ingush228 does not show
*** SUMMARY ***
Total pot 111200.00
Board [4d Jc 8s]
Seat 1: beautylicious (small blind) folded on the Pre-Flop
Seat 2: lipesticky (big blind) folded on the Flop
Seat 3: Deathcuddle folded on the Pre-Flop and did not bet
Seat 4: JoeBurreaux folded on the Pre-Flop and did not bet
Seat 5: ANTCHIP12345 folded on the Pre-Flop and did not bet
Seat 6: ingush228 did not show and won 111200.00
Seat 7: AlchemistBR folded on the Flop
Seat 8: zAfStOp_Re (button) folded on the Pre-Flop

Game Hand #2027398219 - Tournament #31082790 - Holdem (No Limit) - Level 16 (8000.00/16000.00)- 2024/02/14 19:28:47 UTC
Table '24' 8-max Seat #1 is the button
Seat 1: beautylicious (259984.00)
Seat 2: lipesticky (719143.00)
Seat 3: Deathcuddle (1106427.00)
Seat 4: JoeBurreaux (225583.00)
Seat 5: ANTCHIP12345 (574438.00)
Seat 6: ingush228 (349342.00)
Seat 7: AlchemistBR (649008.00)
Seat 8: zAfStOp_Re (702299.00)
beautylicious posts ante 2400.00
lipesticky posts ante 2400.00
Deathcuddle posts ante 2400.00
JoeBurreaux posts ante 2400.00
ANTCHIP12345 posts ante 2400.00
ingush228 posts ante 2400.00
AlchemistBR posts ante 2400.00
zAfStOp_Re posts ante 2400.00
lipesticky posts the small blind 8000.00
Deathcuddle posts the big blind 16000.00
*** HOLE CARDS ***
Main pot 19200.00
Dealt to lipesticky [3d Ah]
JoeBurreaux folds
ANTCHIP12345 folds
ingush228 folds
AlchemistBR folds
zAfStOp_Re folds
beautylicious folds
lipesticky calls 8000.00
Deathcuddle raises 40000.00 to 56000.00
lipesticky calls 40000.00
*** FLOP *** [4c 9c 7s]
Main pot 131200.00
lipesticky checks
Deathcuddle bets 98400.00
lipesticky folds
Uncalled bet (98400.00) returned to Deathcuddle
Deathcuddle does not show
*** SUMMARY ***
Total pot 131200.00
Board [4c 9c 7s]
Seat 1: beautylicious (button) folded on the Pre-Flop
Seat 2: lipesticky (small blind) folded on the Flop
Seat 3: Deathcuddle did not show and won 131200.00
Seat 4: JoeBurreaux folded on the Pre-Flop and did not bet
Seat 5: ANTCHIP12345 folded on the Pre-Flop and did not bet
Seat 6: ingush228 folded on the Pre-Flop and did not bet
Seat 7: AlchemistBR folded on the Pre-Flop and did not bet
Seat 8: zAfStOp_Re folded on the Pre-Flop and did not bet

Game Hand #2027399274 - Tournament #31082790 - Holdem (No Limit) - Level 16 (8000.00/16000.00)- 2024/02/14 19:29:55 UTC
Table '24' 8-max Seat #2 is the button
Seat 1: beautylicious (257584.00)
Seat 2: lipesticky (660743.00)
Seat 3: Deathcuddle (1179227.00)
Seat 4: JoeBurreaux (223183.00)
Seat 5: ANTCHIP12345 (572038.00)
Seat 6: ingush228 (346942.00)
Seat 7: AlchemistBR (646608.00)
Seat 8: zAfStOp_Re (699899.00)
beautylicious posts ante 2400.00
lipesticky posts ante 2400.00
Deathcuddle posts ante 2400.00
JoeBurreaux posts ante 2400.00
ANTCHIP12345 posts ante 2400.00
ingush228 posts ante 2400.00
AlchemistBR posts ante 2400.00
zAfStOp_Re posts ante 2400.00
Deathcuddle posts the small blind 8000.00
JoeBurreaux posts the big blind 16000.00
*** HOLE CARDS ***
Main pot 19200.00
Dealt to lipesticky [Kc 2d]
ANTCHIP12345 folds
ingush228 folds
AlchemistBR folds
zAfStOp_Re folds
beautylicious raises 33600.00 to 33600.00
lipesticky folds
Deathcuddle raises 1168827.00 to 1176827.00 and is all-in
JoeBurreaux calls 204783.00 and is all-in
beautylicious calls 221584.00 and is all-in
Uncalled bet (921643.00) returned to Deathcuddle
*** FLOP *** [Qs 7h 5s]
Main pot 681549.00
Side pot(1) 68802.00
*** TURN *** [Qs 7h 5s] [4s]
Main pot 681549.00
Side pot(1) 68802.00
*** RIVER *** [Qs 7h 5s 4s] [Qd]
Main pot 681549.00
Side pot(1) 68802.00
*** SHOW DOWN ***
Main pot 681549.00
Side pot(1) 68802.00
beautylicious shows [Ac Kh] (a pair of Queens [Qs Qd Ac Kh 7h])
Deathcuddle shows [6h 6s] (two pair, Queens and Sixs [Qs Qd 6s 6h 7h])
JoeBurreaux shows [Kd As] (a pair of Queens [Qs Qd As Kd 7h])
Deathcuddle collected 681549.00 from main pot
Deathcuddle collected 68802.00 from side pot-1
*** SUMMARY ***
Total pot 750351.00
Board [Qs 7h 5s 4s Qd]
Seat 1: beautylicious showed [Ac Kh] and lost with a pair of Queens [Qs Qd Ac Kh 7h]
Seat 2: lipesticky (button) folded on the Pre-Flop
Seat 3: Deathcuddle (small blind) showed [6h 6s] and won 750351.00 with two pair, Queens and Sixs [Qs Qd 6s 6h 7h]
Seat 4: JoeBurreaux (big blind) showed [Kd As] and lost with a pair of Queens [Qs Qd As Kd 7h]
Seat 5: ANTCHIP12345 folded on the Pre-Flop and did not bet
Seat 6: ingush228 folded on the Pre-Flop and did not bet
Seat 7: AlchemistBR folded on the Pre-Flop and did not bet
Seat 8: zAfStOp_Re folded on the Pre-Flop and did not bet

Game Hand #2027400246 - Tournament #31082790 - Holdem (No Limit) - Level 16 (8000.00/16000.00)- 2024/02/14 19:30:57 UTC
Table '24' 8-max Seat #3 is the button
Seat 2: lipesticky (658343.00)
Seat 3: Deathcuddle (1671994.00)
Seat 5: ANTCHIP12345 (569638.00)
Seat 6: ingush228 (344542.00)
Seat 7: AlchemistBR (644208.00)
Seat 8: zAfStOp_Re (697499.00)
lipesticky posts ante 2400.00
Deathcuddle posts ante 2400.00
ANTCHIP12345 posts ante 2400.00
ingush228 posts ante 2400.00
AlchemistBR posts ante 2400.00
zAfStOp_Re posts ante 2400.00
ANTCHIP12345 posts the big blind 16000.00
*** HOLE CARDS ***
Main pot 14400.00
Dealt to lipesticky [5h 8c]
ingush228 folds
AlchemistBR folds
zAfStOp_Re folds
lipesticky folds
Deathcuddle raises 32000.00 to 32000.00
ANTCHIP12345 folds
Uncalled bet (16000.00) returned to Deathcuddle
Deathcuddle does not show
*** SUMMARY ***
Total pot 46400.00
Seat 2: lipesticky folded on the Pre-Flop and did not bet
Seat 3: Deathcuddle did not show and won 46400.00
Seat 5: ANTCHIP12345 (big blind) folded on the Pre-Flop
Seat 6: ingush228 folded on the Pre-Flop and did not bet
Seat 7: AlchemistBR folded on the Pre-Flop and did not bet
Seat 8: zAfStOp_Re folded on the Pre-Flop and did not bet

Game Hand #2027400802 - Tournament #31082790 - Holdem (No Limit) - Level 16 (8000.00/16000.00)- 2024/02/14 19:31:33 UTC
Table '24' 8-max Seat #4 is the button
Seat 1: Yatoro (664387.00)
Seat 2: lipesticky (655943.00)
Seat 3: Deathcuddle (1699994.00)
Seat 5: ANTCHIP12345 (551238.00)
Seat 6: ingush228 (342142.00)
Seat 7: AlchemistBR (641808.00)
Seat 8: zAfStOp_Re (695099.00)
Yatoro posts ante 2400.00
lipesticky posts ante 2400.00
Deathcuddle posts ante 2400.00
ANTCHIP12345 posts ante 2400.00
ingush228 posts ante 2400.00
AlchemistBR posts ante 2400.00
zAfStOp_Re posts ante 2400.00
ANTCHIP12345 posts the small blind 8000.00
ingush228 posts the big blind 16000.00
*** HOLE CARDS ***
Main pot 16800.00
Dealt to lipesticky [7h Qc]
AlchemistBR folds
zAfStOp_Re folds
Yatoro raises 32000.00 to 32000.00
lipesticky folds
Deathcuddle folds
ANTCHIP12345 folds
ingush228 calls 16000.00
*** FLOP *** [3h As Jd]
Main pot 88800.00
ingush228 checks
Yatoro bets 22200.00
ingush228 raises 82156.00 to 82156.00
Yatoro folds
Uncalled bet (59956.00) returned to ingush228
ingush228 does not show
*** SUMMARY ***
Total pot 133200.00
Board [3h As Jd]
Seat 1: Yatoro folded on the Flop
Seat 2: lipesticky folded on the Pre-Flop and did not bet
Seat 3: Deathcuddle folded on the Pre-Flop and did not bet
Seat 5: ANTCHIP12345 (small blind) folded on the Pre-Flop
Seat 6: ingush228 did not show and won 133200.00
Seat 7: AlchemistBR folded on the Pre-Flop and did not bet
Seat 8: zAfStOp_Re folded on the Pre-Flop and did not bet

Game Hand #2027401945 - Tournament #31082790 - Holdem (No Limit) - Level 16 (8000.00/16000.00)- 2024/02/14 19:32:46 UTC
Table '24' 8-max Seat #5 is the button
Seat 1: Yatoro (607787.00)
Seat 2: lipesticky (653543.00)
Seat 3: Deathcuddle (1697594.00)
Seat 5: ANTCHIP12345 (540838.00)
Seat 6: ingush228 (418742.00)
Seat 7: AlchemistBR (639408.00)
Seat 8: zAfStOp_Re (692699.00)
Yatoro posts ante 2400.00
lipesticky posts ante 2400.00
Deathcuddle posts ante 2400.00
ANTCHIP12345 posts ante 2400.00
ingush228 posts ante 2400.00
AlchemistBR posts ante 2400.00
zAfStOp_Re posts ante 2400.00
ingush228 posts the small blind 8000.00
AlchemistBR posts the big blind 16000.00
*** HOLE CARDS ***
Main pot 16800.00
Dealt to lipesticky [Ks 7c]
zAfStOp_Re raises 33600.00 to 33600.00
Yatoro folds
lipesticky folds
Deathcuddle folds
ANTCHIP12345 folds
ingush228 folds
AlchemistBR folds
Uncalled bet (17600.00) returned to zAfStOp_Re
zAfStOp_Re does not show
*** SUMMARY ***
Total pot 56800.00
Seat 1: Yatoro folded on the Pre-Flop and did not bet
Seat 2: lipesticky folded on the Pre-Flop and did not bet
Seat 3: Deathcuddle folded on the Pre-Flop and did not bet
Seat 5: ANTCHIP12345 (button) folded on the Pre-Flop
Seat 6: ingush228 (small blind) folded on the Pre-Flop
Seat 7: AlchemistBR (big blind) folded on the Pre-Flop
Seat 8: zAfStOp_Re did not show and won 56800.00

Game Hand #2027402570 - Tournament #31082790 - Holdem (No Limit) - Level 16 (8000.00/16000.00)- 2024/02/14 19:33:26 UTC
Table '24' 8-max Seat #6 is the button
Seat 1: Yatoro (605387.00)
Seat 2: lipesticky (651143.00)
Seat 3: Deathcuddle (1695194.00)
Seat 5: ANTCHIP12345 (538438.00)
Seat 6: ingush228 (408342.00)
Seat 7: AlchemistBR (621008.00)
Seat 8: zAfStOp_Re (731099.00)
Yatoro posts ante 2400.00
lipesticky posts ante 2400.00
Deathcuddle posts ante 2400.00
ANTCHIP12345 posts ante 2400.00
ingush228 posts ante 2400.00
AlchemistBR posts ante 2400.00
zAfStOp_Re posts ante 2400.00
AlchemistBR posts the small blind 8000.00
zAfStOp_Re posts the big blind 16000.00
*** HOLE CARDS ***
Main pot 16800.00
Dealt to lipesticky [7d 4h]
Yatoro folds
lipesticky folds
Deathcuddle raises 32000.00 to 32000.00
ANTCHIP12345 folds
ingush228 folds
AlchemistBR folds
zAfStOp_Re calls 16000.00
*** FLOP *** [3s 6c 8h]
Main pot 88800.00
zAfStOp_Re checks
Deathcuddle checks
*** TURN *** [3s 6c 8h] [As]
Main pot 88800.00
zAfStOp_Re checks
Deathcuddle bets 66600.00
zAfStOp_Re folds
Uncalled bet (66600.00) returned to Deathcuddle
Deathcuddle does not show
*** SUMMARY ***
Total pot 88800.00
Board [3s 6c 8h As]
Seat 1: Yatoro folded on the Pre-Flop and did not bet
Seat 2: lipesticky folded on the Pre-Flop and did not bet
Seat 3: Deathcuddle did not show and won 88800.00
Seat 5: ANTCHIP12345 folded on the Pre-Flop and did not bet
Seat 6: ingush228 (button) folded on the Pre-Flop
Seat 7: AlchemistBR (small blind) folded on the Pre-Flop
Seat 8: zAfStOp_Re (big blind) folded on the Turn

Game Hand #2027404093 - Tournament #31082790 - Holdem (No Limit) - Level 16 (8000.00/16000.00)- 2024/02/14 19:35:05 UTC
Table '24' 8-max Seat #7 is the button
Seat 1: Yatoro (602987.00)
Seat 2: lipesticky (648743.00)
Seat 3: Deathcuddle (1749594.00)
Seat 5: ANTCHIP12345 (536038.00)
Seat 6: ingush228 (405942.00)
Seat 7: AlchemistBR (610608.00)
Seat 8: zAfStOp_Re (696699.00)
Yatoro posts ante 2400.00
lipesticky posts ante 2400.00
Deathcuddle posts ante 2400.00
ANTCHIP12345 posts ante 2400.00
ingush228 posts ante 2400.00
AlchemistBR posts ante 2400.00
zAfStOp_Re posts ante 2400.00
zAfStOp_Re posts the small blind 8000.00
Yatoro posts the big blind 16000.00
*** HOLE CARDS ***
Main pot 16800.00
Dealt to lipesticky [2c 5d]
lipesticky folds
Deathcuddle folds
ANTCHIP12345 folds
ingush228 folds
AlchemistBR raises 32000.00 to 32000.00
zAfStOp_Re calls 24000.00
Yatoro calls 16000.00
*** FLOP *** [3c 5c Ad]
Main pot 112800.00
zAfStOp_Re checks
Yatoro checks
AlchemistBR bets 37224.00
zAfStOp_Re calls 37224.00
Yatoro folds
*** TURN *** [3c 5c Ad] [6d]
Main pot 187248.00
zAfStOp_Re checks
AlchemistBR bets 131584.00
zAfStOp_Re folds
Uncalled bet (131584.00) returned to AlchemistBR
AlchemistBR does not show
*** SUMMARY ***
Total pot 187248.00
Board [3c 5c Ad 6d]
Seat 1: Yatoro (big blind) folded on the Flop
Seat 2: lipesticky folded on the Pre-Flop and did not bet
Seat 3: Deathcuddle folded on the Pre-Flop and did not bet
Seat 5: ANTCHIP12345 folded on the Pre-Flop and did not bet
Seat 6: ingush228 folded on the Pre-Flop and did not bet
Seat 7: AlchemistBR did not show and won 187248.00
Seat 8: zAfStOp_Re (small blind) folded on the Turn

Game Hand #2027405620 - Tournament #31082790 - Holdem (No Limit) - Level 16 (8000.00/16000.00)- 2024/02/14 19:36:44 UTC
Table '24' 8-max Seat #8 is the button
Seat 1: Yatoro (568587.00)
Seat 2: lipesticky (646343.00)
Seat 3: Deathcuddle (1747194.00)
Seat 4: WhiteJonny (1204200.00)
Seat 5: ANTCHIP12345 (533638.00)
Seat 6: ingush228 (403542.00)
Seat 7: AlchemistBR (726232.00)
Seat 8: zAfStOp_Re (625075.00)
Yatoro posts ante 2400.00
lipesticky posts ante 2400.00
Deathcuddle posts ante 2400.00
WhiteJonny posts ante 2400.00
ANTCHIP12345 posts ante 2400.00
ingush228 posts ante 2400.00
AlchemistBR posts ante 2400.00
zAfStOp_Re posts ante 2400.00
Yatoro posts the small blind 8000.00
lipesticky posts the big blind 16000.00
*** HOLE CARDS ***
Main pot 19200.00
Dealt to lipesticky [3h 3c]
Deathcuddle folds
WhiteJonny folds
ANTCHIP12345 folds
ingush228 folds
AlchemistBR folds
zAfStOp_Re folds
Yatoro folds
lipesticky does not show
*** SUMMARY ***
Total pot 43200.00
Seat 1: Yatoro (small blind) folded on the Pre-Flop
Seat 2: lipesticky did not show and won 43200.00
Seat 3: Deathcuddle folded on the Pre-Flop and did not bet
Seat 4: WhiteJonny folded on the Pre-Flop and did not bet
Seat 5: ANTCHIP12345 folded on the Pre-Flop and did not bet
Seat 6: ingush228 folded on the Pre-Flop and did not bet
Seat 7: AlchemistBR folded on the Pre-Flop and did not bet
Seat 8: zAfStOp_Re (button) folded on the Pre-Flop

Game Hand #2027406168 - Tournament #31082790 - Holdem (No Limit) - Level 16 (8000.00/16000.00)- 2024/02/14 19:37:20 UTC
Table '24' 8-max Seat #1 is the button
Seat 1: Yatoro (558187.00)
Seat 2: lipesticky (671143.00)
Seat 3: Deathcuddle (1744794.00)
Seat 4: WhiteJonny (1201800.00)
Seat 5: ANTCHIP12345 (531238.00)
Seat 6: ingush228 (401142.00)
Seat 7: AlchemistBR (723832.00)
Seat 8: zAfStOp_Re (622675.00)
Yatoro posts ante 2400.00
lipesticky posts ante 2400.00
Deathcuddle posts ante 2400.00
WhiteJonny posts ante 2400.00
ANTCHIP12345 posts ante 2400.00
ingush228 posts ante 2400.00
AlchemistBR posts ante 2400.00
zAfStOp_Re posts ante 2400.00
lipesticky posts the small blind 8000.00
Deathcuddle posts the big blind 16000.00
*** HOLE CARDS ***
Main pot 19200.00
Dealt to lipesticky [Kc 2d]
WhiteJonny folds
ANTCHIP12345 folds
ingush228 folds
AlchemistBR raises 32000.00 to 32000.00
zAfStOp_Re raises 96000.00 to 96000.00
Yatoro folds
lipesticky folds
Deathcuddle folds
AlchemistBR calls 64000.00
*** FLOP *** [Ac Jh 6s]
Main pot 235200.00
AlchemistBR checks
zAfStOp_Re bets 77616.00
AlchemistBR folds
Uncalled bet (77616.00) returned to zAfStOp_Re
zAfStOp_Re does not show
*** SUMMARY ***
Total pot 235200.00
Board [Ac Jh 6s]
Seat 1: Yatoro (button) folded on the Pre-Flop
Seat 2: lipesticky (small blind) folded on the Pre-Flop
Seat 3: Deathcuddle (big blind) folded on the Pre-Flop
Seat 4: WhiteJonny folded on the Pre-Flop and did not bet
Seat 5: ANTCHIP12345 folded on the Pre-Flop and did not bet
Seat 6: ingush228 folded on the Pre-Flop and did not bet
Seat 7: AlchemistBR folded on the Flop
Seat 8: zAfStOp_Re did not show and won 235200.00

Game Hand #2027407127 - Tournament #31082790 - Holdem (No Limit) - Level 17 (10000.00/20000.00)- 2024/02/14 19:38:22 UTC
Table '24' 8-max Seat #2 is the button
Seat 1: Yatoro (555787.00)
Seat 2: lipesticky (660743.00)
Seat 3: Deathcuddle (1726394.00)
Seat 4: WhiteJonny (1199400.00)
Seat 5: ANTCHIP12345 (528838.00)
Seat 6: ingush228 (398742.00)
Seat 7: AlchemistBR (625432.00)
Seat 8: zAfStOp_Re (759475.00)
Yatoro posts ante 3000.00
lipesticky posts ante 3000.00
Deathcuddle posts ante 3000.00
WhiteJonny posts ante 3000.00
ANTCHIP12345 posts ante 3000.00
ingush228 posts ante 3000.00
AlchemistBR posts ante 3000.00
zAfStOp_Re posts ante 3000.00
Deathcuddle posts the small blind 10000.00
WhiteJonny posts the big blind 20000.00
*** HOLE CARDS ***
Main pot 24000.00
Dealt to lipesticky [6h 2s]
ANTCHIP12345 folds
ingush228 folds
AlchemistBR raises 40000.00 to 40000.00
zAfStOp_Re folds
Yatoro folds
lipesticky folds
Deathcuddle folds
WhiteJonny folds
Uncalled bet (20000.00) returned to AlchemistBR
AlchemistBR does not show
*** SUMMARY ***
Total pot 74000.00
Seat 1: Yatoro folded on the Pre-Flop and did not bet
Seat 2: lipesticky (button) folded on the Pre-Flop
Seat 3: Deathcuddle (small blind) folded on the Pre-Flop
Seat 4: WhiteJonny (big blind) folded on the Pre-Flop
Seat 5: ANTCHIP12345 folded on the Pre-Flop and did not bet
Seat 6: ingush228 folded on the Pre-Flop and did not bet
Seat 7: AlchemistBR did not show and won 74000.00
Seat 8: zAfStOp_Re folded on the Pre-Flop and did not bet

Game Hand #2027408501 - Tournament #31082790 - Holdem (No Limit) - Level 17 (10000.00/20000.00)- 2024/02/14 19:39:46 UTC
Table '24' 8-max Seat #3 is the button
Seat 1: Yatoro (552787.00)
Seat 2: lipesticky (657743.00)
Seat 3: Deathcuddle (1713394.00)
Seat 4: WhiteJonny (1176400.00)
Seat 5: ANTCHIP12345 (525838.00)
Seat 6: ingush228 (395742.00)
Seat 7: AlchemistBR (676432.00)
Seat 8: zAfStOp_Re (756475.00)
Yatoro posts ante 3000.00
lipesticky posts ante 3000.00
Deathcuddle posts ante 3000.00
WhiteJonny posts ante 3000.00
ANTCHIP12345 posts ante 3000.00
ingush228 posts ante 3000.00
AlchemistBR posts ante 3000.00
zAfStOp_Re posts ante 3000.00
WhiteJonny posts the small blind 10000.00
ANTCHIP12345 posts the big blind 20000.00
*** HOLE CARDS ***
Main pot 24000.00
Dealt to lipesticky [7h 5d]
ingush228 folds
AlchemistBR folds
zAfStOp_Re folds
Yatoro raises 40000.00 to 40000.00
lipesticky folds
Deathcuddle folds
WhiteJonny folds
ANTCHIP12345 raises 100000.00 to 120000.00
Yatoro folds
Uncalled bet (80000.00) returned to ANTCHIP12345
ANTCHIP12345 does not show
*** SUMMARY ***
Total pot 114000.00
Seat 1: Yatoro folded on the Pre-Flop and did not bet
Seat 2: lipesticky folded on the Pre-Flop and did not bet
Seat 3: Deathcuddle (button) folded on the Pre-Flop
Seat 4: WhiteJonny (small blind) folded on the Pre-Flop
Seat 5: ANTCHIP12345 did not show and won 114000.00
Seat 6: ingush228 folded on the Pre-Flop and did not bet
Seat 7: AlchemistBR folded on the Pre-Flop and did not bet
Seat 8: zAfStOp_Re folded on the Pre-Flop and did not bet

Game Hand #2027409469 - Tournament #31082790 - Holdem (No Limit) - Level 17 (10000.00/20000.00)- 2024/02/14 19:40:49 UTC
Table '24' 8-max Seat #4 is the button
Seat 1: Yatoro (509787.00)
Seat 2: lipesticky (654743.00)
Seat 3: Deathcuddle (1710394.00)
Seat 4: WhiteJonny (1163400.00)
Seat 5: ANTCHIP12345 (596838.00)
Seat 6: ingush228 (392742.00)
Seat 7: AlchemistBR (673432.00)
Seat 8: zAfStOp_Re (753475.00)
Yatoro posts ante 3000.00
lipesticky posts ante 3000.00
Deathcuddle posts ante 3000.00
WhiteJonny posts ante 3000.00
ANTCHIP12345 posts ante 3000.00
ingush228 posts ante 3000.00
AlchemistBR posts ante 3000.00
zAfStOp_Re posts ante 3000.00
ANTCHIP12345 posts the small blind 10000.00
ingush228 posts the big blind 20000.00
*** HOLE CARDS ***
Main pot 24000.00
Dealt to lipesticky [As 9s]
AlchemistBR folds
zAfStOp_Re folds
Yatoro folds
lipesticky raises 42000.00 to 42000.00
Deathcuddle folds
WhiteJonny folds
ANTCHIP12345 folds
ingush228 calls 22000.00
*** FLOP *** [Qs Qc 5s]
Main pot 118000.00
ingush228 checks
lipesticky bets 28940.00
ingush228 folds
Uncalled bet (28940.00) returned to lipesticky
lipesticky does not show
*** SUMMARY ***
Total pot 118000.00
Board [Qs Qc 5s]
Seat 1: Yatoro folded on the Pre-Flop and did not bet
Seat 2: lipesticky did not show and won 118000.00
Seat 3: Deathcuddle folded on the Pre-Flop and did not bet
Seat 4: WhiteJonny (button) folded on the Pre-Flop
Seat 5: ANTCHIP12345 (small blind) folded on the Pre-Flop
Seat 6: ingush228 (big blind) folded on the Flop
Seat 7: AlchemistBR folded on the Pre-Flop and did not bet
Seat 8: zAfStOp_Re folded on the Pre-Flop and did not bet

Game Hand #2027410765 - Tournament #31082790 - Holdem (No Limit) - Level 17 (10000.00/20000.00)- 2024/02/14 19:42:10 UTC
Table '24' 8-max Seat #5 is the button
Seat 1: Yatoro (506787.00)
Seat 2: lipesticky (727743.00)
Seat 3: Deathcuddle (1707394.00)
Seat 4: WhiteJonny (1160400.00)
Seat 5: ANTCHIP12345 (583838.00)
Seat 6: ingush228 (347742.00)
Seat 7: AlchemistBR (670432.00)
Seat 8: zAfStOp_Re (750475.00)
Yatoro posts ante 3000.00
lipesticky posts ante 3000.00
Deathcuddle posts ante 3000.00
WhiteJonny posts ante 3000.00
ANTCHIP12345 posts ante 3000.00
ingush228 posts ante 3000.00
AlchemistBR posts ante 3000.00
zAfStOp_Re posts ante 3000.00
ingush228 posts the small blind 10000.00
AlchemistBR posts the big blind 20000.00
*** HOLE CARDS ***
Main pot 24000.00
Dealt to lipesticky [Qc Ts]
zAfStOp_Re folds
Yatoro folds
lipesticky raises 42000.00 to 42000.00
Deathcuddle folds
WhiteJonny folds
ANTCHIP12345 folds
ingush228 folds
AlchemistBR calls 22000.00
*** FLOP *** [3d 4d 5d]
Main pot 118000.00
AlchemistBR checks
lipesticky checks
*** TURN *** [3d 4d 5d] [Ac]
Main pot 118000.00
AlchemistBR checks
lipesticky checks
*** RIVER *** [3d 4d 5d Ac] [Ah]
Main pot 118000.00
AlchemistBR checks
lipesticky bets 64900.00
AlchemistBR calls 64900.00
*** SHOW DOWN ***
Main pot 247800.00
lipesticky shows [Qc Ts] (a pair of Aces [Ah Ac Qc Ts 5d])
AlchemistBR shows [3s Ks] (two pair, Aces and Threes [Ah Ac 3s 3d Ks])
AlchemistBR collected 247800.00 from main pot
*** SUMMARY ***
Total pot 247800.00
Board [3d 4d 5d Ac Ah]
Seat 1: Yatoro folded on the Pre-Flop and did not bet
Seat 2: lipesticky showed [Qc Ts] and lost with a pair of Aces [Ah Ac Qc Ts 5d]
Seat 3: Deathcuddle folded on the Pre-Flop and did not bet
Seat 4: WhiteJonny folded on the Pre-Flop and did not bet
Seat 5: ANTCHIP12345 (button) folded on the Pre-Flop
Seat 6: ingush228 (small blind) folded on the Pre-Flop
Seat 7: AlchemistBR (big blind) showed [3s Ks] and won 247800.00 with two pair, Aces and Threes [Ah Ac 3s 3d Ks]
Seat 8: zAfStOp_Re folded on the Pre-Flop and did not bet

Game Hand #2027412636 - Tournament #31082790 - Holdem (No Limit) - Level 17 (10000.00/20000.00)- 2024/02/14 19:44:10 UTC
Table '24' 8-max Seat #6 is the button
Seat 1: Yatoro (503787.00)
Seat 2: lipesticky (617843.00)
Seat 3: Deathcuddle (1704394.00)
Seat 4: WhiteJonny (1157400.00)
Seat 5: ANTCHIP12345 (580838.00)
Seat 6: ingush228 (334742.00)
Seat 7: AlchemistBR (808332.00)
Seat 8: zAfStOp_Re (747475.00)
Yatoro posts ante 3000.00
lipesticky posts ante 3000.00
Deathcuddle posts ante 3000.00
WhiteJonny posts ante 3000.00
ANTCHIP12345 posts ante 3000.00
ingush228 posts ante 3000.00
AlchemistBR posts ante 3000.00
zAfStOp_Re posts ante 3000.00
AlchemistBR posts the small blind 10000.00
zAfStOp_Re posts the big blind 20000.00
*** HOLE CARDS ***
Main pot 24000.00
Dealt to lipesticky [5d 9c]
Yatoro folds
lipesticky folds
Deathcuddle folds
WhiteJonny raises 40000.00 to 40000.00
ANTCHIP12345 folds
ingush228 folds
AlchemistBR folds
zAfStOp_Re calls 20000.00
*** FLOP *** [Kh 8h Th]
Main pot 114000.00
zAfStOp_Re checks
WhiteJonny bets 57000.00
zAfStOp_Re raises 182400.00 to 182400.00
WhiteJonny folds
Uncalled bet (125400.00) returned to zAfStOp_Re
zAfStOp_Re does not show
*** SUMMARY ***
Total pot 228000.00
Board [Kh 8h Th]
Seat 1: Yatoro folded on the Pre-Flop and did not bet
Seat 2: lipesticky folded on the Pre-Flop and did not bet
Seat 3: Deathcuddle folded on the Pre-Flop and did not bet
Seat 4: WhiteJonny folded on the Flop
Seat 5: ANTCHIP12345 folded on the Pre-Flop and did not bet
Seat 6: ingush228 (button) folded on the Pre-Flop
Seat 7: AlchemistBR (small blind) folded on the Pre-Flop
Seat 8: zAfStOp_Re did not show and won 228000.00

Game Hand #2027413936 - Tournament #31082790 - Holdem (No Limit) - Level 17 (10000.00/20000.00)- 2024/02/14 19:45:34 UTC
Table '24' 8-max Seat #7 is the button
Seat 1: Yatoro (500787.00)
Seat 2: lipesticky (614843.00)
Seat 4: WhiteJonny (1057400.00)
Seat 5: ANTCHIP12345 (577838.00)
Seat 6: ingush228 (331742.00)
Seat 7: AlchemistBR (795332.00)
Seat 8: zAfStOp_Re (875475.00)
Yatoro posts ante 3000.00
lipesticky posts ante 3000.00
WhiteJonny posts ante 3000.00
ANTCHIP12345 posts ante 3000.00
ingush228 posts ante 3000.00
AlchemistBR posts ante 3000.00
zAfStOp_Re posts ante 3000.00
zAfStOp_Re posts the small blind 10000.00
Yatoro posts the big blind 20000.00
*** HOLE CARDS ***
Main pot 21000.00
Dealt to lipesticky [Qs 5h]
lipesticky folds
WhiteJonny folds
ANTCHIP12345 folds
ingush228 raises 48000.00 to 48000.00
AlchemistBR folds
zAfStOp_Re raises 146000.00 to 156000.00
Yatoro folds
ingush228 raises 280742.00 to 328742.00 and is all-in
zAfStOp_Re calls 172742.00
*** FLOP *** [2h 8s Th]
Main pot 698484.00
*** TURN *** [2h 8s Th] [2s]
Main pot 698484.00
*** RIVER *** [2h 8s Th 2s] [3d]
Main pot 698484.00
*** SHOW DOWN ***
Main pot 698484.00
ingush228 shows [Jh Jd] (two pair, Jacks and Deuces [Jh Jd 2s 2h Th])
zAfStOp_Re shows [As Kc] (a pair of Deuces [2s 2h As Kc Th])
ingush228 collected 698484.00 from main pot
*** SUMMARY ***
Total pot 698484.00
Board [2h 8s Th 2s 3d]
Seat 1: Yatoro (big blind) folded on the Pre-Flop
Seat 2: lipesticky folded on the Pre-Flop and did not bet
Seat 4: WhiteJonny folded on the Pre-Flop and did not bet
Seat 5: ANTCHIP12345 folded on the Pre-Flop and did not bet
Seat 6: ingush228 showed [Jh Jd] and won 698484.00 with two pair, Jacks and Deuces [Jh Jd 2s 2h Th]
Seat 7: AlchemistBR (button) folded on the Pre-Flop
Seat 8: zAfStOp_Re (small blind) showed [As Kc] and lost with a pair of Deuces [2s 2h As Kc Th]

Game Hand #2027414869 - Tournament #31082790 - Holdem (No Limit) - Level 17 (10000.00/20000.00)- 2024/02/14 19:46:33 UTC
Table '24' 8-max Seat #8 is the button
Seat 1: Yatoro (477787.00)
Seat 2: lipesticky (611843.00)
Seat 4: WhiteJonny (1054400.00)
Seat 5: ANTCHIP12345 (574838.00)
Seat 6: ingush228 (698484.00)
Seat 7: AlchemistBR (792332.00)
Seat 8: zAfStOp_Re (543733.00)
Yatoro posts ante 3000.00
lipesticky posts ante 3000.00
WhiteJonny posts ante 3000.00
ANTCHIP12345 posts ante 3000.00
ingush228 posts ante 3000.00
AlchemistBR posts ante 3000.00
zAfStOp_Re posts ante 3000.00
Yatoro posts the small blind 10000.00
lipesticky posts the big blind 20000.00
*** HOLE CARDS ***
Main pot 21000.00
Dealt to lipesticky [Ks 2s]
WhiteJonny folds
ANTCHIP12345 folds
ingush228 folds
AlchemistBR folds
zAfStOp_Re folds
Yatoro calls 10000.00
lipesticky checks
*** FLOP *** [9d 5s Qd]
Main pot 61000.00
Yatoro bets 20000.00
lipesticky folds
Uncalled bet (20000.00) returned to Yatoro
Yatoro does not show
*** SUMMARY ***
Total pot 61000.00
Board [9d 5s Qd]
Seat 1: Yatoro did not show and won 61000.00
Seat 2: lipesticky (big blind) folded on the Flop
Seat 4: WhiteJonny folded on the Pre-Flop and did not bet
Seat 5: ANTCHIP12345 folded on the Pre-Flop and did not bet
Seat 6: ingush228 folded on the Pre-Flop and did not bet
Seat 7: AlchemistBR folded on the Pre-Flop and did not bet
Seat 8: zAfStOp_Re (button) folded on the Pre-Flop

Game Hand #2027416047 - Tournament #31082790 - Holdem (No Limit) - Level 17 (10000.00/20000.00)- 2024/02/14 19:47:48 UTC
Table '24' 8-max Seat #1 is the button
Seat 1: Yatoro (515787.00)
Seat 2: lipesticky (588843.00)
Seat 3: AntisocialGG (983430.00)
Seat 4: WhiteJonny (1051400.00)
Seat 5: ANTCHIP12345 (571838.00)
Seat 6: ingush228 (695484.00)
Seat 7: AlchemistBR (789332.00)
Seat 8: zAfStOp_Re (540733.00)
Yatoro posts ante 3000.00
lipesticky posts ante 3000.00
AntisocialGG posts ante 3000.00
WhiteJonny posts ante 3000.00
ANTCHIP12345 posts ante 3000.00
ingush228 posts ante 3000.00
AlchemistBR posts ante 3000.00
zAfStOp_Re posts ante 3000.00
lipesticky posts the small blind 10000.00
AntisocialGG posts the big blind 20000.00
*** HOLE CARDS ***
Main pot 24000.00
Dealt to lipesticky [Td Kd]
WhiteJonny folds
ANTCHIP12345 folds
ingush228 folds
AlchemistBR raises 40000.00 to 40000.00
zAfStOp_Re folds
Yatoro folds
lipesticky calls 30000.00
AntisocialGG calls 20000.00
*** FLOP *** [8s 8c Jh]
Main pot 144000.00
lipesticky checks
AntisocialGG checks
AlchemistBR checks
*** TURN *** [8s 8c Jh] [2h]
Main pot 144000.00
lipesticky checks
AntisocialGG bets 36000.00
AlchemistBR raises 107280.00 to 107280.00
lipesticky folds
AntisocialGG folds
Uncalled bet (71280.00) returned to AlchemistBR
AlchemistBR does not show
*** SUMMARY ***
Total pot 216000.00
Board [8s 8c Jh 2h]
Seat 1: Yatoro (button) folded on the Pre-Flop
Seat 2: lipesticky (small blind) folded on the Turn
Seat 3: AntisocialGG (big blind) folded on the Turn
Seat 4: WhiteJonny folded on the Pre-Flop and did not bet
Seat 5: ANTCHIP12345 folded on the Pre-Flop and did not bet
Seat 6: ingush228 folded on the Pre-Flop and did not bet
Seat 7: AlchemistBR did not show and won 216000.00
Seat 8: zAfStOp_Re folded on the Pre-Flop and did not bet

Game Hand #2027417399 - Tournament #31082790 - Holdem (No Limit) - Level 18 (12500.00/25000.00)- 2024/02/14 19:49:15 UTC
Table '24' 8-max Seat #2 is the button
Seat 1: Yatoro (512787.00)
Seat 2: lipesticky (545843.00)
Seat 3: AntisocialGG (904430.00)
Seat 4: WhiteJonny (1048400.00)
Seat 5: ANTCHIP12345 (568838.00)
Seat 6: ingush228 (692484.00)
Seat 7: AlchemistBR (926332.00)
Seat 8: zAfStOp_Re (537733.00)
Yatoro posts ante 3500.00
lipesticky posts ante 3500.00
AntisocialGG posts ante 3500.00
WhiteJonny posts ante 3500.00
ANTCHIP12345 posts ante 3500.00
ingush228 posts ante 3500.00
AlchemistBR posts ante 3500.00
zAfStOp_Re posts ante 3500.00
AntisocialGG posts the small blind 12500.00
WhiteJonny posts the big blind 25000.00
*** HOLE CARDS ***
Main pot 28000.00
Dealt to lipesticky [9d Tc]
ANTCHIP12345 folds
ingush228 folds
AlchemistBR raises 50000.00 to 50000.00
zAfStOp_Re folds
Yatoro folds
lipesticky folds
AntisocialGG folds
WhiteJonny raises 107750.00 to 132750.00
AlchemistBR calls 82750.00
*** FLOP *** [8s Ks 3d]
Main pot 306000.00
WhiteJonny bets 76500.00
AlchemistBR calls 76500.00
*** TURN *** [8s Ks 3d] [6c]
Main pot 459000.00
WhiteJonny bets 217000.00
AlchemistBR folds
Uncalled bet (217000.00) returned to WhiteJonny
WhiteJonny does not show
*** SUMMARY ***
Total pot 459000.00
Board [8s Ks 3d 6c]
Seat 1: Yatoro folded on the Pre-Flop and did not bet
Seat 2: lipesticky (button) folded on the Pre-Flop
Seat 3: AntisocialGG (small blind) folded on the Pre-Flop
Seat 4: WhiteJonny did not show and won 459000.00
Seat 5: ANTCHIP12345 folded on the Pre-Flop and did not bet
Seat 6: ingush228 folded on the Pre-Flop and did not bet
Seat 7: AlchemistBR folded on the Turn
Seat 8: zAfStOp_Re folded on the Pre-Flop and did not bet

Game Hand #2027418843 - Tournament #31082790 - Holdem (No Limit) - Level 18 (12500.00/25000.00)- 2024/02/14 19:50:42 UTC
Table '24' 8-max Seat #3 is the button
Seat 1: Yatoro (509287.00)
Seat 2: lipesticky (542343.00)
Seat 3: AntisocialGG (888430.00)
Seat 4: WhiteJonny (1294650.00)
Seat 5: ANTCHIP12345 (565338.00)
Seat 6: ingush228 (688984.00)
Seat 7: AlchemistBR (713582.00)
Seat 8: zAfStOp_Re (534233.00)
Yatoro posts ante 3500.00
lipesticky posts ante 3500.00
AntisocialGG posts ante 3500.00
WhiteJonny posts ante 3500.00
ANTCHIP12345 posts ante 3500.00
ingush228 posts ante 3500.00
AlchemistBR posts ante 3500.00
zAfStOp_Re posts ante 3500.00
WhiteJonny posts the small blind 12500.00
ANTCHIP12345 posts the big blind 25000.00
*** HOLE CARDS ***
Main pot 28000.00
Dealt to lipesticky [8d Jd]
ingush228 folds
AlchemistBR folds
zAfStOp_Re folds
Yatoro folds
lipesticky raises 52500.00 to 52500.00
AntisocialGG folds
WhiteJonny raises 169000.00 to 181500.00
ANTCHIP12345 folds
lipesticky folds
Uncalled bet (129000.00) returned to WhiteJonny
WhiteJonny does not show
*** SUMMARY ***
Total pot 158000.00
Seat 1: Yatoro folded on the Pre-Flop and did not bet
Seat 2: lipesticky folded on the Pre-Flop and did not bet
Seat 3: AntisocialGG (button) folded on the Pre-Flop
Seat 4: WhiteJonny did not show and won 158000.00
Seat 5: ANTCHIP12345 (big blind) folded on the Pre-Flop
Seat 6: ingush228 folded on the Pre-Flop and did not bet
Seat 7: AlchemistBR folded on the Pre-Flop and did not bet
Seat 8: zAfStOp_Re folded on the Pre-Flop and did not bet

Game Hand #2027419832 - Tournament #31082790 - Holdem (No Limit) - Level 18 (12500.00/25000.00)- 2024/02/14 19:51:35 UTC
Table '24' 8-max Seat #4 is the button
Seat 1: Yatoro (505787.00)
Seat 2: lipesticky (486343.00)
Seat 3: AntisocialGG (884930.00)
Seat 4: WhiteJonny (1396650.00)
Seat 5: ANTCHIP12345 (536838.00)
Seat 6: ingush228 (685484.00)
Seat 7: AlchemistBR (710082.00)
Seat 8: zAfStOp_Re (530733.00)
Yatoro posts ante 3500.00
lipesticky posts ante 3500.00
AntisocialGG posts ante 3500.00
WhiteJonny posts ante 3500.00
ANTCHIP12345 posts ante 3500.00
ingush228 posts ante 3500.00
AlchemistBR posts ante 3500.00
zAfStOp_Re posts ante 3500.00
ANTCHIP12345 posts the small blind 12500.00
ingush228 posts the big blind 25000.00
*** HOLE CARDS ***
Main pot 28000.00
Dealt to lipesticky [5c 9h]
AlchemistBR folds
zAfStOp_Re folds
Yatoro raises 50000.00 to 50000.00
lipesticky folds
AntisocialGG folds
WhiteJonny folds
ANTCHIP12345 folds
ingush228 folds
Uncalled bet (25000.00) returned to Yatoro
Yatoro does not show
*** SUMMARY ***
Total pot 90500.00
Seat 1: Yatoro did not show and won 90500.00
Seat 2: lipesticky folded on the Pre-Flop and did not bet
Seat 3: AntisocialGG folded on the Pre-Flop and did not bet
Seat 4: WhiteJonny (button) folded on the Pre-Flop
Seat 5: ANTCHIP12345 (small blind) folded on the Pre-Flop
Seat 6: ingush228 (big blind) folded on the Pre-Flop
Seat 7: AlchemistBR folded on the Pre-Flop and did not bet
Seat 8: zAfStOp_Re folded on the Pre-Flop and did not bet

Game Hand #2027420971 - Tournament #31082790 - Holdem (No Limit) - Level 18 (12500.00/25000.00)- 2024/02/14 19:52:35 UTC
Table '24' 8-max Seat #5 is the button
Seat 1: Yatoro (567787.00)
Seat 2: lipesticky (482843.00)
Seat 3: AntisocialGG (881430.00)
Seat 4: WhiteJonny (1393150.00)
Seat 5: ANTCHIP12345 (520838.00)
Seat 6: ingush228 (656984.00)
Seat 7: AlchemistBR (706582.00)
Seat 8: zAfStOp_Re (527233.00)
Yatoro posts ante 3500.00
lipesticky posts ante 3500.00
AntisocialGG posts ante 3500.00
WhiteJonny posts ante 3500.00
ANTCHIP12345 posts ante 3500.00
ingush228 posts ante 3500.00
AlchemistBR posts ante 3500.00
zAfStOp_Re posts ante 3500.00
ingush228 posts the small blind 12500.00
AlchemistBR posts the big blind 25000.00
*** HOLE CARDS ***
Main pot 28000.00
Dealt to lipesticky [Kh 4h]
zAfStOp_Re folds
Yatoro folds
lipesticky folds
AntisocialGG folds
WhiteJonny folds
ANTCHIP12345 folds
ingush228 calls 12500.00
AlchemistBR checks
*** FLOP *** [7d 3h 9h]
Main pot 78000.00
ingush228 bets 25000.00
AlchemistBR calls 25000.00
*** TURN *** [7d 3h 9h] [Jd]
Main pot 128000.00
ingush228 bets 70400.00
AlchemistBR folds
Uncalled bet (70400.00) returned to ingush228
ingush228 does not show
*** SUMMARY ***
Total pot 128000.00
Board [7d 3h 9h Jd]
Seat 1: Yatoro folded on the Pre-Flop and did not bet
Seat 2: lipesticky folded on the Pre-Flop and did not bet
Seat 3: AntisocialGG folded on the Pre-Flop and did not bet
Seat 4: WhiteJonny folded on the Pre-Flop and did not bet
Seat 5: ANTCHIP12345 (button) folded on the Pre-Flop
Seat 6: ingush228 did not show and won 128000.00
Seat 7: AlchemistBR (big blind) folded on the Turn
Seat 8: zAfStOp_Re folded on the Pre-Flop and did not bet

Game Hand #2027422779 - Tournament #31082790 - Holdem (No Limit) - Level 18 (12500.00/25000.00)- 2024/02/14 19:54:14 UTC
Table '24' 8-max Seat #6 is the button
Seat 1: Yatoro (564287.00)
Seat 2: lipesticky (479343.00)
Seat 3: AntisocialGG (877930.00)
Seat 4: WhiteJonny (1389650.00)
Seat 5: ANTCHIP12345 (517338.00)
Seat 6: ingush228 (731484.00)
Seat 7: AlchemistBR (653082.00)
Seat 8: zAfStOp_Re (523733.00)
Yatoro posts ante 3500.00
lipesticky posts ante 3500.00
AntisocialGG posts ante 3500.00
WhiteJonny posts ante 3500.00
ANTCHIP12345 posts ante 3500.00
ingush228 posts ante 3500.00
AlchemistBR posts ante 3500.00
zAfStOp_Re posts ante 3500.00
AlchemistBR posts the small blind 12500.00
zAfStOp_Re posts the big blind 25000.00
*** HOLE CARDS ***
Main pot 28000.00
Dealt to lipesticky [4s 8d]
Yatoro folds
lipesticky folds
AntisocialGG folds
WhiteJonny folds
ANTCHIP12345 folds
ingush228 raises 52500.00 to 52500.00
AlchemistBR folds
zAfStOp_Re raises 495233.00 to 520233.00 and is all-in
ingush228 calls 467733.00
*** FLOP *** [7h 6d Jh]
Main pot 1080966.00
*** TURN *** [7h 6d Jh] [7c]
Main pot 1080966.00
*** RIVER *** [7h 6d Jh 7c] [4h]
Main pot 1080966.00
*** SHOW DOWN ***
Main pot 1080966.00
ingush228 shows [Qc Kc] (a pair of Sevens [7h 7c Kc Qc Jh])
zAfStOp_Re shows [As 8s] (a pair of Sevens [7h 7c As Jh 8s])
zAfStOp_Re collected 1080966.00 from main pot
*** SUMMARY ***
Total pot 1080966.00
Board [7h 6d Jh 7c 4h]
Seat 1: Yatoro folded on the Pre-Flop and did not bet
Seat 2: lipesticky folded on the Pre-Flop and did not bet
Seat 3: AntisocialGG folded on the Pre-Flop and did not bet
Seat 4: WhiteJonny folded on the Pre-Flop and did not bet
Seat 5: ANTCHIP12345 folded on the Pre-Flop and did not bet
Seat 6: ingush228 (button) showed [Qc Kc] and lost with a pair of Sevens [7h 7c Kc Qc Jh]
Seat 7: AlchemistBR (small blind) folded on the Pre-Flop
Seat 8: zAfStOp_Re (big blind) showed [As 8s] and won 1080966.00 with a pair of Sevens [7h 7c As Jh 8s] with the kicker Ace

Game Hand #2027425916 - Tournament #31082790 - Holdem (No Limit) - Level 18 (12500.00/25000.00)- 2024/02/14 20:01:10 UTC
Table '24' 8-max Seat #7 is the button
Seat 1: Yatoro (560787.00)
Seat 2: lipesticky (475843.00)
Seat 3: AntisocialGG (874430.00)
Seat 4: WhiteJonny (1386150.00)
Seat 6: ingush228 (207751.00)
Seat 7: AlchemistBR (637082.00)
Seat 8: zAfStOp_Re (1080966.00)
Yatoro posts ante 3500.00
lipesticky posts ante 3500.00
AntisocialGG posts ante 3500.00
WhiteJonny posts ante 3500.00
ingush228 posts ante 3500.00
AlchemistBR posts ante 3500.00
zAfStOp_Re posts ante 3500.00
zAfStOp_Re posts the small blind 12500.00
Yatoro posts the big blind 25000.00
*** HOLE CARDS ***
Main pot 24500.00
Dealt to lipesticky [8c Jc]
lipesticky folds
AntisocialGG folds
WhiteJonny folds
ingush228 folds
AlchemistBR folds
zAfStOp_Re raises 1064966.00 to 1077466.00 and is all-in
Yatoro folds
Uncalled bet (1052466.00) returned to zAfStOp_Re
zAfStOp_Re does not show
*** SUMMARY ***
Total pot 74500.00
Seat 1: Yatoro (big blind) folded on the Pre-Flop
Seat 2: lipesticky folded on the Pre-Flop and did not bet
Seat 3: AntisocialGG folded on the Pre-Flop and did not bet
Seat 4: WhiteJonny folded on the Pre-Flop and did not bet
Seat 6: ingush228 folded on the Pre-Flop and did not bet
Seat 7: AlchemistBR (button) folded on the Pre-Flop
Seat 8: zAfStOp_Re did not show and won 74500.00

Game Hand #2027427138 - Tournament #31082790 - Holdem (No Limit) - Level 18 (12500.00/25000.00)- 2024/02/14 20:02:29 UTC
Table '24' 8-max Seat #8 is the button
Seat 1: Yatoro (532287.00)
Seat 2: lipesticky (472343.00)
Seat 3: AntisocialGG (870930.00)
Seat 4: WhiteJonny (1382650.00)
Seat 6: ingush228 (204251.00)
Seat 7: AlchemistBR (633582.00) is sitting out
Seat 8: zAfStOp_Re (1126966.00)
Yatoro posts ante 3500.00
lipesticky posts ante 3500.00
AntisocialGG posts ante 3500.00
WhiteJonny posts ante 3500.00
ingush228 posts ante 3500.00
AlchemistBR posts ante 3500.00
zAfStOp_Re posts ante 3500.00
Yatoro posts the small blind 12500.00
lipesticky posts the big blind 25000.00
*** HOLE CARDS ***
Main pot 24500.00
Dealt to lipesticky [Jc 6h]
AntisocialGG folds
WhiteJonny calls 25000.00
ingush228 folds
AlchemistBR raises 630082.00 to 630082.00 and is all-in
zAfStOp_Re folds
Yatoro folds
lipesticky folds
WhiteJonny folds
Uncalled bet (605082.00) returned to AlchemistBR
AlchemistBR does not show
*** SUMMARY ***
Total pot 112000.00
Seat 1: Yatoro (small blind) folded on the Pre-Flop
Seat 2: lipesticky (big blind) folded on the Pre-Flop
Seat 3: AntisocialGG folded on the Pre-Flop and did not bet
Seat 4: WhiteJonny folded on the Pre-Flop and did not bet
Seat 6: ingush228 folded on the Pre-Flop and did not bet
Seat 7: AlchemistBR did not show and won 112000.00
Seat 8: zAfStOp_Re (button) folded on the Pre-Flop

Game Hand #2027428218 - Tournament #31082790 - Holdem (No Limit) - Level 18 (12500.00/25000.00)- 2024/02/14 20:03:37 UTC
Table '24' 8-max Seat #1 is the button
Seat 1: Yatoro (516287.00)
Seat 2: lipesticky (443843.00)
Seat 3: AntisocialGG (867430.00)
Seat 4: WhiteJonny (1354150.00)
Seat 6: ingush228 (200751.00)
Seat 7: AlchemistBR (717082.00)
Seat 8: zAfStOp_Re (1123466.00)
Yatoro posts ante 3500.00
lipesticky posts ante 3500.00
AntisocialGG posts ante 3500.00
WhiteJonny posts ante 3500.00
ingush228 posts ante 3500.00
AlchemistBR posts ante 3500.00
zAfStOp_Re posts ante 3500.00
lipesticky posts the small blind 12500.00
AntisocialGG posts the big blind 25000.00
*** HOLE CARDS ***
Main pot 24500.00
Dealt to lipesticky [Tc 4c]
WhiteJonny folds
ingush228 raises 197251.00 to 197251.00 and is all-in
AlchemistBR folds
zAfStOp_Re folds
Yatoro folds
lipesticky folds
AntisocialGG calls 172251.00
*** FLOP *** [Qc Qs 6c]
Main pot 431502.00
*** TURN *** [Qc Qs 6c] [2c]
Main pot 431502.00
*** RIVER *** [Qc Qs 6c 2c] [3c]
Main pot 431502.00
*** SHOW DOWN ***
Main pot 431502.00
AntisocialGG shows [Td Kc] (a flush, King high [Kc Qc 6c 3c 2c])
ingush228 shows [Jh Ad] (a pair of Queens [Qs Qc Ad Jh 6c])
AntisocialGG collected 431502.00 from main pot
*** SUMMARY ***
Total pot 431502.00
Board [Qc Qs 6c 2c 3c]
Seat 1: Yatoro (button) folded on the Pre-Flop
Seat 2: lipesticky (small blind) folded on the Pre-Flop
Seat 3: AntisocialGG (big blind) showed [Td Kc] and won 431502.00 with a flush, King high [Kc Qc 6c 3c 2c]
Seat 4: WhiteJonny folded on the Pre-Flop and did not bet
Seat 6: ingush228 showed [Jh Ad] and lost with a pair of Queens [Qs Qc Ad Jh 6c]
Seat 7: AlchemistBR folded on the Pre-Flop and did not bet
Seat 8: zAfStOp_Re folded on the Pre-Flop and did not bet

Game Hand #2027429017 - Tournament #31082790 - Holdem (No Limit) - Level 19 (15000.00/30000.00)- 2024/02/14 20:04:26 UTC
Table '24' 8-max Seat #2 is the button
Seat 1: Yatoro (512787.00)
Seat 2: lipesticky (427843.00)
Seat 3: AntisocialGG (1098181.00)
Seat 4: WhiteJonny (1350650.00)
Seat 7: AlchemistBR (713582.00)
Seat 8: zAfStOp_Re (1119966.00)
Yatoro posts ante 4500.00
lipesticky posts ante 4500.00
AntisocialGG posts ante 4500.00
WhiteJonny posts ante 4500.00
AlchemistBR posts ante 4500.00
zAfStOp_Re posts ante 4500.00
AntisocialGG posts the small blind 15000.00
WhiteJonny posts the big blind 30000.00
*** HOLE CARDS ***
Main pot 27000.00
Dealt to lipesticky [7s Js]
AlchemistBR raises 60000.00 to 60000.00
zAfStOp_Re folds
Yatoro folds
lipesticky folds
AntisocialGG folds
WhiteJonny folds
Uncalled bet (30000.00) returned to AlchemistBR
AlchemistBR does not show
*** SUMMARY ***
Total pot 102000.00
Seat 1: Yatoro folded on the Pre-Flop and did not bet
Seat 2: lipesticky (button) folded on the Pre-Flop
Seat 3: AntisocialGG (small blind) folded on the Pre-Flop
Seat 4: WhiteJonny (big blind) folded on the Pre-Flop
Seat 7: AlchemistBR did not show and won 102000.00
Seat 8: zAfStOp_Re folded on the Pre-Flop and did not bet

Game Hand #2027429524 - Tournament #31082790 - Holdem (No Limit) - Level 19 (15000.00/30000.00)- 2024/02/14 20:04:57 UTC
Table '24' 8-max Seat #3 is the button
Seat 1: Yatoro (508287.00)
Seat 2: lipesticky (423343.00)
Seat 3: AntisocialGG (1078681.00)
Seat 4: WhiteJonny (1316150.00)
Seat 5: SRAFARIDE (529365.00)
Seat 7: AlchemistBR (781082.00)
Seat 8: zAfStOp_Re (1115466.00)
Yatoro posts ante 4500.00
lipesticky posts ante 4500.00
AntisocialGG posts ante 4500.00
WhiteJonny posts ante 4500.00
SRAFARIDE posts ante 4500.00
AlchemistBR posts ante 4500.00
zAfStOp_Re posts ante 4500.00
WhiteJonny posts the small blind 15000.00
SRAFARIDE posts the big blind 30000.00
*** HOLE CARDS ***
Main pot 31500.00
Dealt to lipesticky [5s 9s]
AlchemistBR folds
zAfStOp_Re folds
Yatoro raises 60000.00 to 60000.00
lipesticky folds
AntisocialGG folds
WhiteJonny folds
SRAFARIDE raises 494865.00 to 524865.00 and is all-in
Yatoro folds
Uncalled bet (464865.00) returned to SRAFARIDE
SRAFARIDE does not show
*** SUMMARY ***
Total pot 166500.00
Seat 1: Yatoro folded on the Pre-Flop and did not bet
Seat 2: lipesticky folded on the Pre-Flop and did not bet
Seat 3: AntisocialGG (button) folded on the Pre-Flop
Seat 4: WhiteJonny (small blind) folded on the Pre-Flop
Seat 5: SRAFARIDE did not show and won 166500.00
Seat 7: AlchemistBR folded on the Pre-Flop and did not bet
Seat 8: zAfStOp_Re folded on the Pre-Flop and did not bet

Game Hand #2027430548 - Tournament #31082790 - Holdem (No Limit) - Level 19 (15000.00/30000.00)- 2024/02/14 20:05:53 UTC
Table '24' 8-max Seat #4 is the button
Seat 1: Yatoro (443787.00)
Seat 2: lipesticky (418843.00)
Seat 3: AntisocialGG (1074181.00)
Seat 4: WhiteJonny (1296650.00)
Seat 5: SRAFARIDE (631365.00)
Seat 7: AlchemistBR (776582.00)
Seat 8: zAfStOp_Re (1110966.00)
Yatoro posts ante 4500.00
lipesticky posts ante 4500.00
AntisocialGG posts ante 4500.00
WhiteJonny posts ante 4500.00
SRAFARIDE posts ante 4500.00
AlchemistBR posts ante 4500.00
zAfStOp_Re posts ante 4500.00
SRAFARIDE posts the small blind 15000.00
AlchemistBR posts the big blind 30000.00
*** HOLE CARDS ***
Main pot 31500.00
Dealt to lipesticky [3c 3s]
zAfStOp_Re folds
Yatoro folds
lipesticky folds
AntisocialGG folds
WhiteJonny folds
SRAFARIDE raises 90000.00 to 105000.00
AlchemistBR raises 742082.00 to 772082.00 and is all-in
SRAFARIDE folds
Uncalled bet (667082.00) returned to AlchemistBR
AlchemistBR shows [3h -]
*** SUMMARY ***
Total pot 241500.00
Seat 1: Yatoro folded on the Pre-Flop and did not bet
Seat 2: lipesticky folded on the Pre-Flop and did not bet
Seat 3: AntisocialGG folded on the Pre-Flop and did not bet
Seat 4: WhiteJonny (button) folded on the Pre-Flop
Seat 5: SRAFARIDE (small blind) folded on the Pre-Flop
Seat 7: AlchemistBR (big blind) showed [3h -] and won 241500.00
Seat 8: zAfStOp_Re folded on the Pre-Flop and did not bet

Game Hand #2027431359 - Tournament #31082790 - Holdem (No Limit) - Level 19 (15000.00/30000.00)- 2024/02/14 20:06:44 UTC
Table '24' 8-max Seat #5 is the button
Seat 1: Yatoro (439287.00)
Seat 2: lipesticky (414343.00)
Seat 3: AntisocialGG (1069681.00)
Seat 4: WhiteJonny (1292150.00)
Seat 5: SRAFARIDE (521865.00)
Seat 7: AlchemistBR (908582.00)
Seat 8: zAfStOp_Re (1106466.00)
Yatoro posts ante 4500.00
lipesticky posts ante 4500.00
AntisocialGG posts ante 4500.00
WhiteJonny posts ante 4500.00
SRAFARIDE posts ante 4500.00
AlchemistBR posts ante 4500.00
zAfStOp_Re posts ante 4500.00
AlchemistBR posts the small blind 15000.00
zAfStOp_Re posts the big blind 30000.00
*** HOLE CARDS ***
Main pot 31500.00
Dealt to lipesticky [Ad Kh]
Yatoro folds
lipesticky raises 394843.00 to 394843.00
AntisocialGG folds
WhiteJonny folds
SRAFARIDE folds
AlchemistBR folds
zAfStOp_Re folds
Uncalled bet (364843.00) returned to lipesticky
lipesticky does not show
*** SUMMARY ***
Total pot 106500.00
Seat 1: Yatoro folded on the Pre-Flop and did not bet
Seat 2: lipesticky did not show and won 106500.00
Seat 3: AntisocialGG folded on the Pre-Flop and did not bet
Seat 4: WhiteJonny folded on the Pre-Flop and did not bet
Seat 5: SRAFARIDE (button) folded on the Pre-Flop
Seat 7: AlchemistBR (small blind) folded on the Pre-Flop
Seat 8: zAfStOp_Re (big blind) folded on the Pre-Flop

Game Hand #2027432216 - Tournament #31082790 - Holdem (No Limit) - Level 19 (15000.00/30000.00)- 2024/02/14 20:07:35 UTC
Table '24' 8-max Seat #7 is the button
Seat 1: Yatoro (434787.00)
Seat 2: lipesticky (486343.00)
Seat 3: AntisocialGG (1065181.00)
Seat 4: WhiteJonny (1287650.00)
Seat 5: SRAFARIDE (517365.00)
Seat 7: AlchemistBR (889082.00)
Seat 8: zAfStOp_Re (1071966.00)
Yatoro posts ante 4500.00
lipesticky posts ante 4500.00
AntisocialGG posts ante 4500.00
WhiteJonny posts ante 4500.00
SRAFARIDE posts ante 4500.00
AlchemistBR posts ante 4500.00
zAfStOp_Re posts ante 4500.00
zAfStOp_Re posts the small blind 15000.00
Yatoro posts the big blind 30000.00
*** HOLE CARDS ***
Main pot 31500.00
Dealt to lipesticky [Qd 6c]
lipesticky folds
AntisocialGG folds
WhiteJonny folds
SRAFARIDE folds
AlchemistBR raises 60000.00 to 60000.00
zAfStOp_Re folds
Yatoro folds
Uncalled bet (30000.00) returned to AlchemistBR
AlchemistBR does not show
*** SUMMARY ***
Total pot 106500.00
Seat 1: Yatoro (big blind) folded on the Pre-Flop
Seat 2: lipesticky folded on the Pre-Flop and did not bet
Seat 3: AntisocialGG folded on the Pre-Flop and did not bet
Seat 4: WhiteJonny folded on the Pre-Flop and did not bet
Seat 5: SRAFARIDE folded on the Pre-Flop and did not bet
Seat 7: AlchemistBR did not show and won 106500.00
Seat 8: zAfStOp_Re (small blind) folded on the Pre-Flop

Game Hand #2027432708 - Tournament #31082790 - Holdem (No Limit) - Level 19 (15000.00/30000.00)- 2024/02/14 20:08:02 UTC
Table '24' 8-max Seat #8 is the button
Seat 1: Yatoro (400287.00)
Seat 2: lipesticky (481843.00)
Seat 3: AntisocialGG (1060681.00)
Seat 4: WhiteJonny (1283150.00)
Seat 5: SRAFARIDE (512865.00)
Seat 6: Buzzmu (286270.00) is sitting out
Seat 7: AlchemistBR (961082.00)
Seat 8: zAfStOp_Re (1052466.00)
Yatoro posts ante 4500.00
lipesticky posts ante 4500.00
AntisocialGG posts ante 4500.00
WhiteJonny posts ante 4500.00
SRAFARIDE posts ante 4500.00
Buzzmu posts ante 4500.00
AlchemistBR posts ante 4500.00
zAfStOp_Re posts ante 4500.00
Yatoro posts the small blind 15000.00
lipesticky posts the big blind 30000.00
*** HOLE CARDS ***
Main pot 36000.00
Dealt to lipesticky [8d 4s]
AntisocialGG folds
WhiteJonny folds
SRAFARIDE folds
Buzzmu folds
AlchemistBR raises 60000.00 to 60000.00
zAfStOp_Re raises 180000.00 to 180000.00
Yatoro folds
lipesticky folds
AlchemistBR folds
Uncalled bet (120000.00) returned to zAfStOp_Re
zAfStOp_Re does not show
*** SUMMARY ***
Total pot 201000.00
Seat 1: Yatoro (small blind) folded on the Pre-Flop
Seat 2: lipesticky (big blind) folded on the Pre-Flop
Seat 3: AntisocialGG folded on the Pre-Flop and did not bet
Seat 4: WhiteJonny folded on the Pre-Flop and did not bet
Seat 5: SRAFARIDE folded on the Pre-Flop and did not bet
Seat 6: Buzzmu folded on the Pre-Flop and did not bet
Seat 7: AlchemistBR folded on the Pre-Flop and did not bet
Seat 8: zAfStOp_Re did not show and won 201000.00

Game Hand #2027433939 - Tournament #31082790 - Holdem (No Limit) - Level 19 (15000.00/30000.00)- 2024/02/14 20:09:12 UTC
Table '24' 8-max Seat #1 is the button
Seat 1: Yatoro (380787.00)
Seat 2: lipesticky (447343.00)
Seat 3: AntisocialGG (1056181.00)
Seat 4: WhiteJonny (1278650.00)
Seat 5: SRAFARIDE (508365.00)
Seat 6: Buzzmu (281770.00) is sitting out
Seat 7: AlchemistBR (896582.00)
Seat 8: zAfStOp_Re (1188966.00)
Yatoro posts ante 4500.00
lipesticky posts ante 4500.00
AntisocialGG posts ante 4500.00
WhiteJonny posts ante 4500.00
SRAFARIDE posts ante 4500.00
Buzzmu posts ante 4500.00
AlchemistBR posts ante 4500.00
zAfStOp_Re posts ante 4500.00
lipesticky posts the small blind 15000.00
AntisocialGG posts the big blind 30000.00
*** HOLE CARDS ***
Main pot 36000.00
Dealt to lipesticky [Tc 7c]
WhiteJonny folds
SRAFARIDE folds
Buzzmu folds
AlchemistBR folds
zAfStOp_Re raises 63000.00 to 63000.00
Yatoro folds
lipesticky folds
AntisocialGG calls 33000.00
*** FLOP *** [Ks 5h Qc]
Main pot 177000.00
AntisocialGG checks
zAfStOp_Re bets 58410.00
AntisocialGG folds
Uncalled bet (58410.00) returned to zAfStOp_Re
zAfStOp_Re does not show
*** SUMMARY ***
Total pot 177000.00
Board [Ks 5h Qc]
Seat 1: Yatoro (button) folded on the Pre-Flop
Seat 2: lipesticky (small blind) folded on the Pre-Flop
Seat 3: AntisocialGG (big blind) folded on the Flop
Seat 4: WhiteJonny folded on the Pre-Flop and did not bet
Seat 5: SRAFARIDE folded on the Pre-Flop and did not bet
Seat 6: Buzzmu folded on the Pre-Flop and did not bet
Seat 7: AlchemistBR folded on the Pre-Flop and did not bet
Seat 8: zAfStOp_Re did not show and won 177000.00

Game Hand #2027435015 - Tournament #31082790 - Holdem (No Limit) - Level 19 (15000.00/30000.00)- 2024/02/14 20:10:13 UTC
Table '24' 8-max Seat #2 is the button
Seat 1: Yatoro (376287.00)
Seat 2: lipesticky (427843.00)
Seat 3: AntisocialGG (988681.00)
Seat 4: WhiteJonny (1274150.00)
Seat 5: SRAFARIDE (503865.00)
Seat 6: Buzzmu (277270.00) is sitting out
Seat 7: AlchemistBR (892082.00)
Seat 8: zAfStOp_Re (1298466.00)
Yatoro posts ante 4500.00
lipesticky posts ante 4500.00
AntisocialGG posts ante 4500.00
WhiteJonny posts ante 4500.00
SRAFARIDE posts ante 4500.00
Buzzmu posts ante 4500.00
AlchemistBR posts ante 4500.00
zAfStOp_Re posts ante 4500.00
AntisocialGG posts the small blind 15000.00
WhiteJonny posts the big blind 30000.00
*** HOLE CARDS ***
Main pot 36000.00
Dealt to lipesticky [3c 5c]
SRAFARIDE folds
Buzzmu folds
AlchemistBR folds
zAfStOp_Re folds
Yatoro folds
lipesticky folds
AntisocialGG folds
WhiteJonny does not show
*** SUMMARY ***
Total pot 81000.00
Seat 1: Yatoro folded on the Pre-Flop and did not bet
Seat 2: lipesticky (button) folded on the Pre-Flop
Seat 3: AntisocialGG (small blind) folded on the Pre-Flop
Seat 4: WhiteJonny did not show and won 81000.00
Seat 5: SRAFARIDE folded on the Pre-Flop and did not bet
Seat 6: Buzzmu folded on the Pre-Flop and did not bet
Seat 7: AlchemistBR folded on the Pre-Flop and did not bet
Seat 8: zAfStOp_Re folded on the Pre-Flop and did not bet

Game Hand #2027435473 - Tournament #31082790 - Holdem (No Limit) - Level 19 (15000.00/30000.00)- 2024/02/14 20:10:40 UTC
Table '24' 8-max Seat #3 is the button
Seat 1: Yatoro (371787.00)
Seat 2: lipesticky (423343.00)
Seat 3: AntisocialGG (969181.00)
Seat 4: WhiteJonny (1320650.00)
Seat 5: SRAFARIDE (499365.00)
Seat 6: Buzzmu (272770.00) is sitting out
Seat 7: AlchemistBR (887582.00)
Seat 8: zAfStOp_Re (1293966.00)
Yatoro posts ante 4500.00
lipesticky posts ante 4500.00
AntisocialGG posts ante 4500.00
WhiteJonny posts ante 4500.00
SRAFARIDE posts ante 4500.00
Buzzmu posts ante 4500.00
AlchemistBR posts ante 4500.00
zAfStOp_Re posts ante 4500.00
WhiteJonny posts the small blind 15000.00
SRAFARIDE posts the big blind 30000.00
*** HOLE CARDS ***
Main pot 36000.00
Dealt to lipesticky [7c 7d]
Buzzmu folds
AlchemistBR folds
zAfStOp_Re raises 63000.00 to 63000.00
Yatoro folds
lipesticky raises 418843.00 to 418843.00 and is all-in
AntisocialGG folds
WhiteJonny folds
SRAFARIDE folds
zAfStOp_Re calls 355843.00
*** FLOP *** [3c Js 7h]
Main pot 918686.00
*** TURN *** [3c Js 7h] [Qs]
Main pot 918686.00
*** RIVER *** [3c Js 7h Qs] [Ad]
Main pot 918686.00
*** SHOW DOWN ***
Main pot 918686.00
lipesticky shows [7c 7d] (three of a kind, Set of Sevens [7h 7d 7c Ad Qs])
zAfStOp_Re shows [Ts Ks] (a straight, Ace high [Ad Ks Qs Js Ts])
zAfStOp_Re collected 918686.00 from main pot
*** SUMMARY ***
Total pot 918686.00
Board [3c Js 7h Qs Ad]
Seat 1: Yatoro folded on the Pre-Flop and did not bet
Seat 2: lipesticky showed [7c 7d] and lost with three of a kind, Set of Sevens [7h 7d 7c Ad Qs]
Seat 3: AntisocialGG (button) folded on the Pre-Flop
Seat 4: WhiteJonny (small blind) folded on the Pre-Flop
Seat 5: SRAFARIDE (big blind) folded on the Pre-Flop
Seat 6: Buzzmu folded on the Pre-Flop and did not bet
Seat 7: AlchemistBR folded on the Pre-Flop and did not bet
Seat 8: zAfStOp_Re showed [Ts Ks] and won 918686.00 with a straight, Ace high [Ad Ks Qs Js Ts]

