Game Hand #2018429617 - Tournament #31146450 - Holdem (No Limit) - Level 2 (600.00/1200.00)- 2024/02/05 16:36:56 UTC
Table '6' 8-max Seat #2 is the button
Seat 1: lipesticky (100000.00)
Seat 2: bisteca (106398.00)
Seat 3: Zbyka13 (131067.00)
Seat 4: kingpooff (102376.00)
Seat 5: DukaLoncic77 (99280.00)
Seat 6: KennyPowers22 (112140.00)
Seat 7: smicenas (96940.00)
Seat 8: MustardFan (106902.00)
lipesticky posts ante 180.00
bisteca posts ante 180.00
Zbyka13 posts ante 180.00
kingpooff posts ante 180.00
DukaLoncic77 posts ante 180.00
KennyPowers22 posts ante 180.00
smicenas posts ante 180.00
MustardFan posts ante 180.00
Zbyka13 posts the small blind 600.00
kingpooff posts the big blind 1200.00
*** HOLE CARDS ***
Main pot 1440.00
Dealt to lipesticky [Kd Jh]
DukaLoncic77 folds
KennyPowers22 folds
smicenas folds
MustardFan folds
lipesticky raises 2520.00 to 2520.00
bisteca folds
Zbyka13 folds
kingpooff calls 1320.00
*** FLOP *** [Tc Jc Ts]
Main pot 7080.00
kingpooff checks
lipesticky bets 1736.00
kingpooff folds
Uncalled bet (1736.00) returned to lipesticky
lipesticky does not show
*** SUMMARY ***
Total pot 7080.00
Board [Tc Jc Ts]
Seat 1: lipesticky did not show and won 7080.00
Seat 2: bisteca (button) folded on the Pre-Flop
Seat 3: Zbyka13 (small blind) folded on the Pre-Flop
Seat 4: kingpooff (big blind) folded on the Flop
Seat 5: DukaLoncic77 folded on the Pre-Flop and did not bet
Seat 6: KennyPowers22 folded on the Pre-Flop and did not bet
Seat 7: smicenas folded on the Pre-Flop and did not bet
Seat 8: MustardFan folded on the Pre-Flop and did not bet

Game Hand #2018430234 - Tournament #31146450 - Holdem (No Limit) - Level 2 (600.00/1200.00)- 2024/02/05 16:37:53 UTC
Table '6' 8-max Seat #3 is the button
Seat 1: lipesticky (104380.00)
Seat 2: bisteca (106218.00)
Seat 3: Zbyka13 (130287.00)
Seat 4: kingpooff (99676.00)
Seat 5: DukaLoncic77 (99100.00)
Seat 6: KennyPowers22 (111960.00)
Seat 7: smicenas (96760.00)
Seat 8: MustardFan (106722.00)
lipesticky posts ante 180.00
bisteca posts ante 180.00
Zbyka13 posts ante 180.00
kingpooff posts ante 180.00
DukaLoncic77 posts ante 180.00
KennyPowers22 posts ante 180.00
smicenas posts ante 180.00
MustardFan posts ante 180.00
kingpooff posts the small blind 600.00
DukaLoncic77 posts the big blind 1200.00
*** HOLE CARDS ***
Main pot 1440.00
Dealt to lipesticky [8h Ts]
KennyPowers22 folds
smicenas folds
MustardFan folds
lipesticky folds
bisteca raises 2640.00 to 2640.00
Zbyka13 folds
kingpooff folds
DukaLoncic77 folds
Uncalled bet (1440.00) returned to bisteca
bisteca does not show
*** SUMMARY ***
Total pot 4440.00
Seat 1: lipesticky folded on the Pre-Flop and did not bet
Seat 2: bisteca did not show and won 4440.00
Seat 3: Zbyka13 (button) folded on the Pre-Flop
Seat 4: kingpooff (small blind) folded on the Pre-Flop
Seat 5: DukaLoncic77 (big blind) folded on the Pre-Flop
Seat 6: KennyPowers22 folded on the Pre-Flop and did not bet
Seat 7: smicenas folded on the Pre-Flop and did not bet
Seat 8: MustardFan folded on the Pre-Flop and did not bet

Game Hand #2018430649 - Tournament #31146450 - Holdem (No Limit) - Level 2 (600.00/1200.00)- 2024/02/05 16:38:29 UTC
Table '6' 8-max Seat #4 is the button
Seat 1: lipesticky (104200.00)
Seat 2: bisteca (109278.00)
Seat 3: Zbyka13 (130107.00)
Seat 4: kingpooff (98896.00)
Seat 5: DukaLoncic77 (97720.00)
Seat 6: KennyPowers22 (111780.00)
Seat 7: smicenas (96580.00)
Seat 8: MustardFan (106542.00)
lipesticky posts ante 180.00
bisteca posts ante 180.00
Zbyka13 posts ante 180.00
kingpooff posts ante 180.00
DukaLoncic77 posts ante 180.00
KennyPowers22 posts ante 180.00
smicenas posts ante 180.00
MustardFan posts ante 180.00
DukaLoncic77 posts the small blind 600.00
KennyPowers22 posts the big blind 1200.00
*** HOLE CARDS ***
Main pot 1440.00
Dealt to lipesticky [7h As]
smicenas folds
MustardFan folds
lipesticky folds
bisteca folds
Zbyka13 raises 2400.00 to 2400.00
kingpooff folds
DukaLoncic77 folds
KennyPowers22 folds
Uncalled bet (1200.00) returned to Zbyka13
Zbyka13 does not show
*** SUMMARY ***
Total pot 4440.00
Seat 1: lipesticky folded on the Pre-Flop and did not bet
Seat 2: bisteca folded on the Pre-Flop and did not bet
Seat 3: Zbyka13 did not show and won 4440.00
Seat 4: kingpooff (button) folded on the Pre-Flop
Seat 5: DukaLoncic77 (small blind) folded on the Pre-Flop
Seat 6: KennyPowers22 (big blind) folded on the Pre-Flop
Seat 7: smicenas folded on the Pre-Flop and did not bet
Seat 8: MustardFan folded on the Pre-Flop and did not bet

Game Hand #2018431170 - Tournament #31146450 - Holdem (No Limit) - Level 2 (600.00/1200.00)- 2024/02/05 16:39:14 UTC
Table '6' 8-max Seat #5 is the button
Seat 1: lipesticky (104020.00)
Seat 2: bisteca (109098.00)
Seat 3: Zbyka13 (133167.00)
Seat 4: kingpooff (98716.00)
Seat 5: DukaLoncic77 (96940.00)
Seat 6: KennyPowers22 (110400.00)
Seat 7: smicenas (96400.00)
Seat 8: MustardFan (106362.00)
lipesticky posts ante 180.00
bisteca posts ante 180.00
Zbyka13 posts ante 180.00
kingpooff posts ante 180.00
DukaLoncic77 posts ante 180.00
KennyPowers22 posts ante 180.00
smicenas posts ante 180.00
MustardFan posts ante 180.00
KennyPowers22 posts the small blind 600.00
smicenas posts the big blind 1200.00
*** HOLE CARDS ***
Main pot 1440.00
Dealt to lipesticky [9c 7d]
MustardFan folds
lipesticky folds
bisteca folds
Zbyka13 raises 2400.00 to 2400.00
kingpooff folds
DukaLoncic77 folds
KennyPowers22 folds
smicenas raises 7020.00 to 8220.00
Zbyka13 folds
Uncalled bet (5820.00) returned to smicenas
smicenas does not show
*** SUMMARY ***
Total pot 6840.00
Seat 1: lipesticky folded on the Pre-Flop and did not bet
Seat 2: bisteca folded on the Pre-Flop and did not bet
Seat 3: Zbyka13 folded on the Pre-Flop and did not bet
Seat 4: kingpooff folded on the Pre-Flop and did not bet
Seat 5: DukaLoncic77 (button) folded on the Pre-Flop
Seat 6: KennyPowers22 (small blind) folded on the Pre-Flop
Seat 7: smicenas did not show and won 6840.00
Seat 8: MustardFan folded on the Pre-Flop and did not bet

Game Hand #2018431791 - Tournament #31146450 - Holdem (No Limit) - Level 3 (750.00/1500.00)- 2024/02/05 16:40:06 UTC
Table '6' 8-max Seat #6 is the button
Seat 1: lipesticky (103840.00)
Seat 2: bisteca (108918.00)
Seat 3: Zbyka13 (130587.00)
Seat 4: kingpooff (98536.00)
Seat 5: DukaLoncic77 (96760.00)
Seat 6: KennyPowers22 (109620.00)
Seat 7: smicenas (100660.00)
Seat 8: MustardFan (106182.00)
lipesticky posts ante 200.00
bisteca posts ante 200.00
Zbyka13 posts ante 200.00
kingpooff posts ante 200.00
DukaLoncic77 posts ante 200.00
KennyPowers22 posts ante 200.00
smicenas posts ante 200.00
MustardFan posts ante 200.00
smicenas posts the small blind 750.00
MustardFan posts the big blind 1500.00
*** HOLE CARDS ***
Main pot 1600.00
Dealt to lipesticky [9d 3d]
lipesticky folds
bisteca folds
Zbyka13 folds
kingpooff folds
DukaLoncic77 folds
KennyPowers22 folds
smicenas raises 2250.00 to 3000.00
MustardFan calls 1500.00
*** FLOP *** [Ad 3h 5d]
Main pot 7600.00
smicenas checks
MustardFan checks
*** TURN *** [Ad 3h 5d] [6s]
Main pot 7600.00
smicenas bets 3050.00
MustardFan folds
Uncalled bet (3050.00) returned to smicenas
smicenas does not show
*** SUMMARY ***
Total pot 7600.00
Board [Ad 3h 5d 6s]
Seat 1: lipesticky folded on the Pre-Flop and did not bet
Seat 2: bisteca folded on the Pre-Flop and did not bet
Seat 3: Zbyka13 folded on the Pre-Flop and did not bet
Seat 4: kingpooff folded on the Pre-Flop and did not bet
Seat 5: DukaLoncic77 folded on the Pre-Flop and did not bet
Seat 6: KennyPowers22 (button) folded on the Pre-Flop
Seat 7: smicenas did not show and won 7600.00
Seat 8: MustardFan (big blind) folded on the Turn

Game Hand #2018432658 - Tournament #31146450 - Holdem (No Limit) - Level 3 (750.00/1500.00)- 2024/02/05 16:41:20 UTC
Table '6' 8-max Seat #7 is the button
Seat 1: lipesticky (103640.00)
Seat 2: bisteca (108718.00)
Seat 3: Zbyka13 (130387.00)
Seat 4: kingpooff (98336.00)
Seat 5: DukaLoncic77 (96560.00)
Seat 6: KennyPowers22 (109420.00)
Seat 7: smicenas (105060.00)
Seat 8: MustardFan (102982.00)
lipesticky posts ante 200.00
bisteca posts ante 200.00
Zbyka13 posts ante 200.00
kingpooff posts ante 200.00
DukaLoncic77 posts ante 200.00
KennyPowers22 posts ante 200.00
smicenas posts ante 200.00
MustardFan posts ante 200.00
MustardFan posts the small blind 750.00
lipesticky posts the big blind 1500.00
*** HOLE CARDS ***
Main pot 1600.00
Dealt to lipesticky [7d Qh]
bisteca folds
Zbyka13 folds
kingpooff raises 3450.00 to 3450.00
DukaLoncic77 folds
KennyPowers22 folds
smicenas folds
MustardFan folds
lipesticky folds
Uncalled bet (1950.00) returned to kingpooff
kingpooff does not show
*** SUMMARY ***
Total pot 5350.00
Seat 1: lipesticky (big blind) folded on the Pre-Flop
Seat 2: bisteca folded on the Pre-Flop and did not bet
Seat 3: Zbyka13 folded on the Pre-Flop and did not bet
Seat 4: kingpooff did not show and won 5350.00
Seat 5: DukaLoncic77 folded on the Pre-Flop and did not bet
Seat 6: KennyPowers22 folded on the Pre-Flop and did not bet
Seat 7: smicenas (button) folded on the Pre-Flop
Seat 8: MustardFan (small blind) folded on the Pre-Flop

Game Hand #2018433258 - Tournament #31146450 - Holdem (No Limit) - Level 3 (750.00/1500.00)- 2024/02/05 16:42:12 UTC
Table '6' 8-max Seat #8 is the button
Seat 1: lipesticky (101940.00)
Seat 2: bisteca (108518.00)
Seat 3: Zbyka13 (130187.00)
Seat 4: kingpooff (101986.00)
Seat 5: DukaLoncic77 (96360.00)
Seat 6: KennyPowers22 (109220.00)
Seat 7: smicenas (104860.00)
Seat 8: MustardFan (102032.00)
lipesticky posts ante 200.00
bisteca posts ante 200.00
Zbyka13 posts ante 200.00
kingpooff posts ante 200.00
DukaLoncic77 posts ante 200.00
KennyPowers22 posts ante 200.00
smicenas posts ante 200.00
MustardFan posts ante 200.00
lipesticky posts the small blind 750.00
bisteca posts the big blind 1500.00
*** HOLE CARDS ***
Main pot 1600.00
Dealt to lipesticky [2d 3s]
Zbyka13 folds
kingpooff raises 3450.00 to 3450.00
DukaLoncic77 folds
KennyPowers22 folds
smicenas folds
MustardFan calls 3450.00
lipesticky folds
bisteca folds
*** FLOP *** [4d Ah Td]
Main pot 10750.00
kingpooff checks
MustardFan checks
*** TURN *** [4d Ah Td] [Ks]
Main pot 10750.00
kingpooff bets 2625.00
MustardFan raises 13075.00 to 13075.00
kingpooff folds
Uncalled bet (10450.00) returned to MustardFan
MustardFan does not show
*** SUMMARY ***
Total pot 16000.00
Board [4d Ah Td Ks]
Seat 1: lipesticky (small blind) folded on the Pre-Flop
Seat 2: bisteca (big blind) folded on the Pre-Flop
Seat 3: Zbyka13 folded on the Pre-Flop and did not bet
Seat 4: kingpooff folded on the Turn
Seat 5: DukaLoncic77 folded on the Pre-Flop and did not bet
Seat 6: KennyPowers22 folded on the Pre-Flop and did not bet
Seat 7: smicenas folded on the Pre-Flop and did not bet
Seat 8: MustardFan did not show and won 16000.00

Game Hand #2018434829 - Tournament #31146450 - Holdem (No Limit) - Level 3 (750.00/1500.00)- 2024/02/05 16:44:27 UTC
Table '6' 8-max Seat #1 is the button
Seat 1: lipesticky (100990.00)
Seat 3: Zbyka13 (129987.00)
Seat 4: kingpooff (95711.00)
Seat 5: DukaLoncic77 (96160.00)
Seat 6: KennyPowers22 (109020.00)
Seat 7: smicenas (104660.00)
Seat 8: MustardFan (111757.00)
lipesticky posts ante 200.00
Zbyka13 posts ante 200.00
kingpooff posts ante 200.00
DukaLoncic77 posts ante 200.00
KennyPowers22 posts ante 200.00
smicenas posts ante 200.00
MustardFan posts ante 200.00
Zbyka13 posts the big blind 1500.00
*** HOLE CARDS ***
Main pot 1400.00
Dealt to lipesticky [Qs 5c]
kingpooff folds
DukaLoncic77 folds
KennyPowers22 folds
smicenas folds
MustardFan raises 3435.00 to 3435.00
lipesticky folds
Zbyka13 calls 1935.00
*** FLOP *** [7s 3s 4s]
Main pot 8270.00
Zbyka13 checks
MustardFan checks
*** TURN *** [7s 3s 4s] [Jh]
Main pot 8270.00
Zbyka13 bets 6203.00
MustardFan calls 6203.00
*** RIVER *** [7s 3s 4s Jh] [As]
Main pot 20676.00
Zbyka13 checks
MustardFan checks
*** SHOW DOWN ***
Main pot 20676.00
Zbyka13 shows [3h 7h] (two pair, Sevens and Threes [7s 7h 3s 3h As])
MustardFan shows [Jc Qc] (a pair of Jacks [Jh Jc As Qc 7s])
Zbyka13 collected 20676.00 from main pot
*** SUMMARY ***
Total pot 20676.00
Board [7s 3s 4s Jh As]
Seat 1: lipesticky (button) folded on the Pre-Flop
Seat 3: Zbyka13 (big blind) showed [3h 7h] and won 20676.00 with two pair, Sevens and Threes [7s 7h 3s 3h As]
Seat 4: kingpooff folded on the Pre-Flop and did not bet
Seat 5: DukaLoncic77 folded on the Pre-Flop and did not bet
Seat 6: KennyPowers22 folded on the Pre-Flop and did not bet
Seat 7: smicenas folded on the Pre-Flop and did not bet
Seat 8: MustardFan showed [Jc Qc] and lost with a pair of Jacks [Jh Jc As Qc 7s]

Game Hand #2018435824 - Tournament #31146450 - Holdem (No Limit) - Level 3 (750.00/1500.00)- 2024/02/05 16:45:56 UTC
Table '6' 8-max Seat #2 is the button
Seat 1: lipesticky (100790.00)
Seat 3: Zbyka13 (140825.00)
Seat 4: kingpooff (95511.00)
Seat 5: DukaLoncic77 (95960.00)
Seat 6: KennyPowers22 (108820.00)
Seat 7: smicenas (104460.00)
Seat 8: MustardFan (101919.00)
lipesticky posts ante 200.00
Zbyka13 posts ante 200.00
kingpooff posts ante 200.00
DukaLoncic77 posts ante 200.00
KennyPowers22 posts ante 200.00
smicenas posts ante 200.00
MustardFan posts ante 200.00
Zbyka13 posts the small blind 750.00
kingpooff posts the big blind 1500.00
*** HOLE CARDS ***
Main pot 1400.00
Dealt to lipesticky [6h Jc]
DukaLoncic77 raises 3000.00 to 3000.00
KennyPowers22 folds
smicenas folds
MustardFan folds
lipesticky folds
Zbyka13 folds
kingpooff calls 1500.00
*** FLOP *** [4d 2s 5s]
Main pot 8150.00
kingpooff checks
DukaLoncic77 bets 5983.00
kingpooff calls 5983.00
*** TURN *** [4d 2s 5s] [6d]
Main pot 20116.00
kingpooff bets 12638.00
DukaLoncic77 calls 12638.00
*** RIVER *** [4d 2s 5s 6d] [Kh]
Main pot 45392.00
kingpooff bets 67500.00
DukaLoncic77 folds
Uncalled bet (67500.00) returned to kingpooff
kingpooff does not show
*** SUMMARY ***
Total pot 45392.00
Board [4d 2s 5s 6d Kh]
Seat 1: lipesticky folded on the Pre-Flop and did not bet
Seat 3: Zbyka13 (small blind) folded on the Pre-Flop
Seat 4: kingpooff did not show and won 45392.00
Seat 5: DukaLoncic77 folded on the River
Seat 6: KennyPowers22 folded on the Pre-Flop and did not bet
Seat 7: smicenas folded on the Pre-Flop and did not bet
Seat 8: MustardFan folded on the Pre-Flop and did not bet

Game Hand #2018437296 - Tournament #31146450 - Holdem (No Limit) - Level 3 (750.00/1500.00)- 2024/02/05 16:48:05 UTC
Table '6' 8-max Seat #3 is the button
Seat 1: lipesticky (100590.00)
Seat 2: Despretensioso (100000.00)
Seat 4: kingpooff (119082.00)
Seat 5: DukaLoncic77 (74139.00)
lipesticky posts ante 200.00
Despretensioso posts ante 200.00
kingpooff posts ante 200.00
DukaLoncic77 posts ante 200.00
kingpooff posts the small blind 750.00
DukaLoncic77 posts the big blind 1500.00
*** HOLE CARDS ***
Main pot 800.00
Dealt to lipesticky [8s 9d]
lipesticky raises 3150.00 to 3150.00
Despretensioso folds
kingpooff raises 11400.00 to 12150.00
DukaLoncic77 folds
lipesticky folds
Uncalled bet (9000.00) returned to kingpooff
kingpooff does not show
*** SUMMARY ***
Total pot 8600.00
Seat 1: lipesticky folded on the Pre-Flop and did not bet
Seat 2: Despretensioso folded on the Pre-Flop and did not bet
Seat 4: kingpooff did not show and won 8600.00
Seat 5: DukaLoncic77 (big blind) folded on the Pre-Flop

Game Hand #2018437718 - Tournament #31146450 - Holdem (No Limit) - Level 3 (750.00/1500.00)- 2024/02/05 16:48:47 UTC
Table '6' 8-max Seat #4 is the button
Seat 1: lipesticky (97240.00)
Seat 2: Despretensioso (99800.00)
Seat 3: D.Babahhh (105620.00)
Seat 4: kingpooff (124332.00)
Seat 5: DukaLoncic77 (72439.00)
Seat 6: IloveDeneuve (64895.00)
Seat 7: RonoroaZoro (294684.00)
lipesticky posts ante 200.00
Despretensioso posts ante 200.00
D.Babahhh posts ante 200.00
kingpooff posts ante 200.00
DukaLoncic77 posts ante 200.00
IloveDeneuve posts ante 200.00
RonoroaZoro posts ante 200.00
DukaLoncic77 posts the small blind 750.00
IloveDeneuve posts the big blind 1500.00
*** HOLE CARDS ***
Main pot 1400.00
Dealt to lipesticky [2c 8c]
RonoroaZoro folds
lipesticky folds
Despretensioso raises 3000.00 to 3000.00
D.Babahhh folds
kingpooff folds
DukaLoncic77 folds
IloveDeneuve folds
Uncalled bet (1500.00) returned to Despretensioso
Despretensioso does not show
*** SUMMARY ***
Total pot 5150.00
Seat 1: lipesticky folded on the Pre-Flop and did not bet
Seat 2: Despretensioso did not show and won 5150.00
Seat 3: D.Babahhh folded on the Pre-Flop and did not bet
Seat 4: kingpooff (button) folded on the Pre-Flop
Seat 5: DukaLoncic77 (small blind) folded on the Pre-Flop
Seat 6: IloveDeneuve (big blind) folded on the Pre-Flop
Seat 7: RonoroaZoro folded on the Pre-Flop and did not bet

Game Hand #2018438162 - Tournament #31146450 - Holdem (No Limit) - Level 3 (750.00/1500.00)- 2024/02/05 16:49:28 UTC
Table '6' 8-max Seat #5 is the button
Seat 1: lipesticky (97040.00)
Seat 2: Despretensioso (103250.00)
Seat 3: D.Babahhh (105420.00)
Seat 4: kingpooff (124132.00)
Seat 5: DukaLoncic77 (71489.00)
Seat 6: IloveDeneuve (63195.00)
Seat 7: RonoroaZoro (294484.00)
Seat 8: Prez Status (99400.00)
lipesticky posts ante 200.00
Despretensioso posts ante 200.00
D.Babahhh posts ante 200.00
kingpooff posts ante 200.00
DukaLoncic77 posts ante 200.00
IloveDeneuve posts ante 200.00
RonoroaZoro posts ante 200.00
Prez Status posts ante 200.00
IloveDeneuve posts the small blind 750.00
RonoroaZoro posts the big blind 1500.00
*** HOLE CARDS ***
Main pot 1600.00
Dealt to lipesticky [As 9h]
Prez Status folds
lipesticky folds
Despretensioso folds
D.Babahhh folds
kingpooff folds
DukaLoncic77 folds
IloveDeneuve calls 750.00
RonoroaZoro raises 3750.00 to 5250.00
IloveDeneuve calls 3750.00
*** FLOP *** [Js 5s Qh]
Main pot 12100.00
IloveDeneuve checks
RonoroaZoro bets 3993.00
IloveDeneuve folds
Uncalled bet (3993.00) returned to RonoroaZoro
RonoroaZoro does not show
*** SUMMARY ***
Total pot 12100.00
Board [Js 5s Qh]
Seat 1: lipesticky folded on the Pre-Flop and did not bet
Seat 2: Despretensioso folded on the Pre-Flop and did not bet
Seat 3: D.Babahhh folded on the Pre-Flop and did not bet
Seat 4: kingpooff folded on the Pre-Flop and did not bet
Seat 5: DukaLoncic77 (button) folded on the Pre-Flop
Seat 6: IloveDeneuve (small blind) folded on the Flop
Seat 7: RonoroaZoro did not show and won 12100.00
Seat 8: Prez Status folded on the Pre-Flop and did not bet

Game Hand #2018438623 - Tournament #31146450 - Holdem (No Limit) - Level 3 (750.00/1500.00)- 2024/02/05 16:50:10 UTC
Table '6' 8-max Seat #6 is the button
Seat 1: lipesticky (96840.00)
Seat 2: Despretensioso (103050.00)
Seat 3: D.Babahhh (105220.00)
Seat 6: IloveDeneuve (57745.00)
Seat 7: RonoroaZoro (301134.00)
Seat 8: Prez Status (99200.00)
lipesticky posts ante 200.00
Despretensioso posts ante 200.00
D.Babahhh posts ante 200.00
IloveDeneuve posts ante 200.00
RonoroaZoro posts ante 200.00
Prez Status posts ante 200.00
RonoroaZoro posts the small blind 750.00
Prez Status posts the big blind 1500.00
*** HOLE CARDS ***
Main pot 1200.00
Dealt to lipesticky [4h 6d]
lipesticky folds
Despretensioso folds
D.Babahhh raises 3000.00 to 3000.00
IloveDeneuve folds
RonoroaZoro folds
Prez Status folds
Uncalled bet (1500.00) returned to D.Babahhh
D.Babahhh does not show
*** SUMMARY ***
Total pot 4950.00
Seat 1: lipesticky folded on the Pre-Flop and did not bet
Seat 2: Despretensioso folded on the Pre-Flop and did not bet
Seat 3: D.Babahhh did not show and won 4950.00
Seat 6: IloveDeneuve (button) folded on the Pre-Flop
Seat 7: RonoroaZoro (small blind) folded on the Pre-Flop
Seat 8: Prez Status (big blind) folded on the Pre-Flop

Game Hand #2018438964 - Tournament #31146450 - Holdem (No Limit) - Level 3 (750.00/1500.00)- 2024/02/05 16:50:41 UTC
Table '6' 8-max Seat #7 is the button
Seat 1: lipesticky (96640.00)
Seat 2: Despretensioso (102850.00)
Seat 3: D.Babahhh (108470.00)
Seat 4: ronaldinhoo (138915.00)
Seat 6: IloveDeneuve (57545.00)
Seat 7: RonoroaZoro (300184.00)
Seat 8: Prez Status (97500.00)
lipesticky posts ante 200.00
Despretensioso posts ante 200.00
D.Babahhh posts ante 200.00
ronaldinhoo posts ante 200.00
IloveDeneuve posts ante 200.00
RonoroaZoro posts ante 200.00
Prez Status posts ante 200.00
Prez Status posts the small blind 750.00
lipesticky posts the big blind 1500.00
*** HOLE CARDS ***
Main pot 1400.00
Dealt to lipesticky [Jh Jd]
Despretensioso folds
D.Babahhh raises 3000.00 to 3000.00
ronaldinhoo folds
IloveDeneuve folds
RonoroaZoro folds
Prez Status folds
lipesticky calls 1500.00
*** FLOP *** [Qc 6c Kd]
Main pot 8150.00
lipesticky checks
D.Babahhh bets 2445.00
lipesticky calls 2445.00
*** TURN *** [Qc 6c Kd] [5h]
Main pot 13040.00
lipesticky checks
D.Babahhh bets 8770.00
lipesticky folds
Uncalled bet (8770.00) returned to D.Babahhh
D.Babahhh does not show
*** SUMMARY ***
Total pot 13040.00
Board [Qc 6c Kd 5h]
Seat 1: lipesticky (big blind) folded on the Turn
Seat 2: Despretensioso folded on the Pre-Flop and did not bet
Seat 3: D.Babahhh did not show and won 13040.00
Seat 4: ronaldinhoo folded on the Pre-Flop and did not bet
Seat 6: IloveDeneuve folded on the Pre-Flop and did not bet
Seat 7: RonoroaZoro (button) folded on the Pre-Flop
Seat 8: Prez Status (small blind) folded on the Pre-Flop

Game Hand #2018439943 - Tournament #31146450 - Holdem (No Limit) - Level 4 (1000.00/2000.00)- 2024/02/05 16:52:16 UTC
Table '6' 8-max Seat #8 is the button
Seat 1: lipesticky (90995.00)
Seat 2: Despretensioso (102650.00)
Seat 3: D.Babahhh (115865.00)
Seat 4: ronaldinhoo (138715.00)
Seat 5: Zbyka13 (121804.00)
Seat 6: IloveDeneuve (57345.00)
Seat 7: RonoroaZoro (299984.00)
Seat 8: Prez Status (96550.00)
lipesticky posts ante 300.00
Despretensioso posts ante 300.00
D.Babahhh posts ante 300.00
ronaldinhoo posts ante 300.00
Zbyka13 posts ante 300.00
IloveDeneuve posts ante 300.00
RonoroaZoro posts ante 300.00
Prez Status posts ante 300.00
lipesticky posts the small blind 1000.00
Despretensioso posts the big blind 2000.00
*** HOLE CARDS ***
Main pot 2400.00
Dealt to lipesticky [Tc Qc]
D.Babahhh folds
ronaldinhoo folds
Zbyka13 folds
IloveDeneuve folds
RonoroaZoro folds
Prez Status raises 4000.00 to 4000.00
lipesticky raises 14000.00 to 15000.00
Despretensioso folds
Prez Status calls 11000.00
*** FLOP *** [7h 4s 8s]
Main pot 34400.00
lipesticky checks
Prez Status checks
*** TURN *** [7h 4s 8s] [Qd]
Main pot 34400.00
lipesticky bets 18920.00
Prez Status folds
Uncalled bet (18920.00) returned to lipesticky
lipesticky does not show
*** SUMMARY ***
Total pot 34400.00
Board [7h 4s 8s Qd]
Seat 1: lipesticky did not show and won 34400.00
Seat 2: Despretensioso (big blind) folded on the Pre-Flop
Seat 3: D.Babahhh folded on the Pre-Flop and did not bet
Seat 4: ronaldinhoo folded on the Pre-Flop and did not bet
Seat 5: Zbyka13 folded on the Pre-Flop and did not bet
Seat 6: IloveDeneuve folded on the Pre-Flop and did not bet
Seat 7: RonoroaZoro folded on the Pre-Flop and did not bet
Seat 8: Prez Status (button) folded on the Turn

Game Hand #2018441191 - Tournament #31146450 - Holdem (No Limit) - Level 4 (1000.00/2000.00)- 2024/02/05 16:54:07 UTC
Table '6' 8-max Seat #1 is the button
Seat 1: lipesticky (110095.00)
Seat 2: Despretensioso (100350.00)
Seat 3: D.Babahhh (115565.00)
Seat 4: ronaldinhoo (138415.00)
Seat 5: Zbyka13 (121504.00)
Seat 6: IloveDeneuve (57045.00)
Seat 7: RonoroaZoro (299684.00)
Seat 8: Prez Status (81250.00)
lipesticky posts ante 300.00
Despretensioso posts ante 300.00
D.Babahhh posts ante 300.00
ronaldinhoo posts ante 300.00
Zbyka13 posts ante 300.00
IloveDeneuve posts ante 300.00
RonoroaZoro posts ante 300.00
Prez Status posts ante 300.00
Despretensioso posts the small blind 1000.00
D.Babahhh posts the big blind 2000.00
*** HOLE CARDS ***
Main pot 2400.00
Dealt to lipesticky [Ad 8h]
ronaldinhoo folds
Zbyka13 folds
IloveDeneuve folds
RonoroaZoro raises 4000.00 to 4000.00
Prez Status folds
lipesticky folds
Despretensioso folds
D.Babahhh calls 2000.00
*** FLOP *** [4d 6s Th]
Main pot 11400.00
D.Babahhh checks
RonoroaZoro bets 3762.00
D.Babahhh folds
Uncalled bet (3762.00) returned to RonoroaZoro
RonoroaZoro does not show
*** SUMMARY ***
Total pot 11400.00
Board [4d 6s Th]
Seat 1: lipesticky (button) folded on the Pre-Flop
Seat 2: Despretensioso (small blind) folded on the Pre-Flop
Seat 3: D.Babahhh (big blind) folded on the Flop
Seat 4: ronaldinhoo folded on the Pre-Flop and did not bet
Seat 5: Zbyka13 folded on the Pre-Flop and did not bet
Seat 6: IloveDeneuve folded on the Pre-Flop and did not bet
Seat 7: RonoroaZoro did not show and won 11400.00
Seat 8: Prez Status folded on the Pre-Flop and did not bet

Game Hand #2018444770 - Tournament #31146450 - Holdem (No Limit) - Level 4 (1000.00/2000.00)- 2024/02/05 17:03:01 UTC
Table '6' 8-max Seat #2 is the button
Seat 1: lipesticky (109795.00)
Seat 2: Despretensioso (99050.00)
Seat 3: D.Babahhh (111265.00)
Seat 4: ronaldinhoo (138115.00)
Seat 5: Zbyka13 (121204.00)
Seat 6: IloveDeneuve (56745.00)
Seat 7: RonoroaZoro (306784.00)
Seat 8: Prez Status (80950.00)
lipesticky posts ante 300.00
Despretensioso posts ante 300.00
D.Babahhh posts ante 300.00
ronaldinhoo posts ante 300.00
Zbyka13 posts ante 300.00
IloveDeneuve posts ante 300.00
RonoroaZoro posts ante 300.00
Prez Status posts ante 300.00
D.Babahhh posts the small blind 1000.00
ronaldinhoo posts the big blind 2000.00
*** HOLE CARDS ***
Main pot 2400.00
Dealt to lipesticky [8h Kd]
Zbyka13 folds
IloveDeneuve calls 2000.00
RonoroaZoro folds
Prez Status folds
lipesticky folds
Despretensioso folds
D.Babahhh folds
ronaldinhoo checks
*** FLOP *** [Kh Ac 6h]
Main pot 7400.00
ronaldinhoo checks
IloveDeneuve bets 2000.00
ronaldinhoo folds
Uncalled bet (2000.00) returned to IloveDeneuve
IloveDeneuve does not show
*** SUMMARY ***
Total pot 7400.00
Board [Kh Ac 6h]
Seat 1: lipesticky folded on the Pre-Flop and did not bet
Seat 2: Despretensioso (button) folded on the Pre-Flop
Seat 3: D.Babahhh (small blind) folded on the Pre-Flop
Seat 4: ronaldinhoo (big blind) folded on the Flop
Seat 5: Zbyka13 folded on the Pre-Flop and did not bet
Seat 6: IloveDeneuve did not show and won 7400.00
Seat 7: RonoroaZoro folded on the Pre-Flop and did not bet
Seat 8: Prez Status folded on the Pre-Flop and did not bet

Game Hand #2018445475 - Tournament #31146450 - Holdem (No Limit) - Level 4 (1000.00/2000.00)- 2024/02/05 17:04:02 UTC
Table '6' 8-max Seat #3 is the button
Seat 1: lipesticky (109495.00)
Seat 2: Despretensioso (98750.00)
Seat 3: D.Babahhh (109965.00)
Seat 4: ronaldinhoo (135815.00)
Seat 5: Zbyka13 (120904.00)
Seat 6: IloveDeneuve (61845.00)
Seat 7: RonoroaZoro (306484.00)
Seat 8: Prez Status (80650.00)
lipesticky posts ante 300.00
Despretensioso posts ante 300.00
D.Babahhh posts ante 300.00
ronaldinhoo posts ante 300.00
Zbyka13 posts ante 300.00
IloveDeneuve posts ante 300.00
RonoroaZoro posts ante 300.00
Prez Status posts ante 300.00
ronaldinhoo posts the small blind 1000.00
Zbyka13 posts the big blind 2000.00
*** HOLE CARDS ***
Main pot 2400.00
Dealt to lipesticky [4c 7c]
IloveDeneuve raises 4000.00 to 4000.00
RonoroaZoro folds
Prez Status folds
lipesticky folds
Despretensioso folds
D.Babahhh raises 14000.00 to 14000.00
ronaldinhoo folds
Zbyka13 folds
IloveDeneuve raises 57545.00 to 61545.00 and is all-in
D.Babahhh calls 47545.00
*** FLOP *** [Qc 7s 3c]
Main pot 128490.00
*** TURN *** [Qc 7s 3c] [5d]
Main pot 128490.00
*** RIVER *** [Qc 7s 3c 5d] [3s]
Main pot 128490.00
*** SHOW DOWN ***
Main pot 128490.00
D.Babahhh shows [Jd Jh] (two pair, Jacks and Threes [Jh Jd 3s 3c Qc])
IloveDeneuve shows [As 6s] (a pair of Threes [3s 3c As Qc 7s])
D.Babahhh collected 128490.00 from main pot
*** SUMMARY ***
Total pot 128490.00
Board [Qc 7s 3c 5d 3s]
Seat 1: lipesticky folded on the Pre-Flop and did not bet
Seat 2: Despretensioso folded on the Pre-Flop and did not bet
Seat 3: D.Babahhh (button) showed [Jd Jh] and won 128490.00 with two pair, Jacks and Threes [Jh Jd 3s 3c Qc]
Seat 4: ronaldinhoo (small blind) folded on the Pre-Flop
Seat 5: Zbyka13 (big blind) folded on the Pre-Flop
Seat 6: IloveDeneuve showed [As 6s] and lost with a pair of Threes [3s 3c As Qc 7s]
Seat 7: RonoroaZoro folded on the Pre-Flop and did not bet
Seat 8: Prez Status folded on the Pre-Flop and did not bet

Game Hand #2018446368 - Tournament #31146450 - Holdem (No Limit) - Level 4 (1000.00/2000.00)- 2024/02/05 17:05:17 UTC
Table '6' 8-max Seat #4 is the button
Seat 1: lipesticky (109195.00)
Seat 2: Despretensioso (98450.00)
Seat 3: D.Babahhh (176610.00)
Seat 4: ronaldinhoo (134515.00)
Seat 5: Zbyka13 (118604.00)
Seat 7: RonoroaZoro (306184.00)
Seat 8: Prez Status (80350.00)
lipesticky posts ante 300.00
Despretensioso posts ante 300.00
D.Babahhh posts ante 300.00
ronaldinhoo posts ante 300.00
Zbyka13 posts ante 300.00
RonoroaZoro posts ante 300.00
Prez Status posts ante 300.00
Zbyka13 posts the small blind 1000.00
RonoroaZoro posts the big blind 2000.00
*** HOLE CARDS ***
Main pot 2100.00
Dealt to lipesticky [2d 7c]
Prez Status folds
lipesticky folds
Despretensioso raises 4000.00 to 4000.00
D.Babahhh folds
ronaldinhoo folds
Zbyka13 folds
RonoroaZoro folds
Uncalled bet (2000.00) returned to Despretensioso
Despretensioso does not show
*** SUMMARY ***
Total pot 7100.00
Seat 1: lipesticky folded on the Pre-Flop and did not bet
Seat 2: Despretensioso did not show and won 7100.00
Seat 3: D.Babahhh folded on the Pre-Flop and did not bet
Seat 4: ronaldinhoo (button) folded on the Pre-Flop
Seat 5: Zbyka13 (small blind) folded on the Pre-Flop
Seat 7: RonoroaZoro (big blind) folded on the Pre-Flop
Seat 8: Prez Status folded on the Pre-Flop and did not bet

Game Hand #2018447100 - Tournament #31146450 - Holdem (No Limit) - Level 4 (1000.00/2000.00)- 2024/02/05 17:06:06 UTC
Table '6' 8-max Seat #5 is the button
Seat 1: lipesticky (108895.00)
Seat 2: Despretensioso (103250.00)
Seat 3: D.Babahhh (176310.00)
Seat 4: ronaldinhoo (134215.00)
Seat 5: Zbyka13 (117304.00)
Seat 6: PutoYugi will be allowed to play after the button
Seat 7: RonoroaZoro (303884.00)
Seat 8: Prez Status (80050.00)
lipesticky posts ante 300.00
Despretensioso posts ante 300.00
D.Babahhh posts ante 300.00
ronaldinhoo posts ante 300.00
Zbyka13 posts ante 300.00
RonoroaZoro posts ante 300.00
Prez Status posts ante 300.00
RonoroaZoro posts the small blind 1000.00
Prez Status posts the big blind 2000.00
*** HOLE CARDS ***
Main pot 2100.00
Dealt to lipesticky [3h 4d]
lipesticky folds
Despretensioso folds
D.Babahhh folds
ronaldinhoo folds
Zbyka13 raises 4000.00 to 4000.00
RonoroaZoro folds
Prez Status folds
Uncalled bet (2000.00) returned to Zbyka13
Zbyka13 does not show
*** SUMMARY ***
Total pot 7100.00
Seat 1: lipesticky folded on the Pre-Flop and did not bet
Seat 2: Despretensioso folded on the Pre-Flop and did not bet
Seat 3: D.Babahhh folded on the Pre-Flop and did not bet
Seat 4: ronaldinhoo folded on the Pre-Flop and did not bet
Seat 5: Zbyka13 did not show and won 7100.00
Seat 7: RonoroaZoro (small blind) folded on the Pre-Flop
Seat 8: Prez Status (big blind) folded on the Pre-Flop

Game Hand #2018447654 - Tournament #31146450 - Holdem (No Limit) - Level 4 (1000.00/2000.00)- 2024/02/05 17:06:47 UTC
Table '6' 8-max Seat #7 is the button
Seat 1: lipesticky (108595.00)
Seat 2: Despretensioso (102950.00)
Seat 3: D.Babahhh (176010.00)
Seat 4: ronaldinhoo (133915.00)
Seat 5: Zbyka13 (122104.00)
Seat 6: PutoYugi (100000.00)
Seat 7: RonoroaZoro (302584.00)
Seat 8: Prez Status (77750.00)
lipesticky posts ante 300.00
Despretensioso posts ante 300.00
D.Babahhh posts ante 300.00
ronaldinhoo posts ante 300.00
Zbyka13 posts ante 300.00
PutoYugi posts ante 300.00
RonoroaZoro posts ante 300.00
Prez Status posts ante 300.00
Prez Status posts the small blind 1000.00
lipesticky posts the big blind 2000.00
*** HOLE CARDS ***
Main pot 2400.00
Dealt to lipesticky [5d Js]
Despretensioso raises 4000.00 to 4000.00
D.Babahhh folds
ronaldinhoo folds
Zbyka13 calls 4000.00
PutoYugi folds
RonoroaZoro folds
Prez Status calls 3000.00
lipesticky folds
*** FLOP *** [7h 8d 3c]
Main pot 16400.00
Prez Status checks
Despretensioso checks
Zbyka13 checks
*** TURN *** [7h 8d 3c] [5h]
Main pot 16400.00
Prez Status bets 8000.00
Despretensioso folds
Zbyka13 folds
Uncalled bet (8000.00) returned to Prez Status
Prez Status does not show
*** SUMMARY ***
Total pot 16400.00
Board [7h 8d 3c 5h]
Seat 1: lipesticky (big blind) folded on the Pre-Flop
Seat 2: Despretensioso folded on the Turn
Seat 3: D.Babahhh folded on the Pre-Flop and did not bet
Seat 4: ronaldinhoo folded on the Pre-Flop and did not bet
Seat 5: Zbyka13 folded on the Turn
Seat 6: PutoYugi folded on the Pre-Flop and did not bet
Seat 7: RonoroaZoro (button) folded on the Pre-Flop
Seat 8: Prez Status did not show and won 16400.00

Game Hand #2018449250 - Tournament #31146450 - Holdem (No Limit) - Level 4 (1000.00/2000.00)- 2024/02/05 17:08:44 UTC
Table '6' 8-max Seat #8 is the button
Seat 1: lipesticky (106295.00)
Seat 2: Despretensioso (98650.00)
Seat 3: D.Babahhh (175710.00)
Seat 4: ronaldinhoo (133615.00)
Seat 5: Zbyka13 (117804.00)
Seat 6: PutoYugi (99700.00)
Seat 7: RonoroaZoro (302284.00)
Seat 8: Prez Status (89850.00)
lipesticky posts ante 300.00
Despretensioso posts ante 300.00
D.Babahhh posts ante 300.00
ronaldinhoo posts ante 300.00
Zbyka13 posts ante 300.00
PutoYugi posts ante 300.00
RonoroaZoro posts ante 300.00
Prez Status posts ante 300.00
lipesticky posts the small blind 1000.00
Despretensioso posts the big blind 2000.00
*** HOLE CARDS ***
Main pot 2400.00
Dealt to lipesticky [4d Kc]
D.Babahhh folds
ronaldinhoo raises 4000.00 to 4000.00
Zbyka13 raises 13000.00 to 13000.00
PutoYugi folds
RonoroaZoro folds
Prez Status folds
lipesticky folds
Despretensioso folds
ronaldinhoo calls 9000.00
*** FLOP *** [7c 8c 4c]
Main pot 31400.00
ronaldinhoo checks
Zbyka13 bets 9850.00
ronaldinhoo calls 9850.00
*** TURN *** [7c 8c 4c] [Qc]
Main pot 51100.00
ronaldinhoo checks
Zbyka13 checks
*** RIVER *** [7c 8c 4c Qc] [6h]
Main pot 51100.00
ronaldinhoo bets 35770.00
Zbyka13 raises 94654.00 to 94654.00 and is all-in
ronaldinhoo folds
Uncalled bet (58884.00) returned to Zbyka13
Zbyka13 does not show
*** SUMMARY ***
Total pot 122640.00
Board [7c 8c 4c Qc 6h]
Seat 1: lipesticky (small blind) folded on the Pre-Flop
Seat 2: Despretensioso (big blind) folded on the Pre-Flop
Seat 3: D.Babahhh folded on the Pre-Flop and did not bet
Seat 4: ronaldinhoo folded on the River
Seat 5: Zbyka13 did not show and won 122640.00
Seat 6: PutoYugi folded on the Pre-Flop and did not bet
Seat 7: RonoroaZoro folded on the Pre-Flop and did not bet
Seat 8: Prez Status (button) folded on the Pre-Flop

Game Hand #2018450936 - Tournament #31146450 - Holdem (No Limit) - Level 4 (1000.00/2000.00)- 2024/02/05 17:10:41 UTC
Table '6' 8-max Seat #1 is the button
Seat 1: lipesticky (104995.00)
Seat 2: Despretensioso (96350.00)
Seat 3: D.Babahhh (175410.00)
Seat 4: ronaldinhoo (74695.00)
Seat 5: Zbyka13 (181524.00)
Seat 6: PutoYugi (99400.00)
Seat 7: RonoroaZoro (301984.00)
Seat 8: Prez Status (89550.00)
lipesticky posts ante 300.00
Despretensioso posts ante 300.00
D.Babahhh posts ante 300.00
ronaldinhoo posts ante 300.00
Zbyka13 posts ante 300.00
PutoYugi posts ante 300.00
RonoroaZoro posts ante 300.00
Prez Status posts ante 300.00
Despretensioso posts the small blind 1000.00
D.Babahhh posts the big blind 2000.00
*** HOLE CARDS ***
Main pot 2400.00
Dealt to lipesticky [4s 2c]
ronaldinhoo folds
Zbyka13 folds
PutoYugi folds
RonoroaZoro raises 4200.00 to 4200.00
Prez Status calls 4200.00
lipesticky folds
Despretensioso folds
D.Babahhh raises 17000.00 to 19000.00
RonoroaZoro folds
Prez Status raises 35800.00 to 40000.00
D.Babahhh raises 156110.00 to 175110.00 and is all-in
Prez Status calls 49250.00 and is all-in
Uncalled bet (85860.00) returned to D.Babahhh
*** FLOP *** [5s As 5h]
Main pot 186100.00
*** TURN *** [5s As 5h] [6h]
Main pot 186100.00
*** RIVER *** [5s As 5h 6h] [Ah]
Main pot 186100.00
*** SHOW DOWN ***
Main pot 186100.00
D.Babahhh shows [Ad Qd] (a full house, Aces full of Fives [As Ah Ad 5s 5h])
Prez Status shows [9c 9h] (two pair, Aces and Nines [As Ah 9h 9c 6h])
D.Babahhh collected 186100.00 from main pot
*** SUMMARY ***
Total pot 186100.00
Board [5s As 5h 6h Ah]
Seat 1: lipesticky (button) folded on the Pre-Flop
Seat 2: Despretensioso (small blind) folded on the Pre-Flop
Seat 3: D.Babahhh (big blind) showed [Ad Qd] and won 186100.00 with a full house, Aces full of Fives [As Ah Ad 5s 5h]
Seat 4: ronaldinhoo folded on the Pre-Flop and did not bet
Seat 5: Zbyka13 folded on the Pre-Flop and did not bet
Seat 6: PutoYugi folded on the Pre-Flop and did not bet
Seat 7: RonoroaZoro folded on the Pre-Flop and did not bet
Seat 8: Prez Status showed [9c 9h] and lost with two pair, Aces and Nines [As Ah 9h 9c 6h]

Game Hand #2018451807 - Tournament #31146450 - Holdem (No Limit) - Level 5 (1250.00/2500.00)- 2024/02/05 17:11:40 UTC
Table '6' 8-max Seat #2 is the button
Seat 1: lipesticky (104695.00)
Seat 2: Despretensioso (95050.00)
Seat 3: D.Babahhh (271960.00)
Seat 4: ronaldinhoo (74395.00)
Seat 5: Zbyka13 (181224.00)
Seat 6: PutoYugi (99100.00)
Seat 7: RonoroaZoro (297484.00)
lipesticky posts ante 350.00
Despretensioso posts ante 350.00
D.Babahhh posts ante 350.00
ronaldinhoo posts ante 350.00
Zbyka13 posts ante 350.00
PutoYugi posts ante 350.00
RonoroaZoro posts ante 350.00
D.Babahhh posts the small blind 1250.00
ronaldinhoo posts the big blind 2500.00
*** HOLE CARDS ***
Main pot 2450.00
Dealt to lipesticky [Js 6s]
Zbyka13 folds
PutoYugi raises 5250.00 to 5250.00
RonoroaZoro folds
lipesticky folds
Despretensioso folds
D.Babahhh folds
ronaldinhoo calls 2750.00
*** FLOP *** [Jh 5c 9d]
Main pot 14200.00
ronaldinhoo checks
PutoYugi bets 7000.00
ronaldinhoo folds
Uncalled bet (7000.00) returned to PutoYugi
PutoYugi does not show
*** SUMMARY ***
Total pot 14200.00
Board [Jh 5c 9d]
Seat 1: lipesticky folded on the Pre-Flop and did not bet
Seat 2: Despretensioso (button) folded on the Pre-Flop
Seat 3: D.Babahhh (small blind) folded on the Pre-Flop
Seat 4: ronaldinhoo (big blind) folded on the Flop
Seat 5: Zbyka13 folded on the Pre-Flop and did not bet
Seat 6: PutoYugi did not show and won 14200.00
Seat 7: RonoroaZoro folded on the Pre-Flop and did not bet

Game Hand #2018453003 - Tournament #31146450 - Holdem (No Limit) - Level 5 (1250.00/2500.00)- 2024/02/05 17:12:59 UTC
Table '6' 8-max Seat #3 is the button
Seat 1: lipesticky (104345.00)
Seat 2: Despretensioso (94700.00)
Seat 3: D.Babahhh (270360.00)
Seat 4: ronaldinhoo (68795.00)
Seat 5: Zbyka13 (180874.00)
Seat 6: PutoYugi (107700.00)
Seat 7: RonoroaZoro (297134.00)
Seat 8: Darki9 (100000.00)
lipesticky posts ante 350.00
Despretensioso posts ante 350.00
D.Babahhh posts ante 350.00
ronaldinhoo posts ante 350.00
Zbyka13 posts ante 350.00
PutoYugi posts ante 350.00
RonoroaZoro posts ante 350.00
Darki9 posts ante 350.00
ronaldinhoo posts the small blind 1250.00
Zbyka13 posts the big blind 2500.00
*** HOLE CARDS ***
Main pot 2800.00
Dealt to lipesticky [Jd 6h]
PutoYugi folds
RonoroaZoro folds
Darki9 raises 5000.00 to 5000.00
lipesticky folds
Despretensioso folds
D.Babahhh folds
ronaldinhoo folds
Zbyka13 calls 2500.00
*** FLOP *** [As Kh 7s]
Main pot 14050.00
Zbyka13 checks
Darki9 checks
*** TURN *** [As Kh 7s] [8c]
Main pot 14050.00
Zbyka13 bets 7025.00
Darki9 calls 7025.00
*** RIVER *** [As Kh 7s 8c] [6s]
Main pot 28100.00
Zbyka13 checks
Darki9 checks
*** SHOW DOWN ***
Main pot 28100.00
Zbyka13 shows [Qh 9h] (a high card, Ace high [As Kh Qh 9h 8c])
Darki9 shows [Qs Qd] (a pair of Queens [Qs Qd As Kh 8c])
Darki9 collected 28100.00 from main pot
*** SUMMARY ***
Total pot 28100.00
Board [As Kh 7s 8c 6s]
Seat 1: lipesticky folded on the Pre-Flop and did not bet
Seat 2: Despretensioso folded on the Pre-Flop and did not bet
Seat 3: D.Babahhh (button) folded on the Pre-Flop
Seat 4: ronaldinhoo (small blind) folded on the Pre-Flop
Seat 5: Zbyka13 (big blind) showed [Qh 9h] and lost with a high card, Ace high [As Kh Qh 9h 8c]
Seat 6: PutoYugi folded on the Pre-Flop and did not bet
Seat 7: RonoroaZoro folded on the Pre-Flop and did not bet
Seat 8: Darki9 showed [Qs Qd] and won 28100.00 with a pair of Queens [Qs Qd As Kh 8c]

Game Hand #2018454101 - Tournament #31146450 - Holdem (No Limit) - Level 5 (1250.00/2500.00)- 2024/02/05 17:14:12 UTC
Table '6' 8-max Seat #4 is the button
Seat 1: lipesticky (103995.00)
Seat 2: Despretensioso (94350.00)
Seat 3: D.Babahhh (270010.00)
Seat 4: ronaldinhoo (67195.00)
Seat 5: Zbyka13 (168499.00)
Seat 6: PutoYugi (107350.00)
Seat 7: RonoroaZoro (296784.00)
Seat 8: Darki9 (115725.00)
lipesticky posts ante 350.00
Despretensioso posts ante 350.00
D.Babahhh posts ante 350.00
ronaldinhoo posts ante 350.00
Zbyka13 posts ante 350.00
PutoYugi posts ante 350.00
RonoroaZoro posts ante 350.00
Darki9 posts ante 350.00
Zbyka13 posts the small blind 1250.00
PutoYugi posts the big blind 2500.00
*** HOLE CARDS ***
Main pot 2800.00
Dealt to lipesticky [8c Qc]
RonoroaZoro folds
Darki9 folds
lipesticky raises 5250.00 to 5250.00
Despretensioso folds
D.Babahhh folds
ronaldinhoo calls 5250.00
Zbyka13 raises 22500.00 to 23750.00
PutoYugi folds
lipesticky folds
ronaldinhoo folds
Uncalled bet (18500.00) returned to Zbyka13
Zbyka13 does not show
*** SUMMARY ***
Total pot 21050.00
Seat 1: lipesticky folded on the Pre-Flop and did not bet
Seat 2: Despretensioso folded on the Pre-Flop and did not bet
Seat 3: D.Babahhh folded on the Pre-Flop and did not bet
Seat 4: ronaldinhoo (button) folded on the Pre-Flop
Seat 5: Zbyka13 did not show and won 21050.00
Seat 6: PutoYugi (big blind) folded on the Pre-Flop
Seat 7: RonoroaZoro folded on the Pre-Flop and did not bet
Seat 8: Darki9 folded on the Pre-Flop and did not bet

Game Hand #2018488289 - Tournament #31146450 - Holdem (No Limit) - Level 8 (2000.00/4000.00)- 2024/02/05 17:52:02 UTC
Table '43' 8-max Seat #7 is the button
Seat 1: Matthewmaticas (171728.00)
Seat 2: CallejeroFi333 (99400.00)
Seat 3: xibatinha (195286.00)
Seat 4: lipesticky (136045.00)
Seat 5: PIESnaStacki (61115.00)
Seat 6: Baltrozzz (167888.00)
Seat 7: BerleBeats (143260.00)
Seat 8: GAME_BLOUSES (93385.00)
Matthewmaticas posts ante 600.00
CallejeroFi333 posts ante 600.00
xibatinha posts ante 600.00
lipesticky posts ante 600.00
PIESnaStacki posts ante 600.00
Baltrozzz posts ante 600.00
BerleBeats posts ante 600.00
GAME_BLOUSES posts ante 600.00
GAME_BLOUSES posts the small blind 2000.00
Matthewmaticas posts the big blind 4000.00
*** HOLE CARDS ***
Main pot 4800.00
Dealt to lipesticky [2s Jh]
CallejeroFi333 folds
xibatinha raises 8000.00 to 8000.00
lipesticky folds
PIESnaStacki folds
Baltrozzz calls 8000.00
BerleBeats folds
GAME_BLOUSES folds
Matthewmaticas folds
*** FLOP *** [Th 8c Kc]
Main pot 26800.00
xibatinha checks
Baltrozzz bets 8844.00
xibatinha calls 8844.00
*** TURN *** [Th 8c Kc] [5c]
Main pot 44488.00
xibatinha checks
Baltrozzz checks
*** RIVER *** [Th 8c Kc 5c] [4s]
Main pot 44488.00
xibatinha checks
Baltrozzz checks
*** SHOW DOWN ***
Main pot 44488.00
xibatinha shows [Tc Qs] (a pair of Tens [Th Tc Kc Qs 8c])
Baltrozzz shows [6d 6c] (a pair of Sixs [6d 6c Kc Th 8c])
xibatinha collected 44488.00 from main pot
*** SUMMARY ***
Total pot 44488.00
Board [Th 8c Kc 5c 4s]
Seat 1: Matthewmaticas (big blind) folded on the Pre-Flop
Seat 2: CallejeroFi333 folded on the Pre-Flop and did not bet
Seat 3: xibatinha showed [Tc Qs] and won 44488.00 with a pair of Tens [Th Tc Kc Qs 8c]
Seat 4: lipesticky folded on the Pre-Flop and did not bet
Seat 5: PIESnaStacki folded on the Pre-Flop and did not bet
Seat 6: Baltrozzz showed [6d 6c] and lost with a pair of Sixs [6d 6c Kc Th 8c]
Seat 7: BerleBeats (button) folded on the Pre-Flop
Seat 8: GAME_BLOUSES (small blind) folded on the Pre-Flop

Game Hand #2018490123 - Tournament #31146450 - Holdem (No Limit) - Level 8 (2000.00/4000.00)- 2024/02/05 17:54:04 UTC
Table '6' 8-max Seat #7 is the button
Seat 1: Baltrozzz will be allowed to play after the button
Seat 2: LarryDavidBowie (93600.00)
Seat 3: D.Babahhh (543772.00)
Seat 4: BichoDaGoiaba (571735.00)
Seat 5: lipesticky (135445.00)
Seat 6: PutoYugi (93746.00)
Seat 7: maurojc2206 (229020.00)
Seat 8: cloud89 will be allowed to play after the button
LarryDavidBowie posts ante 600.00
D.Babahhh posts ante 600.00
BichoDaGoiaba posts ante 600.00
lipesticky posts ante 600.00
PutoYugi posts ante 600.00
maurojc2206 posts ante 600.00
LarryDavidBowie posts the small blind 2000.00
D.Babahhh posts the big blind 4000.00
*** HOLE CARDS ***
Main pot 3600.00
Dealt to lipesticky [7c 8h]
BichoDaGoiaba raises 8000.00 to 8000.00
lipesticky folds
PutoYugi folds
maurojc2206 folds
LarryDavidBowie raises 91000.00 to 93000.00 and is all-in
D.Babahhh folds
BichoDaGoiaba calls 85000.00
*** FLOP *** [Js 3d 2s]
Main pot 193600.00
*** TURN *** [Js 3d 2s] [9c]
Main pot 193600.00
*** RIVER *** [Js 3d 2s 9c] [5s]
Main pot 193600.00
*** SHOW DOWN ***
Main pot 193600.00
LarryDavidBowie shows [Kh As] (a high card, Ace high [As Kh Js 9c 5s])
BichoDaGoiaba shows [Qh Qc] (a pair of Queens [Qh Qc Js 9c 5s])
BichoDaGoiaba collected 193600.00 from main pot
*** SUMMARY ***
Total pot 193600.00
Board [Js 3d 2s 9c 5s]
Seat 2: LarryDavidBowie (small blind) showed [Kh As] and lost with a high card, Ace high [As Kh Js 9c 5s]
Seat 3: D.Babahhh (big blind) folded on the Pre-Flop
Seat 4: BichoDaGoiaba showed [Qh Qc] and won 193600.00 with a pair of Queens [Qh Qc Js 9c 5s]
Seat 5: lipesticky folded on the Pre-Flop and did not bet
Seat 6: PutoYugi folded on the Pre-Flop and did not bet
Seat 7: maurojc2206 (button) folded on the Pre-Flop

Game Hand #2018490721 - Tournament #31146450 - Holdem (No Limit) - Level 8 (2000.00/4000.00)- 2024/02/05 17:54:44 UTC
Table '6' 8-max Seat #2 is the button
Seat 1: Baltrozzz (150444.00)
Seat 3: D.Babahhh (539172.00)
Seat 4: BichoDaGoiaba (671735.00)
Seat 5: lipesticky (134845.00)
Seat 6: PutoYugi (93146.00)
Seat 7: maurojc2206 (228420.00)
Seat 8: cloud89 (100000.00)
Baltrozzz posts ante 600.00
D.Babahhh posts ante 600.00
BichoDaGoiaba posts ante 600.00
lipesticky posts ante 600.00
PutoYugi posts ante 600.00
maurojc2206 posts ante 600.00
cloud89 posts ante 600.00
D.Babahhh posts the small blind 2000.00
BichoDaGoiaba posts the big blind 4000.00
*** HOLE CARDS ***
Main pot 4200.00
Dealt to lipesticky [Ac 5c]
lipesticky raises 8400.00 to 8400.00
PutoYugi calls 8400.00
maurojc2206 folds
cloud89 folds
Baltrozzz folds
D.Babahhh folds
BichoDaGoiaba raises 28800.00 to 32800.00
lipesticky folds
PutoYugi folds
Uncalled bet (24400.00) returned to BichoDaGoiaba
BichoDaGoiaba does not show
*** SUMMARY ***
Total pot 31400.00
Seat 1: Baltrozzz folded on the Pre-Flop and did not bet
Seat 3: D.Babahhh (small blind) folded on the Pre-Flop
Seat 4: BichoDaGoiaba did not show and won 31400.00
Seat 5: lipesticky folded on the Pre-Flop and did not bet
Seat 6: PutoYugi folded on the Pre-Flop and did not bet
Seat 7: maurojc2206 folded on the Pre-Flop and did not bet
Seat 8: cloud89 folded on the Pre-Flop and did not bet

Game Hand #2018493408 - Tournament #31146450 - Holdem (No Limit) - Level 8 (2000.00/4000.00)- 2024/02/05 18:01:25 UTC
Table '6' 8-max Seat #3 is the button
Seat 1: Baltrozzz (149844.00)
Seat 3: D.Babahhh (536572.00)
Seat 4: BichoDaGoiaba (694135.00)
Seat 5: lipesticky (125845.00)
Seat 6: PutoYugi (84146.00)
Seat 7: maurojc2206 (227820.00)
Seat 8: cloud89 (99400.00)
Baltrozzz posts ante 600.00
D.Babahhh posts ante 600.00
BichoDaGoiaba posts ante 600.00
lipesticky posts ante 600.00
PutoYugi posts ante 600.00
maurojc2206 posts ante 600.00
cloud89 posts ante 600.00
BichoDaGoiaba posts the small blind 2000.00
lipesticky posts the big blind 4000.00
*** HOLE CARDS ***
Main pot 4200.00
Dealt to lipesticky [4d Tc]
PutoYugi folds
maurojc2206 folds
cloud89 folds
Baltrozzz raises 8000.00 to 8000.00
D.Babahhh folds
BichoDaGoiaba folds
lipesticky folds
Uncalled bet (4000.00) returned to Baltrozzz
Baltrozzz does not show
*** SUMMARY ***
Total pot 14200.00
Seat 1: Baltrozzz did not show and won 14200.00
Seat 3: D.Babahhh (button) folded on the Pre-Flop
Seat 4: BichoDaGoiaba (small blind) folded on the Pre-Flop
Seat 5: lipesticky (big blind) folded on the Pre-Flop
Seat 6: PutoYugi folded on the Pre-Flop and did not bet
Seat 7: maurojc2206 folded on the Pre-Flop and did not bet
Seat 8: cloud89 folded on the Pre-Flop and did not bet

Game Hand #2018494059 - Tournament #31146450 - Holdem (No Limit) - Level 8 (2000.00/4000.00)- 2024/02/05 18:02:19 UTC
Table '6' 8-max Seat #4 is the button
Seat 1: Baltrozzz (159444.00)
Seat 2: xBERNx (100000.00)
Seat 3: D.Babahhh (535972.00)
Seat 4: BichoDaGoiaba (691535.00)
Seat 5: lipesticky (121245.00)
Seat 6: PutoYugi (83546.00)
Seat 7: maurojc2206 (227220.00)
Seat 8: cloud89 (98800.00)
Baltrozzz posts ante 600.00
xBERNx posts ante 600.00
D.Babahhh posts ante 600.00
BichoDaGoiaba posts ante 600.00
lipesticky posts ante 600.00
PutoYugi posts ante 600.00
maurojc2206 posts ante 600.00
cloud89 posts ante 600.00
lipesticky posts the small blind 2000.00
PutoYugi posts the big blind 4000.00
*** HOLE CARDS ***
Main pot 4800.00
Dealt to lipesticky [9h Ac]
maurojc2206 folds
cloud89 folds
Baltrozzz folds
xBERNx folds
D.Babahhh folds
BichoDaGoiaba folds
lipesticky raises 118645.00 to 120645.00 and is all-in
PutoYugi folds
Uncalled bet (116645.00) returned to lipesticky
lipesticky does not show
*** SUMMARY ***
Total pot 12800.00
Seat 1: Baltrozzz folded on the Pre-Flop and did not bet
Seat 2: xBERNx folded on the Pre-Flop and did not bet
Seat 3: D.Babahhh folded on the Pre-Flop and did not bet
Seat 4: BichoDaGoiaba (button) folded on the Pre-Flop
Seat 5: lipesticky did not show and won 12800.00
Seat 6: PutoYugi (big blind) folded on the Pre-Flop
Seat 7: maurojc2206 folded on the Pre-Flop and did not bet
Seat 8: cloud89 folded on the Pre-Flop and did not bet

Game Hand #2018495400 - Tournament #31146450 - Holdem (No Limit) - Level 8 (2000.00/4000.00)- 2024/02/05 18:03:56 UTC
Table '6' 8-max Seat #5 is the button
Seat 1: Baltrozzz (158844.00)
Seat 2: xBERNx (99400.00)
Seat 3: D.Babahhh (535372.00)
Seat 4: BichoDaGoiaba (690935.00)
Seat 5: lipesticky (129445.00)
Seat 6: PutoYugi (78946.00)
Seat 7: maurojc2206 (226620.00)
Seat 8: cloud89 (98200.00)
Baltrozzz posts ante 600.00
xBERNx posts ante 600.00
D.Babahhh posts ante 600.00
BichoDaGoiaba posts ante 600.00
lipesticky posts ante 600.00
PutoYugi posts ante 600.00
maurojc2206 posts ante 600.00
cloud89 posts ante 600.00
PutoYugi posts the small blind 2000.00
maurojc2206 posts the big blind 4000.00
*** HOLE CARDS ***
Main pot 4800.00
Dealt to lipesticky [3h 3c]
cloud89 folds
Baltrozzz folds
xBERNx raises 8800.00 to 8800.00
D.Babahhh folds
BichoDaGoiaba calls 8800.00
lipesticky calls 8800.00
PutoYugi folds
maurojc2206 folds
*** FLOP *** [8h 2s 3s]
Main pot 37200.00
xBERNx checks
BichoDaGoiaba bets 12276.00
lipesticky calls 12276.00
xBERNx folds
*** TURN *** [8h 2s 3s] [Jc]
Main pot 61752.00
BichoDaGoiaba checks
lipesticky bets 20378.00
BichoDaGoiaba folds
Uncalled bet (20378.00) returned to lipesticky
lipesticky does not show
*** SUMMARY ***
Total pot 61752.00
Board [8h 2s 3s Jc]
Seat 1: Baltrozzz folded on the Pre-Flop and did not bet
Seat 2: xBERNx folded on the Flop
Seat 3: D.Babahhh folded on the Pre-Flop and did not bet
Seat 4: BichoDaGoiaba folded on the Turn
Seat 5: lipesticky did not show and won 61752.00
Seat 6: PutoYugi (small blind) folded on the Pre-Flop
Seat 7: maurojc2206 (big blind) folded on the Pre-Flop
Seat 8: cloud89 folded on the Pre-Flop and did not bet

Game Hand #2018497118 - Tournament #31146450 - Holdem (No Limit) - Level 8 (2000.00/4000.00)- 2024/02/05 18:05:55 UTC
Table '6' 8-max Seat #6 is the button
Seat 1: Baltrozzz (158244.00)
Seat 2: xBERNx (90000.00)
Seat 3: D.Babahhh (534772.00)
Seat 4: BichoDaGoiaba (669259.00)
Seat 5: lipesticky (169521.00)
Seat 6: PutoYugi (76346.00)
Seat 7: maurojc2206 (222020.00)
Seat 8: cloud89 (97600.00)
Baltrozzz posts ante 600.00
xBERNx posts ante 600.00
D.Babahhh posts ante 600.00
BichoDaGoiaba posts ante 600.00
lipesticky posts ante 600.00
PutoYugi posts ante 600.00
maurojc2206 posts ante 600.00
cloud89 posts ante 600.00
maurojc2206 posts the small blind 2000.00
cloud89 posts the big blind 4000.00
*** HOLE CARDS ***
Main pot 4800.00
Dealt to lipesticky [3c 6d]
Baltrozzz raises 8000.00 to 8000.00
xBERNx folds
D.Babahhh folds
BichoDaGoiaba folds
lipesticky folds
PutoYugi raises 75746.00 to 75746.00 and is all-in
maurojc2206 folds
cloud89 folds
Baltrozzz folds
Uncalled bet (67746.00) returned to PutoYugi
PutoYugi does not show
*** SUMMARY ***
Total pot 26800.00
Seat 1: Baltrozzz folded on the Pre-Flop and did not bet
Seat 2: xBERNx folded on the Pre-Flop and did not bet
Seat 3: D.Babahhh folded on the Pre-Flop and did not bet
Seat 4: BichoDaGoiaba folded on the Pre-Flop and did not bet
Seat 5: lipesticky folded on the Pre-Flop and did not bet
Seat 6: PutoYugi did not show and won 26800.00
Seat 7: maurojc2206 (small blind) folded on the Pre-Flop
Seat 8: cloud89 (big blind) folded on the Pre-Flop

Game Hand #2018497741 - Tournament #31146450 - Holdem (No Limit) - Level 9 (2500.00/5000.00)- 2024/02/05 18:06:38 UTC
Table '6' 8-max Seat #7 is the button
Seat 1: Baltrozzz (149644.00)
Seat 2: xBERNx (89400.00)
Seat 3: D.Babahhh (534172.00)
Seat 4: BichoDaGoiaba (668659.00)
Seat 5: lipesticky (168921.00)
Seat 6: PutoYugi (94546.00)
Seat 7: maurojc2206 (219420.00)
Seat 8: cloud89 (93000.00)
Baltrozzz posts ante 750.00
xBERNx posts ante 750.00
D.Babahhh posts ante 750.00
BichoDaGoiaba posts ante 750.00
lipesticky posts ante 750.00
PutoYugi posts ante 750.00
maurojc2206 posts ante 750.00
cloud89 posts ante 750.00
cloud89 posts the small blind 2500.00
Baltrozzz posts the big blind 5000.00
*** HOLE CARDS ***
Main pot 6000.00
Dealt to lipesticky [9h 2s]
xBERNx folds
D.Babahhh folds
BichoDaGoiaba folds
lipesticky folds
PutoYugi folds
maurojc2206 folds
cloud89 calls 2500.00
Baltrozzz raises 9000.00 to 14000.00
cloud89 calls 9000.00
*** FLOP *** [Qd Kh 6d]
Main pot 34000.00
cloud89 checks
Baltrozzz bets 8500.00
cloud89 calls 8500.00
*** TURN *** [Qd Kh 6d] [5d]
Main pot 51000.00
cloud89 bets 69750.00 and is all-in
Baltrozzz folds
Uncalled bet (69750.00) returned to cloud89
cloud89 does not show
*** SUMMARY ***
Total pot 51000.00
Board [Qd Kh 6d 5d]
Seat 1: Baltrozzz (big blind) folded on the Turn
Seat 2: xBERNx folded on the Pre-Flop and did not bet
Seat 3: D.Babahhh folded on the Pre-Flop and did not bet
Seat 4: BichoDaGoiaba folded on the Pre-Flop and did not bet
Seat 5: lipesticky folded on the Pre-Flop and did not bet
Seat 6: PutoYugi folded on the Pre-Flop and did not bet
Seat 7: maurojc2206 (button) folded on the Pre-Flop
Seat 8: cloud89 did not show and won 51000.00

Game Hand #2018499378 - Tournament #31146450 - Holdem (No Limit) - Level 9 (2500.00/5000.00)- 2024/02/05 18:08:29 UTC
Table '6' 8-max Seat #8 is the button
Seat 1: Baltrozzz (126394.00)
Seat 2: xBERNx (88650.00)
Seat 3: D.Babahhh (533422.00)
Seat 4: BichoDaGoiaba (667909.00)
Seat 5: lipesticky (168171.00)
Seat 6: PutoYugi (93796.00)
Seat 7: maurojc2206 (218670.00)
Seat 8: cloud89 (120750.00)
Baltrozzz posts ante 750.00
xBERNx posts ante 750.00
D.Babahhh posts ante 750.00
BichoDaGoiaba posts ante 750.00
lipesticky posts ante 750.00
PutoYugi posts ante 750.00
maurojc2206 posts ante 750.00
cloud89 posts ante 750.00
Baltrozzz posts the small blind 2500.00
xBERNx posts the big blind 5000.00
*** HOLE CARDS ***
Main pot 6000.00
Dealt to lipesticky [Qh Td]
D.Babahhh raises 10000.00 to 10000.00
BichoDaGoiaba folds
lipesticky folds
PutoYugi folds
maurojc2206 folds
cloud89 calls 10000.00
Baltrozzz folds
xBERNx folds
*** FLOP *** [4c Kd 8h]
Main pot 33500.00
D.Babahhh checks
cloud89 checks
*** TURN *** [4c Kd 8h] [Qd]
Main pot 33500.00
D.Babahhh checks
cloud89 bets 16750.00
D.Babahhh calls 16750.00
*** RIVER *** [4c Kd 8h Qd] [Ah]
Main pot 67000.00
D.Babahhh checks
cloud89 bets 28500.00
D.Babahhh calls 28500.00
*** SHOW DOWN ***
Main pot 124000.00
D.Babahhh shows [Ad 5d] (a pair of Aces [Ah Ad Kd Qd 8h])
cloud89 shows [Qs Kc] (two pair, Kings and Queens [Kd Kc Qs Qd Ah])
cloud89 collected 124000.00 from main pot
*** SUMMARY ***
Total pot 124000.00
Board [4c Kd 8h Qd Ah]
Seat 1: Baltrozzz (small blind) folded on the Pre-Flop
Seat 2: xBERNx (big blind) folded on the Pre-Flop
Seat 3: D.Babahhh showed [Ad 5d] and lost with a pair of Aces [Ah Ad Kd Qd 8h]
Seat 4: BichoDaGoiaba folded on the Pre-Flop and did not bet
Seat 5: lipesticky folded on the Pre-Flop and did not bet
Seat 6: PutoYugi folded on the Pre-Flop and did not bet
Seat 7: maurojc2206 folded on the Pre-Flop and did not bet
Seat 8: cloud89 (button) showed [Qs Kc] and won 124000.00 with two pair, Kings and Queens [Kd Kc Qs Qd Ah]

Game Hand #2018500854 - Tournament #31146450 - Holdem (No Limit) - Level 9 (2500.00/5000.00)- 2024/02/05 18:10:10 UTC
Table '6' 8-max Seat #1 is the button
Seat 1: Baltrozzz (123144.00)
Seat 2: xBERNx (82900.00)
Seat 5: lipesticky (167421.00)
Seat 8: cloud89 (188750.00)
Baltrozzz posts ante 750.00
xBERNx posts ante 750.00
lipesticky posts ante 750.00
cloud89 posts ante 750.00
xBERNx posts the small blind 2500.00
lipesticky posts the big blind 5000.00
*** HOLE CARDS ***
Main pot 3000.00
Dealt to lipesticky [2h Td]
cloud89 folds
Baltrozzz folds
xBERNx folds
lipesticky does not show
*** SUMMARY ***
Total pot 10500.00
Seat 1: Baltrozzz (button) folded on the Pre-Flop
Seat 2: xBERNx (small blind) folded on the Pre-Flop
Seat 5: lipesticky did not show and won 10500.00
Seat 8: cloud89 folded on the Pre-Flop and did not bet

Game Hand #2018501075 - Tournament #31146450 - Holdem (No Limit) - Level 9 (2500.00/5000.00)- 2024/02/05 18:10:26 UTC
Table '6' 8-max Seat #2 is the button
Seat 1: Baltrozzz (122394.00)
Seat 2: xBERNx (79650.00)
Seat 3: LFMC027 will be allowed to play after the button
Seat 4: BreatheDeeper will be allowed to play after the button
Seat 5: lipesticky (172171.00)
Seat 6: veerich313 (129800.00)
Seat 8: cloud89 (188000.00)
Baltrozzz posts ante 750.00
xBERNx posts ante 750.00
lipesticky posts ante 750.00
veerich313 posts ante 750.00
cloud89 posts ante 750.00
lipesticky posts the small blind 2500.00
veerich313 posts the big blind 5000.00
*** HOLE CARDS ***
Main pot 3750.00
Dealt to lipesticky [9s Ts]
cloud89 folds
Baltrozzz raises 10000.00 to 10000.00
xBERNx raises 78900.00 to 78900.00 and is all-in
lipesticky folds
veerich313 folds
Baltrozzz folds
Uncalled bet (68900.00) returned to xBERNx
xBERNx does not show
*** SUMMARY ***
Total pot 31250.00
Seat 1: Baltrozzz folded on the Pre-Flop and did not bet
Seat 2: xBERNx did not show and won 31250.00
Seat 5: lipesticky (small blind) folded on the Pre-Flop
Seat 6: veerich313 (big blind) folded on the Pre-Flop
Seat 8: cloud89 folded on the Pre-Flop and did not bet

Game Hand #2018501806 - Tournament #31146450 - Holdem (No Limit) - Level 9 (2500.00/5000.00)- 2024/02/05 18:11:13 UTC
Table '6' 8-max Seat #5 is the button
Seat 1: Baltrozzz (111644.00)
Seat 2: xBERNx (100150.00)
Seat 3: LFMC027 (173510.00)
Seat 4: BreatheDeeper (278702.00)
Seat 5: lipesticky (168921.00)
Seat 6: veerich313 (124050.00)
Seat 8: cloud89 (187250.00)
Baltrozzz posts ante 750.00
xBERNx posts ante 750.00
LFMC027 posts ante 750.00
BreatheDeeper posts ante 750.00
lipesticky posts ante 750.00
veerich313 posts ante 750.00
cloud89 posts ante 750.00
veerich313 posts the small blind 2500.00
cloud89 posts the big blind 5000.00
*** HOLE CARDS ***
Main pot 5250.00
Dealt to lipesticky [Qc 9d]
Baltrozzz folds
xBERNx folds
LFMC027 folds
BreatheDeeper raises 10500.00 to 10500.00
lipesticky folds
veerich313 calls 8000.00
cloud89 folds
*** FLOP *** [Js 3h As]
Main pot 31250.00
veerich313 checks
BreatheDeeper bets 15625.00
veerich313 folds
Uncalled bet (15625.00) returned to BreatheDeeper
BreatheDeeper does not show
*** SUMMARY ***
Total pot 31250.00
Board [Js 3h As]
Seat 1: Baltrozzz folded on the Pre-Flop and did not bet
Seat 2: xBERNx folded on the Pre-Flop and did not bet
Seat 3: LFMC027 folded on the Pre-Flop and did not bet
Seat 4: BreatheDeeper did not show and won 31250.00
Seat 5: lipesticky (button) folded on the Pre-Flop
Seat 6: veerich313 (small blind) folded on the Flop
Seat 8: cloud89 (big blind) folded on the Pre-Flop

Game Hand #2018502605 - Tournament #31146450 - Holdem (No Limit) - Level 9 (2500.00/5000.00)- 2024/02/05 18:12:08 UTC
Table '6' 8-max Seat #6 is the button
Seat 1: Baltrozzz (110894.00)
Seat 2: xBERNx (99400.00)
Seat 3: LFMC027 (172760.00)
Seat 4: BreatheDeeper (298702.00)
Seat 5: lipesticky (168171.00)
Seat 6: veerich313 (112800.00)
Seat 7: 02elsdaly will be allowed to play after the button
Seat 8: cloud89 (181500.00)
Baltrozzz posts ante 750.00
xBERNx posts ante 750.00
LFMC027 posts ante 750.00
BreatheDeeper posts ante 750.00
lipesticky posts ante 750.00
veerich313 posts ante 750.00
cloud89 posts ante 750.00
cloud89 posts the small blind 2500.00
Baltrozzz posts the big blind 5000.00
*** HOLE CARDS ***
Main pot 5250.00
Dealt to lipesticky [4s 5s]
xBERNx raises 11000.00 to 11000.00
LFMC027 folds
BreatheDeeper folds
lipesticky calls 11000.00
veerich313 raises 112050.00 to 112050.00 and is all-in
cloud89 folds
Baltrozzz folds
xBERNx calls 87650.00 and is all-in
lipesticky folds
Uncalled bet (13400.00) returned to veerich313
*** FLOP *** [Qd Kc Jc]
Main pot 221050.00
*** TURN *** [Qd Kc Jc] [Ac]
Main pot 221050.00
*** RIVER *** [Qd Kc Jc Ac] [2s]
Main pot 221050.00
*** SHOW DOWN ***
Main pot 221050.00
xBERNx shows [Jd Jh] (three of a kind, Set of Jacks [Jh Jd Jc Ac Kc])
veerich313 shows [As Js] (two pair, Aces and Jacks [As Ac Js Jc Kc])
xBERNx collected 221050.00 from main pot
*** SUMMARY ***
Total pot 221050.00
Board [Qd Kc Jc Ac 2s]
Seat 1: Baltrozzz (big blind) folded on the Pre-Flop
Seat 2: xBERNx showed [Jd Jh] and won 221050.00 with three of a kind, Set of Jacks [Jh Jd Jc Ac Kc]
Seat 3: LFMC027 folded on the Pre-Flop and did not bet
Seat 4: BreatheDeeper folded on the Pre-Flop and did not bet
Seat 5: lipesticky folded on the Pre-Flop and did not bet
Seat 6: veerich313 (button) showed [As Js] and lost with two pair, Aces and Jacks [As Ac Js Jc Kc]
Seat 8: cloud89 (small blind) folded on the Pre-Flop

Game Hand #2018503464 - Tournament #31146450 - Holdem (No Limit) - Level 9 (2500.00/5000.00)- 2024/02/05 18:13:06 UTC
Table '6' 8-max Seat #8 is the button
Seat 1: Baltrozzz (105144.00)
Seat 2: xBERNx (221050.00)
Seat 3: LFMC027 (172010.00)
Seat 4: BreatheDeeper (297952.00)
Seat 5: lipesticky (156421.00)
Seat 6: veerich313 (13400.00)
Seat 7: 02elsdaly (91675.00)
Seat 8: cloud89 (178250.00)
Baltrozzz posts ante 750.00
xBERNx posts ante 750.00
LFMC027 posts ante 750.00
BreatheDeeper posts ante 750.00
lipesticky posts ante 750.00
veerich313 posts ante 750.00
02elsdaly posts ante 750.00
cloud89 posts ante 750.00
Baltrozzz posts the small blind 2500.00
xBERNx posts the big blind 5000.00
*** HOLE CARDS ***
Main pot 6000.00
Dealt to lipesticky [4c Js]
LFMC027 folds
BreatheDeeper folds
lipesticky folds
veerich313 folds
02elsdaly raises 10000.00 to 10000.00
cloud89 folds
Baltrozzz folds
xBERNx folds
Uncalled bet (5000.00) returned to 02elsdaly
02elsdaly does not show
*** SUMMARY ***
Total pot 18500.00
Seat 1: Baltrozzz (small blind) folded on the Pre-Flop
Seat 2: xBERNx (big blind) folded on the Pre-Flop
Seat 3: LFMC027 folded on the Pre-Flop and did not bet
Seat 4: BreatheDeeper folded on the Pre-Flop and did not bet
Seat 5: lipesticky folded on the Pre-Flop and did not bet
Seat 6: veerich313 folded on the Pre-Flop and did not bet
Seat 7: 02elsdaly did not show and won 18500.00
Seat 8: cloud89 (button) folded on the Pre-Flop

Game Hand #2018504064 - Tournament #31146450 - Holdem (No Limit) - Level 9 (2500.00/5000.00)- 2024/02/05 18:13:48 UTC
Table '6' 8-max Seat #1 is the button
Seat 1: Baltrozzz (101894.00)
Seat 2: xBERNx (215300.00)
Seat 3: LFMC027 (171260.00)
Seat 4: BreatheDeeper (297202.00)
Seat 5: lipesticky (155671.00)
Seat 6: veerich313 (12650.00)
Seat 7: 02elsdaly (104425.00)
Seat 8: cloud89 (177500.00)
Baltrozzz posts ante 750.00
xBERNx posts ante 750.00
LFMC027 posts ante 750.00
BreatheDeeper posts ante 750.00
lipesticky posts ante 750.00
veerich313 posts ante 750.00
02elsdaly posts ante 750.00
cloud89 posts ante 750.00
xBERNx posts the small blind 2500.00
LFMC027 posts the big blind 5000.00
*** HOLE CARDS ***
Main pot 6000.00
Dealt to lipesticky [Jc 7h]
BreatheDeeper folds
lipesticky folds
veerich313 folds
02elsdaly raises 10000.00 to 10000.00
cloud89 folds
Baltrozzz calls 10000.00
xBERNx folds
LFMC027 folds
*** FLOP *** [Ks As Ah]
Main pot 33500.00
02elsdaly bets 8375.00
Baltrozzz calls 8375.00
*** TURN *** [Ks As Ah] [8h]
Main pot 50250.00
02elsdaly checks
Baltrozzz bets 27638.00
02elsdaly folds
Uncalled bet (27638.00) returned to Baltrozzz
Baltrozzz does not show
*** SUMMARY ***
Total pot 50250.00
Board [Ks As Ah 8h]
Seat 1: Baltrozzz did not show and won 50250.00
Seat 2: xBERNx (small blind) folded on the Pre-Flop
Seat 3: LFMC027 (big blind) folded on the Pre-Flop
Seat 4: BreatheDeeper folded on the Pre-Flop and did not bet
Seat 5: lipesticky folded on the Pre-Flop and did not bet
Seat 6: veerich313 folded on the Pre-Flop and did not bet
Seat 7: 02elsdaly folded on the Turn
Seat 8: cloud89 folded on the Pre-Flop and did not bet

Game Hand #2018504916 - Tournament #31146450 - Holdem (No Limit) - Level 9 (2500.00/5000.00)- 2024/02/05 18:14:46 UTC
Table '6' 8-max Seat #2 is the button
Seat 1: Baltrozzz (133019.00)
Seat 2: xBERNx (212050.00)
Seat 3: LFMC027 (165510.00)
Seat 4: BreatheDeeper (296452.00)
Seat 5: lipesticky (154921.00)
Seat 6: veerich313 (11900.00)
Seat 7: 02elsdaly (85300.00)
Seat 8: cloud89 (176750.00)
Baltrozzz posts ante 750.00
xBERNx posts ante 750.00
LFMC027 posts ante 750.00
BreatheDeeper posts ante 750.00
lipesticky posts ante 750.00
veerich313 posts ante 750.00
02elsdaly posts ante 750.00
cloud89 posts ante 750.00
LFMC027 posts the small blind 2500.00
BreatheDeeper posts the big blind 5000.00
*** HOLE CARDS ***
Main pot 6000.00
Dealt to lipesticky [Jh Kd]
lipesticky raises 10500.00 to 10500.00
veerich313 raises 11150.00 to 11150.00 and is all-in
02elsdaly folds
cloud89 folds
Baltrozzz folds
xBERNx folds
LFMC027 raises 162260.00 to 164760.00 and is all-in
BreatheDeeper folds
lipesticky calls 143671.00 and is all-in
Uncalled bet (10589.00) returned to LFMC027
*** FLOP *** [9s 2h 6s]
Main pot 44450.00
Side pot(1) 286042.00
*** TURN *** [9s 2h 6s] [3c]
Main pot 44450.00
Side pot(1) 286042.00
*** RIVER *** [9s 2h 6s 3c] [7d]
Main pot 44450.00
Side pot(1) 286042.00
*** SHOW DOWN ***
Main pot 44450.00
Side pot(1) 286042.00
LFMC027 shows [6c 6h] (three of a kind, Set of Sixs [6s 6h 6c 9s 7d])
lipesticky shows [Jh Kd] (a high card, King high [Kd Jh 9s 7d 6s])
veerich313 shows [Js As] (a high card, Ace high [As Js 9s 7d 6s])
LFMC027 collected 44450.00 from main pot
LFMC027 collected 286042.00 from side pot-1
*** SUMMARY ***
Total pot 330492.00
Board [9s 2h 6s 3c 7d]
Seat 1: Baltrozzz folded on the Pre-Flop and did not bet
Seat 2: xBERNx (button) folded on the Pre-Flop
Seat 3: LFMC027 (small blind) showed [6c 6h] and won 330492.00 with three of a kind, Set of Sixs [6s 6h 6c 9s 7d]
Seat 4: BreatheDeeper (big blind) folded on the Pre-Flop
Seat 5: lipesticky showed [Jh Kd] and lost with a high card, King high [Kd Jh 9s 7d 6s]
Seat 6: veerich313 showed [Js As] and lost with a high card, Ace high [As Js 9s 7d 6s]
Seat 7: 02elsdaly folded on the Pre-Flop and did not bet
Seat 8: cloud89 folded on the Pre-Flop and did not bet

