Game Hand #2021306398 - Tournament #31163678 - Holdem (No Limit) - Level 2 (600.00/1200.00)- 2024/02/08 18:33:07 UTC
Table '46' 8-max Seat #1 is the button
Seat 1: lipesticky (124220.00) is sitting out
Seat 2: IhorTiha (125780.00) is sitting out
Seat 3: Milleguito (99750.00)
Seat 4: Buzzmu (90321.00)
Seat 5: trdfo (128800.00)
Seat 6: eagle1111 (157618.00)
Seat 7: GRUAIRPORT (104045.00)
lipesticky posts ante 180.00
IhorTiha posts ante 180.00
Milleguito posts ante 180.00
Buzzmu posts ante 180.00
trdfo posts ante 180.00
eagle1111 posts ante 180.00
GRUAIRPORT posts ante 180.00
IhorTiha posts the small blind 600.00
Milleguito posts the big blind 1200.00
*** HOLE CARDS ***
Main pot 1260.00
Dealt to lipesticky [7h 2d]
Buzzmu folds
trdfo raises 2400.00 to 2400.00
eagle1111 calls 2400.00
GRUAIRPORT folds
lipesticky folds
IhorTiha folds
Milleguito folds
*** FLOP *** [4h 6h 5s]
Main pot 7860.00
trdfo checks
eagle1111 checks
*** TURN *** [4h 6h 5s] [Jd]
Main pot 7860.00
trdfo checks
eagle1111 bets 3930.00
trdfo raises 11947.00 to 11947.00
eagle1111 folds
Uncalled bet (8017.00) returned to trdfo
trdfo does not show
*** SUMMARY ***
Total pot 15720.00
Board [4h 6h 5s Jd]
Seat 1: lipesticky (button) folded on the Pre-Flop
Seat 2: IhorTiha (small blind) folded on the Pre-Flop
Seat 3: Milleguito (big blind) folded on the Pre-Flop
Seat 4: Buzzmu folded on the Pre-Flop and did not bet
Seat 5: trdfo did not show and won 15720.00
Seat 6: eagle1111 folded on the Turn
Seat 7: GRUAIRPORT folded on the Pre-Flop and did not bet

Game Hand #2021307392 - Tournament #31163678 - Holdem (No Limit) - Level 2 (600.00/1200.00)- 2024/02/08 18:34:07 UTC
Table '46' 8-max Seat #2 is the button
Seat 1: lipesticky (124040.00)
Seat 2: IhorTiha (125000.00)
Seat 3: Milleguito (98370.00)
Seat 4: Buzzmu (90141.00)
Seat 5: trdfo (138010.00)
Seat 6: eagle1111 (151108.00)
Seat 7: GRUAIRPORT (103865.00)
Seat 8: Blauzito (125000.00)
lipesticky posts ante 180.00
IhorTiha posts ante 180.00
Milleguito posts ante 180.00
Buzzmu posts ante 180.00
trdfo posts ante 180.00
eagle1111 posts ante 180.00
GRUAIRPORT posts ante 180.00
Blauzito posts ante 180.00
Milleguito posts the small blind 600.00
Buzzmu posts the big blind 1200.00
*** HOLE CARDS ***
Main pot 1440.00
Dealt to lipesticky [Ah 4s]
trdfo folds
eagle1111 folds
GRUAIRPORT folds
Blauzito folds
lipesticky raises 2520.00 to 2520.00
IhorTiha folds
Milleguito folds
Buzzmu raises 8800.00 to 10000.00
lipesticky folds
Uncalled bet (7480.00) returned to Buzzmu
Buzzmu does not show
*** SUMMARY ***
Total pot 7080.00
Seat 1: lipesticky folded on the Pre-Flop and did not bet
Seat 2: IhorTiha (button) folded on the Pre-Flop
Seat 3: Milleguito (small blind) folded on the Pre-Flop
Seat 4: Buzzmu did not show and won 7080.00
Seat 5: trdfo folded on the Pre-Flop and did not bet
Seat 6: eagle1111 folded on the Pre-Flop and did not bet
Seat 7: GRUAIRPORT folded on the Pre-Flop and did not bet
Seat 8: Blauzito folded on the Pre-Flop and did not bet

Game Hand #2021308098 - Tournament #31163678 - Holdem (No Limit) - Level 2 (600.00/1200.00)- 2024/02/08 18:34:50 UTC
Table '46' 8-max Seat #3 is the button
Seat 1: lipesticky (121340.00)
Seat 2: IhorTiha (124820.00)
Seat 3: Milleguito (97590.00)
Seat 4: Buzzmu (94521.00)
Seat 5: trdfo (137830.00)
Seat 6: eagle1111 (150928.00)
Seat 7: GRUAIRPORT (103685.00)
Seat 8: Blauzito (124820.00)
lipesticky posts ante 180.00
IhorTiha posts ante 180.00
Milleguito posts ante 180.00
Buzzmu posts ante 180.00
trdfo posts ante 180.00
eagle1111 posts ante 180.00
GRUAIRPORT posts ante 180.00
Blauzito posts ante 180.00
Buzzmu posts the small blind 600.00
trdfo posts the big blind 1200.00
*** HOLE CARDS ***
Main pot 1440.00
Dealt to lipesticky [5h Qs]
eagle1111 folds
GRUAIRPORT folds
Blauzito folds
lipesticky folds
IhorTiha folds
Milleguito folds
Buzzmu folds
trdfo does not show
*** SUMMARY ***
Total pot 3240.00
Seat 1: lipesticky folded on the Pre-Flop and did not bet
Seat 2: IhorTiha folded on the Pre-Flop and did not bet
Seat 3: Milleguito (button) folded on the Pre-Flop
Seat 4: Buzzmu (small blind) folded on the Pre-Flop
Seat 5: trdfo did not show and won 3240.00
Seat 6: eagle1111 folded on the Pre-Flop and did not bet
Seat 7: GRUAIRPORT folded on the Pre-Flop and did not bet
Seat 8: Blauzito folded on the Pre-Flop and did not bet

Game Hand #2021308372 - Tournament #31163678 - Holdem (No Limit) - Level 2 (600.00/1200.00)- 2024/02/08 18:35:07 UTC
Table '46' 8-max Seat #4 is the button
Seat 1: lipesticky (121160.00)
Seat 2: IhorTiha (124640.00)
Seat 3: Milleguito (97410.00)
Seat 4: Buzzmu (93741.00)
Seat 5: trdfo (139690.00)
Seat 6: eagle1111 (150748.00)
Seat 7: GRUAIRPORT (103505.00)
Seat 8: Blauzito (124640.00)
lipesticky posts ante 180.00
IhorTiha posts ante 180.00
Milleguito posts ante 180.00
Buzzmu posts ante 180.00
trdfo posts ante 180.00
eagle1111 posts ante 180.00
GRUAIRPORT posts ante 180.00
Blauzito posts ante 180.00
trdfo posts the small blind 600.00
eagle1111 posts the big blind 1200.00
*** HOLE CARDS ***
Main pot 1440.00
Dealt to lipesticky [Kd 8d]
GRUAIRPORT folds
Blauzito folds
lipesticky raises 2520.00 to 2520.00
IhorTiha folds
Milleguito folds
Buzzmu folds
trdfo folds
eagle1111 folds
Uncalled bet (1320.00) returned to lipesticky
lipesticky does not show
*** SUMMARY ***
Total pot 4440.00
Seat 1: lipesticky did not show and won 4440.00
Seat 2: IhorTiha folded on the Pre-Flop and did not bet
Seat 3: Milleguito folded on the Pre-Flop and did not bet
Seat 4: Buzzmu (button) folded on the Pre-Flop
Seat 5: trdfo (small blind) folded on the Pre-Flop
Seat 6: eagle1111 (big blind) folded on the Pre-Flop
Seat 7: GRUAIRPORT folded on the Pre-Flop and did not bet
Seat 8: Blauzito folded on the Pre-Flop and did not bet

Game Hand #2021308808 - Tournament #31163678 - Holdem (No Limit) - Level 2 (600.00/1200.00)- 2024/02/08 18:35:34 UTC
Table '46' 8-max Seat #5 is the button
Seat 1: lipesticky (124220.00)
Seat 2: IhorTiha (124460.00)
Seat 3: Milleguito (97230.00)
Seat 4: Buzzmu (93561.00)
Seat 5: trdfo (138910.00)
Seat 6: eagle1111 (149368.00)
Seat 7: GRUAIRPORT (103325.00)
Seat 8: Blauzito (124460.00)
lipesticky posts ante 180.00
IhorTiha posts ante 180.00
Milleguito posts ante 180.00
Buzzmu posts ante 180.00
trdfo posts ante 180.00
eagle1111 posts ante 180.00
GRUAIRPORT posts ante 180.00
Blauzito posts ante 180.00
eagle1111 posts the small blind 600.00
GRUAIRPORT posts the big blind 1200.00
*** HOLE CARDS ***
Main pot 1440.00
Dealt to lipesticky [9s 3s]
Blauzito raises 2400.00 to 2400.00
lipesticky folds
IhorTiha folds
Milleguito folds
Buzzmu folds
trdfo folds
eagle1111 calls 1800.00
GRUAIRPORT folds
*** FLOP *** [Qs Qh Jc]
Main pot 7440.00
eagle1111 checks
Blauzito bets 1860.00
eagle1111 folds
Uncalled bet (1860.00) returned to Blauzito
Blauzito does not show
*** SUMMARY ***
Total pot 7440.00
Board [Qs Qh Jc]
Seat 1: lipesticky folded on the Pre-Flop and did not bet
Seat 2: IhorTiha folded on the Pre-Flop and did not bet
Seat 3: Milleguito folded on the Pre-Flop and did not bet
Seat 4: Buzzmu folded on the Pre-Flop and did not bet
Seat 5: trdfo (button) folded on the Pre-Flop
Seat 6: eagle1111 (small blind) folded on the Flop
Seat 7: GRUAIRPORT (big blind) folded on the Pre-Flop
Seat 8: Blauzito did not show and won 7440.00

Game Hand #2021309439 - Tournament #31163678 - Holdem (No Limit) - Level 2 (600.00/1200.00)- 2024/02/08 18:36:15 UTC
Table '46' 8-max Seat #6 is the button
Seat 1: lipesticky (124040.00)
Seat 2: IhorTiha (124280.00)
Seat 3: Milleguito (97050.00)
Seat 4: Buzzmu (93381.00)
Seat 5: trdfo (138730.00)
Seat 6: eagle1111 (146788.00)
Seat 7: GRUAIRPORT (101945.00)
Seat 8: Blauzito (129320.00)
lipesticky posts ante 180.00
IhorTiha posts ante 180.00
Milleguito posts ante 180.00
Buzzmu posts ante 180.00
trdfo posts ante 180.00
eagle1111 posts ante 180.00
GRUAIRPORT posts ante 180.00
Blauzito posts ante 180.00
GRUAIRPORT posts the small blind 600.00
Blauzito posts the big blind 1200.00
*** HOLE CARDS ***
Main pot 1440.00
Dealt to lipesticky [Jh Kc]
lipesticky raises 2520.00 to 2520.00
IhorTiha folds
Milleguito folds
Buzzmu folds
trdfo folds
eagle1111 folds
GRUAIRPORT calls 1920.00
Blauzito calls 1320.00
*** FLOP *** [Ts 2s 9d]
Main pot 9000.00
GRUAIRPORT checks
Blauzito checks
lipesticky checks
*** TURN *** [Ts 2s 9d] [5s]
Main pot 9000.00
GRUAIRPORT checks
Blauzito checks
lipesticky checks
*** RIVER *** [Ts 2s 9d 5s] [7s]
Main pot 9000.00
GRUAIRPORT checks
Blauzito checks
lipesticky bets 2970.00
GRUAIRPORT folds
Blauzito folds
Uncalled bet (2970.00) returned to lipesticky
lipesticky does not show
*** SUMMARY ***
Total pot 9000.00
Board [Ts 2s 9d 5s 7s]
Seat 1: lipesticky did not show and won 9000.00
Seat 2: IhorTiha folded on the Pre-Flop and did not bet
Seat 3: Milleguito folded on the Pre-Flop and did not bet
Seat 4: Buzzmu folded on the Pre-Flop and did not bet
Seat 5: trdfo folded on the Pre-Flop and did not bet
Seat 6: eagle1111 (button) folded on the Pre-Flop
Seat 7: GRUAIRPORT (small blind) folded on the River
Seat 8: Blauzito (big blind) folded on the River

Game Hand #2021312357 - Tournament #31163678 - Holdem (No Limit) - Level 2 (600.00/1200.00)- 2024/02/08 18:39:13 UTC
Table '46' 8-max Seat #7 is the button
Seat 1: lipesticky (130340.00)
Seat 2: IhorTiha (124100.00)
Seat 3: Milleguito (96870.00)
Seat 4: Buzzmu (93201.00)
Seat 5: trdfo (138550.00)
Seat 6: eagle1111 (146608.00)
Seat 7: GRUAIRPORT (99245.00)
Seat 8: Blauzito (126620.00)
lipesticky posts ante 180.00
IhorTiha posts ante 180.00
Milleguito posts ante 180.00
Buzzmu posts ante 180.00
trdfo posts ante 180.00
eagle1111 posts ante 180.00
GRUAIRPORT posts ante 180.00
Blauzito posts ante 180.00
Blauzito posts the small blind 600.00
lipesticky posts the big blind 1200.00
*** HOLE CARDS ***
Main pot 1440.00
Dealt to lipesticky [5c Ts]
IhorTiha folds
Milleguito raises 2400.00 to 2400.00
Buzzmu folds
trdfo folds
eagle1111 folds
GRUAIRPORT folds
Blauzito folds
lipesticky folds
Uncalled bet (1200.00) returned to Milleguito
Milleguito does not show
*** SUMMARY ***
Total pot 4440.00
Seat 1: lipesticky (big blind) folded on the Pre-Flop
Seat 2: IhorTiha folded on the Pre-Flop and did not bet
Seat 3: Milleguito did not show and won 4440.00
Seat 4: Buzzmu folded on the Pre-Flop and did not bet
Seat 5: trdfo folded on the Pre-Flop and did not bet
Seat 6: eagle1111 folded on the Pre-Flop and did not bet
Seat 7: GRUAIRPORT (button) folded on the Pre-Flop
Seat 8: Blauzito (small blind) folded on the Pre-Flop

Game Hand #2021313162 - Tournament #31163678 - Holdem (No Limit) - Level 2 (600.00/1200.00)- 2024/02/08 18:40:04 UTC
Table '46' 8-max Seat #8 is the button
Seat 1: lipesticky (128960.00)
Seat 2: IhorTiha (123920.00)
Seat 3: Milleguito (99930.00)
Seat 4: Buzzmu (93021.00)
Seat 5: trdfo (138370.00)
Seat 6: eagle1111 (146428.00)
Seat 7: GRUAIRPORT (99065.00)
Seat 8: Blauzito (125840.00)
lipesticky posts ante 180.00
IhorTiha posts ante 180.00
Milleguito posts ante 180.00
Buzzmu posts ante 180.00
trdfo posts ante 180.00
eagle1111 posts ante 180.00
GRUAIRPORT posts ante 180.00
Blauzito posts ante 180.00
lipesticky posts the small blind 600.00
IhorTiha posts the big blind 1200.00
*** HOLE CARDS ***
Main pot 1440.00
Dealt to lipesticky [3d Qh]
Milleguito folds
Buzzmu raises 2700.00 to 2700.00
trdfo folds
eagle1111 calls 2700.00
GRUAIRPORT folds
Blauzito folds
lipesticky folds
IhorTiha folds
*** FLOP *** [8s Qs Tc]
Main pot 8640.00
Buzzmu checks
eagle1111 checks
*** TURN *** [8s Qs Tc] [5h]
Main pot 8640.00
Buzzmu bets 6480.00
eagle1111 folds
Uncalled bet (6480.00) returned to Buzzmu
Buzzmu does not show
*** SUMMARY ***
Total pot 8640.00
Board [8s Qs Tc 5h]
Seat 1: lipesticky (small blind) folded on the Pre-Flop
Seat 2: IhorTiha (big blind) folded on the Pre-Flop
Seat 3: Milleguito folded on the Pre-Flop and did not bet
Seat 4: Buzzmu did not show and won 8640.00
Seat 5: trdfo folded on the Pre-Flop and did not bet
Seat 6: eagle1111 folded on the Turn
Seat 7: GRUAIRPORT folded on the Pre-Flop and did not bet
Seat 8: Blauzito (button) folded on the Pre-Flop

Game Hand #2021314164 - Tournament #31163678 - Holdem (No Limit) - Level 2 (600.00/1200.00)- 2024/02/08 18:41:08 UTC
Table '46' 8-max Seat #1 is the button
Seat 1: lipesticky (128180.00)
Seat 2: IhorTiha (122540.00)
Seat 3: Milleguito (99750.00)
Seat 4: Buzzmu (98781.00)
Seat 5: trdfo (138190.00)
Seat 6: eagle1111 (143548.00)
Seat 7: GRUAIRPORT (98885.00)
Seat 8: Blauzito (125660.00)
lipesticky posts ante 180.00
IhorTiha posts ante 180.00
Milleguito posts ante 180.00
Buzzmu posts ante 180.00
trdfo posts ante 180.00
eagle1111 posts ante 180.00
GRUAIRPORT posts ante 180.00
Blauzito posts ante 180.00
IhorTiha posts the small blind 600.00
Milleguito posts the big blind 1200.00
*** HOLE CARDS ***
Main pot 1440.00
Dealt to lipesticky [2h 4c]
Buzzmu folds
trdfo folds
eagle1111 calls 1200.00
GRUAIRPORT folds
Blauzito folds
lipesticky folds
IhorTiha folds
Milleguito checks
*** FLOP *** [4d 6d Qs]
Main pot 4440.00
Milleguito checks
eagle1111 checks
*** TURN *** [4d 6d Qs] [7s]
Main pot 4440.00
Milleguito bets 2065.00
eagle1111 calls 2065.00
*** RIVER *** [4d 6d Qs 7s] [4s]
Main pot 8570.00
Milleguito checks
eagle1111 checks
*** SHOW DOWN ***
Main pot 8570.00
Milleguito shows [Kh Jc] (a pair of Fours [4s 4d Kh Qs Jc])
eagle1111 shows [8h 7h] (two pair, Sevens and Fours [7s 7h 4s 4d Qs])
eagle1111 collected 8570.00 from main pot
*** SUMMARY ***
Total pot 8570.00
Board [4d 6d Qs 7s 4s]
Seat 1: lipesticky (button) folded on the Pre-Flop
Seat 2: IhorTiha (small blind) folded on the Pre-Flop
Seat 3: Milleguito (big blind) showed [Kh Jc] and lost with a pair of Fours [4s 4d Kh Qs Jc]
Seat 4: Buzzmu folded on the Pre-Flop and did not bet
Seat 5: trdfo folded on the Pre-Flop and did not bet
Seat 6: eagle1111 showed [8h 7h] and won 8570.00 with two pair, Sevens and Fours [7s 7h 4s 4d Qs]
Seat 7: GRUAIRPORT folded on the Pre-Flop and did not bet
Seat 8: Blauzito folded on the Pre-Flop and did not bet

Game Hand #2021315527 - Tournament #31163678 - Holdem (No Limit) - Level 2 (600.00/1200.00)- 2024/02/08 18:42:35 UTC
Table '46' 8-max Seat #2 is the button
Seat 1: lipesticky (128000.00)
Seat 2: IhorTiha (121760.00)
Seat 3: Milleguito (96305.00)
Seat 4: Buzzmu (98601.00)
Seat 5: trdfo (138010.00)
Seat 6: eagle1111 (148673.00)
Seat 7: GRUAIRPORT (98705.00)
Seat 8: Blauzito (125480.00)
lipesticky posts ante 180.00
IhorTiha posts ante 180.00
Milleguito posts ante 180.00
Buzzmu posts ante 180.00
trdfo posts ante 180.00
eagle1111 posts ante 180.00
GRUAIRPORT posts ante 180.00
Blauzito posts ante 180.00
Milleguito posts the small blind 600.00
Buzzmu posts the big blind 1200.00
*** HOLE CARDS ***
Main pot 1440.00
Dealt to lipesticky [Td Ts]
trdfo raises 2400.00 to 2400.00
eagle1111 folds
GRUAIRPORT folds
Blauzito calls 2400.00
lipesticky raises 10200.00 to 10200.00
IhorTiha folds
Milleguito folds
Buzzmu folds
trdfo folds
Blauzito folds
Uncalled bet (7800.00) returned to lipesticky
lipesticky does not show
*** SUMMARY ***
Total pot 10440.00
Seat 1: lipesticky did not show and won 10440.00
Seat 2: IhorTiha (button) folded on the Pre-Flop
Seat 3: Milleguito (small blind) folded on the Pre-Flop
Seat 4: Buzzmu (big blind) folded on the Pre-Flop
Seat 5: trdfo folded on the Pre-Flop and did not bet
Seat 6: eagle1111 folded on the Pre-Flop and did not bet
Seat 7: GRUAIRPORT folded on the Pre-Flop and did not bet
Seat 8: Blauzito folded on the Pre-Flop and did not bet

Game Hand #2021316410 - Tournament #31163678 - Holdem (No Limit) - Level 2 (600.00/1200.00)- 2024/02/08 18:43:31 UTC
Table '46' 8-max Seat #3 is the button
Seat 1: lipesticky (135860.00)
Seat 2: IhorTiha (121580.00)
Seat 3: Milleguito (95525.00)
Seat 4: Buzzmu (97221.00)
Seat 5: trdfo (135430.00)
Seat 6: eagle1111 (148493.00)
Seat 7: GRUAIRPORT (98525.00)
Seat 8: Blauzito (122900.00)
lipesticky posts ante 180.00
IhorTiha posts ante 180.00
Milleguito posts ante 180.00
Buzzmu posts ante 180.00
trdfo posts ante 180.00
eagle1111 posts ante 180.00
GRUAIRPORT posts ante 180.00
Blauzito posts ante 180.00
Buzzmu posts the small blind 600.00
trdfo posts the big blind 1200.00
*** HOLE CARDS ***
Main pot 1440.00
Dealt to lipesticky [Kd Ad]
eagle1111 folds
GRUAIRPORT folds
Blauzito folds
lipesticky raises 2520.00 to 2520.00
IhorTiha calls 2520.00
Milleguito folds
Buzzmu folds
trdfo calls 1320.00
*** FLOP *** [Ac Th 5h]
Main pot 9600.00
trdfo checks
lipesticky checks
IhorTiha bets 3168.00
trdfo folds
lipesticky raises 11933.00 to 11933.00
IhorTiha folds
Uncalled bet (8765.00) returned to lipesticky
lipesticky does not show
*** SUMMARY ***
Total pot 15936.00
Board [Ac Th 5h]
Seat 1: lipesticky did not show and won 15936.00
Seat 2: IhorTiha folded on the Flop
Seat 3: Milleguito (button) folded on the Pre-Flop
Seat 4: Buzzmu (small blind) folded on the Pre-Flop
Seat 5: trdfo (big blind) folded on the Flop
Seat 6: eagle1111 folded on the Pre-Flop and did not bet
Seat 7: GRUAIRPORT folded on the Pre-Flop and did not bet
Seat 8: Blauzito folded on the Pre-Flop and did not bet

Game Hand #2021317838 - Tournament #31163678 - Holdem (No Limit) - Level 2 (600.00/1200.00)- 2024/02/08 18:45:01 UTC
Table '46' 8-max Seat #4 is the button
Seat 1: lipesticky (145928.00)
Seat 2: IhorTiha (115712.00)
Seat 3: Milleguito (95345.00)
Seat 4: Buzzmu (96441.00)
Seat 5: trdfo (132730.00)
Seat 6: eagle1111 (148313.00)
Seat 7: GRUAIRPORT (98345.00)
Seat 8: Blauzito (122720.00)
lipesticky posts ante 180.00
IhorTiha posts ante 180.00
Milleguito posts ante 180.00
Buzzmu posts ante 180.00
trdfo posts ante 180.00
eagle1111 posts ante 180.00
GRUAIRPORT posts ante 180.00
Blauzito posts ante 180.00
trdfo posts the small blind 600.00
eagle1111 posts the big blind 1200.00
*** HOLE CARDS ***
Main pot 1440.00
Dealt to lipesticky [Jc Td]
GRUAIRPORT folds
Blauzito folds
lipesticky raises 2520.00 to 2520.00
IhorTiha folds
Milleguito raises 9000.00 to 9000.00
Buzzmu folds
trdfo folds
eagle1111 folds
lipesticky folds
Uncalled bet (6480.00) returned to Milleguito
Milleguito does not show
*** SUMMARY ***
Total pot 8280.00
Seat 1: lipesticky folded on the Pre-Flop and did not bet
Seat 2: IhorTiha folded on the Pre-Flop and did not bet
Seat 3: Milleguito did not show and won 8280.00
Seat 4: Buzzmu (button) folded on the Pre-Flop
Seat 5: trdfo (small blind) folded on the Pre-Flop
Seat 6: eagle1111 (big blind) folded on the Pre-Flop
Seat 7: GRUAIRPORT folded on the Pre-Flop and did not bet
Seat 8: Blauzito folded on the Pre-Flop and did not bet

Game Hand #2021318659 - Tournament #31163678 - Holdem (No Limit) - Level 3 (750.00/1500.00)- 2024/02/08 18:45:53 UTC
Table '46' 8-max Seat #5 is the button
Seat 1: lipesticky (143228.00)
Seat 2: IhorTiha (115532.00)
Seat 3: Milleguito (100925.00)
Seat 4: Buzzmu (96261.00)
Seat 5: trdfo (131950.00)
Seat 6: eagle1111 (146933.00)
Seat 7: GRUAIRPORT (98165.00)
Seat 8: Blauzito (122540.00)
lipesticky posts ante 200.00
IhorTiha posts ante 200.00
Milleguito posts ante 200.00
Buzzmu posts ante 200.00
trdfo posts ante 200.00
eagle1111 posts ante 200.00
GRUAIRPORT posts ante 200.00
Blauzito posts ante 200.00
eagle1111 posts the small blind 750.00
GRUAIRPORT posts the big blind 1500.00
*** HOLE CARDS ***
Main pot 1600.00
Dealt to lipesticky [6s 4h]
Blauzito folds
lipesticky folds
IhorTiha folds
Milleguito folds
Buzzmu folds
trdfo folds
eagle1111 calls 750.00
GRUAIRPORT raises 4200.00 to 5700.00
eagle1111 calls 4200.00
*** FLOP *** [7d Jh Jc]
Main pot 13000.00
eagle1111 checks
GRUAIRPORT bets 3250.00
eagle1111 folds
Uncalled bet (3250.00) returned to GRUAIRPORT
GRUAIRPORT does not show
*** SUMMARY ***
Total pot 13000.00
Board [7d Jh Jc]
Seat 1: lipesticky folded on the Pre-Flop and did not bet
Seat 2: IhorTiha folded on the Pre-Flop and did not bet
Seat 3: Milleguito folded on the Pre-Flop and did not bet
Seat 4: Buzzmu folded on the Pre-Flop and did not bet
Seat 5: trdfo (button) folded on the Pre-Flop
Seat 6: eagle1111 (small blind) folded on the Flop
Seat 7: GRUAIRPORT did not show and won 13000.00
Seat 8: Blauzito folded on the Pre-Flop and did not bet

Game Hand #2021319296 - Tournament #31163678 - Holdem (No Limit) - Level 3 (750.00/1500.00)- 2024/02/08 18:46:34 UTC
Table '46' 8-max Seat #6 is the button
Seat 1: lipesticky (143028.00)
Seat 2: IhorTiha (115332.00)
Seat 3: Milleguito (100725.00)
Seat 4: Buzzmu (96061.00)
Seat 5: trdfo (131750.00)
Seat 6: eagle1111 (141033.00)
Seat 7: GRUAIRPORT (105265.00)
Seat 8: Blauzito (122340.00)
lipesticky posts ante 200.00
IhorTiha posts ante 200.00
Milleguito posts ante 200.00
Buzzmu posts ante 200.00
trdfo posts ante 200.00
eagle1111 posts ante 200.00
GRUAIRPORT posts ante 200.00
Blauzito posts ante 200.00
GRUAIRPORT posts the small blind 750.00
Blauzito posts the big blind 1500.00
*** HOLE CARDS ***
Main pot 1600.00
Dealt to lipesticky [Ah 9d]
lipesticky folds
IhorTiha folds
Milleguito folds
Buzzmu folds
trdfo folds
eagle1111 folds
GRUAIRPORT calls 750.00
Blauzito checks
*** FLOP *** [4d 3c 5h]
Main pot 4600.00
GRUAIRPORT checks
Blauzito bets 1500.00
GRUAIRPORT calls 1500.00
*** TURN *** [4d 3c 5h] [5c]
Main pot 7600.00
GRUAIRPORT bets 7600.00
Blauzito folds
Uncalled bet (7600.00) returned to GRUAIRPORT
GRUAIRPORT does not show
*** SUMMARY ***
Total pot 7600.00
Board [4d 3c 5h 5c]
Seat 1: lipesticky folded on the Pre-Flop and did not bet
Seat 2: IhorTiha folded on the Pre-Flop and did not bet
Seat 3: Milleguito folded on the Pre-Flop and did not bet
Seat 4: Buzzmu folded on the Pre-Flop and did not bet
Seat 5: trdfo folded on the Pre-Flop and did not bet
Seat 6: eagle1111 (button) folded on the Pre-Flop
Seat 7: GRUAIRPORT did not show and won 7600.00
Seat 8: Blauzito (big blind) folded on the Turn

Game Hand #2021320368 - Tournament #31163678 - Holdem (No Limit) - Level 3 (750.00/1500.00)- 2024/02/08 18:47:41 UTC
Table '46' 8-max Seat #7 is the button
Seat 1: lipesticky (142828.00)
Seat 2: IhorTiha (115132.00)
Seat 3: Milleguito (100525.00)
Seat 4: Buzzmu (95861.00)
Seat 5: trdfo (131550.00)
Seat 6: eagle1111 (140833.00)
Seat 7: GRUAIRPORT (109665.00)
Seat 8: Blauzito (119140.00)
lipesticky posts ante 200.00
IhorTiha posts ante 200.00
Milleguito posts ante 200.00
Buzzmu posts ante 200.00
trdfo posts ante 200.00
eagle1111 posts ante 200.00
GRUAIRPORT posts ante 200.00
Blauzito posts ante 200.00
Blauzito posts the small blind 750.00
lipesticky posts the big blind 1500.00
*** HOLE CARDS ***
Main pot 1600.00
Dealt to lipesticky [6s 5s]
IhorTiha folds
Milleguito folds
Buzzmu folds
trdfo folds
eagle1111 calls 1500.00
GRUAIRPORT folds
Blauzito calls 750.00
lipesticky checks
*** FLOP *** [Tc Qh As]
Main pot 6100.00
Blauzito checks
lipesticky checks
eagle1111 bets 3000.00
Blauzito folds
lipesticky folds
Uncalled bet (3000.00) returned to eagle1111
eagle1111 does not show
*** SUMMARY ***
Total pot 6100.00
Board [Tc Qh As]
Seat 1: lipesticky (big blind) folded on the Flop
Seat 2: IhorTiha folded on the Pre-Flop and did not bet
Seat 3: Milleguito folded on the Pre-Flop and did not bet
Seat 4: Buzzmu folded on the Pre-Flop and did not bet
Seat 5: trdfo folded on the Pre-Flop and did not bet
Seat 6: eagle1111 did not show and won 6100.00
Seat 7: GRUAIRPORT (button) folded on the Pre-Flop
Seat 8: Blauzito (small blind) folded on the Flop

Game Hand #2021321292 - Tournament #31163678 - Holdem (No Limit) - Level 3 (750.00/1500.00)- 2024/02/08 18:48:40 UTC
Table '46' 8-max Seat #8 is the button
Seat 1: lipesticky (141128.00)
Seat 2: IhorTiha (114932.00)
Seat 3: Milleguito (100325.00)
Seat 4: Buzzmu (95661.00)
Seat 5: trdfo (131350.00)
Seat 6: eagle1111 (145233.00)
Seat 7: GRUAIRPORT (109465.00)
Seat 8: Blauzito (117440.00)
lipesticky posts ante 200.00
IhorTiha posts ante 200.00
Milleguito posts ante 200.00
Buzzmu posts ante 200.00
trdfo posts ante 200.00
eagle1111 posts ante 200.00
GRUAIRPORT posts ante 200.00
Blauzito posts ante 200.00
lipesticky posts the small blind 750.00
IhorTiha posts the big blind 1500.00
*** HOLE CARDS ***
Main pot 1600.00
Dealt to lipesticky [Qh 8h]
Milleguito folds
Buzzmu raises 3400.00 to 3400.00
trdfo folds
eagle1111 calls 3400.00
GRUAIRPORT calls 3400.00
Blauzito folds
lipesticky folds
IhorTiha folds
*** FLOP *** [5h 7h 7d]
Main pot 14050.00
Buzzmu checks
eagle1111 bets 1500.00
GRUAIRPORT folds
Buzzmu folds
Uncalled bet (1500.00) returned to eagle1111
eagle1111 does not show
*** SUMMARY ***
Total pot 14050.00
Board [5h 7h 7d]
Seat 1: lipesticky (small blind) folded on the Pre-Flop
Seat 2: IhorTiha (big blind) folded on the Pre-Flop
Seat 3: Milleguito folded on the Pre-Flop and did not bet
Seat 4: Buzzmu folded on the Flop
Seat 5: trdfo folded on the Pre-Flop and did not bet
Seat 6: eagle1111 did not show and won 14050.00
Seat 7: GRUAIRPORT folded on the Flop
Seat 8: Blauzito (button) folded on the Pre-Flop

Game Hand #2021322304 - Tournament #31163678 - Holdem (No Limit) - Level 3 (750.00/1500.00)- 2024/02/08 18:49:42 UTC
Table '46' 8-max Seat #1 is the button
Seat 1: lipesticky (140178.00)
Seat 2: IhorTiha (113232.00)
Seat 3: Milleguito (100125.00)
Seat 4: Buzzmu (92061.00)
Seat 5: trdfo (131150.00)
Seat 6: eagle1111 (155683.00)
Seat 7: GRUAIRPORT (105865.00)
Seat 8: Blauzito (117240.00)
lipesticky posts ante 200.00
IhorTiha posts ante 200.00
Milleguito posts ante 200.00
Buzzmu posts ante 200.00
trdfo posts ante 200.00
eagle1111 posts ante 200.00
GRUAIRPORT posts ante 200.00
Blauzito posts ante 200.00
IhorTiha posts the small blind 750.00
Milleguito posts the big blind 1500.00
*** HOLE CARDS ***
Main pot 1600.00
Dealt to lipesticky [Kc Jh]
Buzzmu folds
trdfo raises 3000.00 to 3000.00
eagle1111 folds
GRUAIRPORT folds
Blauzito folds
lipesticky calls 3000.00
IhorTiha folds
Milleguito calls 1500.00
*** FLOP *** [As Js 6h]
Main pot 11350.00
Milleguito checks
trdfo bets 5789.00
lipesticky calls 5789.00
Milleguito folds
*** TURN *** [As Js 6h] [8d]
Main pot 22928.00
trdfo checks
lipesticky checks
*** RIVER *** [As Js 6h 8d] [3s]
Main pot 22928.00
trdfo checks
lipesticky checks
*** SHOW DOWN ***
Main pot 22928.00
lipesticky shows [Kc Jh] (a pair of Jacks [Js Jh As Kc 8d])
trdfo shows [9c Ac] (a pair of Aces [As Ac Js 9c 8d])
trdfo collected 22928.00 from main pot
*** SUMMARY ***
Total pot 22928.00
Board [As Js 6h 8d 3s]
Seat 1: lipesticky (button) showed [Kc Jh] and lost with a pair of Jacks [Js Jh As Kc 8d]
Seat 2: IhorTiha (small blind) folded on the Pre-Flop
Seat 3: Milleguito (big blind) folded on the Flop
Seat 4: Buzzmu folded on the Pre-Flop and did not bet
Seat 5: trdfo showed [9c Ac] and won 22928.00 with a pair of Aces [As Ac Js 9c 8d]
Seat 6: eagle1111 folded on the Pre-Flop and did not bet
Seat 7: GRUAIRPORT folded on the Pre-Flop and did not bet
Seat 8: Blauzito folded on the Pre-Flop and did not bet

Game Hand #2021324107 - Tournament #31163678 - Holdem (No Limit) - Level 3 (750.00/1500.00)- 2024/02/08 18:51:25 UTC
Table '46' 8-max Seat #2 is the button
Seat 1: lipesticky (131189.00)
Seat 2: IhorTiha (112282.00)
Seat 3: Milleguito (96925.00)
Seat 4: Buzzmu (91861.00)
Seat 5: trdfo (145089.00)
Seat 6: eagle1111 (155483.00)
Seat 7: GRUAIRPORT (105665.00)
Seat 8: Blauzito (117040.00)
lipesticky posts ante 200.00
IhorTiha posts ante 200.00
Milleguito posts ante 200.00
Buzzmu posts ante 200.00
trdfo posts ante 200.00
eagle1111 posts ante 200.00
GRUAIRPORT posts ante 200.00
Blauzito posts ante 200.00
Milleguito posts the small blind 750.00
Buzzmu posts the big blind 1500.00
*** HOLE CARDS ***
Main pot 1600.00
Dealt to lipesticky [9d Td]
trdfo folds
eagle1111 calls 1500.00
GRUAIRPORT raises 3750.00 to 3750.00
Blauzito folds
lipesticky calls 3750.00
IhorTiha folds
Milleguito folds
Buzzmu calls 2250.00
eagle1111 calls 2250.00
*** FLOP *** [Ad Ts Jh]
Main pot 17350.00
Buzzmu checks
eagle1111 checks
GRUAIRPORT checks
lipesticky checks
*** TURN *** [Ad Ts Jh] [9h]
Main pot 17350.00
Buzzmu bets 13013.00
eagle1111 folds
GRUAIRPORT calls 13013.00
lipesticky folds
*** RIVER *** [Ad Ts Jh 9h] [3s]
Main pot 43376.00
Buzzmu checks
GRUAIRPORT checks
*** SHOW DOWN ***
Main pot 43376.00
Buzzmu shows [Js Tc] (two pair, Jacks and Tens [Js Jh Ts Tc Ad])
GRUAIRPORT shows [8h Ah] (a pair of Aces [Ah Ad Jh Ts 9h])
Buzzmu collected 43376.00 from main pot
*** SUMMARY ***
Total pot 43376.00
Board [Ad Ts Jh 9h 3s]
Seat 1: lipesticky folded on the Turn
Seat 2: IhorTiha (button) folded on the Pre-Flop
Seat 3: Milleguito (small blind) folded on the Pre-Flop
Seat 4: Buzzmu (big blind) showed [Js Tc] and won 43376.00 with two pair, Jacks and Tens [Js Jh Ts Tc Ad]
Seat 5: trdfo folded on the Pre-Flop and did not bet
Seat 6: eagle1111 folded on the Turn
Seat 7: GRUAIRPORT showed [8h Ah] and lost with a pair of Aces [Ah Ad Jh Ts 9h]
Seat 8: Blauzito folded on the Pre-Flop and did not bet

Game Hand #2021325675 - Tournament #31163678 - Holdem (No Limit) - Level 3 (750.00/1500.00)- 2024/02/08 18:52:53 UTC
Table '46' 8-max Seat #3 is the button
Seat 1: lipesticky (127239.00)
Seat 2: IhorTiha (112082.00)
Seat 3: Milleguito (95975.00)
Seat 4: Buzzmu (118274.00)
Seat 5: trdfo (144889.00)
Seat 6: eagle1111 (151533.00)
Seat 7: GRUAIRPORT (88702.00)
Seat 8: Blauzito (116840.00)
lipesticky posts ante 200.00
IhorTiha posts ante 200.00
Milleguito posts ante 200.00
Buzzmu posts ante 200.00
trdfo posts ante 200.00
eagle1111 posts ante 200.00
GRUAIRPORT posts ante 200.00
Blauzito posts ante 200.00
Buzzmu posts the small blind 750.00
trdfo posts the big blind 1500.00
*** HOLE CARDS ***
Main pot 1600.00
Dealt to lipesticky [Kc Jc]
eagle1111 calls 1500.00
GRUAIRPORT folds
Blauzito folds
lipesticky raises 9000.00 to 9000.00
IhorTiha folds
Milleguito folds
Buzzmu folds
trdfo folds
eagle1111 calls 7500.00
*** FLOP *** [Ac 7c 3c]
Main pot 21850.00
eagle1111 checks
lipesticky bets 4211.00
eagle1111 folds
Uncalled bet (4211.00) returned to lipesticky
lipesticky does not show
*** SUMMARY ***
Total pot 21850.00
Board [Ac 7c 3c]
Seat 1: lipesticky did not show and won 21850.00
Seat 2: IhorTiha folded on the Pre-Flop and did not bet
Seat 3: Milleguito (button) folded on the Pre-Flop
Seat 4: Buzzmu (small blind) folded on the Pre-Flop
Seat 5: trdfo (big blind) folded on the Pre-Flop
Seat 6: eagle1111 folded on the Flop
Seat 7: GRUAIRPORT folded on the Pre-Flop and did not bet
Seat 8: Blauzito folded on the Pre-Flop and did not bet

Game Hand #2021326890 - Tournament #31163678 - Holdem (No Limit) - Level 3 (750.00/1500.00)- 2024/02/08 18:54:01 UTC
Table '46' 8-max Seat #4 is the button
Seat 1: lipesticky (139889.00)
Seat 2: IhorTiha (111882.00)
Seat 3: Milleguito (95775.00)
Seat 4: Buzzmu (117324.00)
Seat 5: trdfo (143189.00)
Seat 6: eagle1111 (142333.00)
Seat 7: GRUAIRPORT (88502.00)
Seat 8: Blauzito (116640.00)
lipesticky posts ante 200.00
IhorTiha posts ante 200.00
Milleguito posts ante 200.00
Buzzmu posts ante 200.00
trdfo posts ante 200.00
eagle1111 posts ante 200.00
GRUAIRPORT posts ante 200.00
Blauzito posts ante 200.00
trdfo posts the small blind 750.00
eagle1111 posts the big blind 1500.00
*** HOLE CARDS ***
Main pot 1600.00
Dealt to lipesticky [Jh 6s]
GRUAIRPORT folds
Blauzito folds
lipesticky folds
IhorTiha folds
Milleguito folds
Buzzmu raises 3400.00 to 3400.00
trdfo folds
eagle1111 calls 1900.00
*** FLOP *** [2d 8s Ts]
Main pot 9150.00
eagle1111 checks
Buzzmu bets 3000.00
eagle1111 calls 3000.00
*** TURN *** [2d 8s Ts] [Qc]
Main pot 15150.00
eagle1111 checks
Buzzmu bets 9900.00
eagle1111 calls 9900.00
*** RIVER *** [2d 8s Ts Qc] [Qd]
Main pot 34950.00
eagle1111 checks
Buzzmu checks
*** SHOW DOWN ***
Main pot 34950.00
Buzzmu shows [8c Td] (two pair, Queens and Tens [Qd Qc Ts Td 8s])
eagle1111 shows [5s 3s] (a pair of Queens [Qd Qc Ts 8s 5s])
Buzzmu collected 34950.00 from main pot
*** SUMMARY ***
Total pot 34950.00
Board [2d 8s Ts Qc Qd]
Seat 1: lipesticky folded on the Pre-Flop and did not bet
Seat 2: IhorTiha folded on the Pre-Flop and did not bet
Seat 3: Milleguito folded on the Pre-Flop and did not bet
Seat 4: Buzzmu (button) showed [8c Td] and won 34950.00 with two pair, Queens and Tens [Qd Qc Ts Td 8s]
Seat 5: trdfo (small blind) folded on the Pre-Flop
Seat 6: eagle1111 (big blind) showed [5s 3s] and lost with a pair of Queens [Qd Qc Ts 8s 5s]
Seat 7: GRUAIRPORT folded on the Pre-Flop and did not bet
Seat 8: Blauzito folded on the Pre-Flop and did not bet

Game Hand #2021331578 - Tournament #31163678 - Holdem (No Limit) - Level 3 (750.00/1500.00)- 2024/02/08 19:02:22 UTC
Table '46' 8-max Seat #5 is the button
Seat 1: lipesticky (139689.00)
Seat 2: IhorTiha (111682.00)
Seat 3: Milleguito (95575.00)
Seat 5: trdfo (142239.00)
Seat 6: eagle1111 (125833.00)
Seat 7: GRUAIRPORT (88302.00)
Seat 8: Blauzito (116440.00)
lipesticky posts ante 200.00
IhorTiha posts ante 200.00
Milleguito posts ante 200.00
trdfo posts ante 200.00
eagle1111 posts ante 200.00
GRUAIRPORT posts ante 200.00
Blauzito posts ante 200.00
eagle1111 posts the small blind 750.00
GRUAIRPORT posts the big blind 1500.00
*** HOLE CARDS ***
Main pot 1400.00
Dealt to lipesticky [8h 3c]
Blauzito folds
lipesticky folds
IhorTiha folds
Milleguito folds
trdfo raises 3000.00 to 3000.00
eagle1111 calls 2250.00
GRUAIRPORT calls 1500.00
*** FLOP *** [Kc 9s As]
Main pot 10400.00
eagle1111 checks
GRUAIRPORT checks
trdfo checks
*** TURN *** [Kc 9s As] [2d]
Main pot 10400.00
eagle1111 checks
GRUAIRPORT checks
trdfo bets 2600.00
eagle1111 folds
GRUAIRPORT folds
Uncalled bet (2600.00) returned to trdfo
trdfo does not show
*** SUMMARY ***
Total pot 10400.00
Board [Kc 9s As 2d]
Seat 1: lipesticky folded on the Pre-Flop and did not bet
Seat 2: IhorTiha folded on the Pre-Flop and did not bet
Seat 3: Milleguito folded on the Pre-Flop and did not bet
Seat 5: trdfo did not show and won 10400.00
Seat 6: eagle1111 (small blind) folded on the Turn
Seat 7: GRUAIRPORT (big blind) folded on the Turn
Seat 8: Blauzito folded on the Pre-Flop and did not bet

Game Hand #2021333225 - Tournament #31163678 - Holdem (No Limit) - Level 3 (750.00/1500.00)- 2024/02/08 19:04:04 UTC
Table '46' 8-max Seat #6 is the button
Seat 1: lipesticky (139489.00)
Seat 2: IhorTiha (111482.00)
Seat 3: Milleguito (95375.00)
Seat 5: trdfo (149439.00)
Seat 6: eagle1111 (122633.00)
Seat 7: GRUAIRPORT (85102.00)
Seat 8: Blauzito (116240.00)
lipesticky posts ante 200.00
IhorTiha posts ante 200.00
Milleguito posts ante 200.00
trdfo posts ante 200.00
eagle1111 posts ante 200.00
GRUAIRPORT posts ante 200.00
Blauzito posts ante 200.00
GRUAIRPORT posts the small blind 750.00
Blauzito posts the big blind 1500.00
*** HOLE CARDS ***
Main pot 1400.00
Dealt to lipesticky [2d Tc]
lipesticky folds
IhorTiha folds
Milleguito raises 3000.00 to 3000.00
trdfo folds
eagle1111 folds
GRUAIRPORT folds
Blauzito calls 1500.00
*** FLOP *** [7s Jh 8h]
Main pot 8150.00
Blauzito checks
Milleguito bets 2690.00
Blauzito calls 2690.00
*** TURN *** [7s Jh 8h] [Kc]
Main pot 13530.00
Blauzito checks
Milleguito bets 7442.00
Blauzito raises 19069.00 to 19069.00
Milleguito folds
Uncalled bet (11627.00) returned to Blauzito
Blauzito does not show
*** SUMMARY ***
Total pot 28414.00
Board [7s Jh 8h Kc]
Seat 1: lipesticky folded on the Pre-Flop and did not bet
Seat 2: IhorTiha folded on the Pre-Flop and did not bet
Seat 3: Milleguito folded on the Turn
Seat 5: trdfo folded on the Pre-Flop and did not bet
Seat 6: eagle1111 (button) folded on the Pre-Flop
Seat 7: GRUAIRPORT (small blind) folded on the Pre-Flop
Seat 8: Blauzito did not show and won 28414.00

Game Hand #2021334888 - Tournament #31163678 - Holdem (No Limit) - Level 3 (750.00/1500.00)- 2024/02/08 19:05:41 UTC
Table '46' 8-max Seat #7 is the button
Seat 1: lipesticky (139289.00)
Seat 2: IhorTiha (111282.00)
Seat 3: Milleguito (82043.00)
Seat 4: bbpedro22 (125000.00)
Seat 5: trdfo (149239.00)
Seat 6: eagle1111 (122433.00)
Seat 7: GRUAIRPORT (84152.00)
Seat 8: Blauzito (131322.00)
lipesticky posts ante 200.00
IhorTiha posts ante 200.00
Milleguito posts ante 200.00
bbpedro22 posts ante 200.00
trdfo posts ante 200.00
eagle1111 posts ante 200.00
GRUAIRPORT posts ante 200.00
Blauzito posts ante 200.00
Blauzito posts the small blind 750.00
lipesticky posts the big blind 1500.00
*** HOLE CARDS ***
Main pot 1600.00
Dealt to lipesticky [9c 3c]
IhorTiha folds
Milleguito raises 3000.00 to 3000.00
bbpedro22 raises 9750.00 to 9750.00
trdfo folds
eagle1111 folds
GRUAIRPORT folds
Blauzito folds
lipesticky folds
Milleguito folds
Uncalled bet (6750.00) returned to bbpedro22
bbpedro22 does not show
*** SUMMARY ***
Total pot 9850.00
Seat 1: lipesticky (big blind) folded on the Pre-Flop
Seat 2: IhorTiha folded on the Pre-Flop and did not bet
Seat 3: Milleguito folded on the Pre-Flop and did not bet
Seat 4: bbpedro22 did not show and won 9850.00
Seat 5: trdfo folded on the Pre-Flop and did not bet
Seat 6: eagle1111 folded on the Pre-Flop and did not bet
Seat 7: GRUAIRPORT (button) folded on the Pre-Flop
Seat 8: Blauzito (small blind) folded on the Pre-Flop

Game Hand #2021335709 - Tournament #31163678 - Holdem (No Limit) - Level 3 (750.00/1500.00)- 2024/02/08 19:06:30 UTC
Table '46' 8-max Seat #8 is the button
Seat 1: lipesticky (137589.00)
Seat 2: IhorTiha (111082.00)
Seat 3: Milleguito (78843.00)
Seat 4: bbpedro22 (131650.00)
Seat 5: trdfo (149039.00)
Seat 6: eagle1111 (122233.00)
Seat 7: GRUAIRPORT (83952.00)
Seat 8: Blauzito (130372.00)
lipesticky posts ante 200.00
IhorTiha posts ante 200.00
Milleguito posts ante 200.00
bbpedro22 posts ante 200.00
trdfo posts ante 200.00
eagle1111 posts ante 200.00
GRUAIRPORT posts ante 200.00
Blauzito posts ante 200.00
lipesticky posts the small blind 750.00
IhorTiha posts the big blind 1500.00
*** HOLE CARDS ***
Main pot 1600.00
Dealt to lipesticky [3s 2s]
Milleguito folds
bbpedro22 folds
trdfo raises 3000.00 to 3000.00
eagle1111 calls 3000.00
GRUAIRPORT folds
Blauzito folds
lipesticky folds
IhorTiha folds
*** FLOP *** [Jh 5d 6s]
Main pot 9850.00
trdfo bets 5024.00
eagle1111 calls 5024.00
*** TURN *** [Jh 5d 6s] [8d]
Main pot 19898.00
trdfo bets 12934.00
eagle1111 folds
Uncalled bet (12934.00) returned to trdfo
trdfo does not show
*** SUMMARY ***
Total pot 19898.00
Board [Jh 5d 6s 8d]
Seat 1: lipesticky (small blind) folded on the Pre-Flop
Seat 2: IhorTiha (big blind) folded on the Pre-Flop
Seat 3: Milleguito folded on the Pre-Flop and did not bet
Seat 4: bbpedro22 folded on the Pre-Flop and did not bet
Seat 5: trdfo did not show and won 19898.00
Seat 6: eagle1111 folded on the Turn
Seat 7: GRUAIRPORT folded on the Pre-Flop and did not bet
Seat 8: Blauzito (button) folded on the Pre-Flop

Game Hand #2021336811 - Tournament #31163678 - Holdem (No Limit) - Level 3 (750.00/1500.00)- 2024/02/08 19:07:34 UTC
Table '46' 8-max Seat #1 is the button
Seat 1: lipesticky (136639.00)
Seat 2: IhorTiha (109382.00)
Seat 3: Milleguito (78643.00)
Seat 4: bbpedro22 (131450.00)
Seat 5: trdfo (160713.00)
Seat 6: eagle1111 (114009.00)
Seat 7: GRUAIRPORT (83752.00)
Seat 8: Blauzito (130172.00)
lipesticky posts ante 200.00
IhorTiha posts ante 200.00
Milleguito posts ante 200.00
bbpedro22 posts ante 200.00
trdfo posts ante 200.00
eagle1111 posts ante 200.00
GRUAIRPORT posts ante 200.00
Blauzito posts ante 200.00
IhorTiha posts the small blind 750.00
Milleguito posts the big blind 1500.00
*** HOLE CARDS ***
Main pot 1600.00
Dealt to lipesticky [5h 9c]
bbpedro22 folds
trdfo folds
eagle1111 folds
GRUAIRPORT folds
Blauzito folds
lipesticky folds
IhorTiha folds
Milleguito does not show
*** SUMMARY ***
Total pot 3850.00
Seat 1: lipesticky (button) folded on the Pre-Flop
Seat 2: IhorTiha (small blind) folded on the Pre-Flop
Seat 3: Milleguito did not show and won 3850.00
Seat 4: bbpedro22 folded on the Pre-Flop and did not bet
Seat 5: trdfo folded on the Pre-Flop and did not bet
Seat 6: eagle1111 folded on the Pre-Flop and did not bet
Seat 7: GRUAIRPORT folded on the Pre-Flop and did not bet
Seat 8: Blauzito folded on the Pre-Flop and did not bet

Game Hand #2021337160 - Tournament #31163678 - Holdem (No Limit) - Level 3 (750.00/1500.00)- 2024/02/08 19:07:55 UTC
Table '46' 8-max Seat #2 is the button
Seat 1: lipesticky (136439.00)
Seat 2: IhorTiha (108432.00)
Seat 3: Milleguito (80793.00)
Seat 4: bbpedro22 (131250.00)
Seat 5: trdfo (160513.00)
Seat 6: eagle1111 (113809.00)
Seat 7: GRUAIRPORT (83552.00)
Seat 8: Blauzito (129972.00)
lipesticky posts ante 200.00
IhorTiha posts ante 200.00
Milleguito posts ante 200.00
bbpedro22 posts ante 200.00
trdfo posts ante 200.00
eagle1111 posts ante 200.00
GRUAIRPORT posts ante 200.00
Blauzito posts ante 200.00
Milleguito posts the small blind 750.00
bbpedro22 posts the big blind 1500.00
*** HOLE CARDS ***
Main pot 1600.00
Dealt to lipesticky [8d Kd]
trdfo folds
eagle1111 folds
GRUAIRPORT raises 3000.00 to 3000.00
Blauzito folds
lipesticky raises 9000.00 to 9000.00
IhorTiha folds
Milleguito folds
bbpedro22 folds
GRUAIRPORT raises 17675.00 to 20675.00
lipesticky calls 11675.00
*** FLOP *** [6s Kc 3s]
Main pot 45200.00
GRUAIRPORT bets 12800.00
lipesticky calls 12800.00
*** TURN *** [6s Kc 3s] [5c]
Main pot 70800.00
GRUAIRPORT bets 49877.00 and is all-in
lipesticky folds
Uncalled bet (49877.00) returned to GRUAIRPORT
GRUAIRPORT does not show
*** SUMMARY ***
Total pot 70800.00
Board [6s Kc 3s 5c]
Seat 1: lipesticky folded on the Turn
Seat 2: IhorTiha (button) folded on the Pre-Flop
Seat 3: Milleguito (small blind) folded on the Pre-Flop
Seat 4: bbpedro22 (big blind) folded on the Pre-Flop
Seat 5: trdfo folded on the Pre-Flop and did not bet
Seat 6: eagle1111 folded on the Pre-Flop and did not bet
Seat 7: GRUAIRPORT did not show and won 70800.00
Seat 8: Blauzito folded on the Pre-Flop and did not bet

Game Hand #2021339616 - Tournament #31163678 - Holdem (No Limit) - Level 3 (750.00/1500.00)- 2024/02/08 19:10:23 UTC
Table '46' 8-max Seat #3 is the button
Seat 1: lipesticky (102764.00)
Seat 2: IhorTiha (108232.00)
Seat 3: Milleguito (79843.00)
Seat 4: bbpedro22 (129550.00)
Seat 5: trdfo (160313.00)
Seat 6: eagle1111 (113609.00)
Seat 7: GRUAIRPORT (120677.00)
Seat 8: Blauzito (129772.00)
lipesticky posts ante 200.00
IhorTiha posts ante 200.00
Milleguito posts ante 200.00
bbpedro22 posts ante 200.00
trdfo posts ante 200.00
eagle1111 posts ante 200.00
GRUAIRPORT posts ante 200.00
Blauzito posts ante 200.00
bbpedro22 posts the small blind 750.00
trdfo posts the big blind 1500.00
*** HOLE CARDS ***
Main pot 1600.00
Dealt to lipesticky [Ad Tc]
eagle1111 folds
GRUAIRPORT folds
Blauzito folds
lipesticky raises 3150.00 to 3150.00
IhorTiha folds
Milleguito folds
bbpedro22 folds
trdfo calls 1650.00
*** FLOP *** [Ks 8h Ts]
Main pot 8650.00
trdfo checks
lipesticky bets 2105.00
trdfo calls 2105.00
*** TURN *** [Ks 8h Ts] [5d]
Main pot 12860.00
trdfo checks
lipesticky checks
*** RIVER *** [Ks 8h Ts 5d] [Td]
Main pot 12860.00
trdfo bets 4244.00
lipesticky raises 18334.00 to 18334.00
trdfo raises 32684.00 to 36928.00
lipesticky calls 18594.00
*** SHOW DOWN ***
Main pot 86716.00
lipesticky shows [Ad Tc] (three of a kind, Set of Tens [Ts Td Tc Ad Ks])
trdfo shows [7s 6d] (a pair of Tens [Ts Td Ks 8h 7s])
lipesticky collected 86716.00 from main pot
*** SUMMARY ***
Total pot 86716.00
Board [Ks 8h Ts 5d Td]
Seat 1: lipesticky showed [Ad Tc] and won 86716.00 with three of a kind, Set of Tens [Ts Td Tc Ad Ks]
Seat 2: IhorTiha folded on the Pre-Flop and did not bet
Seat 3: Milleguito (button) folded on the Pre-Flop
Seat 4: bbpedro22 (small blind) folded on the Pre-Flop
Seat 5: trdfo (big blind) showed [7s 6d] and lost with a pair of Tens [Ts Td Ks 8h 7s]
Seat 6: eagle1111 folded on the Pre-Flop and did not bet
Seat 7: GRUAIRPORT folded on the Pre-Flop and did not bet
Seat 8: Blauzito folded on the Pre-Flop and did not bet

Game Hand #2021341468 - Tournament #31163678 - Holdem (No Limit) - Level 3 (750.00/1500.00)- 2024/02/08 19:12:16 UTC
Table '46' 8-max Seat #4 is the button
Seat 1: lipesticky (147097.00)
Seat 2: IhorTiha (108032.00)
Seat 3: Milleguito (79643.00)
Seat 4: bbpedro22 (128600.00)
Seat 5: trdfo (117930.00)
Seat 6: eagle1111 (113409.00)
Seat 7: GRUAIRPORT (120477.00)
Seat 8: Blauzito (129572.00)
lipesticky posts ante 200.00
IhorTiha posts ante 200.00
Milleguito posts ante 200.00
bbpedro22 posts ante 200.00
trdfo posts ante 200.00
eagle1111 posts ante 200.00
GRUAIRPORT posts ante 200.00
Blauzito posts ante 200.00
trdfo posts the small blind 750.00
eagle1111 posts the big blind 1500.00
*** HOLE CARDS ***
Main pot 1600.00
Dealt to lipesticky [Kd 2s]
GRUAIRPORT folds
Blauzito folds
lipesticky folds
IhorTiha folds
Milleguito folds
bbpedro22 folds
trdfo folds
eagle1111 does not show
*** SUMMARY ***
Total pot 3850.00
Seat 1: lipesticky folded on the Pre-Flop and did not bet
Seat 2: IhorTiha folded on the Pre-Flop and did not bet
Seat 3: Milleguito folded on the Pre-Flop and did not bet
Seat 4: bbpedro22 (button) folded on the Pre-Flop
Seat 5: trdfo (small blind) folded on the Pre-Flop
Seat 6: eagle1111 did not show and won 3850.00
Seat 7: GRUAIRPORT folded on the Pre-Flop and did not bet
Seat 8: Blauzito folded on the Pre-Flop and did not bet

Game Hand #2021342113 - Tournament #31163678 - Holdem (No Limit) - Level 4 (1000.00/2000.00)- 2024/02/08 19:12:56 UTC
Table '46' 8-max Seat #5 is the button
Seat 1: lipesticky (146897.00)
Seat 2: IhorTiha (107832.00)
Seat 3: Milleguito (79443.00)
Seat 4: bbpedro22 (128400.00)
Seat 5: trdfo (116980.00)
Seat 6: eagle1111 (115559.00)
Seat 7: GRUAIRPORT (120277.00)
Seat 8: Blauzito (129372.00)
lipesticky posts ante 300.00
IhorTiha posts ante 300.00
Milleguito posts ante 300.00
bbpedro22 posts ante 300.00
trdfo posts ante 300.00
eagle1111 posts ante 300.00
GRUAIRPORT posts ante 300.00
Blauzito posts ante 300.00
eagle1111 posts the small blind 1000.00
GRUAIRPORT posts the big blind 2000.00
*** HOLE CARDS ***
Main pot 2400.00
Dealt to lipesticky [3d 7d]
Blauzito folds
lipesticky folds
IhorTiha folds
Milleguito folds
bbpedro22 raises 4000.00 to 4000.00
trdfo folds
eagle1111 calls 3000.00
GRUAIRPORT calls 2000.00
*** FLOP *** [Jc Ac Qs]
Main pot 14400.00
eagle1111 bets 4000.00
GRUAIRPORT calls 4000.00
bbpedro22 raises 16000.00 to 16000.00
eagle1111 folds
GRUAIRPORT calls 12000.00
*** TURN *** [Jc Ac Qs] [2s]
Main pot 50400.00
GRUAIRPORT checks
bbpedro22 bets 38312.00
GRUAIRPORT calls 38312.00
*** RIVER *** [Jc Ac Qs 2s] [2h]
Main pot 127024.00
GRUAIRPORT bets 57665.00
bbpedro22 raises 69788.00 to 69788.00 and is all-in
GRUAIRPORT calls 4000.00 and is all-in
Uncalled bet (8123.00) returned to bbpedro22
*** SHOW DOWN ***
Main pot 250354.00
bbpedro22 shows [Qd Ad] (two pair, Aces and Queens [Ad Ac Qs Qd Jc])
GRUAIRPORT shows [2c 6c] (three of a kind, Set of Deuces [2s 2h 2c Ac Qs])
GRUAIRPORT collected 250354.00 from main pot
*** SUMMARY ***
Total pot 250354.00
Board [Jc Ac Qs 2s 2h]
Seat 1: lipesticky folded on the Pre-Flop and did not bet
Seat 2: IhorTiha folded on the Pre-Flop and did not bet
Seat 3: Milleguito folded on the Pre-Flop and did not bet
Seat 4: bbpedro22 showed [Qd Ad] and lost with two pair, Aces and Queens [Ad Ac Qs Qd Jc]
Seat 5: trdfo (button) folded on the Pre-Flop
Seat 6: eagle1111 (small blind) folded on the Flop
Seat 7: GRUAIRPORT (big blind) showed [2c 6c] and won 250354.00 with three of a kind, Set of Deuces [2s 2h 2c Ac Qs]
Seat 8: Blauzito folded on the Pre-Flop and did not bet

Game Hand #2021344075 - Tournament #31163678 - Holdem (No Limit) - Level 4 (1000.00/2000.00)- 2024/02/08 19:14:58 UTC
Table '46' 8-max Seat #6 is the button
Seat 1: lipesticky (146597.00)
Seat 2: IhorTiha (107532.00)
Seat 3: Milleguito (79143.00)
Seat 4: bbpedro22 (8123.00)
Seat 5: trdfo (116680.00)
Seat 6: eagle1111 (107259.00)
Seat 7: GRUAIRPORT (250354.00)
Seat 8: Blauzito (129072.00)
lipesticky posts ante 300.00
IhorTiha posts ante 300.00
Milleguito posts ante 300.00
bbpedro22 posts ante 300.00
trdfo posts ante 300.00
eagle1111 posts ante 300.00
GRUAIRPORT posts ante 300.00
Blauzito posts ante 300.00
GRUAIRPORT posts the small blind 1000.00
Blauzito posts the big blind 2000.00
*** HOLE CARDS ***
Main pot 2400.00
Dealt to lipesticky [Jd Ks]
lipesticky raises 4200.00 to 4200.00
IhorTiha calls 4200.00
Milleguito calls 4200.00
bbpedro22 folds
trdfo folds
eagle1111 folds
GRUAIRPORT folds
Blauzito calls 2200.00
*** FLOP *** [6c 5s Ts]
Main pot 20200.00
Blauzito checks
lipesticky checks
IhorTiha bets 6666.00
Milleguito folds
Blauzito raises 18732.00 to 18732.00
lipesticky folds
IhorTiha raises 33095.00 to 39761.00
Blauzito folds
Uncalled bet (21029.00) returned to IhorTiha
IhorTiha does not show
*** SUMMARY ***
Total pot 57664.00
Board [6c 5s Ts]
Seat 1: lipesticky folded on the Flop
Seat 2: IhorTiha did not show and won 57664.00
Seat 3: Milleguito folded on the Flop
Seat 4: bbpedro22 folded on the Pre-Flop and did not bet
Seat 5: trdfo folded on the Pre-Flop and did not bet
Seat 6: eagle1111 (button) folded on the Pre-Flop
Seat 7: GRUAIRPORT (small blind) folded on the Pre-Flop
Seat 8: Blauzito (big blind) folded on the Flop

Game Hand #2021345676 - Tournament #31163678 - Holdem (No Limit) - Level 4 (1000.00/2000.00)- 2024/02/08 19:16:35 UTC
Table '46' 8-max Seat #7 is the button
Seat 1: lipesticky (142097.00)
Seat 3: Milleguito (74643.00)
Seat 4: bbpedro22 (7823.00)
Seat 8: Blauzito (105840.00)
lipesticky posts ante 300.00
Milleguito posts ante 300.00
bbpedro22 posts ante 300.00
Blauzito posts ante 300.00
Blauzito posts the small blind 1000.00
lipesticky posts the big blind 2000.00
*** HOLE CARDS ***
Main pot 1200.00
Dealt to lipesticky [As 2s]
Milleguito folds
bbpedro22 raises 7523.00 to 7523.00 and is all-in
Blauzito calls 6523.00
lipesticky calls 5523.00
*** FLOP *** [Ts 4c 3c]
Main pot 23769.00
Blauzito bets 7844.00
lipesticky calls 7844.00
*** TURN *** [Ts 4c 3c] [4h]
Main pot 23769.00
Side pot(1) 15688.00
Blauzito checks
lipesticky checks
*** RIVER *** [Ts 4c 3c 4h] [Qc]
Main pot 23769.00
Side pot(1) 15688.00
Blauzito bets 26436.00
lipesticky folds
Uncalled bet (26436.00) returned to Blauzito
*** SHOW DOWN ***
Main pot 23769.00
Side pot(1) 15688.00
bbpedro22 shows [Qd 5d] (two pair, Queens and Fours [Qd Qc 4h 4c Ts])
Blauzito shows [7d Qh] (two pair, Queens and Fours [Qh Qc 4h 4c Ts])
bbpedro22 collected 11884.00 from main pot
Blauzito collected 11885.00 from main pot
Blauzito collected 15688.00 from side pot-1
*** SUMMARY ***
Total pot 39457.00
Board [Ts 4c 3c 4h Qc]
Seat 1: lipesticky (big blind) folded on the River
Seat 3: Milleguito folded on the Pre-Flop and did not bet
Seat 4: bbpedro22 showed [Qd 5d] and won 11884.00 with two pair, Queens and Fours [Qd Qc 4h 4c Ts]
Seat 8: Blauzito (small blind) showed [7d Qh] and won 27573.00 with two pair, Queens and Fours [Qh Qc 4h 4c Ts]

Game Hand #2021347372 - Tournament #31163678 - Holdem (No Limit) - Level 4 (1000.00/2000.00)- 2024/02/08 19:18:20 UTC
Table '46' 8-max Seat #8 is the button
Seat 1: lipesticky (126430.00)
Seat 2: iambot00 (167867.00)
Seat 3: Milleguito (74343.00)
Seat 4: bbpedro22 (11884.00)
Seat 5: WSOPchamp2024 (37634.00)
Seat 8: Blauzito (117746.00)
lipesticky posts ante 300.00
iambot00 posts ante 300.00
Milleguito posts ante 300.00
bbpedro22 posts ante 300.00
WSOPchamp2024 posts ante 300.00
Blauzito posts ante 300.00
lipesticky posts the small blind 1000.00
iambot00 posts the big blind 2000.00
*** HOLE CARDS ***
Main pot 1800.00
Dealt to lipesticky [6h 7s]
Milleguito folds
bbpedro22 raises 11584.00 to 11584.00 and is all-in
WSOPchamp2024 folds
Blauzito raises 21168.00 to 21168.00
lipesticky folds
iambot00 calls 19168.00
*** FLOP *** [2s Jd Js]
Main pot 37552.00
Side pot(1) 19168.00
iambot00 checks
Blauzito bets 14180.00
iambot00 folds
Uncalled bet (14180.00) returned to Blauzito
*** TURN *** [2s Jd Js] [5c]
Main pot 37552.00
Side pot(1) 19168.00
*** RIVER *** [2s Jd Js 5c] [6c]
Main pot 37552.00
Side pot(1) 19168.00
*** SHOW DOWN ***
Main pot 37552.00
Side pot(1) 19168.00
bbpedro22 shows [Jc 4c] (three of a kind, Set of Jacks [Js Jd Jc 6c 5c])
Blauzito shows [9c Qd] (a pair of Jacks [Js Jd Qd 9c 6c])
bbpedro22 collected 37552.00 from main pot
Blauzito collected 19168.00 from side pot-1
*** SUMMARY ***
Total pot 56720.00
Board [2s Jd Js 5c 6c]
Seat 1: lipesticky (small blind) folded on the Pre-Flop
Seat 2: iambot00 (big blind) folded on the Flop
Seat 3: Milleguito folded on the Pre-Flop and did not bet
Seat 4: bbpedro22 showed [Jc 4c] and won 37552.00 with three of a kind, Set of Jacks [Js Jd Jc 6c 5c]
Seat 5: WSOPchamp2024 folded on the Pre-Flop and did not bet
Seat 8: Blauzito (button) showed [9c Qd] and won 19168.00 with a pair of Jacks [Js Jd Qd 9c 6c]

Game Hand #2021348663 - Tournament #31163678 - Holdem (No Limit) - Level 4 (1000.00/2000.00)- 2024/02/08 19:19:40 UTC
Table '46' 8-max Seat #1 is the button
Seat 1: lipesticky (125130.00)
Seat 2: iambot00 (146399.00)
Seat 3: Milleguito (74043.00)
Seat 4: bbpedro22 (37552.00)
Seat 5: WSOPchamp2024 (37334.00)
Seat 6: thefederal07 (125884.00)
Seat 7: kroxce (125000.00)
Seat 8: Blauzito (115446.00)
lipesticky posts ante 300.00
iambot00 posts ante 300.00
Milleguito posts ante 300.00
bbpedro22 posts ante 300.00
WSOPchamp2024 posts ante 300.00
thefederal07 posts ante 300.00
kroxce posts ante 300.00
Blauzito posts ante 300.00
iambot00 posts the small blind 1000.00
Milleguito posts the big blind 2000.00
*** HOLE CARDS ***
Main pot 2400.00
Dealt to lipesticky [Kh 2s]
bbpedro22 folds
WSOPchamp2024 folds
thefederal07 folds
kroxce folds
Blauzito raises 4000.00 to 4000.00
lipesticky folds
iambot00 calls 3000.00
Milleguito folds
*** FLOP *** [9d 3s 4d]
Main pot 12400.00
iambot00 checks
Blauzito bets 4092.00
iambot00 folds
Uncalled bet (4092.00) returned to Blauzito
Blauzito does not show
*** SUMMARY ***
Total pot 12400.00
Board [9d 3s 4d]
Seat 1: lipesticky (button) folded on the Pre-Flop
Seat 2: iambot00 (small blind) folded on the Flop
Seat 3: Milleguito (big blind) folded on the Pre-Flop
Seat 4: bbpedro22 folded on the Pre-Flop and did not bet
Seat 5: WSOPchamp2024 folded on the Pre-Flop and did not bet
Seat 6: thefederal07 folded on the Pre-Flop and did not bet
Seat 7: kroxce folded on the Pre-Flop and did not bet
Seat 8: Blauzito did not show and won 12400.00

Game Hand #2021349935 - Tournament #31163678 - Holdem (No Limit) - Level 4 (1000.00/2000.00)- 2024/02/08 19:21:00 UTC
Table '46' 8-max Seat #2 is the button
Seat 1: lipesticky (124830.00)
Seat 2: iambot00 (142099.00)
Seat 3: Milleguito (71743.00)
Seat 4: bbpedro22 (37252.00)
Seat 5: WSOPchamp2024 (37034.00)
Seat 6: thefederal07 (125584.00)
Seat 7: kroxce (124700.00)
Seat 8: Blauzito (123546.00)
lipesticky posts ante 300.00
iambot00 posts ante 300.00
Milleguito posts ante 300.00
bbpedro22 posts ante 300.00
WSOPchamp2024 posts ante 300.00
thefederal07 posts ante 300.00
kroxce posts ante 300.00
Blauzito posts ante 300.00
Milleguito posts the small blind 1000.00
bbpedro22 posts the big blind 2000.00
*** HOLE CARDS ***
Main pot 2400.00
Dealt to lipesticky [Qs 6s]
WSOPchamp2024 folds
thefederal07 folds
kroxce folds
Blauzito folds
lipesticky raises 4200.00 to 4200.00
iambot00 folds
Milleguito raises 14000.00 to 15000.00
bbpedro22 folds
lipesticky calls 10800.00
*** FLOP *** [4d 8c 2c]
Main pot 34400.00
Milleguito bets 11352.00
lipesticky folds
Uncalled bet (11352.00) returned to Milleguito
Milleguito does not show
*** SUMMARY ***
Total pot 34400.00
Board [4d 8c 2c]
Seat 1: lipesticky folded on the Flop
Seat 2: iambot00 (button) folded on the Pre-Flop
Seat 3: Milleguito did not show and won 34400.00
Seat 4: bbpedro22 (big blind) folded on the Pre-Flop
Seat 5: WSOPchamp2024 folded on the Pre-Flop and did not bet
Seat 6: thefederal07 folded on the Pre-Flop and did not bet
Seat 7: kroxce folded on the Pre-Flop and did not bet
Seat 8: Blauzito folded on the Pre-Flop and did not bet

Game Hand #2021351275 - Tournament #31163678 - Holdem (No Limit) - Level 4 (1000.00/2000.00)- 2024/02/08 19:22:21 UTC
Table '46' 8-max Seat #3 is the button
Seat 1: lipesticky (109530.00)
Seat 2: iambot00 (141799.00)
Seat 3: Milleguito (90843.00)
Seat 4: bbpedro22 (34952.00)
Seat 5: WSOPchamp2024 (36734.00)
Seat 6: thefederal07 (125284.00)
Seat 7: kroxce (124400.00)
Seat 8: Blauzito (123246.00)
lipesticky posts ante 300.00
iambot00 posts ante 300.00
Milleguito posts ante 300.00
bbpedro22 posts ante 300.00
WSOPchamp2024 posts ante 300.00
thefederal07 posts ante 300.00
kroxce posts ante 300.00
Blauzito posts ante 300.00
bbpedro22 posts the small blind 1000.00
WSOPchamp2024 posts the big blind 2000.00
*** HOLE CARDS ***
Main pot 2400.00
Dealt to lipesticky [9c Js]
thefederal07 folds
kroxce folds
Blauzito folds
lipesticky folds
iambot00 folds
Milleguito raises 4000.00 to 4000.00
bbpedro22 raises 33652.00 to 34652.00 and is all-in
WSOPchamp2024 raises 34434.00 to 36434.00 and is all-in
Milleguito folds
Uncalled bet (1782.00) returned to WSOPchamp2024
*** FLOP *** [9h 3d Jh]
Main pot 75704.00
*** TURN *** [9h 3d Jh] [4h]
Main pot 75704.00
*** RIVER *** [9h 3d Jh 4h] [6d]
Main pot 75704.00
*** SHOW DOWN ***
Main pot 75704.00
bbpedro22 shows [Qs Ah] (a high card, Ace high [Ah Qs Jh 9h 6d])
WSOPchamp2024 shows [Tc Ac] (a high card, Ace high [Ac Jh Tc 9h 6d])
bbpedro22 collected 75704.00 from main pot
*** SUMMARY ***
Total pot 75704.00
Board [9h 3d Jh 4h 6d]
Seat 1: lipesticky folded on the Pre-Flop and did not bet
Seat 2: iambot00 folded on the Pre-Flop and did not bet
Seat 3: Milleguito (button) folded on the Pre-Flop
Seat 4: bbpedro22 (small blind) showed [Qs Ah] and won 75704.00 with a high card, Ace high [Ah Qs Jh 9h 6d] with the kicker Queen
Seat 5: WSOPchamp2024 (big blind) showed [Tc Ac] and lost with a high card, Ace high [Ac Jh Tc 9h 6d]
Seat 6: thefederal07 folded on the Pre-Flop and did not bet
Seat 7: kroxce folded on the Pre-Flop and did not bet
Seat 8: Blauzito folded on the Pre-Flop and did not bet

Game Hand #2021352101 - Tournament #31163678 - Holdem (No Limit) - Level 4 (1000.00/2000.00)- 2024/02/08 19:23:14 UTC
Table '46' 8-max Seat #4 is the button
Seat 1: lipesticky (109230.00)
Seat 2: iambot00 (141499.00)
Seat 3: Milleguito (86543.00)
Seat 4: bbpedro22 (75704.00)
Seat 5: WSOPchamp2024 (1782.00)
Seat 6: thefederal07 (124984.00)
Seat 7: kroxce (124100.00)
Seat 8: Blauzito (122946.00)
lipesticky posts ante 300.00
iambot00 posts ante 300.00
Milleguito posts ante 300.00
bbpedro22 posts ante 300.00
WSOPchamp2024 posts ante 300.00
thefederal07 posts ante 300.00
kroxce posts ante 300.00
Blauzito posts ante 300.00
WSOPchamp2024 posts the small blind 1000.00
thefederal07 posts the big blind 2000.00
*** HOLE CARDS ***
Main pot 2400.00
Dealt to lipesticky [6h 9s]
kroxce folds
Blauzito raises 4000.00 to 4000.00
lipesticky folds
iambot00 folds
Milleguito folds
bbpedro22 raises 17000.00 to 17000.00
WSOPchamp2024 folds
thefederal07 folds
Blauzito raises 118646.00 to 122646.00 and is all-in
bbpedro22 folds
Uncalled bet (105646.00) returned to Blauzito
Blauzito does not show
*** SUMMARY ***
Total pot 39400.00
Seat 1: lipesticky folded on the Pre-Flop and did not bet
Seat 2: iambot00 folded on the Pre-Flop and did not bet
Seat 3: Milleguito folded on the Pre-Flop and did not bet
Seat 4: bbpedro22 (button) folded on the Pre-Flop
Seat 5: WSOPchamp2024 (small blind) folded on the Pre-Flop
Seat 6: thefederal07 (big blind) folded on the Pre-Flop
Seat 7: kroxce folded on the Pre-Flop and did not bet
Seat 8: Blauzito did not show and won 39400.00

Game Hand #2021353036 - Tournament #31163678 - Holdem (No Limit) - Level 4 (1000.00/2000.00)- 2024/02/08 19:24:12 UTC
Table '46' 8-max Seat #5 is the button
Seat 1: lipesticky (108930.00)
Seat 2: iambot00 (141199.00)
Seat 3: Milleguito (86243.00)
Seat 4: bbpedro22 (58404.00)
Seat 5: WSOPchamp2024 (482.00)
Seat 6: thefederal07 (122684.00)
Seat 7: kroxce (123800.00)
Seat 8: Blauzito (145046.00)
lipesticky posts ante 300.00
iambot00 posts ante 300.00
Milleguito posts ante 300.00
bbpedro22 posts ante 300.00
WSOPchamp2024 posts ante 300.00
thefederal07 posts ante 300.00
kroxce posts ante 300.00
Blauzito posts ante 300.00
thefederal07 posts the small blind 1000.00
kroxce posts the big blind 2000.00
*** HOLE CARDS ***
Main pot 2400.00
Dealt to lipesticky [5c Ac]
Blauzito folds
lipesticky raises 4200.00 to 4200.00
iambot00 folds
Milleguito folds
bbpedro22 folds
WSOPchamp2024 calls 182.00 and is all-in
thefederal07 folds
kroxce calls 2200.00
*** FLOP *** [6h Js Jh]
Main pot 3128.00
Side pot(1) 8854.00
kroxce checks
lipesticky bets 2954.00
kroxce calls 2954.00
*** TURN *** [6h Js Jh] [Ah]
Main pot 3128.00
Side pot(1) 14762.00
kroxce checks
lipesticky checks
*** RIVER *** [6h Js Jh Ah] [3d]
Main pot 3128.00
Side pot(1) 14762.00
kroxce checks
lipesticky checks
*** SHOW DOWN ***
Main pot 3128.00
Side pot(1) 14762.00
lipesticky shows [5c Ac] (two pair, Aces and Jacks [Ah Ac Js Jh 6h])
WSOPchamp2024 shows [Td Jd] (three of a kind, Set of Jacks [Js Jh Jd Ah Td])
kroxce shows [9c Th] (a pair of Jacks [Js Jh Ah Th 9c])
WSOPchamp2024 collected 3128.00 from main pot
lipesticky collected 14762.00 from side pot-1
*** SUMMARY ***
Total pot 17890.00
Board [6h Js Jh Ah 3d]
Seat 1: lipesticky showed [5c Ac] and won 14762.00 with two pair, Aces and Jacks [Ah Ac Js Jh 6h]
Seat 2: iambot00 folded on the Pre-Flop and did not bet
Seat 3: Milleguito folded on the Pre-Flop and did not bet
Seat 4: bbpedro22 folded on the Pre-Flop and did not bet
Seat 5: WSOPchamp2024 (button) showed [Td Jd] and won 3128.00 with three of a kind, Set of Jacks [Js Jh Jd Ah Td]
Seat 6: thefederal07 (small blind) folded on the Pre-Flop
Seat 7: kroxce (big blind) showed [9c Th] and lost with a pair of Jacks [Js Jh Ah Th 9c]
Seat 8: Blauzito folded on the Pre-Flop and did not bet

Game Hand #2021354600 - Tournament #31163678 - Holdem (No Limit) - Level 4 (1000.00/2000.00)- 2024/02/08 19:25:51 UTC
Table '46' 8-max Seat #6 is the button
Seat 1: lipesticky (116238.00)
Seat 2: iambot00 (140899.00)
Seat 3: Milleguito (85943.00)
Seat 4: bbpedro22 (58104.00)
Seat 5: WSOPchamp2024 (3128.00)
Seat 6: thefederal07 (121384.00)
Seat 7: kroxce (116346.00)
Seat 8: Blauzito (144746.00)
lipesticky posts ante 300.00
iambot00 posts ante 300.00
Milleguito posts ante 300.00
bbpedro22 posts ante 300.00
WSOPchamp2024 posts ante 300.00
thefederal07 posts ante 300.00
kroxce posts ante 300.00
Blauzito posts ante 300.00
kroxce posts the small blind 1000.00
Blauzito posts the big blind 2000.00
*** HOLE CARDS ***
Main pot 2400.00
Dealt to lipesticky [8s 5c]
lipesticky folds
iambot00 folds
Milleguito folds
bbpedro22 folds
WSOPchamp2024 raises 2828.00 to 2828.00 and is all-in
thefederal07 raises 4828.00 to 4828.00
kroxce raises 115046.00 to 116046.00 and is all-in
Blauzito calls 114046.00
thefederal07 folds
*** FLOP *** [Qd 3h 3d]
Main pot 13712.00
Side pot(1) 228436.00
*** TURN *** [Qd 3h 3d] [Qc]
Main pot 13712.00
Side pot(1) 228436.00
*** RIVER *** [Qd 3h 3d Qc] [Ks]
Main pot 13712.00
Side pot(1) 228436.00
*** SHOW DOWN ***
Main pot 13712.00
Side pot(1) 228436.00
WSOPchamp2024 shows [9c 8d] (two pair, Queens and Threes [Qd Qc 3h 3d Ks])
kroxce shows [Ad 6c] (two pair, Queens and Threes [Qd Qc 3h 3d Ad])
Blauzito shows [Ah 7d] (two pair, Queens and Threes [Qd Qc 3h 3d Ah])
kroxce collected 6856.00 from main pot
Blauzito collected 6856.00 from main pot
kroxce collected 114218.00 from side pot-1
Blauzito collected 114218.00 from side pot-1
*** SUMMARY ***
Total pot 242148.00
Board [Qd 3h 3d Qc Ks]
Seat 1: lipesticky folded on the Pre-Flop and did not bet
Seat 2: iambot00 folded on the Pre-Flop and did not bet
Seat 3: Milleguito folded on the Pre-Flop and did not bet
Seat 4: bbpedro22 folded on the Pre-Flop and did not bet
Seat 5: WSOPchamp2024 showed [9c 8d] and lost with two pair, Queens and Threes [Qd Qc 3h 3d Ks]
Seat 6: thefederal07 (button) folded on the Pre-Flop
Seat 7: kroxce (small blind) showed [Ad 6c] and won 121074.00 with two pair, Queens and Threes [Qd Qc 3h 3d Ad]
Seat 8: Blauzito (big blind) showed [Ah 7d] and won 121074.00 with two pair, Queens and Threes [Qd Qc 3h 3d Ah]

Game Hand #2021355550 - Tournament #31163678 - Holdem (No Limit) - Level 4 (1000.00/2000.00)- 2024/02/08 19:26:50 UTC
Table '46' 8-max Seat #7 is the button
Seat 1: lipesticky (115938.00)
Seat 2: iambot00 (140599.00)
Seat 3: Milleguito (85643.00)
Seat 4: bbpedro22 (57804.00)
Seat 6: thefederal07 (116256.00)
Seat 7: kroxce (121074.00)
Seat 8: Blauzito (149474.00)
lipesticky posts ante 300.00
iambot00 posts ante 300.00
Milleguito posts ante 300.00
bbpedro22 posts ante 300.00
thefederal07 posts ante 300.00
kroxce posts ante 300.00
Blauzito posts ante 300.00
Blauzito posts the small blind 1000.00
lipesticky posts the big blind 2000.00
*** HOLE CARDS ***
Main pot 2100.00
Dealt to lipesticky [2s 7h]
iambot00 folds
Milleguito raises 4000.00 to 4000.00
bbpedro22 folds
thefederal07 raises 11000.00 to 11000.00
kroxce folds
Blauzito folds
lipesticky folds
Milleguito calls 7000.00
*** FLOP *** [2d 6s 9s]
Main pot 27100.00
Milleguito checks
thefederal07 bets 8775.00
Milleguito calls 8775.00
*** TURN *** [2d 6s 9s] [Ts]
Main pot 44650.00
Milleguito checks
thefederal07 checks
*** RIVER *** [2d 6s 9s Ts] [7c]
Main pot 44650.00
Milleguito checks
thefederal07 checks
*** SHOW DOWN ***
Main pot 44650.00
Milleguito shows [Tc Jc] (a pair of Tens [Ts Tc Jc 9s 7c])
thefederal07 shows [Qc Js] (a high card, Queen high [Qc Js Ts 9s 7c])
Milleguito collected 44650.00 from main pot
*** SUMMARY ***
Total pot 44650.00
Board [2d 6s 9s Ts 7c]
Seat 1: lipesticky (big blind) folded on the Pre-Flop
Seat 2: iambot00 folded on the Pre-Flop and did not bet
Seat 3: Milleguito showed [Tc Jc] and won 44650.00 with a pair of Tens [Ts Tc Jc 9s 7c]
Seat 4: bbpedro22 folded on the Pre-Flop and did not bet
Seat 6: thefederal07 showed [Qc Js] and lost with a high card, Queen high [Qc Js Ts 9s 7c]
Seat 7: kroxce (button) folded on the Pre-Flop
Seat 8: Blauzito (small blind) folded on the Pre-Flop

Game Hand #2021357125 - Tournament #31163678 - Holdem (No Limit) - Level 4 (1000.00/2000.00)- 2024/02/08 19:28:28 UTC
Table '46' 8-max Seat #8 is the button
Seat 1: lipesticky (113638.00)
Seat 2: iambot00 (140299.00)
Seat 3: Milleguito (110218.00)
Seat 4: bbpedro22 (57504.00)
Seat 5: Jamesgang (125000.00)
Seat 6: thefederal07 (96181.00)
Seat 7: kroxce (120774.00)
Seat 8: Blauzito (148174.00)
lipesticky posts ante 300.00
iambot00 posts ante 300.00
Milleguito posts ante 300.00
bbpedro22 posts ante 300.00
Jamesgang posts ante 300.00
thefederal07 posts ante 300.00
kroxce posts ante 300.00
Blauzito posts ante 300.00
lipesticky posts the small blind 1000.00
iambot00 posts the big blind 2000.00
*** HOLE CARDS ***
Main pot 2400.00
Dealt to lipesticky [7d 5d]
Milleguito folds
bbpedro22 folds
Jamesgang folds
thefederal07 folds
kroxce folds
Blauzito raises 4000.00 to 4000.00
lipesticky folds
iambot00 calls 2000.00
*** FLOP *** [2d Ac Kd]
Main pot 11400.00
iambot00 checks
Blauzito bets 3762.00
iambot00 calls 3762.00
*** TURN *** [2d Ac Kd] [Jc]
Main pot 18924.00
iambot00 checks
Blauzito bets 14193.00
iambot00 calls 14193.00
*** RIVER *** [2d Ac Kd Jc] [4h]
Main pot 47310.00
iambot00 checks
Blauzito bets 15612.00
iambot00 folds
Uncalled bet (15612.00) returned to Blauzito
Blauzito does not show
*** SUMMARY ***
Total pot 47310.00
Board [2d Ac Kd Jc 4h]
Seat 1: lipesticky (small blind) folded on the Pre-Flop
Seat 2: iambot00 (big blind) folded on the River
Seat 3: Milleguito folded on the Pre-Flop and did not bet
Seat 4: bbpedro22 folded on the Pre-Flop and did not bet
Seat 5: Jamesgang folded on the Pre-Flop and did not bet
Seat 6: thefederal07 folded on the Pre-Flop and did not bet
Seat 7: kroxce folded on the Pre-Flop and did not bet
Seat 8: Blauzito did not show and won 47310.00

Game Hand #2021358814 - Tournament #31163678 - Holdem (No Limit) - Level 4 (1000.00/2000.00)- 2024/02/08 19:30:12 UTC
Table '46' 8-max Seat #1 is the button
Seat 1: lipesticky (112338.00)
Seat 2: iambot00 (118044.00)
Seat 3: Milleguito (109918.00)
Seat 4: bbpedro22 (57204.00)
Seat 5: Jamesgang (124700.00)
Seat 6: thefederal07 (95881.00)
Seat 7: kroxce (120474.00)
Seat 8: Blauzito (173229.00)
lipesticky posts ante 300.00
iambot00 posts ante 300.00
Milleguito posts ante 300.00
bbpedro22 posts ante 300.00
Jamesgang posts ante 300.00
thefederal07 posts ante 300.00
kroxce posts ante 300.00
Blauzito posts ante 300.00
iambot00 posts the small blind 1000.00
Milleguito posts the big blind 2000.00
*** HOLE CARDS ***
Main pot 2400.00
Dealt to lipesticky [4d 3s]
bbpedro22 folds
Jamesgang folds
thefederal07 folds
kroxce folds
Blauzito folds
lipesticky folds
iambot00 calls 1000.00
Milleguito checks
*** FLOP *** [Ac Kh 6h]
Main pot 6400.00
iambot00 checks
Milleguito bets 2000.00
iambot00 folds
Uncalled bet (2000.00) returned to Milleguito
Milleguito does not show
*** SUMMARY ***
Total pot 6400.00
Board [Ac Kh 6h]
Seat 1: lipesticky (button) folded on the Pre-Flop
Seat 2: iambot00 (small blind) folded on the Flop
Seat 3: Milleguito did not show and won 6400.00
Seat 4: bbpedro22 folded on the Pre-Flop and did not bet
Seat 5: Jamesgang folded on the Pre-Flop and did not bet
Seat 6: thefederal07 folded on the Pre-Flop and did not bet
Seat 7: kroxce folded on the Pre-Flop and did not bet
Seat 8: Blauzito folded on the Pre-Flop and did not bet

Game Hand #2021360032 - Tournament #31163678 - Holdem (No Limit) - Level 4 (1000.00/2000.00)- 2024/02/08 19:31:29 UTC
Table '46' 8-max Seat #2 is the button
Seat 1: lipesticky (112038.00)
Seat 2: iambot00 (115744.00)
Seat 3: Milleguito (114018.00)
Seat 4: bbpedro22 (56904.00)
Seat 5: Jamesgang (124400.00)
Seat 6: thefederal07 (95581.00)
Seat 7: kroxce (120174.00)
Seat 8: Blauzito (172929.00)
lipesticky posts ante 300.00
iambot00 posts ante 300.00
Milleguito posts ante 300.00
bbpedro22 posts ante 300.00
Jamesgang posts ante 300.00
thefederal07 posts ante 300.00
kroxce posts ante 300.00
Blauzito posts ante 300.00
Milleguito posts the small blind 1000.00
bbpedro22 posts the big blind 2000.00
*** HOLE CARDS ***
Main pot 2400.00
Dealt to lipesticky [Td Kc]
Jamesgang folds
thefederal07 folds
kroxce folds
Blauzito folds
lipesticky raises 4200.00 to 4200.00
iambot00 folds
Milleguito folds
bbpedro22 calls 2200.00
*** FLOP *** [8s 6c Jc]
Main pot 11800.00
bbpedro22 checks
lipesticky bets 3894.00
bbpedro22 folds
Uncalled bet (3894.00) returned to lipesticky
lipesticky does not show
*** SUMMARY ***
Total pot 11800.00
Board [8s 6c Jc]
Seat 1: lipesticky did not show and won 11800.00
Seat 2: iambot00 (button) folded on the Pre-Flop
Seat 3: Milleguito (small blind) folded on the Pre-Flop
Seat 4: bbpedro22 (big blind) folded on the Flop
Seat 5: Jamesgang folded on the Pre-Flop and did not bet
Seat 6: thefederal07 folded on the Pre-Flop and did not bet
Seat 7: kroxce folded on the Pre-Flop and did not bet
Seat 8: Blauzito folded on the Pre-Flop and did not bet

Game Hand #2021360812 - Tournament #31163678 - Holdem (No Limit) - Level 4 (1000.00/2000.00)- 2024/02/08 19:32:19 UTC
Table '46' 8-max Seat #3 is the button
Seat 1: lipesticky (119338.00)
Seat 2: iambot00 (115444.00)
Seat 3: Milleguito (112718.00)
Seat 4: bbpedro22 (52404.00)
Seat 5: Jamesgang (124100.00)
Seat 6: thefederal07 (95281.00)
Seat 7: kroxce (119874.00)
Seat 8: Blauzito (172629.00)
lipesticky posts ante 300.00
iambot00 posts ante 300.00
Milleguito posts ante 300.00
bbpedro22 posts ante 300.00
Jamesgang posts ante 300.00
thefederal07 posts ante 300.00
kroxce posts ante 300.00
Blauzito posts ante 300.00
bbpedro22 posts the small blind 1000.00
Jamesgang posts the big blind 2000.00
*** HOLE CARDS ***
Main pot 2400.00
Dealt to lipesticky [9h Ac]
thefederal07 folds
kroxce folds
Blauzito folds
lipesticky raises 4200.00 to 4200.00
iambot00 folds
Milleguito raises 13400.00 to 13400.00
bbpedro22 folds
Jamesgang folds
lipesticky folds
Uncalled bet (9200.00) returned to Milleguito
Milleguito does not show
*** SUMMARY ***
Total pot 13800.00
Seat 1: lipesticky folded on the Pre-Flop and did not bet
Seat 2: iambot00 folded on the Pre-Flop and did not bet
Seat 3: Milleguito did not show and won 13800.00
Seat 4: bbpedro22 (small blind) folded on the Pre-Flop
Seat 5: Jamesgang (big blind) folded on the Pre-Flop
Seat 6: thefederal07 folded on the Pre-Flop and did not bet
Seat 7: kroxce folded on the Pre-Flop and did not bet
Seat 8: Blauzito folded on the Pre-Flop and did not bet

Game Hand #2021361901 - Tournament #31163678 - Holdem (No Limit) - Level 5 (1250.00/2500.00)- 2024/02/08 19:33:27 UTC
Table '46' 8-max Seat #4 is the button
Seat 1: lipesticky (114838.00)
Seat 2: iambot00 (115144.00)
Seat 3: Milleguito (122018.00)
Seat 4: bbpedro22 (51104.00)
Seat 5: Jamesgang (121800.00)
Seat 6: thefederal07 (94981.00)
Seat 7: kroxce (119574.00)
Seat 8: Blauzito (172329.00)
lipesticky posts ante 350.00
iambot00 posts ante 350.00
Milleguito posts ante 350.00
bbpedro22 posts ante 350.00
Jamesgang posts ante 350.00
thefederal07 posts ante 350.00
kroxce posts ante 350.00
Blauzito posts ante 350.00
Jamesgang posts the small blind 1250.00
thefederal07 posts the big blind 2500.00
*** HOLE CARDS ***
Main pot 2800.00
Dealt to lipesticky [Qh Qs]
kroxce folds
Blauzito raises 5000.00 to 5000.00
lipesticky raises 15000.00 to 15000.00
iambot00 folds
Milleguito folds
bbpedro22 folds
Jamesgang folds
thefederal07 folds
Blauzito folds
Uncalled bet (10000.00) returned to lipesticky
lipesticky does not show
*** SUMMARY ***
Total pot 16550.00
Seat 1: lipesticky did not show and won 16550.00
Seat 2: iambot00 folded on the Pre-Flop and did not bet
Seat 3: Milleguito folded on the Pre-Flop and did not bet
Seat 4: bbpedro22 (button) folded on the Pre-Flop
Seat 5: Jamesgang (small blind) folded on the Pre-Flop
Seat 6: thefederal07 (big blind) folded on the Pre-Flop
Seat 7: kroxce folded on the Pre-Flop and did not bet
Seat 8: Blauzito folded on the Pre-Flop and did not bet

Game Hand #2021362597 - Tournament #31163678 - Holdem (No Limit) - Level 5 (1250.00/2500.00)- 2024/02/08 19:34:12 UTC
Table '46' 8-max Seat #5 is the button
Seat 1: lipesticky (126038.00)
Seat 2: iambot00 (114794.00)
Seat 3: Milleguito (121668.00)
Seat 4: bbpedro22 (50754.00)
Seat 5: Jamesgang (120200.00)
Seat 6: thefederal07 (92131.00)
Seat 7: kroxce (119224.00)
Seat 8: Blauzito (166979.00)
lipesticky posts ante 350.00
iambot00 posts ante 350.00
Milleguito posts ante 350.00
bbpedro22 posts ante 350.00
Jamesgang posts ante 350.00
thefederal07 posts ante 350.00
kroxce posts ante 350.00
Blauzito posts ante 350.00
thefederal07 posts the small blind 1250.00
kroxce posts the big blind 2500.00
*** HOLE CARDS ***
Main pot 2800.00
Dealt to lipesticky [Ac As]
Blauzito folds
lipesticky raises 5250.00 to 5250.00
iambot00 folds
Milleguito calls 5250.00
bbpedro22 folds
Jamesgang folds
thefederal07 folds
kroxce folds
*** FLOP *** [3d 8d 2c]
Main pot 17050.00
lipesticky checks
Milleguito bets 5627.00
lipesticky raises 21194.00 to 21194.00
Milleguito raises 110441.00 to 116068.00 and is all-in
lipesticky calls 94874.00
*** TURN *** [3d 8d 2c] [Qd]
Main pot 249186.00
*** RIVER *** [3d 8d 2c Qd] [2d]
Main pot 249186.00
*** SHOW DOWN ***
Main pot 249186.00
lipesticky shows [Ac As] (two pair, Aces and Deuces [As Ac 2d 2c Qd])
Milleguito shows [Jd Ad] (a flush, Ace high [Ad Qd Jd 8d 3d])
Milleguito collected 249186.00 from main pot
*** SUMMARY ***
Total pot 249186.00
Board [3d 8d 2c Qd 2d]
Seat 1: lipesticky showed [Ac As] and lost with two pair, Aces and Deuces [As Ac 2d 2c Qd]
Seat 2: iambot00 folded on the Pre-Flop and did not bet
Seat 3: Milleguito showed [Jd Ad] and won 249186.00 with a flush, Ace high [Ad Qd Jd 8d 3d]
Seat 4: bbpedro22 folded on the Pre-Flop and did not bet
Seat 5: Jamesgang (button) folded on the Pre-Flop
Seat 6: thefederal07 (small blind) folded on the Pre-Flop
Seat 7: kroxce (big blind) folded on the Pre-Flop
Seat 8: Blauzito folded on the Pre-Flop and did not bet

