Game Hand #2025288103 - Tournament #31082331 - Holdem (No Limit) - Level 7 (1750.00/3500.00)- 2024/02/12 17:14:16 UTC
Table '53' 8-max Seat #7 is the button
Seat 1: NUMNUTZ001 (253341.00)
Seat 2: UBPOKER (143224.00)
Seat 3: lipesticky (487895.00)
Seat 4: oomm (124100.00)
Seat 5: TriHard (121379.00)
Seat 6: Byrd181 (224979.00)
Seat 7: MircoNovantotto (74306.00)
Seat 8: MALPARIDO (149300.00)
NUMNUTZ001 posts ante 500.00
UBPOKER posts ante 500.00
lipesticky posts ante 500.00
oomm posts ante 500.00
TriHard posts ante 500.00
Byrd181 posts ante 500.00
MircoNovantotto posts ante 500.00
MALPARIDO posts ante 500.00
MALPARIDO posts the small blind 1750.00
NUMNUTZ001 posts the big blind 3500.00
*** HOLE CARDS ***
Main pot 4000.00
Dealt to lipesticky [2h As]
UBPOKER folds
lipesticky folds
oomm folds
TriHard folds
Byrd181 folds
MircoNovantotto raises 7000.00 to 7000.00
MALPARIDO folds
NUMNUTZ001 raises 249341.00 to 252841.00 and is all-in
MircoNovantotto folds
Uncalled bet (245841.00) returned to NUMNUTZ001
NUMNUTZ001 does not show
*** SUMMARY ***
Total pot 19750.00
Seat 1: NUMNUTZ001 did not show and won 19750.00
Seat 2: UBPOKER folded on the Pre-Flop and did not bet
Seat 3: lipesticky folded on the Pre-Flop and did not bet
Seat 4: oomm folded on the Pre-Flop and did not bet
Seat 5: TriHard folded on the Pre-Flop and did not bet
Seat 6: Byrd181 folded on the Pre-Flop and did not bet
Seat 7: MircoNovantotto (button) folded on the Pre-Flop
Seat 8: MALPARIDO (small blind) folded on the Pre-Flop

Game Hand #2025288726 - Tournament #31082331 - Holdem (No Limit) - Level 7 (1750.00/3500.00)- 2024/02/12 17:15:01 UTC
Table '53' 8-max Seat #8 is the button
Seat 1: NUMNUTZ001 (265591.00)
Seat 2: UBPOKER (142724.00)
Seat 3: lipesticky (487395.00)
Seat 4: oomm (123600.00)
Seat 5: TriHard (120879.00)
Seat 6: Byrd181 (224479.00)
Seat 7: MircoNovantotto (66806.00)
Seat 8: MALPARIDO (147050.00)
NUMNUTZ001 posts ante 500.00
UBPOKER posts ante 500.00
lipesticky posts ante 500.00
oomm posts ante 500.00
TriHard posts ante 500.00
Byrd181 posts ante 500.00
MircoNovantotto posts ante 500.00
MALPARIDO posts ante 500.00
NUMNUTZ001 posts the small blind 1750.00
UBPOKER posts the big blind 3500.00
*** HOLE CARDS ***
Main pot 4000.00
Dealt to lipesticky [3d 6d]
lipesticky folds
oomm folds
TriHard folds
Byrd181 folds
MircoNovantotto folds
MALPARIDO folds
NUMNUTZ001 calls 1750.00
UBPOKER checks
*** FLOP *** [6s 9s 8s]
Main pot 11000.00
NUMNUTZ001 checks
UBPOKER checks
*** TURN *** [6s 9s 8s] [Ac]
Main pot 11000.00
NUMNUTZ001 checks
UBPOKER checks
*** RIVER *** [6s 9s 8s Ac] [Qh]
Main pot 11000.00
NUMNUTZ001 checks
UBPOKER checks
*** SHOW DOWN ***
Main pot 11000.00
NUMNUTZ001 shows [5s 8h] (a pair of Eights [8s 8h Ac Qh 9s])
UBPOKER shows [4h Qc] (a pair of Queens [Qh Qc Ac 9s 8s])
UBPOKER collected 11000.00 from main pot
*** SUMMARY ***
Total pot 11000.00
Board [6s 9s 8s Ac Qh]
Seat 1: NUMNUTZ001 (small blind) showed [5s 8h] and lost with a pair of Eights [8s 8h Ac Qh 9s]
Seat 2: UBPOKER (big blind) showed [4h Qc] and won 11000.00 with a pair of Queens [Qh Qc Ac 9s 8s]
Seat 3: lipesticky folded on the Pre-Flop and did not bet
Seat 4: oomm folded on the Pre-Flop and did not bet
Seat 5: TriHard folded on the Pre-Flop and did not bet
Seat 6: Byrd181 folded on the Pre-Flop and did not bet
Seat 7: MircoNovantotto folded on the Pre-Flop and did not bet
Seat 8: MALPARIDO (button) folded on the Pre-Flop

Game Hand #2025289869 - Tournament #31082331 - Holdem (No Limit) - Level 7 (1750.00/3500.00)- 2024/02/12 17:16:22 UTC
Table '53' 8-max Seat #1 is the button
Seat 1: NUMNUTZ001 (261591.00)
Seat 2: UBPOKER (149724.00)
Seat 3: lipesticky (486895.00)
Seat 4: oomm (123100.00)
Seat 5: TriHard (120379.00)
Seat 6: Byrd181 (223979.00)
Seat 7: MircoNovantotto (66306.00)
Seat 8: MALPARIDO (146550.00)
NUMNUTZ001 posts ante 500.00
UBPOKER posts ante 500.00
lipesticky posts ante 500.00
oomm posts ante 500.00
TriHard posts ante 500.00
Byrd181 posts ante 500.00
MircoNovantotto posts ante 500.00
MALPARIDO posts ante 500.00
UBPOKER posts the small blind 1750.00
lipesticky posts the big blind 3500.00
*** HOLE CARDS ***
Main pot 4000.00
Dealt to lipesticky [2h 6s]
oomm raises 7000.00 to 7000.00
TriHard folds
Byrd181 folds
MircoNovantotto folds
MALPARIDO folds
NUMNUTZ001 folds
UBPOKER folds
lipesticky folds
Uncalled bet (3500.00) returned to oomm
oomm does not show
*** SUMMARY ***
Total pot 12750.00
Seat 1: NUMNUTZ001 (button) folded on the Pre-Flop
Seat 2: UBPOKER (small blind) folded on the Pre-Flop
Seat 3: lipesticky (big blind) folded on the Pre-Flop
Seat 4: oomm did not show and won 12750.00
Seat 5: TriHard folded on the Pre-Flop and did not bet
Seat 6: Byrd181 folded on the Pre-Flop and did not bet
Seat 7: MircoNovantotto folded on the Pre-Flop and did not bet
Seat 8: MALPARIDO folded on the Pre-Flop and did not bet

Game Hand #2025290262 - Tournament #31082331 - Holdem (No Limit) - Level 7 (1750.00/3500.00)- 2024/02/12 17:16:52 UTC
Table '53' 8-max Seat #2 is the button
Seat 1: NUMNUTZ001 (261091.00)
Seat 2: UBPOKER (147474.00)
Seat 3: lipesticky (482895.00)
Seat 4: oomm (131850.00)
Seat 5: TriHard (119879.00)
Seat 6: Byrd181 (223479.00)
Seat 7: MircoNovantotto (65806.00)
Seat 8: MALPARIDO (146050.00)
NUMNUTZ001 posts ante 500.00
UBPOKER posts ante 500.00
lipesticky posts ante 500.00
oomm posts ante 500.00
TriHard posts ante 500.00
Byrd181 posts ante 500.00
MircoNovantotto posts ante 500.00
MALPARIDO posts ante 500.00
lipesticky posts the small blind 1750.00
oomm posts the big blind 3500.00
*** HOLE CARDS ***
Main pot 4000.00
Dealt to lipesticky [Qh 8s]
TriHard folds
Byrd181 folds
MircoNovantotto folds
MALPARIDO folds
NUMNUTZ001 raises 7700.00 to 7700.00
UBPOKER raises 21000.00 to 21000.00
lipesticky folds
oomm folds
NUMNUTZ001 calls 13300.00
*** FLOP *** [Ac 5c 8c]
Main pot 51250.00
NUMNUTZ001 checks
UBPOKER checks
*** TURN *** [Ac 5c 8c] [6h]
Main pot 51250.00
NUMNUTZ001 checks
UBPOKER checks
*** RIVER *** [Ac 5c 8c 6h] [2s]
Main pot 51250.00
NUMNUTZ001 bets 25625.00
UBPOKER folds
Uncalled bet (25625.00) returned to NUMNUTZ001
NUMNUTZ001 does not show
*** SUMMARY ***
Total pot 51250.00
Board [Ac 5c 8c 6h 2s]
Seat 1: NUMNUTZ001 did not show and won 51250.00
Seat 2: UBPOKER (button) folded on the River
Seat 3: lipesticky (small blind) folded on the Pre-Flop
Seat 4: oomm (big blind) folded on the Pre-Flop
Seat 5: TriHard folded on the Pre-Flop and did not bet
Seat 6: Byrd181 folded on the Pre-Flop and did not bet
Seat 7: MircoNovantotto folded on the Pre-Flop and did not bet
Seat 8: MALPARIDO folded on the Pre-Flop and did not bet

Game Hand #2025291798 - Tournament #31082331 - Holdem (No Limit) - Level 7 (1750.00/3500.00)- 2024/02/12 17:18:45 UTC
Table '53' 8-max Seat #3 is the button
Seat 1: NUMNUTZ001 (290841.00)
Seat 2: UBPOKER (125974.00)
Seat 3: lipesticky (480645.00)
Seat 4: oomm (127850.00)
Seat 5: TriHard (119379.00)
Seat 6: Byrd181 (222979.00)
Seat 7: MircoNovantotto (65306.00)
Seat 8: MALPARIDO (145550.00)
NUMNUTZ001 posts ante 500.00
UBPOKER posts ante 500.00
lipesticky posts ante 500.00
oomm posts ante 500.00
TriHard posts ante 500.00
Byrd181 posts ante 500.00
MircoNovantotto posts ante 500.00
MALPARIDO posts ante 500.00
oomm posts the small blind 1750.00
TriHard posts the big blind 3500.00
*** HOLE CARDS ***
Main pot 4000.00
Dealt to lipesticky [7h 3c]
Byrd181 folds
MircoNovantotto folds
MALPARIDO folds
NUMNUTZ001 folds
UBPOKER folds
lipesticky folds
oomm raises 10500.00 to 12250.00
TriHard calls 8750.00
*** FLOP *** [2d Kc 7s]
Main pot 28500.00
oomm bets 9405.00
TriHard folds
Uncalled bet (9405.00) returned to oomm
oomm does not show
*** SUMMARY ***
Total pot 28500.00
Board [2d Kc 7s]
Seat 1: NUMNUTZ001 folded on the Pre-Flop and did not bet
Seat 2: UBPOKER folded on the Pre-Flop and did not bet
Seat 3: lipesticky (button) folded on the Pre-Flop
Seat 4: oomm did not show and won 28500.00
Seat 5: TriHard (big blind) folded on the Flop
Seat 6: Byrd181 folded on the Pre-Flop and did not bet
Seat 7: MircoNovantotto folded on the Pre-Flop and did not bet
Seat 8: MALPARIDO folded on the Pre-Flop and did not bet

Game Hand #2025292342 - Tournament #31082331 - Holdem (No Limit) - Level 7 (1750.00/3500.00)- 2024/02/12 17:19:26 UTC
Table '53' 8-max Seat #4 is the button
Seat 1: NUMNUTZ001 (290341.00)
Seat 2: UBPOKER (125474.00)
Seat 3: lipesticky (480145.00)
Seat 4: oomm (143600.00)
Seat 5: TriHard (106629.00)
Seat 6: Byrd181 (222479.00)
Seat 7: MircoNovantotto (64806.00)
Seat 8: MALPARIDO (145050.00)
NUMNUTZ001 posts ante 500.00
UBPOKER posts ante 500.00
lipesticky posts ante 500.00
oomm posts ante 500.00
TriHard posts ante 500.00
Byrd181 posts ante 500.00
MircoNovantotto posts ante 500.00
MALPARIDO posts ante 500.00
TriHard posts the small blind 1750.00
Byrd181 posts the big blind 3500.00
*** HOLE CARDS ***
Main pot 4000.00
Dealt to lipesticky [9s Ac]
MircoNovantotto folds
MALPARIDO folds
NUMNUTZ001 raises 7700.00 to 7700.00
UBPOKER raises 21000.00 to 21000.00
lipesticky folds
oomm folds
TriHard folds
Byrd181 folds
NUMNUTZ001 calls 13300.00
*** FLOP *** [6c Qd Qc]
Main pot 51250.00
NUMNUTZ001 checks
UBPOKER bets 30875.00
NUMNUTZ001 folds
Uncalled bet (30875.00) returned to UBPOKER
UBPOKER does not show
*** SUMMARY ***
Total pot 51250.00
Board [6c Qd Qc]
Seat 1: NUMNUTZ001 folded on the Flop
Seat 2: UBPOKER did not show and won 51250.00
Seat 3: lipesticky folded on the Pre-Flop and did not bet
Seat 4: oomm (button) folded on the Pre-Flop
Seat 5: TriHard (small blind) folded on the Pre-Flop
Seat 6: Byrd181 (big blind) folded on the Pre-Flop
Seat 7: MircoNovantotto folded on the Pre-Flop and did not bet
Seat 8: MALPARIDO folded on the Pre-Flop and did not bet

Game Hand #2025293372 - Tournament #31082331 - Holdem (No Limit) - Level 7 (1750.00/3500.00)- 2024/02/12 17:20:43 UTC
Table '53' 8-max Seat #5 is the button
Seat 1: NUMNUTZ001 (268841.00)
Seat 2: UBPOKER (155224.00)
Seat 3: lipesticky (479645.00)
Seat 4: oomm (143100.00)
Seat 5: TriHard (104379.00)
Seat 6: Byrd181 (218479.00)
Seat 7: MircoNovantotto (64306.00)
Seat 8: MALPARIDO (144550.00)
NUMNUTZ001 posts ante 500.00
UBPOKER posts ante 500.00
lipesticky posts ante 500.00
oomm posts ante 500.00
TriHard posts ante 500.00
Byrd181 posts ante 500.00
MircoNovantotto posts ante 500.00
MALPARIDO posts ante 500.00
Byrd181 posts the small blind 1750.00
MircoNovantotto posts the big blind 3500.00
*** HOLE CARDS ***
Main pot 4000.00
Dealt to lipesticky [Qs 8d]
MALPARIDO folds
NUMNUTZ001 folds
UBPOKER folds
lipesticky folds
oomm folds
TriHard folds
Byrd181 folds
MircoNovantotto does not show
*** SUMMARY ***
Total pot 9250.00
Seat 1: NUMNUTZ001 folded on the Pre-Flop and did not bet
Seat 2: UBPOKER folded on the Pre-Flop and did not bet
Seat 3: lipesticky folded on the Pre-Flop and did not bet
Seat 4: oomm folded on the Pre-Flop and did not bet
Seat 5: TriHard (button) folded on the Pre-Flop
Seat 6: Byrd181 (small blind) folded on the Pre-Flop
Seat 7: MircoNovantotto did not show and won 9250.00
Seat 8: MALPARIDO folded on the Pre-Flop and did not bet

Game Hand #2025294130 - Tournament #31082331 - Holdem (No Limit) - Level 7 (1750.00/3500.00)- 2024/02/12 17:21:36 UTC
Table '53' 8-max Seat #6 is the button
Seat 1: NUMNUTZ001 (268341.00)
Seat 2: UBPOKER (154724.00)
Seat 3: lipesticky (479145.00)
Seat 4: oomm (142600.00)
Seat 5: TriHard (103879.00)
Seat 6: Byrd181 (216229.00)
Seat 7: MircoNovantotto (69556.00)
Seat 8: MALPARIDO (144050.00)
NUMNUTZ001 posts ante 500.00
UBPOKER posts ante 500.00
lipesticky posts ante 500.00
oomm posts ante 500.00
TriHard posts ante 500.00
Byrd181 posts ante 500.00
MircoNovantotto posts ante 500.00
MALPARIDO posts ante 500.00
MircoNovantotto posts the small blind 1750.00
MALPARIDO posts the big blind 3500.00
*** HOLE CARDS ***
Main pot 4000.00
Dealt to lipesticky [Qd 5s]
NUMNUTZ001 folds
UBPOKER folds
lipesticky folds
oomm folds
TriHard raises 7700.00 to 7700.00
Byrd181 calls 7700.00
MircoNovantotto folds
MALPARIDO folds
*** FLOP *** [9h 4h Tc]
Main pot 24650.00
TriHard bets 17255.00
Byrd181 folds
Uncalled bet (17255.00) returned to TriHard
TriHard does not show
*** SUMMARY ***
Total pot 24650.00
Board [9h 4h Tc]
Seat 1: NUMNUTZ001 folded on the Pre-Flop and did not bet
Seat 2: UBPOKER folded on the Pre-Flop and did not bet
Seat 3: lipesticky folded on the Pre-Flop and did not bet
Seat 4: oomm folded on the Pre-Flop and did not bet
Seat 5: TriHard did not show and won 24650.00
Seat 6: Byrd181 (button) folded on the Flop
Seat 7: MircoNovantotto (small blind) folded on the Pre-Flop
Seat 8: MALPARIDO (big blind) folded on the Pre-Flop

Game Hand #2025295027 - Tournament #31082331 - Holdem (No Limit) - Level 7 (1750.00/3500.00)- 2024/02/12 17:22:40 UTC
Table '53' 8-max Seat #7 is the button
Seat 1: NUMNUTZ001 (267841.00)
Seat 2: UBPOKER (154224.00)
Seat 3: lipesticky (478645.00)
Seat 4: oomm (142100.00)
Seat 6: Byrd181 (208029.00)
Seat 7: MircoNovantotto (67306.00)
Seat 8: MALPARIDO (140050.00)
NUMNUTZ001 posts ante 500.00
UBPOKER posts ante 500.00
lipesticky posts ante 500.00
oomm posts ante 500.00
Byrd181 posts ante 500.00
MircoNovantotto posts ante 500.00
MALPARIDO posts ante 500.00
MALPARIDO posts the small blind 1750.00
NUMNUTZ001 posts the big blind 3500.00
*** HOLE CARDS ***
Main pot 3500.00
Dealt to lipesticky [8c 6c]
UBPOKER folds
lipesticky folds
oomm folds
Byrd181 raises 7000.00 to 7000.00
MircoNovantotto folds
MALPARIDO folds
NUMNUTZ001 calls 3500.00
*** FLOP *** [Jc 9s Qs]
Main pot 19250.00
NUMNUTZ001 checks
Byrd181 checks
*** TURN *** [Jc 9s Qs] [Ah]
Main pot 19250.00
NUMNUTZ001 checks
Byrd181 bets 6563.00
NUMNUTZ001 folds
Uncalled bet (6563.00) returned to Byrd181
Byrd181 does not show
*** SUMMARY ***
Total pot 19250.00
Board [Jc 9s Qs Ah]
Seat 1: NUMNUTZ001 (big blind) folded on the Turn
Seat 2: UBPOKER folded on the Pre-Flop and did not bet
Seat 3: lipesticky folded on the Pre-Flop and did not bet
Seat 4: oomm folded on the Pre-Flop and did not bet
Seat 6: Byrd181 did not show and won 19250.00
Seat 7: MircoNovantotto (button) folded on the Pre-Flop
Seat 8: MALPARIDO (small blind) folded on the Pre-Flop

Game Hand #2025296428 - Tournament #31082331 - Holdem (No Limit) - Level 7 (1750.00/3500.00)- 2024/02/12 17:24:23 UTC
Table '53' 8-max Seat #8 is the button
Seat 1: NUMNUTZ001 (260341.00)
Seat 2: UBPOKER (153724.00)
Seat 3: lipesticky (478145.00)
Seat 4: oomm (141600.00)
Seat 6: Byrd181 (219779.00)
Seat 7: MircoNovantotto (66806.00)
Seat 8: MALPARIDO (137800.00)
NUMNUTZ001 posts ante 500.00
UBPOKER posts ante 500.00
lipesticky posts ante 500.00
oomm posts ante 500.00
Byrd181 posts ante 500.00
MircoNovantotto posts ante 500.00
MALPARIDO posts ante 500.00
NUMNUTZ001 posts the small blind 1750.00
UBPOKER posts the big blind 3500.00
*** HOLE CARDS ***
Main pot 3500.00
Dealt to lipesticky [Qd 3h]
lipesticky folds
oomm raises 7000.00 to 7000.00
Byrd181 folds
MircoNovantotto folds
MALPARIDO folds
NUMNUTZ001 folds
UBPOKER raises 28000.00 to 31500.00
oomm folds
Uncalled bet (24500.00) returned to UBPOKER
UBPOKER does not show
*** SUMMARY ***
Total pot 19250.00
Seat 1: NUMNUTZ001 (small blind) folded on the Pre-Flop
Seat 2: UBPOKER did not show and won 19250.00
Seat 3: lipesticky folded on the Pre-Flop and did not bet
Seat 4: oomm folded on the Pre-Flop and did not bet
Seat 6: Byrd181 folded on the Pre-Flop and did not bet
Seat 7: MircoNovantotto folded on the Pre-Flop and did not bet
Seat 8: MALPARIDO (button) folded on the Pre-Flop

Game Hand #2025297330 - Tournament #31082331 - Holdem (No Limit) - Level 7 (1750.00/3500.00)- 2024/02/12 17:25:29 UTC
Table '53' 8-max Seat #1 is the button
Seat 1: NUMNUTZ001 (258091.00)
Seat 2: UBPOKER (165474.00)
Seat 3: lipesticky (477645.00)
Seat 4: oomm (134100.00)
Seat 5: Mannyb15441290 (125000.00)
Seat 6: Byrd181 (219279.00)
Seat 7: MircoNovantotto (66306.00)
Seat 8: MALPARIDO (137300.00)
NUMNUTZ001 posts ante 500.00
UBPOKER posts ante 500.00
lipesticky posts ante 500.00
oomm posts ante 500.00
Mannyb15441290 posts ante 500.00
Byrd181 posts ante 500.00
MircoNovantotto posts ante 500.00
MALPARIDO posts ante 500.00
UBPOKER posts the small blind 1750.00
lipesticky posts the big blind 3500.00
*** HOLE CARDS ***
Main pot 4000.00
Dealt to lipesticky [3s 2h]
oomm raises 7000.00 to 7000.00
Mannyb15441290 folds
Byrd181 folds
MircoNovantotto folds
MALPARIDO folds
NUMNUTZ001 folds
UBPOKER folds
lipesticky folds
Uncalled bet (3500.00) returned to oomm
oomm does not show
*** SUMMARY ***
Total pot 12750.00
Seat 1: NUMNUTZ001 (button) folded on the Pre-Flop
Seat 2: UBPOKER (small blind) folded on the Pre-Flop
Seat 3: lipesticky (big blind) folded on the Pre-Flop
Seat 4: oomm did not show and won 12750.00
Seat 5: Mannyb15441290 folded on the Pre-Flop and did not bet
Seat 6: Byrd181 folded on the Pre-Flop and did not bet
Seat 7: MircoNovantotto folded on the Pre-Flop and did not bet
Seat 8: MALPARIDO folded on the Pre-Flop and did not bet

Game Hand #2025297756 - Tournament #31082331 - Holdem (No Limit) - Level 7 (1750.00/3500.00)- 2024/02/12 17:26:00 UTC
Table '53' 8-max Seat #2 is the button
Seat 1: NUMNUTZ001 (257591.00)
Seat 2: UBPOKER (163224.00)
Seat 3: lipesticky (473645.00)
Seat 4: oomm (142850.00)
Seat 5: Mannyb15441290 (124500.00)
Seat 6: Byrd181 (218779.00)
Seat 7: MircoNovantotto (65806.00)
Seat 8: MALPARIDO (136800.00) is sitting out
NUMNUTZ001 posts ante 500.00
UBPOKER posts ante 500.00
lipesticky posts ante 500.00
oomm posts ante 500.00
Mannyb15441290 posts ante 500.00
Byrd181 posts ante 500.00
MircoNovantotto posts ante 500.00
MALPARIDO posts ante 500.00
lipesticky posts the small blind 1750.00
oomm posts the big blind 3500.00
*** HOLE CARDS ***
Main pot 4000.00
Dealt to lipesticky [2c 5d]
Mannyb15441290 folds
Byrd181 raises 7000.00 to 7000.00
MircoNovantotto folds
MALPARIDO folds
NUMNUTZ001 folds
UBPOKER raises 21000.00 to 21000.00
lipesticky folds
oomm folds
Byrd181 calls 14000.00
*** FLOP *** [6d 2s Qh]
Main pot 51250.00
Byrd181 checks
UBPOKER bets 12813.00
Byrd181 folds
Uncalled bet (12813.00) returned to UBPOKER
UBPOKER does not show
*** SUMMARY ***
Total pot 51250.00
Board [6d 2s Qh]
Seat 1: NUMNUTZ001 folded on the Pre-Flop and did not bet
Seat 2: UBPOKER did not show and won 51250.00
Seat 3: lipesticky (small blind) folded on the Pre-Flop
Seat 4: oomm (big blind) folded on the Pre-Flop
Seat 5: Mannyb15441290 folded on the Pre-Flop and did not bet
Seat 6: Byrd181 folded on the Flop
Seat 7: MircoNovantotto folded on the Pre-Flop and did not bet
Seat 8: MALPARIDO folded on the Pre-Flop and did not bet

