Game Hand #2017492642 - Tournament #31138356 - Holdem (No Limit) - Level 1 (500.00/1000.00)- 2024/02/04 21:06:45 UTC
Table '9' 6-max Seat #3 is the button
Seat 1: CVSP1VN (124850.00)
Seat 2: ksrigga (117599.00)
Seat 3: updatesla (124350.00) is sitting out
Seat 4: tmoney2331 (133351.00)
Seat 5: lipesticky (125000.00)
Seat 6: MeatMountain8126 (124850.00)
CVSP1VN posts ante 150.00
ksrigga posts ante 150.00
updatesla posts ante 150.00
tmoney2331 posts ante 150.00
lipesticky posts ante 150.00
MeatMountain8126 posts ante 150.00
tmoney2331 posts the small blind 500.00
lipesticky posts the big blind 1000.00
*** HOLE CARDS ***
Main pot 900.00
Dealt to lipesticky [Kc Tc]
MeatMountain8126 folds
CVSP1VN folds
ksrigga folds
updatesla folds
tmoney2331 raises 2000.00 to 2500.00
lipesticky calls 1500.00
*** FLOP *** [Th As 5d]
Main pot 5900.00
tmoney2331 bets 2950.00
lipesticky calls 2950.00
*** TURN *** [Th As 5d] [Ts]
Main pot 11800.00
tmoney2331 checks
lipesticky bets 10030.00
tmoney2331 folds
Uncalled bet (10030.00) returned to lipesticky
lipesticky does not show
*** SUMMARY ***
Total pot 11800.00
Board [Th As 5d Ts]
Seat 1: CVSP1VN folded on the Pre-Flop and did not bet
Seat 2: ksrigga folded on the Pre-Flop and did not bet
Seat 3: updatesla (button) folded on the Pre-Flop
Seat 4: tmoney2331 (small blind) folded on the Turn
Seat 5: lipesticky did not show and won 11800.00
Seat 6: MeatMountain8126 folded on the Pre-Flop and did not bet

Game Hand #2017495112 - Tournament #31138356 - Holdem (No Limit) - Level 1 (500.00/1000.00)- 2024/02/04 21:08:03 UTC
Table '9' 6-max Seat #4 is the button
Seat 1: CVSP1VN (124700.00)
Seat 2: ksrigga (117449.00)
Seat 3: updatesla (124200.00) is sitting out
Seat 4: tmoney2331 (127751.00)
Seat 5: lipesticky (131200.00)
Seat 6: MeatMountain8126 (124700.00)
CVSP1VN posts ante 150.00
ksrigga posts ante 150.00
updatesla posts ante 150.00
tmoney2331 posts ante 150.00
lipesticky posts ante 150.00
MeatMountain8126 posts ante 150.00
lipesticky posts the small blind 500.00
MeatMountain8126 posts the big blind 1000.00
*** HOLE CARDS ***
Main pot 900.00
Dealt to lipesticky [7h Th]
CVSP1VN raises 2000.00 to 2000.00
ksrigga calls 2000.00
updatesla folds
tmoney2331 folds
lipesticky calls 1500.00
MeatMountain8126 calls 1000.00
*** FLOP *** [5s 4s 5h]
Main pot 8900.00
lipesticky checks
MeatMountain8126 checks
CVSP1VN checks
ksrigga checks
*** TURN *** [5s 4s 5h] [2s]
Main pot 8900.00
lipesticky checks
MeatMountain8126 bets 6675.00
CVSP1VN calls 6675.00
ksrigga folds
lipesticky folds
*** RIVER *** [5s 4s 5h 2s] [9s]
Main pot 22250.00
MeatMountain8126 checks
CVSP1VN checks
*** SHOW DOWN ***
Main pot 22250.00
CVSP1VN shows [6d 6s] (a flush, Nine high [9s 6s 5s 4s 2s])
MeatMountain8126 shows [8c Ks] (a flush, King high [Ks 9s 5s 4s 2s])
MeatMountain8126 collected 22250.00 from main pot
*** SUMMARY ***
Total pot 22250.00
Board [5s 4s 5h 2s 9s]
Seat 1: CVSP1VN showed [6d 6s] and lost with a flush, Nine high [9s 6s 5s 4s 2s]
Seat 2: ksrigga folded on the Turn
Seat 3: updatesla folded on the Pre-Flop and did not bet
Seat 4: tmoney2331 (button) folded on the Pre-Flop
Seat 5: lipesticky (small blind) folded on the Turn
Seat 6: MeatMountain8126 (big blind) showed [8c Ks] and won 22250.00 with a flush, King high [Ks 9s 5s 4s 2s]

Game Hand #2017499658 - Tournament #31138356 - Holdem (No Limit) - Level 1 (500.00/1000.00)- 2024/02/04 21:10:23 UTC
Table '9' 6-max Seat #5 is the button
Seat 1: CVSP1VN (115875.00)
Seat 2: ksrigga (115299.00)
Seat 3: updatesla (124050.00) is sitting out
Seat 4: tmoney2331 (127601.00)
Seat 5: lipesticky (129050.00)
Seat 6: MeatMountain8126 (138125.00)
CVSP1VN posts ante 150.00
ksrigga posts ante 150.00
updatesla posts ante 150.00
tmoney2331 posts ante 150.00
lipesticky posts ante 150.00
MeatMountain8126 posts ante 150.00
MeatMountain8126 posts the small blind 500.00
CVSP1VN posts the big blind 1000.00
*** HOLE CARDS ***
Main pot 900.00
Dealt to lipesticky [6c Tc]
ksrigga folds
updatesla folds
tmoney2331 raises 2000.00 to 2000.00
lipesticky calls 2000.00
MeatMountain8126 folds
CVSP1VN folds
*** FLOP *** [3d Td Ad]
Main pot 6400.00
tmoney2331 checks
lipesticky checks
*** TURN *** [3d Td Ad] [4s]
Main pot 6400.00
tmoney2331 bets 3200.00
lipesticky calls 3200.00
*** RIVER *** [3d Td Ad 4s] [7h]
Main pot 12800.00
tmoney2331 bets 7098.00
lipesticky calls 7098.00
*** SHOW DOWN ***
Main pot 26996.00
tmoney2331 shows [8s 5s] (a high card, Ace high [Ad Td 8s 7h 5s])
lipesticky shows [6c Tc] (a pair of Tens [Td Tc Ad 7h 6c])
lipesticky collected 26996.00 from main pot
*** SUMMARY ***
Total pot 26996.00
Board [3d Td Ad 4s 7h]
Seat 1: CVSP1VN (big blind) folded on the Pre-Flop
Seat 2: ksrigga folded on the Pre-Flop and did not bet
Seat 3: updatesla folded on the Pre-Flop and did not bet
Seat 4: tmoney2331 showed [8s 5s] and lost with a high card, Ace high [Ad Td 8s 7h 5s]
Seat 5: lipesticky (button) showed [6c Tc] and won 26996.00 with a pair of Tens [Td Tc Ad 7h 6c]
Seat 6: MeatMountain8126 (small blind) folded on the Pre-Flop

Game Hand #2017504057 - Tournament #31138356 - Holdem (No Limit) - Level 1 (500.00/1000.00)- 2024/02/04 21:12:37 UTC
Table '9' 6-max Seat #6 is the button
Seat 1: CVSP1VN (114725.00)
Seat 2: ksrigga (115149.00)
Seat 3: updatesla (123900.00) is sitting out
Seat 4: tmoney2331 (115153.00)
Seat 5: lipesticky (143598.00)
Seat 6: MeatMountain8126 (137475.00)
CVSP1VN posts ante 150.00
ksrigga posts ante 150.00
updatesla posts ante 150.00
tmoney2331 posts ante 150.00
lipesticky posts ante 150.00
MeatMountain8126 posts ante 150.00
CVSP1VN posts the small blind 500.00
ksrigga posts the big blind 1000.00
*** HOLE CARDS ***
Main pot 900.00
Dealt to lipesticky [6h 3d]
updatesla folds
tmoney2331 folds
lipesticky folds
MeatMountain8126 raises 3000.00 to 3000.00
CVSP1VN folds
ksrigga raises 9000.00 to 10000.00
MeatMountain8126 calls 7000.00
*** FLOP *** [Kc 3s 9s]
Main pot 21400.00
ksrigga bets 7062.00
MeatMountain8126 folds
Uncalled bet (7062.00) returned to ksrigga
ksrigga does not show
*** SUMMARY ***
Total pot 21400.00
Board [Kc 3s 9s]
Seat 1: CVSP1VN (small blind) folded on the Pre-Flop
Seat 2: ksrigga did not show and won 21400.00
Seat 3: updatesla folded on the Pre-Flop and did not bet
Seat 4: tmoney2331 folded on the Pre-Flop and did not bet
Seat 5: lipesticky folded on the Pre-Flop and did not bet
Seat 6: MeatMountain8126 (button) folded on the Flop

Game Hand #2017506435 - Tournament #31138356 - Holdem (No Limit) - Level 1 (500.00/1000.00)- 2024/02/04 21:13:51 UTC
Table '9' 6-max Seat #1 is the button
Seat 1: CVSP1VN (114075.00)
Seat 2: ksrigga (126399.00)
Seat 3: updatesla (123750.00) is sitting out
Seat 4: tmoney2331 (115003.00)
Seat 5: lipesticky (143448.00)
Seat 6: MeatMountain8126 (127325.00)
CVSP1VN posts ante 150.00
ksrigga posts ante 150.00
updatesla posts ante 150.00
tmoney2331 posts ante 150.00
lipesticky posts ante 150.00
MeatMountain8126 posts ante 150.00
ksrigga posts the small blind 500.00
updatesla posts the big blind 1000.00
*** HOLE CARDS ***
Main pot 900.00
Dealt to lipesticky [5d Ah]
tmoney2331 folds
lipesticky raises 2100.00 to 2100.00
MeatMountain8126 folds
CVSP1VN folds
ksrigga folds
updatesla folds
Uncalled bet (1100.00) returned to lipesticky
lipesticky does not show
*** SUMMARY ***
Total pot 3400.00
Seat 1: CVSP1VN (button) folded on the Pre-Flop
Seat 2: ksrigga (small blind) folded on the Pre-Flop
Seat 3: updatesla (big blind) folded on the Pre-Flop
Seat 4: tmoney2331 folded on the Pre-Flop and did not bet
Seat 5: lipesticky did not show and won 3400.00
Seat 6: MeatMountain8126 folded on the Pre-Flop and did not bet

Game Hand #2017508095 - Tournament #31138356 - Holdem (No Limit) - Level 1 (500.00/1000.00)- 2024/02/04 21:14:43 UTC
Table '9' 6-max Seat #2 is the button
Seat 1: CVSP1VN (113925.00)
Seat 2: ksrigga (125749.00)
Seat 3: updatesla (122600.00) is sitting out
Seat 4: tmoney2331 (114853.00)
Seat 5: lipesticky (145698.00)
Seat 6: MeatMountain8126 (127175.00)
CVSP1VN posts ante 150.00
ksrigga posts ante 150.00
updatesla posts ante 150.00
tmoney2331 posts ante 150.00
lipesticky posts ante 150.00
MeatMountain8126 posts ante 150.00
updatesla posts the small blind 500.00
tmoney2331 posts the big blind 1000.00
*** HOLE CARDS ***
Main pot 900.00
Dealt to lipesticky [2h 8s]
lipesticky folds
MeatMountain8126 folds
CVSP1VN folds
ksrigga raises 2100.00 to 2100.00
updatesla folds
tmoney2331 calls 1100.00
*** FLOP *** [8h Qc 3d]
Main pot 5600.00
tmoney2331 checks
ksrigga checks
*** TURN *** [8h Qc 3d] [Jc]
Main pot 5600.00
tmoney2331 checks
ksrigga bets 1848.00
tmoney2331 calls 1848.00
*** RIVER *** [8h Qc 3d Jc] [Qd]
Main pot 9296.00
tmoney2331 checks
ksrigga checks
*** SHOW DOWN ***
Main pot 9296.00
ksrigga shows [9h 9s] (two pair, Queens and Nines [Qd Qc 9s 9h Jc])
tmoney2331 shows [Ah 3s] (two pair, Queens and Threes [Qd Qc 3s 3d Ah])
ksrigga collected 9296.00 from main pot
*** SUMMARY ***
Total pot 9296.00
Board [8h Qc 3d Jc Qd]
Seat 1: CVSP1VN folded on the Pre-Flop and did not bet
Seat 2: ksrigga (button) showed [9h 9s] and won 9296.00 with two pair, Queens and Nines [Qd Qc 9s 9h Jc]
Seat 3: updatesla (small blind) folded on the Pre-Flop
Seat 4: tmoney2331 (big blind) showed [Ah 3s] and lost with two pair, Queens and Threes [Qd Qc 3s 3d Ah]
Seat 5: lipesticky folded on the Pre-Flop and did not bet
Seat 6: MeatMountain8126 folded on the Pre-Flop and did not bet

Game Hand #2017511265 - Tournament #31138356 - Holdem (No Limit) - Level 1 (500.00/1000.00)- 2024/02/04 21:16:23 UTC
Table '9' 6-max Seat #3 is the button
Seat 1: CVSP1VN (113775.00)
Seat 2: ksrigga (130947.00)
Seat 3: updatesla (121950.00) is sitting out
Seat 4: tmoney2331 (110755.00)
Seat 5: lipesticky (145548.00)
Seat 6: MeatMountain8126 (127025.00)
CVSP1VN posts ante 150.00
ksrigga posts ante 150.00
updatesla posts ante 150.00
tmoney2331 posts ante 150.00
lipesticky posts ante 150.00
MeatMountain8126 posts ante 150.00
tmoney2331 posts the small blind 500.00
lipesticky posts the big blind 1000.00
*** HOLE CARDS ***
Main pot 900.00
Dealt to lipesticky [7h Js]
MeatMountain8126 folds
CVSP1VN raises 2000.00 to 2000.00
ksrigga folds
updatesla folds
tmoney2331 folds
lipesticky calls 1000.00
*** FLOP *** [9d 2d Kh]
Main pot 5400.00
lipesticky checks
CVSP1VN bets 1512.00
lipesticky folds
Uncalled bet (1512.00) returned to CVSP1VN
CVSP1VN does not show
*** SUMMARY ***
Total pot 5400.00
Board [9d 2d Kh]
Seat 1: CVSP1VN did not show and won 5400.00
Seat 2: ksrigga folded on the Pre-Flop and did not bet
Seat 3: updatesla (button) folded on the Pre-Flop
Seat 4: tmoney2331 (small blind) folded on the Pre-Flop
Seat 5: lipesticky (big blind) folded on the Flop
Seat 6: MeatMountain8126 folded on the Pre-Flop and did not bet

Game Hand #2017513504 - Tournament #31138356 - Holdem (No Limit) - Level 1 (500.00/1000.00)- 2024/02/04 21:17:34 UTC
Table '9' 6-max Seat #4 is the button
Seat 1: CVSP1VN (117025.00)
Seat 2: ksrigga (130797.00)
Seat 3: updatesla (121800.00) is sitting out
Seat 4: tmoney2331 (110105.00)
Seat 5: lipesticky (143398.00)
Seat 6: MeatMountain8126 (126875.00)
CVSP1VN posts ante 150.00
ksrigga posts ante 150.00
updatesla posts ante 150.00
tmoney2331 posts ante 150.00
lipesticky posts ante 150.00
MeatMountain8126 posts ante 150.00
lipesticky posts the small blind 500.00
MeatMountain8126 posts the big blind 1000.00
*** HOLE CARDS ***
Main pot 900.00
Dealt to lipesticky [Ah 9s]
CVSP1VN folds
ksrigga folds
updatesla folds
tmoney2331 folds
lipesticky calls 500.00
MeatMountain8126 checks
*** FLOP *** [5s Ks Td]
Main pot 2900.00
lipesticky bets 1000.00
MeatMountain8126 folds
Uncalled bet (1000.00) returned to lipesticky
lipesticky does not show
*** SUMMARY ***
Total pot 2900.00
Board [5s Ks Td]
Seat 1: CVSP1VN folded on the Pre-Flop and did not bet
Seat 2: ksrigga folded on the Pre-Flop and did not bet
Seat 3: updatesla folded on the Pre-Flop and did not bet
Seat 4: tmoney2331 (button) folded on the Pre-Flop
Seat 5: lipesticky did not show and won 2900.00
Seat 6: MeatMountain8126 (big blind) folded on the Flop

Game Hand #2017515880 - Tournament #31138356 - Holdem (No Limit) - Level 1 (500.00/1000.00)- 2024/02/04 21:18:49 UTC
Table '9' 6-max Seat #5 is the button
Seat 1: CVSP1VN (116875.00)
Seat 2: ksrigga (130647.00)
Seat 3: updatesla (121650.00) is sitting out
Seat 4: tmoney2331 (109955.00)
Seat 5: lipesticky (145148.00)
Seat 6: MeatMountain8126 (125725.00)
CVSP1VN posts ante 150.00
ksrigga posts ante 150.00
updatesla posts ante 150.00
tmoney2331 posts ante 150.00
lipesticky posts ante 150.00
MeatMountain8126 posts ante 150.00
MeatMountain8126 posts the small blind 500.00
CVSP1VN posts the big blind 1000.00
*** HOLE CARDS ***
Main pot 900.00
Dealt to lipesticky [4c 3d]
ksrigga raises 2000.00 to 2000.00
updatesla folds
tmoney2331 folds
lipesticky folds
MeatMountain8126 folds
CVSP1VN calls 1000.00
*** FLOP *** [Jd 7c 6d]
Main pot 5400.00
CVSP1VN checks
ksrigga bets 1350.00
CVSP1VN folds
Uncalled bet (1350.00) returned to ksrigga
ksrigga does not show
*** SUMMARY ***
Total pot 5400.00
Board [Jd 7c 6d]
Seat 1: CVSP1VN (big blind) folded on the Flop
Seat 2: ksrigga did not show and won 5400.00
Seat 3: updatesla folded on the Pre-Flop and did not bet
Seat 4: tmoney2331 folded on the Pre-Flop and did not bet
Seat 5: lipesticky (button) folded on the Pre-Flop
Seat 6: MeatMountain8126 (small blind) folded on the Pre-Flop

Game Hand #2017517787 - Tournament #31138356 - Holdem (No Limit) - Level 1 (500.00/1000.00)- 2024/02/04 21:19:49 UTC
Table '9' 6-max Seat #6 is the button
Seat 1: CVSP1VN (114725.00)
Seat 2: ksrigga (133897.00)
Seat 3: updatesla (121500.00) is sitting out
Seat 4: tmoney2331 (109805.00)
Seat 5: lipesticky (144998.00)
Seat 6: MeatMountain8126 (125075.00)
CVSP1VN posts ante 150.00
ksrigga posts ante 150.00
updatesla posts ante 150.00
tmoney2331 posts ante 150.00
lipesticky posts ante 150.00
MeatMountain8126 posts ante 150.00
CVSP1VN posts the small blind 500.00
ksrigga posts the big blind 1000.00
*** HOLE CARDS ***
Main pot 900.00
Dealt to lipesticky [3h Kc]
updatesla folds
tmoney2331 folds
lipesticky folds
MeatMountain8126 raises 2500.00 to 2500.00
CVSP1VN folds
ksrigga calls 1500.00
*** FLOP *** [3s Kh Qc]
Main pot 6400.00
ksrigga checks
MeatMountain8126 bets 3700.00
ksrigga folds
Uncalled bet (3700.00) returned to MeatMountain8126
MeatMountain8126 does not show
*** SUMMARY ***
Total pot 6400.00
Board [3s Kh Qc]
Seat 1: CVSP1VN (small blind) folded on the Pre-Flop
Seat 2: ksrigga (big blind) folded on the Flop
Seat 3: updatesla folded on the Pre-Flop and did not bet
Seat 4: tmoney2331 folded on the Pre-Flop and did not bet
Seat 5: lipesticky folded on the Pre-Flop and did not bet
Seat 6: MeatMountain8126 did not show and won 6400.00

Game Hand #2017519427 - Tournament #31138356 - Holdem (No Limit) - Level 2 (600.00/1200.00)- 2024/02/04 21:20:40 UTC
Table '9' 6-max Seat #1 is the button
Seat 1: CVSP1VN (114075.00)
Seat 3: updatesla (121350.00) is sitting out
Seat 4: tmoney2331 (109655.00)
Seat 5: lipesticky (144848.00)
Seat 6: MeatMountain8126 (128825.00)
CVSP1VN posts ante 180.00
updatesla posts ante 180.00
tmoney2331 posts ante 180.00
lipesticky posts ante 180.00
MeatMountain8126 posts ante 180.00
updatesla posts the big blind 1200.00
*** HOLE CARDS ***
Main pot 900.00
Dealt to lipesticky [Qs 2s]
tmoney2331 folds
lipesticky folds
MeatMountain8126 raises 3000.00 to 3000.00
CVSP1VN folds
updatesla folds
Uncalled bet (1800.00) returned to MeatMountain8126
MeatMountain8126 does not show
*** SUMMARY ***
Total pot 3300.00
Seat 1: CVSP1VN (button) folded on the Pre-Flop
Seat 3: updatesla (big blind) folded on the Pre-Flop
Seat 4: tmoney2331 folded on the Pre-Flop and did not bet
Seat 5: lipesticky folded on the Pre-Flop and did not bet
Seat 6: MeatMountain8126 did not show and won 3300.00

Game Hand #2017521292 - Tournament #31138356 - Holdem (No Limit) - Level 2 (600.00/1200.00)- 2024/02/04 21:21:36 UTC
Table '9' 6-max Seat #2 is the button
Seat 1: CVSP1VN (113895.00)
Seat 3: updatesla (119970.00) is sitting out
Seat 4: tmoney2331 (109475.00)
Seat 5: lipesticky (144668.00)
Seat 6: MeatMountain8126 (130745.00)
CVSP1VN posts ante 180.00
updatesla posts ante 180.00
tmoney2331 posts ante 180.00
lipesticky posts ante 180.00
MeatMountain8126 posts ante 180.00
updatesla posts the small blind 600.00
tmoney2331 posts the big blind 1200.00
*** HOLE CARDS ***
Main pot 900.00
Dealt to lipesticky [4h 4d]
lipesticky raises 2520.00 to 2520.00
MeatMountain8126 folds
CVSP1VN folds
updatesla folds
tmoney2331 calls 1320.00
*** FLOP *** [3h 2h 8d]
Main pot 6540.00
tmoney2331 checks
lipesticky bets 2158.00
tmoney2331 folds
Uncalled bet (2158.00) returned to lipesticky
lipesticky does not show
*** SUMMARY ***
Total pot 6540.00
Board [3h 2h 8d]
Seat 1: CVSP1VN folded on the Pre-Flop and did not bet
Seat 3: updatesla (small blind) folded on the Pre-Flop
Seat 4: tmoney2331 (big blind) folded on the Flop
Seat 5: lipesticky did not show and won 6540.00
Seat 6: MeatMountain8126 folded on the Pre-Flop and did not bet

Game Hand #2017522322 - Tournament #31138356 - Holdem (No Limit) - Level 2 (600.00/1200.00)- 2024/02/04 21:22:09 UTC
Table '9' 6-max Seat #3 is the button
Seat 1: CVSP1VN (113715.00)
Seat 2: Reezy852185 (125000.00)
Seat 3: updatesla (119190.00) is sitting out
Seat 4: tmoney2331 (106775.00)
Seat 5: lipesticky (148508.00)
Seat 6: MeatMountain8126 (130565.00)
CVSP1VN posts ante 180.00
Reezy852185 posts ante 180.00
updatesla posts ante 180.00
tmoney2331 posts ante 180.00
lipesticky posts ante 180.00
MeatMountain8126 posts ante 180.00
tmoney2331 posts the small blind 600.00
lipesticky posts the big blind 1200.00
*** HOLE CARDS ***
Main pot 1080.00
Dealt to lipesticky [Tc Kc]
MeatMountain8126 folds
CVSP1VN folds
Reezy852185 folds
updatesla folds
tmoney2331 folds
lipesticky does not show
*** SUMMARY ***
Total pot 2880.00
Seat 1: CVSP1VN folded on the Pre-Flop and did not bet
Seat 2: Reezy852185 folded on the Pre-Flop and did not bet
Seat 3: updatesla (button) folded on the Pre-Flop
Seat 4: tmoney2331 (small blind) folded on the Pre-Flop
Seat 5: lipesticky did not show and won 2880.00
Seat 6: MeatMountain8126 folded on the Pre-Flop and did not bet

Game Hand #2017522882 - Tournament #31138356 - Holdem (No Limit) - Level 2 (600.00/1200.00)- 2024/02/04 21:22:26 UTC
Table '9' 6-max Seat #4 is the button
Seat 1: CVSP1VN (113535.00)
Seat 2: Reezy852185 (124820.00)
Seat 3: updatesla (119010.00) is sitting out
Seat 5: lipesticky (150008.00)
Seat 6: MeatMountain8126 (130385.00)
CVSP1VN posts ante 180.00
Reezy852185 posts ante 180.00
updatesla posts ante 180.00
lipesticky posts ante 180.00
MeatMountain8126 posts ante 180.00
lipesticky posts the small blind 600.00
MeatMountain8126 posts the big blind 1200.00
*** HOLE CARDS ***
Main pot 900.00
Dealt to lipesticky [Ah Tc]
CVSP1VN raises 2400.00 to 2400.00
Reezy852185 calls 2400.00
updatesla folds
lipesticky calls 1800.00
MeatMountain8126 calls 1200.00
*** FLOP *** [Ac 6d Qd]
Main pot 10500.00
lipesticky checks
MeatMountain8126 checks
CVSP1VN bets 3600.00
Reezy852185 folds
lipesticky calls 3600.00
MeatMountain8126 calls 3600.00
*** TURN *** [Ac 6d Qd] [7s]
Main pot 21300.00
lipesticky checks
MeatMountain8126 checks
CVSP1VN bets 18744.00
lipesticky folds
MeatMountain8126 folds
Uncalled bet (18744.00) returned to CVSP1VN
CVSP1VN does not show
*** SUMMARY ***
Total pot 21300.00
Board [Ac 6d Qd 7s]
Seat 1: CVSP1VN did not show and won 21300.00
Seat 2: Reezy852185 folded on the Flop
Seat 3: updatesla folded on the Pre-Flop and did not bet
Seat 5: lipesticky (small blind) folded on the Turn
Seat 6: MeatMountain8126 (big blind) folded on the Turn

Game Hand #2017525716 - Tournament #31138356 - Holdem (No Limit) - Level 2 (600.00/1200.00)- 2024/02/04 21:23:55 UTC
Table '9' 6-max Seat #5 is the button
Seat 1: CVSP1VN (128655.00)
Seat 2: Reezy852185 (122240.00)
Seat 3: updatesla (118830.00) is sitting out
Seat 5: lipesticky (143828.00)
Seat 6: MeatMountain8126 (124205.00)
CVSP1VN posts ante 180.00
Reezy852185 posts ante 180.00
updatesla posts ante 180.00
lipesticky posts ante 180.00
MeatMountain8126 posts ante 180.00
MeatMountain8126 posts the small blind 600.00
CVSP1VN posts the big blind 1200.00
*** HOLE CARDS ***
Main pot 900.00
Dealt to lipesticky [5d 3c]
Reezy852185 calls 1200.00
updatesla folds
lipesticky folds
MeatMountain8126 calls 600.00
CVSP1VN checks
*** FLOP *** [Qd Ac Ts]
Main pot 4500.00
MeatMountain8126 checks
CVSP1VN checks
Reezy852185 bets 2250.00
MeatMountain8126 calls 2250.00
CVSP1VN folds
*** TURN *** [Qd Ac Ts] [3s]
Main pot 9000.00
MeatMountain8126 checks
Reezy852185 bets 6750.00
MeatMountain8126 folds
Uncalled bet (6750.00) returned to Reezy852185
Reezy852185 does not show
*** SUMMARY ***
Total pot 9000.00
Board [Qd Ac Ts 3s]
Seat 1: CVSP1VN (big blind) folded on the Flop
Seat 2: Reezy852185 did not show and won 9000.00
Seat 3: updatesla folded on the Pre-Flop and did not bet
Seat 5: lipesticky (button) folded on the Pre-Flop
Seat 6: MeatMountain8126 (small blind) folded on the Turn

Game Hand #2017527262 - Tournament #31138356 - Holdem (No Limit) - Level 2 (600.00/1200.00)- 2024/02/04 21:24:43 UTC
Table '9' 6-max Seat #6 is the button
Seat 1: CVSP1VN (127275.00)
Seat 2: Reezy852185 (127610.00)
Seat 3: updatesla (118650.00) is sitting out
Seat 4: Vozi15 (125000.00)
Seat 5: lipesticky (143648.00)
Seat 6: MeatMountain8126 (120575.00)
CVSP1VN posts ante 180.00
Reezy852185 posts ante 180.00
updatesla posts ante 180.00
Vozi15 posts ante 180.00
lipesticky posts ante 180.00
MeatMountain8126 posts ante 180.00
CVSP1VN posts the small blind 600.00
Reezy852185 posts the big blind 1200.00
*** HOLE CARDS ***
Main pot 1080.00
Dealt to lipesticky [5h Qs]
updatesla folds
Vozi15 raises 3000.00 to 3000.00
lipesticky folds
MeatMountain8126 calls 3000.00
CVSP1VN folds
Reezy852185 calls 1800.00
*** FLOP *** [Kh 9c 2d]
Main pot 10680.00
Reezy852185 checks
Vozi15 bets 3524.00
MeatMountain8126 calls 3524.00
Reezy852185 calls 3524.00
*** TURN *** [Kh 9c 2d] [7h]
Main pot 21252.00
Reezy852185 checks
Vozi15 bets 13064.00
MeatMountain8126 folds
Reezy852185 folds
Uncalled bet (13064.00) returned to Vozi15
Vozi15 does not show
*** SUMMARY ***
Total pot 21252.00
Board [Kh 9c 2d 7h]
Seat 1: CVSP1VN (small blind) folded on the Pre-Flop
Seat 2: Reezy852185 (big blind) folded on the Turn
Seat 3: updatesla folded on the Pre-Flop and did not bet
Seat 4: Vozi15 did not show and won 21252.00
Seat 5: lipesticky folded on the Pre-Flop and did not bet
Seat 6: MeatMountain8126 (button) folded on the Turn

Game Hand #2017529715 - Tournament #31138356 - Holdem (No Limit) - Level 2 (600.00/1200.00)- 2024/02/04 21:26:00 UTC
Table '9' 6-max Seat #1 is the button
Seat 1: CVSP1VN (126495.00)
Seat 2: Reezy852185 (120906.00)
Seat 3: updatesla (118470.00) is sitting out
Seat 4: Vozi15 (139548.00)
Seat 5: lipesticky (143468.00)
Seat 6: MeatMountain8126 (113871.00)
CVSP1VN posts ante 180.00
Reezy852185 posts ante 180.00
updatesla posts ante 180.00
Vozi15 posts ante 180.00
lipesticky posts ante 180.00
MeatMountain8126 posts ante 180.00
Reezy852185 posts the small blind 600.00
updatesla posts the big blind 1200.00
*** HOLE CARDS ***
Main pot 1080.00
Dealt to lipesticky [Js 4c]
Vozi15 raises 3000.00 to 3000.00
lipesticky folds
MeatMountain8126 calls 3000.00
CVSP1VN raises 12600.00 to 12600.00
Reezy852185 folds
updatesla folds
Vozi15 folds
MeatMountain8126 folds
Uncalled bet (9600.00) returned to CVSP1VN
CVSP1VN does not show
*** SUMMARY ***
Total pot 11880.00
Seat 1: CVSP1VN did not show and won 11880.00
Seat 2: Reezy852185 (small blind) folded on the Pre-Flop
Seat 3: updatesla (big blind) folded on the Pre-Flop
Seat 4: Vozi15 folded on the Pre-Flop and did not bet
Seat 5: lipesticky folded on the Pre-Flop and did not bet
Seat 6: MeatMountain8126 folded on the Pre-Flop and did not bet

Game Hand #2017531146 - Tournament #31138356 - Holdem (No Limit) - Level 2 (600.00/1200.00)- 2024/02/04 21:26:44 UTC
Table '9' 6-max Seat #2 is the button
Seat 1: CVSP1VN (135195.00)
Seat 2: Reezy852185 (120126.00)
Seat 3: updatesla (117090.00) is sitting out
Seat 4: Vozi15 (136368.00)
Seat 5: lipesticky (143288.00)
Seat 6: MeatMountain8126 (110691.00)
CVSP1VN posts ante 180.00
Reezy852185 posts ante 180.00
updatesla posts ante 180.00
Vozi15 posts ante 180.00
lipesticky posts ante 180.00
MeatMountain8126 posts ante 180.00
updatesla posts the small blind 600.00
Vozi15 posts the big blind 1200.00
*** HOLE CARDS ***
Main pot 1080.00
Dealt to lipesticky [Kc Js]
lipesticky raises 2520.00 to 2520.00
MeatMountain8126 folds
CVSP1VN folds
Reezy852185 folds
updatesla folds
Vozi15 folds
Uncalled bet (1320.00) returned to lipesticky
lipesticky does not show
*** SUMMARY ***
Total pot 4080.00
Seat 1: CVSP1VN folded on the Pre-Flop and did not bet
Seat 2: Reezy852185 (button) folded on the Pre-Flop
Seat 3: updatesla (small blind) folded on the Pre-Flop
Seat 4: Vozi15 (big blind) folded on the Pre-Flop
Seat 5: lipesticky did not show and won 4080.00
Seat 6: MeatMountain8126 folded on the Pre-Flop and did not bet

Game Hand #2017531696 - Tournament #31138356 - Holdem (No Limit) - Level 2 (600.00/1200.00)- 2024/02/04 21:27:02 UTC
Table '9' 6-max Seat #3 is the button
Seat 1: CVSP1VN (135015.00)
Seat 2: Reezy852185 (119946.00)
Seat 3: updatesla (116310.00) is sitting out
Seat 4: Vozi15 (134988.00)
Seat 5: lipesticky (145988.00)
Seat 6: MeatMountain8126 (110511.00)
CVSP1VN posts ante 180.00
Reezy852185 posts ante 180.00
updatesla posts ante 180.00
Vozi15 posts ante 180.00
lipesticky posts ante 180.00
MeatMountain8126 posts ante 180.00
Vozi15 posts the small blind 600.00
lipesticky posts the big blind 1200.00
*** HOLE CARDS ***
Main pot 1080.00
Dealt to lipesticky [Jc As]
MeatMountain8126 calls 1200.00
CVSP1VN folds
Reezy852185 folds
updatesla folds
Vozi15 folds
lipesticky raises 7200.00 to 8400.00
MeatMountain8126 folds
Uncalled bet (7200.00) returned to lipesticky
lipesticky does not show
*** SUMMARY ***
Total pot 4080.00
Seat 1: CVSP1VN folded on the Pre-Flop and did not bet
Seat 2: Reezy852185 folded on the Pre-Flop and did not bet
Seat 3: updatesla (button) folded on the Pre-Flop
Seat 4: Vozi15 (small blind) folded on the Pre-Flop
Seat 5: lipesticky did not show and won 4080.00
Seat 6: MeatMountain8126 folded on the Pre-Flop and did not bet

Game Hand #2017532647 - Tournament #31138356 - Holdem (No Limit) - Level 2 (600.00/1200.00)- 2024/02/04 21:27:33 UTC
Table '9' 6-max Seat #4 is the button
Seat 1: CVSP1VN (134835.00)
Seat 2: Reezy852185 (119766.00)
Seat 3: updatesla (116130.00) is sitting out
Seat 4: Vozi15 (134208.00)
Seat 5: lipesticky (148688.00)
Seat 6: MeatMountain8126 (109131.00)
CVSP1VN posts ante 180.00
Reezy852185 posts ante 180.00
updatesla posts ante 180.00
Vozi15 posts ante 180.00
lipesticky posts ante 180.00
MeatMountain8126 posts ante 180.00
lipesticky posts the small blind 600.00
MeatMountain8126 posts the big blind 1200.00
*** HOLE CARDS ***
Main pot 1080.00
Dealt to lipesticky [Kd Qd]
CVSP1VN folds
Reezy852185 calls 1200.00
updatesla folds
Vozi15 folds
lipesticky raises 7800.00 to 8400.00
MeatMountain8126 folds
Reezy852185 calls 7200.00
*** FLOP *** [8c 2d Ac]
Main pot 19080.00
lipesticky bets 5696.00
Reezy852185 calls 5696.00
*** TURN *** [8c 2d Ac] [Qc]
Main pot 30472.00
lipesticky checks
Reezy852185 bets 7618.00
lipesticky calls 7618.00
*** RIVER *** [8c 2d Ac Qc] [7h]
Main pot 45708.00
lipesticky checks
Reezy852185 bets 34281.00
lipesticky calls 34281.00
*** SHOW DOWN ***
Main pot 114270.00
Reezy852185 shows [8h 9h] (a pair of Eights [8h 8c Ac Qc 9h])
lipesticky shows [Kd Qd] (a pair of Queens [Qd Qc Ac Kd 8c])
lipesticky collected 114270.00 from main pot
*** SUMMARY ***
Total pot 114270.00
Board [8c 2d Ac Qc 7h]
Seat 1: CVSP1VN folded on the Pre-Flop and did not bet
Seat 2: Reezy852185 showed [8h 9h] and lost with a pair of Eights [8h 8c Ac Qc 9h]
Seat 3: updatesla folded on the Pre-Flop and did not bet
Seat 4: Vozi15 (button) folded on the Pre-Flop
Seat 5: lipesticky (small blind) showed [Kd Qd] and won 114270.00 with a pair of Queens [Qd Qc Ac Kd 8c]
Seat 6: MeatMountain8126 (big blind) folded on the Pre-Flop

Game Hand #2017535637 - Tournament #31138356 - Holdem (No Limit) - Level 2 (600.00/1200.00)- 2024/02/04 21:29:06 UTC
Table '9' 6-max Seat #5 is the button
Seat 1: CVSP1VN (134655.00)
Seat 2: Reezy852185 (63591.00)
Seat 3: updatesla (115950.00) is sitting out
Seat 4: Vozi15 (134028.00)
Seat 5: lipesticky (206783.00)
Seat 6: MeatMountain8126 (107751.00)
CVSP1VN posts ante 180.00
Reezy852185 posts ante 180.00
updatesla posts ante 180.00
Vozi15 posts ante 180.00
lipesticky posts ante 180.00
MeatMountain8126 posts ante 180.00
MeatMountain8126 posts the small blind 600.00
CVSP1VN posts the big blind 1200.00
*** HOLE CARDS ***
Main pot 1080.00
Dealt to lipesticky [4s As]
Reezy852185 calls 1200.00
updatesla folds
Vozi15 raises 4200.00 to 4200.00
lipesticky folds
MeatMountain8126 calls 3600.00
CVSP1VN folds
Reezy852185 calls 3000.00
*** FLOP *** [9s 7s 5h]
Main pot 14880.00
MeatMountain8126 checks
Reezy852185 checks
Vozi15 checks
*** TURN *** [9s 7s 5h] [9c]
Main pot 14880.00
MeatMountain8126 checks
Reezy852185 checks
Vozi15 checks
*** RIVER *** [9s 7s 5h 9c] [7d]
Main pot 14880.00
MeatMountain8126 checks
Reezy852185 bets 28741.00
Vozi15 folds
MeatMountain8126 folds
Uncalled bet (28741.00) returned to Reezy852185
Reezy852185 does not show
*** SUMMARY ***
Total pot 14880.00
Board [9s 7s 5h 9c 7d]
Seat 1: CVSP1VN (big blind) folded on the Pre-Flop
Seat 2: Reezy852185 did not show and won 14880.00
Seat 3: updatesla folded on the Pre-Flop and did not bet
Seat 4: Vozi15 folded on the River
Seat 5: lipesticky (button) folded on the Pre-Flop
Seat 6: MeatMountain8126 (small blind) folded on the River

Game Hand #2017539141 - Tournament #31138356 - Holdem (No Limit) - Level 2 (600.00/1200.00)- 2024/02/04 21:30:54 UTC
Table '9' 6-max Seat #6 is the button
Seat 1: CVSP1VN (133275.00)
Seat 2: Reezy852185 (74091.00)
Seat 3: updatesla (115770.00) is sitting out
Seat 4: Vozi15 (129648.00)
Seat 5: lipesticky (206603.00)
Seat 6: MeatMountain8126 (103371.00)
CVSP1VN posts ante 180.00
Reezy852185 posts ante 180.00
updatesla posts ante 180.00
Vozi15 posts ante 180.00
lipesticky posts ante 180.00
MeatMountain8126 posts ante 180.00
CVSP1VN posts the small blind 600.00
Reezy852185 posts the big blind 1200.00
*** HOLE CARDS ***
Main pot 1080.00
Dealt to lipesticky [Jh 9h]
updatesla folds
Vozi15 folds
lipesticky folds
MeatMountain8126 folds
CVSP1VN calls 600.00
Reezy852185 checks
*** FLOP *** [Ts 2c 4s]
Main pot 3480.00
CVSP1VN checks
Reezy852185 checks
*** TURN *** [Ts 2c 4s] [6h]
Main pot 3480.00
CVSP1VN bets 2592.00
Reezy852185 calls 2592.00
*** RIVER *** [Ts 2c 4s 6h] [Qh]
Main pot 8664.00
CVSP1VN checks
Reezy852185 bets 4332.00
CVSP1VN folds
Uncalled bet (4332.00) returned to Reezy852185
Reezy852185 does not show
*** SUMMARY ***
Total pot 8664.00
Board [Ts 2c 4s 6h Qh]
Seat 1: CVSP1VN (small blind) folded on the River
Seat 2: Reezy852185 did not show and won 8664.00
Seat 3: updatesla folded on the Pre-Flop and did not bet
Seat 4: Vozi15 folded on the Pre-Flop and did not bet
Seat 5: lipesticky folded on the Pre-Flop and did not bet
Seat 6: MeatMountain8126 (button) folded on the Pre-Flop

Game Hand #2017543615 - Tournament #31138356 - Holdem (No Limit) - Level 2 (600.00/1200.00)- 2024/02/04 21:33:06 UTC
Table '9' 6-max Seat #1 is the button
Seat 1: CVSP1VN (129303.00)
Seat 2: Reezy852185 (78783.00)
Seat 3: updatesla (115590.00) is sitting out
Seat 4: Vozi15 (129468.00)
Seat 5: lipesticky (206423.00)
Seat 6: MeatMountain8126 (103191.00)
CVSP1VN posts ante 180.00
Reezy852185 posts ante 180.00
updatesla posts ante 180.00
Vozi15 posts ante 180.00
lipesticky posts ante 180.00
MeatMountain8126 posts ante 180.00
Reezy852185 posts the small blind 600.00
updatesla posts the big blind 1200.00
*** HOLE CARDS ***
Main pot 1080.00
Dealt to lipesticky [Kd 2d]
Vozi15 raises 2640.00 to 2640.00
lipesticky folds
MeatMountain8126 folds
CVSP1VN folds
Reezy852185 calls 2040.00
updatesla folds
*** FLOP *** [9h 8h 9d]
Main pot 7560.00
Reezy852185 checks
Vozi15 checks
*** TURN *** [9h 8h 9d] [8s]
Main pot 7560.00
Reezy852185 checks
Vozi15 checks
*** RIVER *** [9h 8h 9d 8s] [4h]
Main pot 7560.00
Reezy852185 checks
Vozi15 checks
*** SHOW DOWN ***
Main pot 7560.00
Reezy852185 shows [Kh Jd] (two pair, Nines and Eights [9h 9d 8s 8h Kh])
Vozi15 shows [7s As] (two pair, Nines and Eights [9h 9d 8s 8h As])
Vozi15 collected 7560.00 from main pot
*** SUMMARY ***
Total pot 7560.00
Board [9h 8h 9d 8s 4h]
Seat 1: CVSP1VN (button) folded on the Pre-Flop
Seat 2: Reezy852185 (small blind) showed [Kh Jd] and lost with two pair, Nines and Eights [9h 9d 8s 8h Kh]
Seat 3: updatesla (big blind) folded on the Pre-Flop
Seat 4: Vozi15 showed [7s As] and won 7560.00 with two pair, Nines and Eights [9h 9d 8s 8h As] with the kicker Ace
Seat 5: lipesticky folded on the Pre-Flop and did not bet
Seat 6: MeatMountain8126 folded on the Pre-Flop and did not bet

Game Hand #2017546398 - Tournament #31138356 - Holdem (No Limit) - Level 2 (600.00/1200.00)- 2024/02/04 21:34:27 UTC
Table '9' 6-max Seat #2 is the button
Seat 1: CVSP1VN (129123.00)
Seat 2: Reezy852185 (75963.00)
Seat 3: updatesla (114210.00) is sitting out
Seat 4: Vozi15 (134208.00)
Seat 5: lipesticky (206243.00)
Seat 6: MeatMountain8126 (103011.00)
CVSP1VN posts ante 180.00
Reezy852185 posts ante 180.00
updatesla posts ante 180.00
Vozi15 posts ante 180.00
lipesticky posts ante 180.00
MeatMountain8126 posts ante 180.00
updatesla posts the small blind 600.00
Vozi15 posts the big blind 1200.00
*** HOLE CARDS ***
Main pot 1080.00
Dealt to lipesticky [5c 6s]
lipesticky folds
MeatMountain8126 raises 2400.00 to 2400.00
CVSP1VN folds
Reezy852185 folds
updatesla folds
Vozi15 folds
Uncalled bet (1200.00) returned to MeatMountain8126
MeatMountain8126 does not show
*** SUMMARY ***
Total pot 4080.00
Seat 1: CVSP1VN folded on the Pre-Flop and did not bet
Seat 2: Reezy852185 (button) folded on the Pre-Flop
Seat 3: updatesla (small blind) folded on the Pre-Flop
Seat 4: Vozi15 (big blind) folded on the Pre-Flop
Seat 5: lipesticky folded on the Pre-Flop and did not bet
Seat 6: MeatMountain8126 did not show and won 4080.00

Game Hand #2017547638 - Tournament #31138356 - Holdem (No Limit) - Level 2 (600.00/1200.00)- 2024/02/04 21:35:03 UTC
Table '9' 6-max Seat #3 is the button
Seat 1: CVSP1VN (128943.00)
Seat 2: Reezy852185 (75783.00)
Seat 3: updatesla (113430.00) is sitting out
Seat 4: Vozi15 (132828.00)
Seat 5: lipesticky (206063.00)
Seat 6: MeatMountain8126 (105711.00)
CVSP1VN posts ante 180.00
Reezy852185 posts ante 180.00
updatesla posts ante 180.00
Vozi15 posts ante 180.00
lipesticky posts ante 180.00
MeatMountain8126 posts ante 180.00
Vozi15 posts the small blind 600.00
lipesticky posts the big blind 1200.00
*** HOLE CARDS ***
Main pot 1080.00
Dealt to lipesticky [9h Kc]
MeatMountain8126 folds
CVSP1VN folds
Reezy852185 raises 3240.00 to 3240.00
updatesla folds
Vozi15 folds
lipesticky calls 2040.00
*** FLOP *** [As Qc 4c]
Main pot 8160.00
lipesticky checks
Reezy852185 bets 8160.00
lipesticky folds
Uncalled bet (8160.00) returned to Reezy852185
Reezy852185 does not show
*** SUMMARY ***
Total pot 8160.00
Board [As Qc 4c]
Seat 1: CVSP1VN folded on the Pre-Flop and did not bet
Seat 2: Reezy852185 did not show and won 8160.00
Seat 3: updatesla (button) folded on the Pre-Flop
Seat 4: Vozi15 (small blind) folded on the Pre-Flop
Seat 5: lipesticky (big blind) folded on the Flop
Seat 6: MeatMountain8126 folded on the Pre-Flop and did not bet

Game Hand #2017549508 - Tournament #31138356 - Holdem (No Limit) - Level 3 (750.00/1500.00)- 2024/02/04 21:35:55 UTC
Table '9' 6-max Seat #4 is the button
Seat 1: CVSP1VN (128763.00)
Seat 2: Reezy852185 (80523.00)
Seat 3: updatesla (113250.00) is sitting out
Seat 4: Vozi15 (132048.00)
Seat 5: lipesticky (202643.00)
Seat 6: MeatMountain8126 (105531.00)
CVSP1VN posts ante 200.00
Reezy852185 posts ante 200.00
updatesla posts ante 200.00
Vozi15 posts ante 200.00
lipesticky posts ante 200.00
MeatMountain8126 posts ante 200.00
lipesticky posts the small blind 750.00
MeatMountain8126 posts the big blind 1500.00
*** HOLE CARDS ***
Main pot 1200.00
Dealt to lipesticky [5c Ts]
CVSP1VN folds
Reezy852185 folds
updatesla folds
Vozi15 raises 3000.00 to 3000.00
lipesticky folds
MeatMountain8126 raises 9000.00 to 10500.00
Vozi15 calls 7500.00
*** FLOP *** [5d 4s 4c]
Main pot 22950.00
MeatMountain8126 checks
Vozi15 checks
*** TURN *** [5d 4s 4c] [9c]
Main pot 22950.00
MeatMountain8126 bets 10725.00
Vozi15 calls 10725.00
*** RIVER *** [5d 4s 4c 9c] [Td]
Main pot 44400.00
MeatMountain8126 bets 84106.00 and is all-in
Vozi15 folds
Uncalled bet (84106.00) returned to MeatMountain8126
MeatMountain8126 does not show
*** SUMMARY ***
Total pot 44400.00
Board [5d 4s 4c 9c Td]
Seat 1: CVSP1VN folded on the Pre-Flop and did not bet
Seat 2: Reezy852185 folded on the Pre-Flop and did not bet
Seat 3: updatesla folded on the Pre-Flop and did not bet
Seat 4: Vozi15 (button) folded on the River
Seat 5: lipesticky (small blind) folded on the Pre-Flop
Seat 6: MeatMountain8126 did not show and won 44400.00

Game Hand #2017554479 - Tournament #31138356 - Holdem (No Limit) - Level 3 (750.00/1500.00)- 2024/02/04 21:38:20 UTC
Table '9' 6-max Seat #5 is the button
Seat 1: CVSP1VN (128563.00)
Seat 2: Reezy852185 (80323.00)
Seat 3: updatesla (113050.00) is sitting out
Seat 4: Vozi15 (110623.00)
Seat 5: lipesticky (201693.00)
Seat 6: MeatMountain8126 (128506.00)
CVSP1VN posts ante 200.00
Reezy852185 posts ante 200.00
updatesla posts ante 200.00
Vozi15 posts ante 200.00
lipesticky posts ante 200.00
MeatMountain8126 posts ante 200.00
MeatMountain8126 posts the small blind 750.00
CVSP1VN posts the big blind 1500.00
*** HOLE CARDS ***
Main pot 1200.00
Dealt to lipesticky [8d Qd]
Reezy852185 folds
updatesla folds
Vozi15 folds
lipesticky raises 3450.00 to 3450.00
MeatMountain8126 calls 2700.00
CVSP1VN raises 18000.00 to 19500.00
lipesticky folds
MeatMountain8126 folds
Uncalled bet (16050.00) returned to CVSP1VN
CVSP1VN does not show
*** SUMMARY ***
Total pot 11550.00
Seat 1: CVSP1VN did not show and won 11550.00
Seat 2: Reezy852185 folded on the Pre-Flop and did not bet
Seat 3: updatesla folded on the Pre-Flop and did not bet
Seat 4: Vozi15 folded on the Pre-Flop and did not bet
Seat 5: lipesticky (button) folded on the Pre-Flop
Seat 6: MeatMountain8126 (small blind) folded on the Pre-Flop

Game Hand #2017556333 - Tournament #31138356 - Holdem (No Limit) - Level 3 (750.00/1500.00)- 2024/02/04 21:39:16 UTC
Table '9' 6-max Seat #6 is the button
Seat 1: CVSP1VN (136463.00)
Seat 2: Reezy852185 (80123.00)
Seat 3: updatesla (112850.00) is sitting out
Seat 4: Vozi15 (110423.00)
Seat 5: lipesticky (198043.00)
Seat 6: MeatMountain8126 (124856.00)
CVSP1VN posts ante 200.00
Reezy852185 posts ante 200.00
updatesla posts ante 200.00
Vozi15 posts ante 200.00
lipesticky posts ante 200.00
MeatMountain8126 posts ante 200.00
CVSP1VN posts the small blind 750.00
Reezy852185 posts the big blind 1500.00
*** HOLE CARDS ***
Main pot 1200.00
Dealt to lipesticky [7s 5d]
updatesla folds
Vozi15 raises 3000.00 to 3000.00
lipesticky folds
MeatMountain8126 calls 3000.00
CVSP1VN folds
Reezy852185 calls 1500.00
*** FLOP *** [8c 5s 9s]
Main pot 10950.00
Reezy852185 checks
Vozi15 checks
MeatMountain8126 bets 8213.00
Reezy852185 folds
Vozi15 folds
Uncalled bet (8213.00) returned to MeatMountain8126
MeatMountain8126 does not show
*** SUMMARY ***
Total pot 10950.00
Board [8c 5s 9s]
Seat 1: CVSP1VN (small blind) folded on the Pre-Flop
Seat 2: Reezy852185 (big blind) folded on the Flop
Seat 3: updatesla folded on the Pre-Flop and did not bet
Seat 4: Vozi15 folded on the Flop
Seat 5: lipesticky folded on the Pre-Flop and did not bet
Seat 6: MeatMountain8126 did not show and won 10950.00

Game Hand #2017558601 - Tournament #31138356 - Holdem (No Limit) - Level 3 (750.00/1500.00)- 2024/02/04 21:40:23 UTC
Table '9' 6-max Seat #1 is the button
Seat 1: CVSP1VN (135513.00)
Seat 2: Reezy852185 (76923.00)
Seat 3: updatesla (112650.00) is sitting out
Seat 4: Vozi15 (107223.00)
Seat 5: lipesticky (197843.00)
Seat 6: MeatMountain8126 (132606.00)
CVSP1VN posts ante 200.00
Reezy852185 posts ante 200.00
updatesla posts ante 200.00
Vozi15 posts ante 200.00
lipesticky posts ante 200.00
MeatMountain8126 posts ante 200.00
Reezy852185 posts the small blind 750.00
updatesla posts the big blind 1500.00
*** HOLE CARDS ***
Main pot 1200.00
Dealt to lipesticky [2c Jh]
Vozi15 raises 3750.00 to 3750.00
lipesticky folds
MeatMountain8126 folds
CVSP1VN folds
Reezy852185 calls 3000.00
updatesla folds
*** FLOP *** [6s 7s Ts]
Main pot 10200.00
Reezy852185 bets 5100.00
Vozi15 calls 5100.00
*** TURN *** [6s 7s Ts] [Ad]
Main pot 20400.00
Reezy852185 checks
Vozi15 bets 15912.00
Reezy852185 folds
Uncalled bet (15912.00) returned to Vozi15
Vozi15 does not show
*** SUMMARY ***
Total pot 20400.00
Board [6s 7s Ts Ad]
Seat 1: CVSP1VN (button) folded on the Pre-Flop
Seat 2: Reezy852185 (small blind) folded on the Turn
Seat 3: updatesla (big blind) folded on the Pre-Flop
Seat 4: Vozi15 did not show and won 20400.00
Seat 5: lipesticky folded on the Pre-Flop and did not bet
Seat 6: MeatMountain8126 folded on the Pre-Flop and did not bet

Game Hand #2017561280 - Tournament #31138356 - Holdem (No Limit) - Level 3 (750.00/1500.00)- 2024/02/04 21:41:41 UTC
Table '9' 6-max Seat #2 is the button
Seat 1: CVSP1VN (135313.00)
Seat 2: Reezy852185 (67873.00)
Seat 3: updatesla (110950.00) is sitting out
Seat 4: Vozi15 (118573.00)
Seat 5: lipesticky (197643.00)
Seat 6: MeatMountain8126 (132406.00)
CVSP1VN posts ante 200.00
Reezy852185 posts ante 200.00
updatesla posts ante 200.00
Vozi15 posts ante 200.00
lipesticky posts ante 200.00
MeatMountain8126 posts ante 200.00
updatesla posts the small blind 750.00
Vozi15 posts the big blind 1500.00
*** HOLE CARDS ***
Main pot 1200.00
Dealt to lipesticky [Kd Td]
lipesticky raises 3150.00 to 3150.00
MeatMountain8126 folds
CVSP1VN folds
Reezy852185 calls 3150.00
updatesla folds
Vozi15 folds
*** FLOP *** [4c Jh 5s]
Main pot 9750.00
lipesticky checks
Reezy852185 bets 9750.00
lipesticky folds
Uncalled bet (9750.00) returned to Reezy852185
Reezy852185 shows [4d -]
*** SUMMARY ***
Total pot 9750.00
Board [4c Jh 5s]
Seat 1: CVSP1VN folded on the Pre-Flop and did not bet
Seat 2: Reezy852185 (button) showed [4d -] and won 9750.00
Seat 3: updatesla (small blind) folded on the Pre-Flop
Seat 4: Vozi15 (big blind) folded on the Pre-Flop
Seat 5: lipesticky folded on the Flop
Seat 6: MeatMountain8126 folded on the Pre-Flop and did not bet

Game Hand #2017563885 - Tournament #31138356 - Holdem (No Limit) - Level 3 (750.00/1500.00)- 2024/02/04 21:43:00 UTC
Table '9' 6-max Seat #3 is the button
Seat 1: CVSP1VN (135113.00)
Seat 2: Reezy852185 (74273.00)
Seat 3: updatesla (110000.00) is sitting out
Seat 4: Vozi15 (116873.00)
Seat 5: lipesticky (194293.00)
Seat 6: MeatMountain8126 (132206.00)
CVSP1VN posts ante 200.00
Reezy852185 posts ante 200.00
updatesla posts ante 200.00
Vozi15 posts ante 200.00
lipesticky posts ante 200.00
MeatMountain8126 posts ante 200.00
Vozi15 posts the small blind 750.00
lipesticky posts the big blind 1500.00
*** HOLE CARDS ***
Main pot 1200.00
Dealt to lipesticky [Ts 9d]
MeatMountain8126 folds
CVSP1VN folds
Reezy852185 folds
updatesla folds
Vozi15 folds
lipesticky does not show
*** SUMMARY ***
Total pot 3450.00
Seat 1: CVSP1VN folded on the Pre-Flop and did not bet
Seat 2: Reezy852185 folded on the Pre-Flop and did not bet
Seat 3: updatesla (button) folded on the Pre-Flop
Seat 4: Vozi15 (small blind) folded on the Pre-Flop
Seat 5: lipesticky did not show and won 3450.00
Seat 6: MeatMountain8126 folded on the Pre-Flop and did not bet

Game Hand #2017564579 - Tournament #31138356 - Holdem (No Limit) - Level 3 (750.00/1500.00)- 2024/02/04 21:43:19 UTC
Table '9' 6-max Seat #4 is the button
Seat 1: CVSP1VN (134913.00)
Seat 2: Reezy852185 (74073.00)
Seat 3: updatesla (109800.00) is sitting out
Seat 4: Vozi15 (115923.00)
Seat 5: lipesticky (196043.00)
Seat 6: MeatMountain8126 (132006.00)
CVSP1VN posts ante 200.00
Reezy852185 posts ante 200.00
updatesla posts ante 200.00
Vozi15 posts ante 200.00
lipesticky posts ante 200.00
MeatMountain8126 posts ante 200.00
lipesticky posts the small blind 750.00
MeatMountain8126 posts the big blind 1500.00
*** HOLE CARDS ***
Main pot 1200.00
Dealt to lipesticky [Th 7s]
CVSP1VN folds
Reezy852185 calls 1500.00
updatesla folds
Vozi15 folds
lipesticky calls 750.00
MeatMountain8126 checks
*** FLOP *** [Js Td 6c]
Main pot 5700.00
lipesticky checks
MeatMountain8126 checks
Reezy852185 checks
*** TURN *** [Js Td 6c] [Kd]
Main pot 5700.00
lipesticky checks
MeatMountain8126 checks
Reezy852185 bets 2850.00
lipesticky calls 2850.00
MeatMountain8126 calls 2850.00
*** RIVER *** [Js Td 6c Kd] [Jc]
Main pot 14250.00
lipesticky checks
MeatMountain8126 checks
Reezy852185 bets 7125.00
lipesticky folds
MeatMountain8126 calls 7125.00
*** SHOW DOWN ***
Main pot 28500.00
Reezy852185 shows [Qh 8h] (a pair of Jacks [Js Jc Kd Qh Td])
MeatMountain8126 shows [Ts 3c] (two pair, Jacks and Tens [Js Jc Ts Td Kd])
MeatMountain8126 collected 28500.00 from main pot
*** SUMMARY ***
Total pot 28500.00
Board [Js Td 6c Kd Jc]
Seat 1: CVSP1VN folded on the Pre-Flop and did not bet
Seat 2: Reezy852185 showed [Qh 8h] and lost with a pair of Jacks [Js Jc Kd Qh Td]
Seat 3: updatesla folded on the Pre-Flop and did not bet
Seat 4: Vozi15 (button) folded on the Pre-Flop
Seat 5: lipesticky (small blind) folded on the River
Seat 6: MeatMountain8126 (big blind) showed [Ts 3c] and won 28500.00 with two pair, Jacks and Tens [Js Jc Ts Td Kd]

Game Hand #2017568527 - Tournament #31138356 - Holdem (No Limit) - Level 3 (750.00/1500.00)- 2024/02/04 21:45:19 UTC
Table '9' 6-max Seat #5 is the button
Seat 1: CVSP1VN (134713.00)
Seat 2: Reezy852185 (62398.00)
Seat 3: updatesla (109600.00) is sitting out
Seat 4: Vozi15 (115723.00)
Seat 5: lipesticky (191493.00)
Seat 6: MeatMountain8126 (148831.00)
CVSP1VN posts ante 200.00
Reezy852185 posts ante 200.00
updatesla posts ante 200.00
Vozi15 posts ante 200.00
lipesticky posts ante 200.00
MeatMountain8126 posts ante 200.00
MeatMountain8126 posts the small blind 750.00
CVSP1VN posts the big blind 1500.00
*** HOLE CARDS ***
Main pot 1200.00
Dealt to lipesticky [4c Ts]
Reezy852185 raises 5213.00 to 5213.00
updatesla folds
Vozi15 folds
lipesticky folds
MeatMountain8126 calls 4463.00
CVSP1VN folds
*** FLOP *** [4s 9s 6c]
Main pot 13126.00
MeatMountain8126 checks
Reezy852185 bets 56985.00 and is all-in
MeatMountain8126 calls 56985.00
*** TURN *** [4s 9s 6c] [Jd]
Main pot 127096.00
*** RIVER *** [4s 9s 6c Jd] [2c]
Main pot 127096.00
*** SHOW DOWN ***
Main pot 127096.00
Reezy852185 shows [Jc 9c] (two pair, Jacks and Nines [Jd Jc 9s 9c 6c])
MeatMountain8126 shows [9d Kh] (a pair of Nines [9s 9d Kh Jd 6c])
Reezy852185 collected 127096.00 from main pot
*** SUMMARY ***
Total pot 127096.00
Board [4s 9s 6c Jd 2c]
Seat 1: CVSP1VN (big blind) folded on the Pre-Flop
Seat 2: Reezy852185 showed [Jc 9c] and won 127096.00 with two pair, Jacks and Nines [Jd Jc 9s 9c 6c]
Seat 3: updatesla folded on the Pre-Flop and did not bet
Seat 4: Vozi15 folded on the Pre-Flop and did not bet
Seat 5: lipesticky (button) folded on the Pre-Flop
Seat 6: MeatMountain8126 (small blind) showed [9d Kh] and lost with a pair of Nines [9s 9d Kh Jd 6c]

Game Hand #2017570742 - Tournament #31138356 - Holdem (No Limit) - Level 3 (750.00/1500.00)- 2024/02/04 21:46:24 UTC
Table '9' 6-max Seat #6 is the button
Seat 1: CVSP1VN (133013.00)
Seat 2: Reezy852185 (127096.00)
Seat 3: updatesla (109400.00) is sitting out
Seat 4: Vozi15 (115523.00)
Seat 5: lipesticky (191293.00)
Seat 6: MeatMountain8126 (86433.00)
CVSP1VN posts ante 200.00
Reezy852185 posts ante 200.00
updatesla posts ante 200.00
Vozi15 posts ante 200.00
lipesticky posts ante 200.00
MeatMountain8126 posts ante 200.00
CVSP1VN posts the small blind 750.00
Reezy852185 posts the big blind 1500.00
*** HOLE CARDS ***
Main pot 1200.00
Dealt to lipesticky [Qh 5d]
updatesla folds
Vozi15 folds
lipesticky folds
MeatMountain8126 folds
CVSP1VN calls 750.00
Reezy852185 checks
*** FLOP *** [6c Js 8d]
Main pot 4200.00
CVSP1VN checks
Reezy852185 checks
*** TURN *** [6c Js 8d] [8s]
Main pot 4200.00
CVSP1VN checks
Reezy852185 checks
*** RIVER *** [6c Js 8d 8s] [3d]
Main pot 4200.00
CVSP1VN bets 1500.00
Reezy852185 calls 1500.00
*** SHOW DOWN ***
Main pot 7200.00
CVSP1VN shows [9d 6d] (two pair, Eights and Sixs [8s 8d 6d 6c Js])
Reezy852185 shows [Tc Ah] (a pair of Eights [8s 8d Ah Js Tc])
CVSP1VN collected 7200.00 from main pot
*** SUMMARY ***
Total pot 7200.00
Board [6c Js 8d 8s 3d]
Seat 1: CVSP1VN (small blind) showed [9d 6d] and won 7200.00 with two pair, Eights and Sixs [8s 8d 6d 6c Js]
Seat 2: Reezy852185 (big blind) showed [Tc Ah] and lost with a pair of Eights [8s 8d Ah Js Tc]
Seat 3: updatesla folded on the Pre-Flop and did not bet
Seat 4: Vozi15 folded on the Pre-Flop and did not bet
Seat 5: lipesticky folded on the Pre-Flop and did not bet
Seat 6: MeatMountain8126 (button) folded on the Pre-Flop

Game Hand #2017572898 - Tournament #31138356 - Holdem (No Limit) - Level 3 (750.00/1500.00)- 2024/02/04 21:47:29 UTC
Table '9' 6-max Seat #1 is the button
Seat 1: CVSP1VN (137013.00)
Seat 2: Reezy852185 (123896.00)
Seat 3: updatesla (109200.00) is sitting out
Seat 4: Vozi15 (115323.00)
Seat 5: lipesticky (191093.00)
CVSP1VN posts ante 200.00
Reezy852185 posts ante 200.00
updatesla posts ante 200.00
Vozi15 posts ante 200.00
lipesticky posts ante 200.00
Reezy852185 posts the small blind 750.00
updatesla posts the big blind 1500.00
*** HOLE CARDS ***
Main pot 1000.00
Dealt to lipesticky [5s Kh]
Vozi15 folds
lipesticky raises 3150.00 to 3150.00
CVSP1VN folds
Reezy852185 calls 2400.00
updatesla folds
*** FLOP *** [7s 6c 3c]
Main pot 8800.00
Reezy852185 checks
lipesticky bets 2904.00
Reezy852185 calls 2904.00
*** TURN *** [7s 6c 3c] [Jc]
Main pot 14608.00
Reezy852185 bets 7304.00
lipesticky folds
Uncalled bet (7304.00) returned to Reezy852185
Reezy852185 shows [Qc -]
*** SUMMARY ***
Total pot 14608.00
Board [7s 6c 3c Jc]
Seat 1: CVSP1VN (button) folded on the Pre-Flop
Seat 2: Reezy852185 (small blind) showed [Qc -] and won 14608.00
Seat 3: updatesla (big blind) folded on the Pre-Flop
Seat 4: Vozi15 folded on the Pre-Flop and did not bet
Seat 5: lipesticky folded on the Turn

Game Hand #2017575440 - Tournament #31138356 - Holdem (No Limit) - Level 3 (750.00/1500.00)- 2024/02/04 21:48:45 UTC
Table '9' 6-max Seat #2 is the button
Seat 1: CVSP1VN (136813.00)
Seat 2: Reezy852185 (132250.00)
Seat 3: updatesla (107500.00) is sitting out
Seat 4: Vozi15 (115123.00)
Seat 5: lipesticky (184839.00)
CVSP1VN posts ante 200.00
Reezy852185 posts ante 200.00
updatesla posts ante 200.00
Vozi15 posts ante 200.00
lipesticky posts ante 200.00
updatesla posts the small blind 750.00
Vozi15 posts the big blind 1500.00
*** HOLE CARDS ***
Main pot 1000.00
Dealt to lipesticky [6d 4d]
lipesticky folds
CVSP1VN folds
Reezy852185 folds
updatesla folds
Vozi15 does not show
*** SUMMARY ***
Total pot 3250.00
Seat 1: CVSP1VN folded on the Pre-Flop and did not bet
Seat 2: Reezy852185 (button) folded on the Pre-Flop
Seat 3: updatesla (small blind) folded on the Pre-Flop
Seat 4: Vozi15 did not show and won 3250.00
Seat 5: lipesticky folded on the Pre-Flop and did not bet

Game Hand #2017575806 - Tournament #31138356 - Holdem (No Limit) - Level 3 (750.00/1500.00)- 2024/02/04 21:48:57 UTC
Table '9' 6-max Seat #3 is the button
Seat 1: CVSP1VN (136613.00)
Seat 2: Reezy852185 (132050.00)
Seat 3: updatesla (106550.00) is sitting out
Seat 4: Vozi15 (116673.00)
Seat 5: lipesticky (184639.00)
CVSP1VN posts ante 200.00
Reezy852185 posts ante 200.00
updatesla posts ante 200.00
Vozi15 posts ante 200.00
lipesticky posts ante 200.00
Vozi15 posts the small blind 750.00
lipesticky posts the big blind 1500.00
*** HOLE CARDS ***
Main pot 1000.00
Dealt to lipesticky [7h Jc]
CVSP1VN folds
Reezy852185 calls 1500.00
updatesla folds
Vozi15 folds
lipesticky checks
*** FLOP *** [Th 7s 4s]
Main pot 4750.00
lipesticky checks
Reezy852185 checks
*** TURN *** [Th 7s 4s] [Tc]
Main pot 4750.00
lipesticky bets 1500.00
Reezy852185 calls 1500.00
*** RIVER *** [Th 7s 4s Tc] [Kc]
Main pot 7750.00
lipesticky bets 1500.00
Reezy852185 calls 1500.00
*** SHOW DOWN ***
Main pot 10750.00
Reezy852185 shows [4c 6c] (two pair, Tens and Fours [Th Tc 4s 4c Kc])
lipesticky shows [7h Jc] (two pair, Tens and Sevens [Th Tc 7s 7h Kc])
lipesticky collected 10750.00 from main pot
*** SUMMARY ***
Total pot 10750.00
Board [Th 7s 4s Tc Kc]
Seat 1: CVSP1VN folded on the Pre-Flop and did not bet
Seat 2: Reezy852185 showed [4c 6c] and lost with two pair, Tens and Fours [Th Tc 4s 4c Kc]
Seat 3: updatesla (button) folded on the Pre-Flop
Seat 4: Vozi15 (small blind) folded on the Pre-Flop
Seat 5: lipesticky (big blind) showed [7h Jc] and won 10750.00 with two pair, Tens and Sevens [Th Tc 7s 7h Kc]

Game Hand #2017578547 - Tournament #31138356 - Holdem (No Limit) - Level 3 (750.00/1500.00)- 2024/02/04 21:50:23 UTC
Table '9' 6-max Seat #4 is the button
Seat 1: CVSP1VN (136413.00)
Seat 2: Reezy852185 (127350.00)
Seat 3: updatesla (106350.00) is sitting out
Seat 4: Vozi15 (115723.00)
Seat 5: lipesticky (190689.00)
Seat 6: lillconner (125000.00)
CVSP1VN posts ante 200.00
Reezy852185 posts ante 200.00
updatesla posts ante 200.00
Vozi15 posts ante 200.00
lipesticky posts ante 200.00
lillconner posts ante 200.00
lipesticky posts the small blind 750.00
lillconner posts the big blind 1500.00
*** HOLE CARDS ***
Main pot 1200.00
Dealt to lipesticky [Tc 3d]
CVSP1VN folds
Reezy852185 raises 3000.00 to 3000.00
updatesla folds
Vozi15 folds
lipesticky folds
lillconner calls 1500.00
*** FLOP *** [6h Qc Qh]
Main pot 7950.00
lillconner checks
Reezy852185 bets 3975.00
lillconner calls 3975.00
*** TURN *** [6h Qc Qh] [5d]
Main pot 15900.00
lillconner checks
Reezy852185 bets 3975.00
lillconner calls 3975.00
*** RIVER *** [6h Qc Qh 5d] [8s]
Main pot 23850.00
lillconner checks
Reezy852185 checks
*** SHOW DOWN ***
Main pot 23850.00
Reezy852185 shows [4c 6c] (two pair, Queens and Sixs [Qh Qc 6h 6c 8s])
lillconner shows [Td Ac] (a pair of Queens [Qh Qc Ac Td 8s])
Reezy852185 collected 23850.00 from main pot
*** SUMMARY ***
Total pot 23850.00
Board [6h Qc Qh 5d 8s]
Seat 1: CVSP1VN folded on the Pre-Flop and did not bet
Seat 2: Reezy852185 showed [4c 6c] and won 23850.00 with two pair, Queens and Sixs [Qh Qc 6h 6c 8s]
Seat 3: updatesla folded on the Pre-Flop and did not bet
Seat 4: Vozi15 (button) folded on the Pre-Flop
Seat 5: lipesticky (small blind) folded on the Pre-Flop
Seat 6: lillconner (big blind) showed [Td Ac] and lost with a pair of Queens [Qh Qc Ac Td 8s]

Game Hand #2017580839 - Tournament #31138356 - Holdem (No Limit) - Level 4 (1000.00/2000.00)- 2024/02/04 21:51:32 UTC
Table '9' 6-max Seat #5 is the button
Seat 1: CVSP1VN (136213.00)
Seat 2: Reezy852185 (140050.00)
Seat 3: updatesla (106150.00) is sitting out
Seat 4: Vozi15 (115523.00)
Seat 5: lipesticky (189739.00)
Seat 6: lillconner (113850.00)
CVSP1VN posts ante 300.00
Reezy852185 posts ante 300.00
updatesla posts ante 300.00
Vozi15 posts ante 300.00
lipesticky posts ante 300.00
lillconner posts ante 300.00
lillconner posts the small blind 1000.00
CVSP1VN posts the big blind 2000.00
*** HOLE CARDS ***
Main pot 1800.00
Dealt to lipesticky [8s 3h]
Reezy852185 folds
updatesla folds
Vozi15 folds
lipesticky folds
lillconner raises 5350.00 to 6350.00
CVSP1VN folds
Uncalled bet (4350.00) returned to lillconner
lillconner does not show
*** SUMMARY ***
Total pot 5800.00
Seat 1: CVSP1VN (big blind) folded on the Pre-Flop
Seat 2: Reezy852185 folded on the Pre-Flop and did not bet
Seat 3: updatesla folded on the Pre-Flop and did not bet
Seat 4: Vozi15 folded on the Pre-Flop and did not bet
Seat 5: lipesticky (button) folded on the Pre-Flop
Seat 6: lillconner did not show and won 5800.00

Game Hand #2017581988 - Tournament #31138356 - Holdem (No Limit) - Level 4 (1000.00/2000.00)- 2024/02/04 21:52:08 UTC
Table '9' 6-max Seat #6 is the button
Seat 1: CVSP1VN (133913.00)
Seat 2: Reezy852185 (139750.00)
Seat 3: updatesla (105850.00) is sitting out
Seat 4: Vozi15 (115223.00)
Seat 5: lipesticky (189439.00)
Seat 6: lillconner (117350.00)
CVSP1VN posts ante 300.00
Reezy852185 posts ante 300.00
updatesla posts ante 300.00
Vozi15 posts ante 300.00
lipesticky posts ante 300.00
lillconner posts ante 300.00
CVSP1VN posts the small blind 1000.00
Reezy852185 posts the big blind 2000.00
*** HOLE CARDS ***
Main pot 1800.00
Dealt to lipesticky [Tc 3h]
updatesla folds
Vozi15 raises 4000.00 to 4000.00
lipesticky folds
lillconner folds
CVSP1VN folds
Reezy852185 calls 2000.00
*** FLOP *** [8s 6d 4d]
Main pot 10800.00
Reezy852185 checks
Vozi15 bets 3564.00
Reezy852185 calls 3564.00
*** TURN *** [8s 6d 4d] [2d]
Main pot 17928.00
Reezy852185 checks
Vozi15 checks
*** RIVER *** [8s 6d 4d 2d] [8h]
Main pot 17928.00
Reezy852185 bets 13446.00
Vozi15 folds
Uncalled bet (13446.00) returned to Reezy852185
Reezy852185 does not show
*** SUMMARY ***
Total pot 17928.00
Board [8s 6d 4d 2d 8h]
Seat 1: CVSP1VN (small blind) folded on the Pre-Flop
Seat 2: Reezy852185 did not show and won 17928.00
Seat 3: updatesla folded on the Pre-Flop and did not bet
Seat 4: Vozi15 folded on the River
Seat 5: lipesticky folded on the Pre-Flop and did not bet
Seat 6: lillconner (button) folded on the Pre-Flop

Game Hand #2017584809 - Tournament #31138356 - Holdem (No Limit) - Level 4 (1000.00/2000.00)- 2024/02/04 21:53:35 UTC
Table '9' 6-max Seat #1 is the button
Seat 1: CVSP1VN (132613.00)
Seat 2: Reezy852185 (149814.00)
Seat 3: updatesla (105550.00) is sitting out
Seat 4: Vozi15 (107359.00)
Seat 5: lipesticky (189139.00)
Seat 6: lillconner (117050.00)
CVSP1VN posts ante 300.00
Reezy852185 posts ante 300.00
updatesla posts ante 300.00
Vozi15 posts ante 300.00
lipesticky posts ante 300.00
lillconner posts ante 300.00
Reezy852185 posts the small blind 1000.00
updatesla posts the big blind 2000.00
*** HOLE CARDS ***
Main pot 1800.00
Dealt to lipesticky [Kc Ad]
Vozi15 folds
lipesticky raises 4200.00 to 4200.00
lillconner raises 16100.00 to 16100.00
CVSP1VN folds
Reezy852185 folds
updatesla folds
lipesticky folds
Uncalled bet (11900.00) returned to lillconner
lillconner does not show
*** SUMMARY ***
Total pot 13200.00
Seat 1: CVSP1VN (button) folded on the Pre-Flop
Seat 2: Reezy852185 (small blind) folded on the Pre-Flop
Seat 3: updatesla (big blind) folded on the Pre-Flop
Seat 4: Vozi15 folded on the Pre-Flop and did not bet
Seat 5: lipesticky folded on the Pre-Flop and did not bet
Seat 6: lillconner did not show and won 13200.00

Game Hand #2017587091 - Tournament #31138356 - Holdem (No Limit) - Level 4 (1000.00/2000.00)- 2024/02/04 21:54:46 UTC
Table '9' 6-max Seat #2 is the button
Seat 1: CVSP1VN (132313.00)
Seat 2: Reezy852185 (148514.00)
Seat 3: updatesla (103250.00) is sitting out
Seat 4: Vozi15 (107059.00)
Seat 5: lipesticky (184639.00)
Seat 6: lillconner (125750.00)
CVSP1VN posts ante 300.00
Reezy852185 posts ante 300.00
updatesla posts ante 300.00
Vozi15 posts ante 300.00
lipesticky posts ante 300.00
lillconner posts ante 300.00
updatesla posts the small blind 1000.00
Vozi15 posts the big blind 2000.00
*** HOLE CARDS ***
Main pot 1800.00
Dealt to lipesticky [Tc 2c]
lipesticky folds
lillconner folds
CVSP1VN folds
Reezy852185 raises 4000.00 to 4000.00
updatesla folds
Vozi15 folds
Uncalled bet (2000.00) returned to Reezy852185
Reezy852185 shows [Jd Kh]
*** SUMMARY ***
Total pot 6800.00
Seat 1: CVSP1VN folded on the Pre-Flop and did not bet
Seat 2: Reezy852185 (button) showed [Jd Kh] and won 6800.00
Seat 3: updatesla (small blind) folded on the Pre-Flop
Seat 4: Vozi15 (big blind) folded on the Pre-Flop
Seat 5: lipesticky folded on the Pre-Flop and did not bet
Seat 6: lillconner folded on the Pre-Flop and did not bet

Game Hand #2017591826 - Tournament #31138356 - Holdem (No Limit) - Level 4 (1000.00/2000.00)- 2024/02/04 22:02:19 UTC
Table '9' 6-max Seat #3 is the button
Seat 1: CVSP1VN (132013.00)
Seat 2: Reezy852185 (153014.00)
Seat 3: updatesla (101950.00) is sitting out
Seat 4: Vozi15 (104759.00)
Seat 5: lipesticky (184339.00)
Seat 6: lillconner (125450.00)
CVSP1VN posts ante 300.00
Reezy852185 posts ante 300.00
updatesla posts ante 300.00
Vozi15 posts ante 300.00
lipesticky posts ante 300.00
lillconner posts ante 300.00
Vozi15 posts the small blind 1000.00
lipesticky posts the big blind 2000.00
*** HOLE CARDS ***
Main pot 1800.00
Dealt to lipesticky [3h 3c]
lillconner raises 5400.00 to 5400.00
CVSP1VN folds
Reezy852185 calls 5400.00
updatesla folds
Vozi15 folds
lipesticky calls 3400.00
*** FLOP *** [Qs Qh 9h]
Main pot 19000.00
lipesticky checks
lillconner bets 7500.00
Reezy852185 calls 7500.00
lipesticky folds
*** TURN *** [Qs Qh 9h] [6c]
Main pot 34000.00
lillconner checks
Reezy852185 checks
*** RIVER *** [Qs Qh 9h 6c] [Ad]
Main pot 34000.00
lillconner bets 25500.00
Reezy852185 folds
Uncalled bet (25500.00) returned to lillconner
lillconner shows [Qc Qd]
*** SUMMARY ***
Total pot 34000.00
Board [Qs Qh 9h 6c Ad]
Seat 1: CVSP1VN folded on the Pre-Flop and did not bet
Seat 2: Reezy852185 folded on the River
Seat 3: updatesla (button) folded on the Pre-Flop
Seat 4: Vozi15 (small blind) folded on the Pre-Flop
Seat 5: lipesticky (big blind) folded on the Flop
Seat 6: lillconner showed [Qc Qd] and won 34000.00

Game Hand #2017595020 - Tournament #31138356 - Holdem (No Limit) - Level 4 (1000.00/2000.00)- 2024/02/04 22:04:01 UTC
Table '9' 6-max Seat #4 is the button
Seat 1: CVSP1VN (131713.00)
Seat 2: Reezy852185 (139814.00)
Seat 3: updatesla (101650.00) is sitting out
Seat 4: Vozi15 (103459.00)
Seat 5: lipesticky (178639.00)
Seat 6: lillconner (146250.00)
CVSP1VN posts ante 300.00
Reezy852185 posts ante 300.00
updatesla posts ante 300.00
Vozi15 posts ante 300.00
lipesticky posts ante 300.00
lillconner posts ante 300.00
lipesticky posts the small blind 1000.00
lillconner posts the big blind 2000.00
*** HOLE CARDS ***
Main pot 1800.00
Dealt to lipesticky [Th 5s]
CVSP1VN folds
Reezy852185 raises 5400.00 to 5400.00
updatesla folds
Vozi15 calls 5400.00
lipesticky folds
lillconner folds
*** FLOP *** [6s 8h 9h]
Main pot 15600.00
Reezy852185 bets 11700.00
Vozi15 calls 11700.00
*** TURN *** [6s 8h 9h] [8s]
Main pot 39000.00
Reezy852185 bets 19500.00
Vozi15 calls 19500.00
*** RIVER *** [6s 8h 9h 8s] [Tc]
Main pot 78000.00
Reezy852185 bets 102914.00 and is all-in
Vozi15 folds
Uncalled bet (102914.00) returned to Reezy852185
Reezy852185 shows [9c -]
*** SUMMARY ***
Total pot 78000.00
Board [6s 8h 9h 8s Tc]
Seat 1: CVSP1VN folded on the Pre-Flop and did not bet
Seat 2: Reezy852185 showed [9c -] and won 78000.00
Seat 3: updatesla folded on the Pre-Flop and did not bet
Seat 4: Vozi15 (button) folded on the River
Seat 5: lipesticky (small blind) folded on the Pre-Flop
Seat 6: lillconner (big blind) folded on the Pre-Flop

Game Hand #2017597522 - Tournament #31138356 - Holdem (No Limit) - Level 4 (1000.00/2000.00)- 2024/02/04 22:05:21 UTC
Table '9' 6-max Seat #5 is the button
Seat 1: CVSP1VN (131413.00)
Seat 2: Reezy852185 (180914.00)
Seat 3: updatesla (101350.00) is sitting out
Seat 4: Vozi15 (66559.00)
Seat 5: lipesticky (177339.00)
Seat 6: lillconner (143950.00)
CVSP1VN posts ante 300.00
Reezy852185 posts ante 300.00
updatesla posts ante 300.00
Vozi15 posts ante 300.00
lipesticky posts ante 300.00
lillconner posts ante 300.00
lillconner posts the small blind 1000.00
CVSP1VN posts the big blind 2000.00
*** HOLE CARDS ***
Main pot 1800.00
Dealt to lipesticky [4d 6c]
Reezy852185 folds
updatesla folds
Vozi15 raises 4000.00 to 4000.00
lipesticky folds
lillconner folds
CVSP1VN raises 129113.00 to 131113.00 and is all-in
Vozi15 folds
Uncalled bet (127113.00) returned to CVSP1VN
CVSP1VN does not show
*** SUMMARY ***
Total pot 10800.00
Seat 1: CVSP1VN did not show and won 10800.00
Seat 2: Reezy852185 folded on the Pre-Flop and did not bet
Seat 3: updatesla folded on the Pre-Flop and did not bet
Seat 4: Vozi15 folded on the Pre-Flop and did not bet
Seat 5: lipesticky (button) folded on the Pre-Flop
Seat 6: lillconner (small blind) folded on the Pre-Flop

Game Hand #2017598517 - Tournament #31138356 - Holdem (No Limit) - Level 4 (1000.00/2000.00)- 2024/02/04 22:05:53 UTC
Table '9' 6-max Seat #6 is the button
Seat 1: CVSP1VN (137913.00)
Seat 2: Reezy852185 (180614.00)
Seat 3: updatesla (101050.00) is sitting out
Seat 4: Vozi15 (62259.00)
Seat 5: lipesticky (177039.00)
Seat 6: lillconner (142650.00)
CVSP1VN posts ante 300.00
Reezy852185 posts ante 300.00
updatesla posts ante 300.00
Vozi15 posts ante 300.00
lipesticky posts ante 300.00
lillconner posts ante 300.00
CVSP1VN posts the small blind 1000.00
Reezy852185 posts the big blind 2000.00
*** HOLE CARDS ***
Main pot 1800.00
Dealt to lipesticky [3d 5s]
updatesla folds
Vozi15 folds
lipesticky folds
lillconner raises 4400.00 to 4400.00
CVSP1VN folds
Reezy852185 calls 2400.00
*** FLOP *** [Jc Tc 5d]
Main pot 11600.00
Reezy852185 checks
lillconner bets 5800.00
Reezy852185 calls 5800.00
*** TURN *** [Jc Tc 5d] [Qs]
Main pot 23200.00
Reezy852185 checks
lillconner checks
*** RIVER *** [Jc Tc 5d Qs] [2d]
Main pot 23200.00
Reezy852185 checks
lillconner checks
*** SHOW DOWN ***
Main pot 23200.00
Reezy852185 shows [Ac 6d] (a high card, Ace high [Ac Qs Jc Tc 6d])
lillconner shows [3s 3h] (a pair of Threes [3s 3h Qs Jc Tc])
lillconner collected 23200.00 from main pot
*** SUMMARY ***
Total pot 23200.00
Board [Jc Tc 5d Qs 2d]
Seat 1: CVSP1VN (small blind) folded on the Pre-Flop
Seat 2: Reezy852185 (big blind) showed [Ac 6d] and lost with a high card, Ace high [Ac Qs Jc Tc 6d]
Seat 3: updatesla folded on the Pre-Flop and did not bet
Seat 4: Vozi15 folded on the Pre-Flop and did not bet
Seat 5: lipesticky folded on the Pre-Flop and did not bet
Seat 6: lillconner (button) showed [3s 3h] and won 23200.00 with a pair of Threes [3s 3h Qs Jc Tc]

Game Hand #2017600315 - Tournament #31138356 - Holdem (No Limit) - Level 4 (1000.00/2000.00)- 2024/02/04 22:06:50 UTC
Table '9' 6-max Seat #1 is the button
Seat 1: CVSP1VN (136613.00)
Seat 2: Reezy852185 (170114.00)
Seat 3: updatesla (100750.00) is sitting out
Seat 4: Vozi15 (61959.00)
Seat 5: lipesticky (176739.00)
Seat 6: lillconner (155350.00)
CVSP1VN posts ante 300.00
Reezy852185 posts ante 300.00
updatesla posts ante 300.00
Vozi15 posts ante 300.00
lipesticky posts ante 300.00
lillconner posts ante 300.00
Reezy852185 posts the small blind 1000.00
updatesla posts the big blind 2000.00
*** HOLE CARDS ***
Main pot 1800.00
Dealt to lipesticky [4c 4s]
Vozi15 folds
lipesticky raises 4200.00 to 4200.00
lillconner folds
CVSP1VN folds
Reezy852185 calls 3200.00
updatesla folds
*** FLOP *** [Tc 2s Js]
Main pot 12200.00
Reezy852185 checks
lipesticky checks
*** TURN *** [Tc 2s Js] [Qh]
Main pot 12200.00
Reezy852185 checks
lipesticky checks
*** RIVER *** [Tc 2s Js Qh] [8d]
Main pot 12200.00
Reezy852185 checks
lipesticky checks
*** SHOW DOWN ***
Main pot 12200.00
Reezy852185 shows [Kc Td] (a pair of Tens [Td Tc Kc Qh Js])
lipesticky shows [4c 4s] (a pair of Fours [4s 4c Qh Js Tc])
Reezy852185 collected 12200.00 from main pot
*** SUMMARY ***
Total pot 12200.00
Board [Tc 2s Js Qh 8d]
Seat 1: CVSP1VN (button) folded on the Pre-Flop
Seat 2: Reezy852185 (small blind) showed [Kc Td] and won 12200.00 with a pair of Tens [Td Tc Kc Qh Js]
Seat 3: updatesla (big blind) folded on the Pre-Flop
Seat 4: Vozi15 folded on the Pre-Flop and did not bet
Seat 5: lipesticky showed [4c 4s] and lost with a pair of Fours [4s 4c Qh Js Tc]
Seat 6: lillconner folded on the Pre-Flop and did not bet

Game Hand #2017602684 - Tournament #31138356 - Holdem (No Limit) - Level 4 (1000.00/2000.00)- 2024/02/04 22:08:04 UTC
Table '9' 6-max Seat #2 is the button
Seat 1: CVSP1VN (136313.00)
Seat 2: Reezy852185 (177814.00)
Seat 3: updatesla (98450.00) is sitting out
Seat 4: Vozi15 (61659.00)
Seat 5: lipesticky (172239.00)
Seat 6: lillconner (155050.00)
CVSP1VN posts ante 300.00
Reezy852185 posts ante 300.00
updatesla posts ante 300.00
Vozi15 posts ante 300.00
lipesticky posts ante 300.00
lillconner posts ante 300.00
updatesla posts the small blind 1000.00
Vozi15 posts the big blind 2000.00
*** HOLE CARDS ***
Main pot 1800.00
Dealt to lipesticky [5d 9d]
lipesticky folds
lillconner raises 4400.00 to 4400.00
CVSP1VN folds
Reezy852185 folds
updatesla folds
Vozi15 calls 2400.00
*** FLOP *** [Qc 8d Tc]
Main pot 11600.00
Vozi15 checks
lillconner bets 5800.00
Vozi15 calls 5800.00
*** TURN *** [Qc 8d Tc] [Qh]
Main pot 23200.00
Vozi15 checks
lillconner checks
*** RIVER *** [Qc 8d Tc Qh] [6c]
Main pot 23200.00
Vozi15 bets 12296.00
lillconner folds
Uncalled bet (12296.00) returned to Vozi15
Vozi15 does not show
*** SUMMARY ***
Total pot 23200.00
Board [Qc 8d Tc Qh 6c]
Seat 1: CVSP1VN folded on the Pre-Flop and did not bet
Seat 2: Reezy852185 (button) folded on the Pre-Flop
Seat 3: updatesla (small blind) folded on the Pre-Flop
Seat 4: Vozi15 did not show and won 23200.00
Seat 5: lipesticky folded on the Pre-Flop and did not bet
Seat 6: lillconner folded on the River

Game Hand #2017604677 - Tournament #31138356 - Holdem (No Limit) - Level 4 (1000.00/2000.00)- 2024/02/04 22:09:08 UTC
Table '9' 6-max Seat #3 is the button
Seat 1: CVSP1VN (136013.00)
Seat 2: Reezy852185 (177514.00)
Seat 3: updatesla (97150.00) is sitting out
Seat 4: Vozi15 (74359.00)
Seat 5: lipesticky (171939.00)
Seat 6: lillconner (144550.00)
CVSP1VN posts ante 300.00
Reezy852185 posts ante 300.00
updatesla posts ante 300.00
Vozi15 posts ante 300.00
lipesticky posts ante 300.00
lillconner posts ante 300.00
Vozi15 posts the small blind 1000.00
lipesticky posts the big blind 2000.00
*** HOLE CARDS ***
Main pot 1800.00
Dealt to lipesticky [7c 5c]
lillconner raises 5400.00 to 5400.00
CVSP1VN folds
Reezy852185 folds
updatesla folds
Vozi15 folds
lipesticky calls 3400.00
*** FLOP *** [Qd 5h 6c]
Main pot 13600.00
lipesticky checks
lillconner checks
*** TURN *** [Qd 5h 6c] [9d]
Main pot 13600.00
lipesticky checks
lillconner bets 6800.00
lipesticky raises 21760.00 to 21760.00
lillconner folds
Uncalled bet (14960.00) returned to lipesticky
lipesticky does not show
*** SUMMARY ***
Total pot 27200.00
Board [Qd 5h 6c 9d]
Seat 1: CVSP1VN folded on the Pre-Flop and did not bet
Seat 2: Reezy852185 folded on the Pre-Flop and did not bet
Seat 3: updatesla (button) folded on the Pre-Flop
Seat 4: Vozi15 (small blind) folded on the Pre-Flop
Seat 5: lipesticky did not show and won 27200.00
Seat 6: lillconner folded on the Turn

Game Hand #2017607176 - Tournament #31138356 - Holdem (No Limit) - Level 4 (1000.00/2000.00)- 2024/02/04 22:10:36 UTC
Table '9' 6-max Seat #4 is the button
Seat 1: CVSP1VN (135713.00)
Seat 2: Reezy852185 (177214.00)
Seat 3: updatesla (96850.00) is sitting out
Seat 4: Vozi15 (73059.00)
Seat 5: lipesticky (186639.00)
Seat 6: lillconner (132050.00)
CVSP1VN posts ante 300.00
Reezy852185 posts ante 300.00
updatesla posts ante 300.00
Vozi15 posts ante 300.00
lipesticky posts ante 300.00
lillconner posts ante 300.00
lipesticky posts the small blind 1000.00
lillconner posts the big blind 2000.00
*** HOLE CARDS ***
Main pot 1800.00
Dealt to lipesticky [Jh Td]
CVSP1VN folds
Reezy852185 calls 2000.00
updatesla folds
Vozi15 raises 7000.00 to 7000.00
lipesticky folds
lillconner calls 5000.00
Reezy852185 calls 5000.00
*** FLOP *** [6d Kc Ts]
Main pot 23800.00
lillconner checks
Reezy852185 checks
Vozi15 bets 7854.00
lillconner calls 7854.00
Reezy852185 folds
*** TURN *** [6d Kc Ts] [8c]
Main pot 39508.00
lillconner checks
Vozi15 bets 20939.00
lillconner folds
Uncalled bet (20939.00) returned to Vozi15
Vozi15 does not show
*** SUMMARY ***
Total pot 39508.00
Board [6d Kc Ts 8c]
Seat 1: CVSP1VN folded on the Pre-Flop and did not bet
Seat 2: Reezy852185 folded on the Flop
Seat 3: updatesla folded on the Pre-Flop and did not bet
Seat 4: Vozi15 did not show and won 39508.00
Seat 5: lipesticky (small blind) folded on the Pre-Flop
Seat 6: lillconner (big blind) folded on the Turn

Game Hand #2017610149 - Tournament #31138356 - Holdem (No Limit) - Level 4 (1000.00/2000.00)- 2024/02/04 22:12:14 UTC
Table '9' 6-max Seat #5 is the button
Seat 1: CVSP1VN (135413.00)
Seat 2: Reezy852185 (169914.00)
Seat 3: updatesla (96550.00) is sitting out
Seat 4: Vozi15 (97413.00)
Seat 5: lipesticky (185339.00)
Seat 6: lillconner (116896.00)
CVSP1VN posts ante 300.00
Reezy852185 posts ante 300.00
updatesla posts ante 300.00
Vozi15 posts ante 300.00
lipesticky posts ante 300.00
lillconner posts ante 300.00
lillconner posts the small blind 1000.00
CVSP1VN posts the big blind 2000.00
*** HOLE CARDS ***
Main pot 1800.00
Dealt to lipesticky [5d 2d]
Reezy852185 folds
updatesla folds
Vozi15 raises 4000.00 to 4000.00
lipesticky folds
lillconner folds
CVSP1VN folds
Uncalled bet (2000.00) returned to Vozi15
Vozi15 does not show
*** SUMMARY ***
Total pot 6800.00
Seat 1: CVSP1VN (big blind) folded on the Pre-Flop
Seat 2: Reezy852185 folded on the Pre-Flop and did not bet
Seat 3: updatesla folded on the Pre-Flop and did not bet
Seat 4: Vozi15 did not show and won 6800.00
Seat 5: lipesticky (button) folded on the Pre-Flop
Seat 6: lillconner (small blind) folded on the Pre-Flop

Game Hand #2017611467 - Tournament #31138356 - Holdem (No Limit) - Level 5 (1250.00/2500.00)- 2024/02/04 22:12:56 UTC
Table '9' 6-max Seat #6 is the button
Seat 1: CVSP1VN (133113.00)
Seat 2: Reezy852185 (169614.00)
Seat 3: updatesla (96250.00) is sitting out
Seat 4: Vozi15 (101913.00)
Seat 5: lipesticky (185039.00)
Seat 6: lillconner (115596.00)
CVSP1VN posts ante 350.00
Reezy852185 posts ante 350.00
updatesla posts ante 350.00
Vozi15 posts ante 350.00
lipesticky posts ante 350.00
lillconner posts ante 350.00
CVSP1VN posts the small blind 1250.00
Reezy852185 posts the big blind 2500.00
*** HOLE CARDS ***
Main pot 2100.00
Dealt to lipesticky [Ad 2d]
updatesla folds
Vozi15 folds
lipesticky raises 5250.00 to 5250.00
lillconner folds
CVSP1VN folds
Reezy852185 folds
Uncalled bet (2750.00) returned to lipesticky
lipesticky does not show
*** SUMMARY ***
Total pot 8350.00
Seat 1: CVSP1VN (small blind) folded on the Pre-Flop
Seat 2: Reezy852185 (big blind) folded on the Pre-Flop
Seat 3: updatesla folded on the Pre-Flop and did not bet
Seat 4: Vozi15 folded on the Pre-Flop and did not bet
Seat 5: lipesticky did not show and won 8350.00
Seat 6: lillconner (button) folded on the Pre-Flop

Game Hand #2017612684 - Tournament #31138356 - Holdem (No Limit) - Level 5 (1250.00/2500.00)- 2024/02/04 22:13:35 UTC
Table '9' 6-max Seat #1 is the button
Seat 1: CVSP1VN (131513.00)
Seat 2: Reezy852185 (166764.00)
Seat 3: updatesla (95900.00) is sitting out
Seat 4: Vozi15 (101563.00)
Seat 5: lipesticky (190539.00)
Seat 6: lillconner (115246.00)
CVSP1VN posts ante 350.00
Reezy852185 posts ante 350.00
updatesla posts ante 350.00
Vozi15 posts ante 350.00
lipesticky posts ante 350.00
lillconner posts ante 350.00
Reezy852185 posts the small blind 1250.00
updatesla posts the big blind 2500.00
*** HOLE CARDS ***
Main pot 2100.00
Dealt to lipesticky [8s 4h]
Vozi15 raises 5000.00 to 5000.00
lipesticky folds
lillconner calls 5000.00
CVSP1VN folds
Reezy852185 calls 3750.00
updatesla folds
*** FLOP *** [Js Jc 3c]
Main pot 19600.00
Reezy852185 checks
Vozi15 bets 7718.00
lillconner folds
Reezy852185 calls 7718.00
*** TURN *** [Js Jc 3c] [Jh]
Main pot 35036.00
Reezy852185 checks
Vozi15 bets 18569.00
Reezy852185 calls 18569.00
*** RIVER *** [Js Jc 3c Jh] [Td]
Main pot 72174.00
Reezy852185 checks
Vozi15 checks
*** SHOW DOWN ***
Main pot 72174.00
Reezy852185 shows [3s 5s] (a full house, Jacks full of Threes [Js Jh Jc 3s 3c])
Vozi15 shows [4s 4d] (a full house, Jacks full of Fours [Js Jh Jc 4s 4d])
Vozi15 collected 72174.00 from main pot
*** SUMMARY ***
Total pot 72174.00
Board [Js Jc 3c Jh Td]
Seat 1: CVSP1VN (button) folded on the Pre-Flop
Seat 2: Reezy852185 (small blind) showed [3s 5s] and lost with a full house, Jacks full of Threes [Js Jh Jc 3s 3c]
Seat 3: updatesla (big blind) folded on the Pre-Flop
Seat 4: Vozi15 showed [4s 4d] and won 72174.00 with a full house, Jacks full of Fours [Js Jh Jc 4s 4d]
Seat 5: lipesticky folded on the Pre-Flop and did not bet
Seat 6: lillconner folded on the Flop

Game Hand #2017615415 - Tournament #31138356 - Holdem (No Limit) - Level 5 (1250.00/2500.00)- 2024/02/04 22:15:02 UTC
Table '9' 6-max Seat #2 is the button
Seat 1: CVSP1VN (131163.00)
Seat 2: Reezy852185 (135127.00)
Seat 3: updatesla (93050.00) is sitting out
Seat 4: Vozi15 (142100.00)
Seat 5: lipesticky (190189.00)
Seat 6: lillconner (109896.00)
CVSP1VN posts ante 350.00
Reezy852185 posts ante 350.00
updatesla posts ante 350.00
Vozi15 posts ante 350.00
lipesticky posts ante 350.00
lillconner posts ante 350.00
updatesla posts the small blind 1250.00
Vozi15 posts the big blind 2500.00
*** HOLE CARDS ***
Main pot 2100.00
Dealt to lipesticky [6d Td]
lipesticky folds
lillconner raises 5425.00 to 5425.00
CVSP1VN folds
Reezy852185 folds
updatesla folds
Vozi15 calls 2925.00
*** FLOP *** [5h 3h 8s]
Main pot 14200.00
Vozi15 checks
lillconner bets 7100.00
Vozi15 calls 7100.00
*** TURN *** [5h 3h 8s] [Js]
Main pot 28400.00
Vozi15 checks
lillconner bets 14200.00
Vozi15 calls 14200.00
*** RIVER *** [5h 3h 8s Js] [6s]
Main pot 56800.00
Vozi15 checks
lillconner bets 42600.00
Vozi15 calls 42600.00
*** SHOW DOWN ***
Main pot 142000.00
Vozi15 shows [8h 9d] (a pair of Eights [8s 8h Js 9d 6s])
lillconner shows [Kd Kc] (a pair of Kings [Kd Kc Js 8s 6s])
lillconner collected 142000.00 from main pot
*** SUMMARY ***
Total pot 142000.00
Board [5h 3h 8s Js 6s]
Seat 1: CVSP1VN folded on the Pre-Flop and did not bet
Seat 2: Reezy852185 (button) folded on the Pre-Flop
Seat 3: updatesla (small blind) folded on the Pre-Flop
Seat 4: Vozi15 (big blind) showed [8h 9d] and lost with a pair of Eights [8s 8h Js 9d 6s]
Seat 5: lipesticky folded on the Pre-Flop and did not bet
Seat 6: lillconner showed [Kd Kc] and won 142000.00 with a pair of Kings [Kd Kc Js 8s 6s]

Game Hand #2017618200 - Tournament #31138356 - Holdem (No Limit) - Level 5 (1250.00/2500.00)- 2024/02/04 22:16:29 UTC
Table '9' 6-max Seat #3 is the button
Seat 1: CVSP1VN (130813.00)
Seat 2: Reezy852185 (134777.00)
Seat 3: updatesla (91450.00) is sitting out
Seat 4: Vozi15 (72425.00)
Seat 5: lipesticky (189839.00)
Seat 6: lillconner (182221.00)
CVSP1VN posts ante 350.00
Reezy852185 posts ante 350.00
updatesla posts ante 350.00
Vozi15 posts ante 350.00
lipesticky posts ante 350.00
lillconner posts ante 350.00
Vozi15 posts the small blind 1250.00
lipesticky posts the big blind 2500.00
*** HOLE CARDS ***
Main pot 2100.00
Dealt to lipesticky [Ac Tc]
lillconner raises 5425.00 to 5425.00
CVSP1VN folds
Reezy852185 folds
updatesla folds
Vozi15 folds
lipesticky calls 2925.00
*** FLOP *** [8s Jd 6s]
Main pot 14200.00
lipesticky checks
lillconner checks
*** TURN *** [8s Jd 6s] [8d]
Main pot 14200.00
lipesticky checks
lillconner bets 7100.00
lipesticky folds
Uncalled bet (7100.00) returned to lillconner
lillconner does not show
*** SUMMARY ***
Total pot 14200.00
Board [8s Jd 6s 8d]
Seat 1: CVSP1VN folded on the Pre-Flop and did not bet
Seat 2: Reezy852185 folded on the Pre-Flop and did not bet
Seat 3: updatesla (button) folded on the Pre-Flop
Seat 4: Vozi15 (small blind) folded on the Pre-Flop
Seat 5: lipesticky (big blind) folded on the Turn
Seat 6: lillconner did not show and won 14200.00

Game Hand #2017619982 - Tournament #31138356 - Holdem (No Limit) - Level 5 (1250.00/2500.00)- 2024/02/04 22:17:26 UTC
Table '9' 6-max Seat #4 is the button
Seat 1: CVSP1VN (130463.00)
Seat 2: Reezy852185 (134427.00)
Seat 3: updatesla (91100.00) is sitting out
Seat 4: Vozi15 (70825.00)
Seat 5: lipesticky (184064.00)
Seat 6: lillconner (190646.00)
CVSP1VN posts ante 350.00
Reezy852185 posts ante 350.00
updatesla posts ante 350.00
Vozi15 posts ante 350.00
lipesticky posts ante 350.00
lillconner posts ante 350.00
lipesticky posts the small blind 1250.00
lillconner posts the big blind 2500.00
*** HOLE CARDS ***
Main pot 2100.00
Dealt to lipesticky [7h Tc]
CVSP1VN folds
Reezy852185 folds
updatesla folds
Vozi15 raises 5000.00 to 5000.00
lipesticky folds
lillconner calls 2500.00
*** FLOP *** [3d 6d Ah]
Main pot 13350.00
lillconner checks
Vozi15 bets 7076.00
lillconner calls 7076.00
*** TURN *** [3d 6d Ah] [5d]
Main pot 27502.00
lillconner checks
Vozi15 bets 15826.00
lillconner calls 15826.00
*** RIVER *** [3d 6d Ah 5d] [5h]
Main pot 59154.00
lillconner checks
Vozi15 bets 42573.00 and is all-in
lillconner calls 42573.00
*** SHOW DOWN ***
Main pot 144300.00
Vozi15 shows [2h 2d] (two pair, Fives and Deuces [5h 5d 2h 2d Ah])
lillconner shows [Ac 8s] (two pair, Aces and Fives [Ah Ac 5h 5d 8s])
lillconner collected 144300.00 from main pot
*** SUMMARY ***
Total pot 144300.00
Board [3d 6d Ah 5d 5h]
Seat 1: CVSP1VN folded on the Pre-Flop and did not bet
Seat 2: Reezy852185 folded on the Pre-Flop and did not bet
Seat 3: updatesla folded on the Pre-Flop and did not bet
Seat 4: Vozi15 (button) showed [2h 2d] and lost with two pair, Fives and Deuces [5h 5d 2h 2d Ah]
Seat 5: lipesticky (small blind) folded on the Pre-Flop
Seat 6: lillconner (big blind) showed [Ac 8s] and won 144300.00 with two pair, Aces and Fives [Ah Ac 5h 5d 8s]

Game Hand #2017622838 - Tournament #31138356 - Holdem (No Limit) - Level 5 (1250.00/2500.00)- 2024/02/04 22:18:58 UTC
Table '9' 6-max Seat #5 is the button
Seat 1: CVSP1VN (130113.00)
Seat 2: Reezy852185 (134077.00)
Seat 3: updatesla (90750.00) is sitting out
Seat 5: lipesticky (182464.00)
Seat 6: lillconner (264121.00)
CVSP1VN posts ante 350.00
Reezy852185 posts ante 350.00
updatesla posts ante 350.00
lipesticky posts ante 350.00
lillconner posts ante 350.00
lillconner posts the small blind 1250.00
CVSP1VN posts the big blind 2500.00
*** HOLE CARDS ***
Main pot 1750.00
Dealt to lipesticky [7c 6d]
Reezy852185 raises 5000.00 to 5000.00
updatesla folds
lipesticky folds
lillconner raises 14438.00 to 15688.00
CVSP1VN folds
Reezy852185 calls 10688.00
*** FLOP *** [8s 9d 2c]
Main pot 35626.00
lillconner bets 17813.00
Reezy852185 calls 17813.00
*** TURN *** [8s 9d 2c] [Kc]
Main pot 71252.00
lillconner bets 35626.00
Reezy852185 folds
Uncalled bet (35626.00) returned to lillconner
lillconner does not show
*** SUMMARY ***
Total pot 71252.00
Board [8s 9d 2c Kc]
Seat 1: CVSP1VN (big blind) folded on the Pre-Flop
Seat 2: Reezy852185 folded on the Turn
Seat 3: updatesla folded on the Pre-Flop and did not bet
Seat 5: lipesticky (button) folded on the Pre-Flop
Seat 6: lillconner did not show and won 71252.00

Game Hand #2017625030 - Tournament #31138356 - Holdem (No Limit) - Level 5 (1250.00/2500.00)- 2024/02/04 22:20:09 UTC
Table '9' 6-max Seat #6 is the button
Seat 1: CVSP1VN (127263.00)
Seat 2: Reezy852185 (100226.00)
Seat 3: updatesla (90400.00) is sitting out
Seat 4: bigjacksquat (125000.00)
Seat 5: lipesticky (182114.00)
Seat 6: lillconner (301522.00)
CVSP1VN posts ante 350.00
Reezy852185 posts ante 350.00
updatesla posts ante 350.00
bigjacksquat posts ante 350.00
lipesticky posts ante 350.00
lillconner posts ante 350.00
CVSP1VN posts the small blind 1250.00
Reezy852185 posts the big blind 2500.00
*** HOLE CARDS ***
Main pot 2100.00
Dealt to lipesticky [Kd 3s]
updatesla folds
bigjacksquat raises 5000.00 to 5000.00
lipesticky folds
lillconner folds
CVSP1VN folds
Reezy852185 calls 2500.00
*** FLOP *** [8c 5d Jh]
Main pot 13350.00
Reezy852185 checks
bigjacksquat bets 3338.00
Reezy852185 calls 3338.00
*** TURN *** [8c 5d Jh] [7d]
Main pot 20026.00
Reezy852185 checks
bigjacksquat checks
*** RIVER *** [8c 5d Jh 7d] [Ac]
Main pot 20026.00
Reezy852185 checks
bigjacksquat checks
*** SHOW DOWN ***
Main pot 20026.00
Reezy852185 shows [4h 7s] (a pair of Sevens [7s 7d Ac Jh 8c])
bigjacksquat shows [Th Qh] (a high card, Ace high [Ac Qh Jh Th 8c])
Reezy852185 collected 20026.00 from main pot
*** SUMMARY ***
Total pot 20026.00
Board [8c 5d Jh 7d Ac]
Seat 1: CVSP1VN (small blind) folded on the Pre-Flop
Seat 2: Reezy852185 (big blind) showed [4h 7s] and won 20026.00 with a pair of Sevens [7s 7d Ac Jh 8c]
Seat 3: updatesla folded on the Pre-Flop and did not bet
Seat 4: bigjacksquat showed [Th Qh] and lost with a high card, Ace high [Ac Qh Jh Th 8c]
Seat 5: lipesticky folded on the Pre-Flop and did not bet
Seat 6: lillconner (button) folded on the Pre-Flop

Game Hand #2017627465 - Tournament #31138356 - Holdem (No Limit) - Level 5 (1250.00/2500.00)- 2024/02/04 22:21:30 UTC
Table '9' 6-max Seat #1 is the button
Seat 1: CVSP1VN (125663.00)
Seat 2: Reezy852185 (111564.00)
Seat 3: updatesla (90050.00) is sitting out
Seat 4: bigjacksquat (116312.00)
Seat 5: lipesticky (181764.00)
Seat 6: lillconner (301172.00)
CVSP1VN posts ante 350.00
Reezy852185 posts ante 350.00
updatesla posts ante 350.00
bigjacksquat posts ante 350.00
lipesticky posts ante 350.00
lillconner posts ante 350.00
Reezy852185 posts the small blind 1250.00
updatesla posts the big blind 2500.00
*** HOLE CARDS ***
Main pot 2100.00
Dealt to lipesticky [9s 9d]
bigjacksquat folds
lipesticky raises 5250.00 to 5250.00
lillconner folds
CVSP1VN folds
Reezy852185 folds
updatesla folds
Uncalled bet (2750.00) returned to lipesticky
lipesticky does not show
*** SUMMARY ***
Total pot 8350.00
Seat 1: CVSP1VN (button) folded on the Pre-Flop
Seat 2: Reezy852185 (small blind) folded on the Pre-Flop
Seat 3: updatesla (big blind) folded on the Pre-Flop
Seat 4: bigjacksquat folded on the Pre-Flop and did not bet
Seat 5: lipesticky did not show and won 8350.00
Seat 6: lillconner folded on the Pre-Flop and did not bet

Game Hand #2017628434 - Tournament #31138356 - Holdem (No Limit) - Level 5 (1250.00/2500.00)- 2024/02/04 22:22:00 UTC
Table '9' 6-max Seat #2 is the button
Seat 1: CVSP1VN (125313.00)
Seat 2: Reezy852185 (109964.00)
Seat 3: updatesla (87200.00) is sitting out
Seat 4: bigjacksquat (115962.00)
Seat 5: lipesticky (187264.00)
Seat 6: lillconner (300822.00)
CVSP1VN posts ante 350.00
Reezy852185 posts ante 350.00
updatesla posts ante 350.00
bigjacksquat posts ante 350.00
lipesticky posts ante 350.00
lillconner posts ante 350.00
updatesla posts the small blind 1250.00
bigjacksquat posts the big blind 2500.00
*** HOLE CARDS ***
Main pot 2100.00
Dealt to lipesticky [Qc Tc]
lipesticky raises 5250.00 to 5250.00
lillconner raises 17513.00 to 17513.00
CVSP1VN folds
Reezy852185 folds
updatesla folds
bigjacksquat folds
lipesticky calls 12263.00
*** FLOP *** [Ac 2d 6c]
Main pot 40876.00
lipesticky checks
lillconner bets 20438.00
lipesticky calls 20438.00
*** TURN *** [Ac 2d 6c] [8d]
Main pot 81752.00
lipesticky checks
lillconner bets 40876.00
lipesticky calls 40876.00
*** RIVER *** [Ac 2d 6c 8d] [9d]
Main pot 163504.00
lipesticky checks
lillconner checks
*** SHOW DOWN ***
Main pot 163504.00
lipesticky shows [Qc Tc] (a high card, Ace high [Ac Qc Tc 9d 8d])
lillconner shows [As Jh] (a pair of Aces [As Ac Jh 9d 8d])
lillconner collected 163504.00 from main pot
*** SUMMARY ***
Total pot 163504.00
Board [Ac 2d 6c 8d 9d]
Seat 1: CVSP1VN folded on the Pre-Flop and did not bet
Seat 2: Reezy852185 (button) folded on the Pre-Flop
Seat 3: updatesla (small blind) folded on the Pre-Flop
Seat 4: bigjacksquat (big blind) folded on the Pre-Flop
Seat 5: lipesticky showed [Qc Tc] and lost with a high card, Ace high [Ac Qc Tc 9d 8d]
Seat 6: lillconner showed [As Jh] and won 163504.00 with a pair of Aces [As Ac Jh 9d 8d]

Game Hand #2017631654 - Tournament #31138356 - Holdem (No Limit) - Level 5 (1250.00/2500.00)- 2024/02/04 22:23:45 UTC
Table '9' 6-max Seat #3 is the button
Seat 1: CVSP1VN (124963.00)
Seat 2: Reezy852185 (109614.00)
Seat 3: updatesla (85600.00) is sitting out
Seat 4: bigjacksquat (113112.00)
Seat 5: lipesticky (108087.00)
Seat 6: lillconner (385149.00)
CVSP1VN posts ante 350.00
Reezy852185 posts ante 350.00
updatesla posts ante 350.00
bigjacksquat posts ante 350.00
lipesticky posts ante 350.00
lillconner posts ante 350.00
bigjacksquat posts the small blind 1250.00
lipesticky posts the big blind 2500.00
*** HOLE CARDS ***
Main pot 2100.00
Dealt to lipesticky [Jh 2h]
lillconner folds
CVSP1VN folds
Reezy852185 raises 6675.00 to 6675.00
updatesla folds
bigjacksquat folds
lipesticky calls 4175.00
*** FLOP *** [2c Qs 7s]
Main pot 16700.00
lipesticky checks
Reezy852185 checks
*** TURN *** [2c Qs 7s] [Ts]
Main pot 16700.00
lipesticky checks
Reezy852185 checks
*** RIVER *** [2c Qs 7s Ts] [Td]
Main pot 16700.00
lipesticky checks
Reezy852185 checks
*** SHOW DOWN ***
Main pot 16700.00
Reezy852185 shows [Ac 3s] (a pair of Tens [Ts Td Ac Qs 7s])
lipesticky shows [Jh 2h] (two pair, Tens and Deuces [Ts Td 2h 2c Qs])
lipesticky collected 16700.00 from main pot
*** SUMMARY ***
Total pot 16700.00
Board [2c Qs 7s Ts Td]
Seat 1: CVSP1VN folded on the Pre-Flop and did not bet
Seat 2: Reezy852185 showed [Ac 3s] and lost with a pair of Tens [Ts Td Ac Qs 7s]
Seat 3: updatesla (button) folded on the Pre-Flop
Seat 4: bigjacksquat (small blind) folded on the Pre-Flop
Seat 5: lipesticky (big blind) showed [Jh 2h] and won 16700.00 with two pair, Tens and Deuces [Ts Td 2h 2c Qs]
Seat 6: lillconner folded on the Pre-Flop and did not bet

Game Hand #2017634293 - Tournament #31138356 - Holdem (No Limit) - Level 5 (1250.00/2500.00)- 2024/02/04 22:25:10 UTC
Table '9' 6-max Seat #4 is the button
Seat 1: CVSP1VN (124613.00)
Seat 2: Reezy852185 (102589.00)
Seat 3: updatesla (85250.00) is sitting out
Seat 4: bigjacksquat (111512.00)
Seat 5: lipesticky (117762.00)
Seat 6: lillconner (384799.00)
CVSP1VN posts ante 350.00
Reezy852185 posts ante 350.00
updatesla posts ante 350.00
bigjacksquat posts ante 350.00
lipesticky posts ante 350.00
lillconner posts ante 350.00
lipesticky posts the small blind 1250.00
lillconner posts the big blind 2500.00
*** HOLE CARDS ***
Main pot 2100.00
Dealt to lipesticky [4s As]
CVSP1VN folds
Reezy852185 raises 6675.00 to 6675.00
updatesla folds
bigjacksquat folds
lipesticky calls 5425.00
lillconner calls 4175.00
*** FLOP *** [Js Ah 9h]
Main pot 22125.00
lipesticky checks
lillconner bets 11063.00
Reezy852185 calls 11063.00
lipesticky calls 11063.00
*** TURN *** [Js Ah 9h] [Jd]
Main pot 55314.00
lipesticky checks
lillconner checks
Reezy852185 checks
*** RIVER *** [Js Ah 9h Jd] [4d]
Main pot 55314.00
lipesticky checks
lillconner checks
Reezy852185 bets 41486.00
lipesticky folds
lillconner folds
Uncalled bet (41486.00) returned to Reezy852185
Reezy852185 shows [Ts 8d]
*** SUMMARY ***
Total pot 55314.00
Board [Js Ah 9h Jd 4d]
Seat 1: CVSP1VN folded on the Pre-Flop and did not bet
Seat 2: Reezy852185 showed [Ts 8d] and won 55314.00
Seat 3: updatesla folded on the Pre-Flop and did not bet
Seat 4: bigjacksquat (button) folded on the Pre-Flop
Seat 5: lipesticky (small blind) folded on the River
Seat 6: lillconner (big blind) folded on the River

Game Hand #2017637894 - Tournament #31138356 - Holdem (No Limit) - Level 5 (1250.00/2500.00)- 2024/02/04 22:27:09 UTC
Table '9' 6-max Seat #5 is the button
Seat 1: CVSP1VN (124263.00)
Seat 2: Reezy852185 (139815.00)
Seat 3: updatesla (84900.00) is sitting out
Seat 4: bigjacksquat (111162.00)
Seat 5: lipesticky (99674.00)
Seat 6: lillconner (366711.00)
CVSP1VN posts ante 350.00
Reezy852185 posts ante 350.00
updatesla posts ante 350.00
bigjacksquat posts ante 350.00
lipesticky posts ante 350.00
lillconner posts ante 350.00
lillconner posts the small blind 1250.00
CVSP1VN posts the big blind 2500.00
*** HOLE CARDS ***
Main pot 2100.00
Dealt to lipesticky [8s 3s]
Reezy852185 raises 5000.00 to 5000.00
updatesla folds
bigjacksquat calls 5000.00
lipesticky folds
lillconner folds
CVSP1VN folds
*** FLOP *** [8d Jh Ts]
Main pot 15850.00
Reezy852185 bets 3750.00
bigjacksquat calls 3750.00
*** TURN *** [8d Jh Ts] [4s]
Main pot 23350.00
Reezy852185 bets 3750.00
bigjacksquat calls 3750.00
*** RIVER *** [8d Jh Ts 4s] [9s]
Main pot 30850.00
Reezy852185 bets 15425.00
bigjacksquat raises 45800.00 to 45800.00
Reezy852185 folds
Uncalled bet (30375.00) returned to bigjacksquat
bigjacksquat does not show
*** SUMMARY ***
Total pot 61700.00
Board [8d Jh Ts 4s 9s]
Seat 1: CVSP1VN (big blind) folded on the Pre-Flop
Seat 2: Reezy852185 folded on the River
Seat 3: updatesla folded on the Pre-Flop and did not bet
Seat 4: bigjacksquat did not show and won 61700.00
Seat 5: lipesticky (button) folded on the Pre-Flop
Seat 6: lillconner (small blind) folded on the Pre-Flop

Game Hand #2017640371 - Tournament #31138356 - Holdem (No Limit) - Level 6 (1500.00/3000.00)- 2024/02/04 22:28:31 UTC
Table '9' 6-max Seat #6 is the button
Seat 1: CVSP1VN (121413.00)
Seat 2: Reezy852185 (111540.00)
Seat 3: updatesla (84550.00) is sitting out
Seat 4: bigjacksquat (144587.00)
Seat 5: lipesticky (99324.00)
Seat 6: lillconner (365111.00)
CVSP1VN posts ante 450.00
Reezy852185 posts ante 450.00
updatesla posts ante 450.00
bigjacksquat posts ante 450.00
lipesticky posts ante 450.00
lillconner posts ante 450.00
CVSP1VN posts the small blind 1500.00
Reezy852185 posts the big blind 3000.00
*** HOLE CARDS ***
Main pot 2700.00
Dealt to lipesticky [6h Qh]
updatesla folds
bigjacksquat raises 6000.00 to 6000.00
lipesticky folds
lillconner calls 6000.00
CVSP1VN folds
Reezy852185 calls 3000.00
*** FLOP *** [3d 6s 5d]
Main pot 22200.00
Reezy852185 checks
bigjacksquat checks
lillconner checks
*** TURN *** [3d 6s 5d] [3h]
Main pot 22200.00
Reezy852185 checks
bigjacksquat checks
lillconner checks
*** RIVER *** [3d 6s 5d 3h] [4h]
Main pot 22200.00
Reezy852185 bets 11100.00
bigjacksquat folds
lillconner folds
Uncalled bet (11100.00) returned to Reezy852185
Reezy852185 does not show
*** SUMMARY ***
Total pot 22200.00
Board [3d 6s 5d 3h 4h]
Seat 1: CVSP1VN (small blind) folded on the Pre-Flop
Seat 2: Reezy852185 did not show and won 22200.00
Seat 3: updatesla folded on the Pre-Flop and did not bet
Seat 4: bigjacksquat folded on the River
Seat 5: lipesticky folded on the Pre-Flop and did not bet
Seat 6: lillconner (button) folded on the River

Game Hand #2017642174 - Tournament #31138356 - Holdem (No Limit) - Level 6 (1500.00/3000.00)- 2024/02/04 22:29:30 UTC
Table '9' 6-max Seat #1 is the button
Seat 1: CVSP1VN (119463.00)
Seat 2: Reezy852185 (127290.00)
Seat 3: updatesla (84100.00) is sitting out
Seat 4: bigjacksquat (138137.00)
Seat 5: lipesticky (98874.00)
Seat 6: lillconner (358661.00)
CVSP1VN posts ante 450.00
Reezy852185 posts ante 450.00
updatesla posts ante 450.00
bigjacksquat posts ante 450.00
lipesticky posts ante 450.00
lillconner posts ante 450.00
Reezy852185 posts the small blind 1500.00
updatesla posts the big blind 3000.00
*** HOLE CARDS ***
Main pot 2700.00
Dealt to lipesticky [Qs 6d]
bigjacksquat raises 6600.00 to 6600.00
lipesticky folds
lillconner calls 6600.00
CVSP1VN folds
Reezy852185 folds
updatesla folds
*** FLOP *** [4h 5s Th]
Main pot 20400.00
bigjacksquat bets 5100.00
lillconner folds
Uncalled bet (5100.00) returned to bigjacksquat
bigjacksquat does not show
*** SUMMARY ***
Total pot 20400.00
Board [4h 5s Th]
Seat 1: CVSP1VN (button) folded on the Pre-Flop
Seat 2: Reezy852185 (small blind) folded on the Pre-Flop
Seat 3: updatesla (big blind) folded on the Pre-Flop
Seat 4: bigjacksquat did not show and won 20400.00
Seat 5: lipesticky folded on the Pre-Flop and did not bet
Seat 6: lillconner folded on the Flop

Game Hand #2017643226 - Tournament #31138356 - Holdem (No Limit) - Level 6 (1500.00/3000.00)- 2024/02/04 22:30:06 UTC
Table '9' 6-max Seat #2 is the button
Seat 1: CVSP1VN (119013.00)
Seat 2: Reezy852185 (125340.00)
Seat 3: updatesla (80650.00) is sitting out
Seat 4: bigjacksquat (151487.00)
Seat 5: lipesticky (98424.00)
Seat 6: lillconner (351611.00)
CVSP1VN posts ante 450.00
Reezy852185 posts ante 450.00
updatesla posts ante 450.00
bigjacksquat posts ante 450.00
lipesticky posts ante 450.00
lillconner posts ante 450.00
updatesla posts the small blind 1500.00
bigjacksquat posts the big blind 3000.00
*** HOLE CARDS ***
Main pot 2700.00
Dealt to lipesticky [2d 5d]
lipesticky folds
lillconner folds
CVSP1VN folds
Reezy852185 folds
updatesla folds
bigjacksquat does not show
*** SUMMARY ***
Total pot 7200.00
Seat 1: CVSP1VN folded on the Pre-Flop and did not bet
Seat 2: Reezy852185 (button) folded on the Pre-Flop
Seat 3: updatesla (small blind) folded on the Pre-Flop
Seat 4: bigjacksquat did not show and won 7200.00
Seat 5: lipesticky folded on the Pre-Flop and did not bet
Seat 6: lillconner folded on the Pre-Flop and did not bet

Game Hand #2017643516 - Tournament #31138356 - Holdem (No Limit) - Level 6 (1500.00/3000.00)- 2024/02/04 22:30:16 UTC
Table '9' 6-max Seat #3 is the button
Seat 1: CVSP1VN (118563.00)
Seat 2: Reezy852185 (124890.00)
Seat 3: updatesla (78700.00) is sitting out
Seat 4: bigjacksquat (155237.00)
Seat 5: lipesticky (97974.00)
Seat 6: lillconner (351161.00)
CVSP1VN posts ante 450.00
Reezy852185 posts ante 450.00
updatesla posts ante 450.00
bigjacksquat posts ante 450.00
lipesticky posts ante 450.00
lillconner posts ante 450.00
bigjacksquat posts the small blind 1500.00
lipesticky posts the big blind 3000.00
*** HOLE CARDS ***
Main pot 2700.00
Dealt to lipesticky [Jd 8s]
lillconner folds
CVSP1VN folds
Reezy852185 raises 6000.00 to 6000.00
updatesla folds
bigjacksquat folds
lipesticky calls 3000.00
*** FLOP *** [Qs As 5h]
Main pot 16200.00
lipesticky checks
Reezy852185 bets 118440.00 and is all-in
lipesticky folds
Uncalled bet (118440.00) returned to Reezy852185
Reezy852185 does not show
*** SUMMARY ***
Total pot 16200.00
Board [Qs As 5h]
Seat 1: CVSP1VN folded on the Pre-Flop and did not bet
Seat 2: Reezy852185 did not show and won 16200.00
Seat 3: updatesla (button) folded on the Pre-Flop
Seat 4: bigjacksquat (small blind) folded on the Pre-Flop
Seat 5: lipesticky (big blind) folded on the Flop
Seat 6: lillconner folded on the Pre-Flop and did not bet

Game Hand #2017645409 - Tournament #31138356 - Holdem (No Limit) - Level 6 (1500.00/3000.00)- 2024/02/04 22:31:19 UTC
Table '9' 6-max Seat #4 is the button
Seat 2: Reezy852185 (134640.00)
Seat 3: updatesla (78250.00) is sitting out
Seat 4: bigjacksquat (153287.00)
Seat 5: lipesticky (91524.00)
Seat 6: lillconner (350711.00)
Reezy852185 posts ante 450.00
updatesla posts ante 450.00
bigjacksquat posts ante 450.00
lipesticky posts ante 450.00
lillconner posts ante 450.00
lipesticky posts the small blind 1500.00
lillconner posts the big blind 3000.00
*** HOLE CARDS ***
Main pot 2250.00
Dealt to lipesticky [Qs 5h]
Reezy852185 raises 6000.00 to 6000.00
updatesla folds
bigjacksquat calls 6000.00
lipesticky folds
lillconner calls 3000.00
*** FLOP *** [Qd 2h Jc]
Main pot 21750.00
lillconner checks
Reezy852185 checks
bigjacksquat checks
*** TURN *** [Qd 2h Jc] [8s]
Main pot 21750.00
lillconner checks
Reezy852185 bets 5438.00
bigjacksquat calls 5438.00
lillconner folds
*** RIVER *** [Qd 2h Jc 8s] [4d]
Main pot 32626.00
Reezy852185 bets 8157.00
bigjacksquat calls 8157.00
*** SHOW DOWN ***
Main pot 48940.00
Reezy852185 shows [7c Tc] (a high card, Queen high [Qd Jc Tc 8s 7c])
bigjacksquat shows [Jh Ks] (a pair of Jacks [Jh Jc Ks Qd 8s])
bigjacksquat collected 48940.00 from main pot
*** SUMMARY ***
Total pot 48940.00
Board [Qd 2h Jc 8s 4d]
Seat 2: Reezy852185 showed [7c Tc] and lost with a high card, Queen high [Qd Jc Tc 8s 7c]
Seat 3: updatesla folded on the Pre-Flop and did not bet
Seat 4: bigjacksquat (button) showed [Jh Ks] and won 48940.00 with a pair of Jacks [Jh Jc Ks Qd 8s]
Seat 5: lipesticky (small blind) folded on the Pre-Flop
Seat 6: lillconner (big blind) folded on the Turn

Game Hand #2017646870 - Tournament #31138356 - Holdem (No Limit) - Level 6 (1500.00/3000.00)- 2024/02/04 22:32:08 UTC
Table '9' 6-max Seat #5 is the button
Seat 2: Reezy852185 (114595.00)
Seat 3: updatesla (77800.00) is sitting out
Seat 4: bigjacksquat (182182.00)
Seat 5: lipesticky (89574.00)
Seat 6: lillconner (344261.00)
Reezy852185 posts ante 450.00
updatesla posts ante 450.00
bigjacksquat posts ante 450.00
lipesticky posts ante 450.00
lillconner posts ante 450.00
lillconner posts the small blind 1500.00
Reezy852185 posts the big blind 3000.00
*** HOLE CARDS ***
Main pot 2250.00
Dealt to lipesticky [Js Ac]
updatesla folds
bigjacksquat folds
lipesticky raises 6900.00 to 6900.00
lillconner folds
Reezy852185 calls 3900.00
*** FLOP *** [Qs 3s 5h]
Main pot 17550.00
Reezy852185 checks
lipesticky bets 4292.00
Reezy852185 raises 17359.00 to 17359.00
lipesticky calls 13067.00
*** TURN *** [Qs 3s 5h] [Jh]
Main pot 52268.00
Reezy852185 bets 13067.00
lipesticky calls 13067.00
*** RIVER *** [Qs 3s 5h Jh] [Ad]
Main pot 78402.00
Reezy852185 checks
lipesticky bets 51798.00 and is all-in
Reezy852185 folds
Uncalled bet (51798.00) returned to lipesticky
lipesticky does not show
*** SUMMARY ***
Total pot 78402.00
Board [Qs 3s 5h Jh Ad]
Seat 2: Reezy852185 (big blind) folded on the River
Seat 3: updatesla folded on the Pre-Flop and did not bet
Seat 4: bigjacksquat folded on the Pre-Flop and did not bet
Seat 5: lipesticky did not show and won 78402.00
Seat 6: lillconner (small blind) folded on the Pre-Flop

Game Hand #2017650231 - Tournament #31138356 - Holdem (No Limit) - Level 6 (1500.00/3000.00)- 2024/02/04 22:34:01 UTC
Table '9' 6-max Seat #6 is the button
Seat 1: CasinoABZ will be allowed to play after the button
Seat 2: Reezy852185 (76819.00)
Seat 3: updatesla (77350.00) is sitting out
Seat 4: bigjacksquat (181732.00)
Seat 5: lipesticky (130200.00)
Seat 6: lillconner (342311.00)
Reezy852185 posts ante 450.00
updatesla posts ante 450.00
bigjacksquat posts ante 450.00
lipesticky posts ante 450.00
lillconner posts ante 450.00
Reezy852185 posts the small blind 1500.00
updatesla posts the big blind 3000.00
*** HOLE CARDS ***
Main pot 2250.00
Dealt to lipesticky [Th Jh]
bigjacksquat folds
lipesticky raises 6300.00 to 6300.00
lillconner folds
Reezy852185 raises 74869.00 to 76369.00 and is all-in
updatesla folds
lipesticky calls 70069.00
*** FLOP *** [3c Jd Qd]
Main pot 157988.00
*** TURN *** [3c Jd Qd] [Ad]
Main pot 157988.00
*** RIVER *** [3c Jd Qd Ad] [9d]
Main pot 157988.00
*** SHOW DOWN ***
Main pot 157988.00
Reezy852185 shows [8s Tc] (a straight, Queen high [Qd Jd Tc 9d 8s])
lipesticky shows [Th Jh] (a pair of Jacks [Jh Jd Ad Qd Th])
Reezy852185 collected 157988.00 from main pot
*** SUMMARY ***
Total pot 157988.00
Board [3c Jd Qd Ad 9d]
Seat 2: Reezy852185 (small blind) showed [8s Tc] and won 157988.00 with a straight, Queen high [Qd Jd Tc 9d 8s]
Seat 3: updatesla (big blind) folded on the Pre-Flop
Seat 4: bigjacksquat folded on the Pre-Flop and did not bet
Seat 5: lipesticky showed [Th Jh] and lost with a pair of Jacks [Jh Jd Ad Qd Th]
Seat 6: lillconner (button) folded on the Pre-Flop

Game Hand #2017651490 - Tournament #31138356 - Holdem (No Limit) - Level 6 (1500.00/3000.00)- 2024/02/04 22:34:42 UTC
Table '9' 6-max Seat #2 is the button
Seat 1: CasinoABZ (125000.00)
Seat 2: Reezy852185 (157988.00)
Seat 3: updatesla (73900.00) is sitting out
Seat 4: bigjacksquat (181282.00)
Seat 5: lipesticky (53381.00)
Seat 6: lillconner (341861.00)
CasinoABZ posts ante 450.00
Reezy852185 posts ante 450.00
updatesla posts ante 450.00
bigjacksquat posts ante 450.00
lipesticky posts ante 450.00
lillconner posts ante 450.00
updatesla posts the small blind 1500.00
bigjacksquat posts the big blind 3000.00
*** HOLE CARDS ***
Main pot 2700.00
Dealt to lipesticky [9h 9d]
lipesticky raises 6300.00 to 6300.00
lillconner folds
CasinoABZ folds
Reezy852185 folds
updatesla folds
bigjacksquat folds
Uncalled bet (3300.00) returned to lipesticky
lipesticky does not show
*** SUMMARY ***
Total pot 10200.00
Seat 1: CasinoABZ folded on the Pre-Flop and did not bet
Seat 2: Reezy852185 (button) folded on the Pre-Flop
Seat 3: updatesla (small blind) folded on the Pre-Flop
Seat 4: bigjacksquat (big blind) folded on the Pre-Flop
Seat 5: lipesticky did not show and won 10200.00
Seat 6: lillconner folded on the Pre-Flop and did not bet

Game Hand #2017652067 - Tournament #31138356 - Holdem (No Limit) - Level 6 (1500.00/3000.00)- 2024/02/04 22:35:01 UTC
Table '9' 6-max Seat #3 is the button
Seat 1: CasinoABZ (124550.00)
Seat 2: Reezy852185 (157538.00)
Seat 3: updatesla (71950.00) is sitting out
Seat 4: bigjacksquat (177832.00)
Seat 5: lipesticky (60131.00)
Seat 6: lillconner (341411.00)
CasinoABZ posts ante 450.00
Reezy852185 posts ante 450.00
updatesla posts ante 450.00
bigjacksquat posts ante 450.00
lipesticky posts ante 450.00
lillconner posts ante 450.00
bigjacksquat posts the small blind 1500.00
lipesticky posts the big blind 3000.00
*** HOLE CARDS ***
Main pot 2700.00
Dealt to lipesticky [3h 6s]
lillconner folds
CasinoABZ folds
Reezy852185 folds
updatesla folds
bigjacksquat raises 9000.00 to 10500.00
lipesticky folds
Uncalled bet (7500.00) returned to bigjacksquat
bigjacksquat does not show
*** SUMMARY ***
Total pot 8700.00
Seat 1: CasinoABZ folded on the Pre-Flop and did not bet
Seat 2: Reezy852185 folded on the Pre-Flop and did not bet
Seat 3: updatesla (button) folded on the Pre-Flop
Seat 4: bigjacksquat did not show and won 8700.00
Seat 5: lipesticky (big blind) folded on the Pre-Flop
Seat 6: lillconner folded on the Pre-Flop and did not bet

Game Hand #2017653008 - Tournament #31138356 - Holdem (No Limit) - Level 6 (1500.00/3000.00)- 2024/02/04 22:35:31 UTC
Table '9' 6-max Seat #4 is the button
Seat 1: CasinoABZ (124100.00)
Seat 2: Reezy852185 (157088.00)
Seat 3: updatesla (71500.00) is sitting out
Seat 4: bigjacksquat (183082.00)
Seat 5: lipesticky (56681.00)
Seat 6: lillconner (340961.00)
CasinoABZ posts ante 450.00
Reezy852185 posts ante 450.00
updatesla posts ante 450.00
bigjacksquat posts ante 450.00
lipesticky posts ante 450.00
lillconner posts ante 450.00
lipesticky posts the small blind 1500.00
lillconner posts the big blind 3000.00
*** HOLE CARDS ***
Main pot 2700.00
Dealt to lipesticky [9s 4c]
CasinoABZ raises 6000.00 to 6000.00
Reezy852185 calls 6000.00
updatesla folds
bigjacksquat calls 6000.00
lipesticky folds
lillconner calls 3000.00
*** FLOP *** [Kc 8s Qs]
Main pot 28200.00
lillconner checks
CasinoABZ bets 10050.00
Reezy852185 folds
bigjacksquat folds
lillconner folds
Uncalled bet (10050.00) returned to CasinoABZ
CasinoABZ does not show
*** SUMMARY ***
Total pot 28200.00
Board [Kc 8s Qs]
Seat 1: CasinoABZ did not show and won 28200.00
Seat 2: Reezy852185 folded on the Flop
Seat 3: updatesla folded on the Pre-Flop and did not bet
Seat 4: bigjacksquat (button) folded on the Flop
Seat 5: lipesticky (small blind) folded on the Pre-Flop
Seat 6: lillconner (big blind) folded on the Flop

Game Hand #2017654490 - Tournament #31138356 - Holdem (No Limit) - Level 6 (1500.00/3000.00)- 2024/02/04 22:36:20 UTC
Table '9' 6-max Seat #5 is the button
Seat 1: CasinoABZ (145850.00)
Seat 3: updatesla (71050.00) is sitting out
Seat 4: bigjacksquat (176632.00)
Seat 5: lipesticky (54731.00)
CasinoABZ posts ante 450.00
updatesla posts ante 450.00
bigjacksquat posts ante 450.00
lipesticky posts ante 450.00
CasinoABZ posts the big blind 3000.00
*** HOLE CARDS ***
Main pot 1800.00
Dealt to lipesticky [2d 9d]
updatesla folds
bigjacksquat raises 6600.00 to 6600.00
lipesticky folds
CasinoABZ calls 3600.00
*** FLOP *** [2h Ah 3s]
Main pot 15000.00
CasinoABZ checks
bigjacksquat bets 3750.00
CasinoABZ folds
Uncalled bet (3750.00) returned to bigjacksquat
bigjacksquat does not show
*** SUMMARY ***
Total pot 15000.00
Board [2h Ah 3s]
Seat 1: CasinoABZ (big blind) folded on the Flop
Seat 3: updatesla folded on the Pre-Flop and did not bet
Seat 4: bigjacksquat did not show and won 15000.00
Seat 5: lipesticky (button) folded on the Pre-Flop

Game Hand #2017655823 - Tournament #31138356 - Holdem (No Limit) - Level 6 (1500.00/3000.00)- 2024/02/04 22:37:04 UTC
Table '9' 6-max Seat #6 is the button
Seat 1: CasinoABZ (138800.00)
Seat 3: updatesla (70600.00) is sitting out
Seat 4: bigjacksquat (184582.00)
Seat 5: lipesticky (54281.00)
CasinoABZ posts ante 450.00
updatesla posts ante 450.00
bigjacksquat posts ante 450.00
lipesticky posts ante 450.00
CasinoABZ posts the small blind 1500.00
updatesla posts the big blind 3000.00
*** HOLE CARDS ***
Main pot 1800.00
Dealt to lipesticky [8d 7h]
bigjacksquat folds
lipesticky folds
CasinoABZ raises 4500.00 to 6000.00
updatesla folds
Uncalled bet (3000.00) returned to CasinoABZ
CasinoABZ shows [Kc Ks]
*** SUMMARY ***
Total pot 7800.00
Seat 1: CasinoABZ (small blind) showed [Kc Ks] and won 7800.00
Seat 3: updatesla (big blind) folded on the Pre-Flop
Seat 4: bigjacksquat folded on the Pre-Flop and did not bet
Seat 5: lipesticky folded on the Pre-Flop and did not bet

Game Hand #2017656439 - Tournament #31138356 - Holdem (No Limit) - Level 6 (1500.00/3000.00)- 2024/02/04 22:37:25 UTC
Table '9' 6-max Seat #1 is the button
Seat 1: CasinoABZ (143150.00)
Seat 2: gostweb will be allowed to play after the button
Seat 3: updatesla (67150.00) is sitting out
Seat 4: bigjacksquat (184132.00)
Seat 5: lipesticky (53831.00)
Seat 6: dang42 (263009.00)
CasinoABZ posts ante 450.00
updatesla posts ante 450.00
bigjacksquat posts ante 450.00
lipesticky posts ante 450.00
dang42 posts ante 450.00
updatesla posts the small blind 1500.00
bigjacksquat posts the big blind 3000.00
*** HOLE CARDS ***
Main pot 2250.00
Dealt to lipesticky [7d 4d]
lipesticky folds
dang42 folds
CasinoABZ folds
updatesla folds
bigjacksquat does not show
*** SUMMARY ***
Total pot 6750.00
Seat 1: CasinoABZ (button) folded on the Pre-Flop
Seat 3: updatesla (small blind) folded on the Pre-Flop
Seat 4: bigjacksquat did not show and won 6750.00
Seat 5: lipesticky folded on the Pre-Flop and did not bet
Seat 6: dang42 folded on the Pre-Flop and did not bet

Game Hand #2017656675 - Tournament #31138356 - Holdem (No Limit) - Level 6 (1500.00/3000.00)- 2024/02/04 22:37:33 UTC
Table '9' 6-max Seat #3 is the button
Seat 1: CasinoABZ (142700.00)
Seat 2: gostweb (105512.00)
Seat 3: updatesla (65200.00) is sitting out
Seat 4: bigjacksquat (187432.00)
Seat 5: lipesticky (53381.00)
Seat 6: dang42 (262559.00)
CasinoABZ posts ante 450.00
gostweb posts ante 450.00
updatesla posts ante 450.00
bigjacksquat posts ante 450.00
lipesticky posts ante 450.00
dang42 posts ante 450.00
bigjacksquat posts the small blind 1500.00
lipesticky posts the big blind 3000.00
*** HOLE CARDS ***
Main pot 2700.00
Dealt to lipesticky [Qc 9c]
dang42 raises 6000.00 to 6000.00
CasinoABZ folds
gostweb folds
updatesla folds
bigjacksquat folds
lipesticky calls 3000.00
*** FLOP *** [6h 5c 2s]
Main pot 16200.00
lipesticky checks
dang42 bets 8100.00
lipesticky folds
Uncalled bet (8100.00) returned to dang42
dang42 does not show
*** SUMMARY ***
Total pot 16200.00
Board [6h 5c 2s]
Seat 1: CasinoABZ folded on the Pre-Flop and did not bet
Seat 2: gostweb folded on the Pre-Flop and did not bet
Seat 3: updatesla (button) folded on the Pre-Flop
Seat 4: bigjacksquat (small blind) folded on the Pre-Flop
Seat 5: lipesticky (big blind) folded on the Flop
Seat 6: dang42 did not show and won 16200.00

Game Hand #2017658273 - Tournament #31138356 - Holdem (No Limit) - Level 6 (1500.00/3000.00)- 2024/02/04 22:38:26 UTC
Table '9' 6-max Seat #4 is the button
Seat 1: CasinoABZ (142250.00)
Seat 2: gostweb (105062.00)
Seat 3: updatesla (64750.00) is sitting out
Seat 4: bigjacksquat (185482.00)
Seat 5: lipesticky (46931.00)
Seat 6: dang42 (272309.00)
CasinoABZ posts ante 450.00
gostweb posts ante 450.00
updatesla posts ante 450.00
bigjacksquat posts ante 450.00
lipesticky posts ante 450.00
dang42 posts ante 450.00
lipesticky posts the small blind 1500.00
dang42 posts the big blind 3000.00
*** HOLE CARDS ***
Main pot 2700.00
Dealt to lipesticky [Jc 8h]
CasinoABZ folds
gostweb folds
updatesla folds
bigjacksquat folds
lipesticky calls 1500.00
dang42 raises 268859.00 to 271859.00 and is all-in
lipesticky folds
Uncalled bet (268859.00) returned to dang42
dang42 does not show
*** SUMMARY ***
Total pot 8700.00
Seat 1: CasinoABZ folded on the Pre-Flop and did not bet
Seat 2: gostweb folded on the Pre-Flop and did not bet
Seat 3: updatesla folded on the Pre-Flop and did not bet
Seat 4: bigjacksquat (button) folded on the Pre-Flop
Seat 5: lipesticky (small blind) folded on the Pre-Flop
Seat 6: dang42 did not show and won 8700.00

Game Hand #2017659288 - Tournament #31138356 - Holdem (No Limit) - Level 6 (1500.00/3000.00)- 2024/02/04 22:38:59 UTC
Table '9' 6-max Seat #5 is the button
Seat 1: CasinoABZ (141800.00)
Seat 2: gostweb (104612.00)
Seat 3: updatesla (64300.00) is sitting out
Seat 4: bigjacksquat (185032.00)
Seat 5: lipesticky (43481.00)
Seat 6: dang42 (277559.00)
CasinoABZ posts ante 450.00
gostweb posts ante 450.00
updatesla posts ante 450.00
bigjacksquat posts ante 450.00
lipesticky posts ante 450.00
dang42 posts ante 450.00
dang42 posts the small blind 1500.00
CasinoABZ posts the big blind 3000.00
*** HOLE CARDS ***
Main pot 2700.00
Dealt to lipesticky [5h 8s]
gostweb folds
updatesla folds
bigjacksquat folds
lipesticky folds
dang42 folds
CasinoABZ does not show
*** SUMMARY ***
Total pot 7200.00
Seat 1: CasinoABZ did not show and won 7200.00
Seat 2: gostweb folded on the Pre-Flop and did not bet
Seat 3: updatesla folded on the Pre-Flop and did not bet
Seat 4: bigjacksquat folded on the Pre-Flop and did not bet
Seat 5: lipesticky (button) folded on the Pre-Flop
Seat 6: dang42 (small blind) folded on the Pre-Flop

Game Hand #2017659805 - Tournament #31138356 - Holdem (No Limit) - Level 6 (1500.00/3000.00)- 2024/02/04 22:39:16 UTC
Table '9' 6-max Seat #6 is the button
Seat 1: CasinoABZ (145550.00)
Seat 2: gostweb (104162.00)
Seat 3: updatesla (63850.00) is sitting out
Seat 4: bigjacksquat (184582.00)
Seat 5: lipesticky (43031.00)
Seat 6: dang42 (275609.00)
CasinoABZ posts ante 450.00
gostweb posts ante 450.00
updatesla posts ante 450.00
bigjacksquat posts ante 450.00
lipesticky posts ante 450.00
dang42 posts ante 450.00
CasinoABZ posts the small blind 1500.00
gostweb posts the big blind 3000.00
*** HOLE CARDS ***
Main pot 2700.00
Dealt to lipesticky [7h Jh]
updatesla folds
bigjacksquat folds
lipesticky folds
dang42 raises 6000.00 to 6000.00
CasinoABZ folds
gostweb calls 3000.00
*** FLOP *** [7c 2c Ac]
Main pot 16200.00
gostweb checks
dang42 bets 8100.00
gostweb raises 19200.00 to 19200.00
dang42 calls 11100.00
*** TURN *** [7c 2c Ac] [Th]
Main pot 54600.00
gostweb bets 31518.00
dang42 folds
Uncalled bet (31518.00) returned to gostweb
gostweb does not show
*** SUMMARY ***
Total pot 54600.00
Board [7c 2c Ac Th]
Seat 1: CasinoABZ (small blind) folded on the Pre-Flop
Seat 2: gostweb did not show and won 54600.00
Seat 3: updatesla folded on the Pre-Flop and did not bet
Seat 4: bigjacksquat folded on the Pre-Flop and did not bet
Seat 5: lipesticky folded on the Pre-Flop and did not bet
Seat 6: dang42 (button) folded on the Turn

Game Hand #2017661392 - Tournament #31138356 - Holdem (No Limit) - Level 6 (1500.00/3000.00)- 2024/02/04 22:40:07 UTC
Table '9' 6-max Seat #1 is the button
Seat 1: CasinoABZ (143600.00)
Seat 2: gostweb (133112.00)
Seat 3: updatesla (63400.00) is sitting out
Seat 4: bigjacksquat (184132.00)
Seat 5: lipesticky (42581.00)
Seat 6: dang42 (249959.00)
CasinoABZ posts ante 450.00
gostweb posts ante 450.00
updatesla posts ante 450.00
bigjacksquat posts ante 450.00
lipesticky posts ante 450.00
dang42 posts ante 450.00
gostweb posts the small blind 1500.00
updatesla posts the big blind 3000.00
*** HOLE CARDS ***
Main pot 2700.00
Dealt to lipesticky [7d Td]
bigjacksquat folds
lipesticky folds
dang42 folds
CasinoABZ raises 6000.00 to 6000.00
gostweb folds
updatesla folds
Uncalled bet (3000.00) returned to CasinoABZ
CasinoABZ does not show
*** SUMMARY ***
Total pot 10200.00
Seat 1: CasinoABZ did not show and won 10200.00
Seat 2: gostweb (small blind) folded on the Pre-Flop
Seat 3: updatesla (big blind) folded on the Pre-Flop
Seat 4: bigjacksquat folded on the Pre-Flop and did not bet
Seat 5: lipesticky folded on the Pre-Flop and did not bet
Seat 6: dang42 folded on the Pre-Flop and did not bet

Game Hand #2017662247 - Tournament #31138356 - Holdem (No Limit) - Level 6 (1500.00/3000.00)- 2024/02/04 22:40:36 UTC
Table '9' 6-max Seat #2 is the button
Seat 1: CasinoABZ (150350.00)
Seat 2: gostweb (131162.00)
Seat 3: updatesla (59950.00) is sitting out
Seat 4: bigjacksquat (183682.00)
Seat 5: lipesticky (42131.00)
Seat 6: dang42 (249509.00)
CasinoABZ posts ante 450.00
gostweb posts ante 450.00
updatesla posts ante 450.00
bigjacksquat posts ante 450.00
lipesticky posts ante 450.00
dang42 posts ante 450.00
updatesla posts the small blind 1500.00
bigjacksquat posts the big blind 3000.00
*** HOLE CARDS ***
Main pot 2700.00
Dealt to lipesticky [Ts 3c]
lipesticky folds
dang42 folds
CasinoABZ folds
gostweb raises 6000.00 to 6000.00
updatesla folds
bigjacksquat folds
Uncalled bet (3000.00) returned to gostweb
gostweb does not show
*** SUMMARY ***
Total pot 10200.00
Seat 1: CasinoABZ folded on the Pre-Flop and did not bet
Seat 2: gostweb did not show and won 10200.00
Seat 3: updatesla (small blind) folded on the Pre-Flop
Seat 4: bigjacksquat (big blind) folded on the Pre-Flop
Seat 5: lipesticky folded on the Pre-Flop and did not bet
Seat 6: dang42 folded on the Pre-Flop and did not bet

Game Hand #2017663418 - Tournament #31138356 - Holdem (No Limit) - Level 6 (1500.00/3000.00)- 2024/02/04 22:41:14 UTC
Table '9' 6-max Seat #3 is the button
Seat 1: CasinoABZ (149900.00)
Seat 2: gostweb (137912.00)
Seat 3: updatesla (58000.00) is sitting out
Seat 4: bigjacksquat (180232.00)
Seat 5: lipesticky (41681.00) is sitting out
Seat 6: dang42 (249059.00)
CasinoABZ posts ante 450.00
gostweb posts ante 450.00
updatesla posts ante 450.00
bigjacksquat posts ante 450.00
lipesticky posts ante 450.00
dang42 posts ante 450.00
bigjacksquat posts the small blind 1500.00
lipesticky posts the big blind 3000.00
*** HOLE CARDS ***
Main pot 2700.00
Dealt to lipesticky [7d 6s]
dang42 folds
CasinoABZ folds
gostweb raises 6000.00 to 6000.00
updatesla folds
bigjacksquat folds
lipesticky folds
Uncalled bet (3000.00) returned to gostweb
gostweb does not show
*** SUMMARY ***
Total pot 10200.00
Seat 1: CasinoABZ folded on the Pre-Flop and did not bet
Seat 2: gostweb did not show and won 10200.00
Seat 3: updatesla (button) folded on the Pre-Flop
Seat 4: bigjacksquat (small blind) folded on the Pre-Flop
Seat 5: lipesticky (big blind) folded on the Pre-Flop
Seat 6: dang42 folded on the Pre-Flop and did not bet

Game Hand #2017664110 - Tournament #31138356 - Holdem (No Limit) - Level 6 (1500.00/3000.00)- 2024/02/04 22:41:37 UTC
Table '9' 6-max Seat #4 is the button
Seat 1: CasinoABZ (149450.00)
Seat 2: gostweb (144662.00)
Seat 3: updatesla (57550.00) is sitting out
Seat 4: bigjacksquat (178282.00)
Seat 5: lipesticky (38231.00) is sitting out
Seat 6: dang42 (248609.00)
CasinoABZ posts ante 450.00
gostweb posts ante 450.00
updatesla posts ante 450.00
bigjacksquat posts ante 450.00
lipesticky posts ante 450.00
dang42 posts ante 450.00
lipesticky posts the small blind 1500.00
dang42 posts the big blind 3000.00
*** HOLE CARDS ***
Main pot 2700.00
Dealt to lipesticky [5h As]
CasinoABZ folds
gostweb folds
updatesla folds
bigjacksquat folds
lipesticky raises 36281.00 to 37781.00 and is all-in
dang42 calls 34781.00
*** FLOP *** [4d 7h 8d]
Main pot 78262.00
*** TURN *** [4d 7h 8d] [Td]
Main pot 78262.00
*** RIVER *** [4d 7h 8d Td] [6c]
Main pot 78262.00
*** SHOW DOWN ***
Main pot 78262.00
lipesticky shows [5h As] (a straight, Eight high [8d 7h 6c 5h 4d])
dang42 shows [5c Jc] (a straight, Eight high [8d 7h 6c 5c 4d])
dang42 collected 39131.00 from main pot
lipesticky collected 39131.00 from main pot
*** SUMMARY ***
Total pot 78262.00
Board [4d 7h 8d Td 6c]
Seat 1: CasinoABZ folded on the Pre-Flop and did not bet
Seat 2: gostweb folded on the Pre-Flop and did not bet
Seat 3: updatesla folded on the Pre-Flop and did not bet
Seat 4: bigjacksquat (button) folded on the Pre-Flop
Seat 5: lipesticky (small blind) showed [5h As] and won 39131.00 with a straight, Eight high [8d 7h 6c 5h 4d]
Seat 6: dang42 (big blind) showed [5c Jc] and won 39131.00 with a straight, Eight high [8d 7h 6c 5c 4d]

Game Hand #2017665024 - Tournament #31138356 - Holdem (No Limit) - Level 6 (1500.00/3000.00)- 2024/02/04 22:42:08 UTC
Table '9' 6-max Seat #5 is the button
Seat 1: CasinoABZ (149000.00)
Seat 2: gostweb (144212.00)
Seat 3: updatesla (57100.00) is sitting out
Seat 4: bigjacksquat (177832.00)
Seat 5: lipesticky (39131.00)
Seat 6: dang42 (249509.00)
CasinoABZ posts ante 450.00
gostweb posts ante 450.00
updatesla posts ante 450.00
bigjacksquat posts ante 450.00
lipesticky posts ante 450.00
dang42 posts ante 450.00
dang42 posts the small blind 1500.00
CasinoABZ posts the big blind 3000.00
*** HOLE CARDS ***
Main pot 2700.00
Dealt to lipesticky [Th 5h]
gostweb raises 6000.00 to 6000.00
updatesla folds
bigjacksquat folds
lipesticky folds
dang42 folds
CasinoABZ folds
Uncalled bet (3000.00) returned to gostweb
gostweb does not show
*** SUMMARY ***
Total pot 10200.00
Seat 1: CasinoABZ (big blind) folded on the Pre-Flop
Seat 2: gostweb did not show and won 10200.00
Seat 3: updatesla folded on the Pre-Flop and did not bet
Seat 4: bigjacksquat folded on the Pre-Flop and did not bet
Seat 5: lipesticky (button) folded on the Pre-Flop
Seat 6: dang42 (small blind) folded on the Pre-Flop

Game Hand #2017665858 - Tournament #31138356 - Holdem (No Limit) - Level 6 (1500.00/3000.00)- 2024/02/04 22:42:37 UTC
Table '9' 6-max Seat #6 is the button
Seat 1: CasinoABZ (145550.00)
Seat 2: gostweb (150962.00)
Seat 3: updatesla (56650.00) is sitting out
Seat 4: bigjacksquat (177382.00)
Seat 5: lipesticky (38681.00)
Seat 6: dang42 (247559.00)
CasinoABZ posts ante 450.00
gostweb posts ante 450.00
updatesla posts ante 450.00
bigjacksquat posts ante 450.00
lipesticky posts ante 450.00
dang42 posts ante 450.00
CasinoABZ posts the small blind 1500.00
gostweb posts the big blind 3000.00
*** HOLE CARDS ***
Main pot 2700.00
Dealt to lipesticky [2c Ts]
updatesla folds
bigjacksquat raises 6600.00 to 6600.00
lipesticky folds
dang42 folds
CasinoABZ raises 20700.00 to 22200.00
gostweb folds
bigjacksquat calls 15600.00
*** FLOP *** [5h Td 4h]
Main pot 50100.00
CasinoABZ bets 12525.00
bigjacksquat calls 12525.00
*** TURN *** [5h Td 4h] [Kh]
Main pot 75150.00
CasinoABZ checks
bigjacksquat checks
*** RIVER *** [5h Td 4h Kh] [3c]
Main pot 75150.00
CasinoABZ bets 80363.00
bigjacksquat raises 142207.00 to 142207.00 and is all-in
CasinoABZ folds
Uncalled bet (61844.00) returned to bigjacksquat
bigjacksquat does not show
*** SUMMARY ***
Total pot 235876.00
Board [5h Td 4h Kh 3c]
Seat 1: CasinoABZ (small blind) folded on the River
Seat 2: gostweb (big blind) folded on the Pre-Flop
Seat 3: updatesla folded on the Pre-Flop and did not bet
Seat 4: bigjacksquat did not show and won 235876.00
Seat 5: lipesticky folded on the Pre-Flop and did not bet
Seat 6: dang42 (button) folded on the Pre-Flop

Game Hand #2017669666 - Tournament #31138356 - Holdem (No Limit) - Level 7 (1750.00/3500.00)- 2024/02/04 22:44:45 UTC
Table '9' 6-max Seat #1 is the button
Seat 1: CasinoABZ (30012.00)
Seat 2: gostweb (147512.00)
Seat 3: updatesla (56200.00) is sitting out
Seat 4: bigjacksquat (297720.00)
Seat 5: lipesticky (38231.00)
Seat 6: dang42 (247109.00)
CasinoABZ posts ante 500.00
gostweb posts ante 500.00
updatesla posts ante 500.00
bigjacksquat posts ante 500.00
lipesticky posts ante 500.00
dang42 posts ante 500.00
gostweb posts the small blind 1750.00
updatesla posts the big blind 3500.00
*** HOLE CARDS ***
Main pot 3000.00
Dealt to lipesticky [7h Tc]
bigjacksquat folds
lipesticky folds
dang42 raises 7000.00 to 7000.00
CasinoABZ folds
gostweb folds
updatesla folds
Uncalled bet (3500.00) returned to dang42
dang42 does not show
*** SUMMARY ***
Total pot 11750.00
Seat 1: CasinoABZ (button) folded on the Pre-Flop
Seat 2: gostweb (small blind) folded on the Pre-Flop
Seat 3: updatesla (big blind) folded on the Pre-Flop
Seat 4: bigjacksquat folded on the Pre-Flop and did not bet
Seat 5: lipesticky folded on the Pre-Flop and did not bet
Seat 6: dang42 did not show and won 11750.00

Game Hand #2017670147 - Tournament #31138356 - Holdem (No Limit) - Level 7 (1750.00/3500.00)- 2024/02/04 22:45:02 UTC
Table '9' 6-max Seat #2 is the button
Seat 1: CasinoABZ (29512.00)
Seat 2: gostweb (145262.00)
Seat 3: updatesla (52200.00) is sitting out
Seat 4: bigjacksquat (297220.00)
Seat 5: lipesticky (37731.00)
Seat 6: dang42 (254859.00)
CasinoABZ posts ante 500.00
gostweb posts ante 500.00
updatesla posts ante 500.00
bigjacksquat posts ante 500.00
lipesticky posts ante 500.00
dang42 posts ante 500.00
updatesla posts the small blind 1750.00
bigjacksquat posts the big blind 3500.00
*** HOLE CARDS ***
Main pot 3000.00
Dealt to lipesticky [4d Ts]
lipesticky folds
dang42 folds
CasinoABZ raises 17500.00 to 17500.00
gostweb raises 144762.00 to 144762.00 and is all-in
updatesla folds
bigjacksquat folds
CasinoABZ calls 11512.00 and is all-in
Uncalled bet (115750.00) returned to gostweb
*** FLOP *** [3s 8h Tc]
Main pot 66274.00
*** TURN *** [3s 8h Tc] [6s]
Main pot 66274.00
*** RIVER *** [3s 8h Tc 6s] [2c]
Main pot 66274.00
*** SHOW DOWN ***
Main pot 66274.00
CasinoABZ shows [8d As] (a pair of Eights [8h 8d As Tc 6s])
gostweb shows [Jh Jc] (a pair of Jacks [Jh Jc Tc 8h 6s])
gostweb collected 66274.00 from main pot
*** SUMMARY ***
Total pot 66274.00
Board [3s 8h Tc 6s 2c]
Seat 1: CasinoABZ showed [8d As] and lost with a pair of Eights [8h 8d As Tc 6s]
Seat 2: gostweb (button) showed [Jh Jc] and won 66274.00 with a pair of Jacks [Jh Jc Tc 8h 6s]
Seat 3: updatesla (small blind) folded on the Pre-Flop
Seat 4: bigjacksquat (big blind) folded on the Pre-Flop
Seat 5: lipesticky folded on the Pre-Flop and did not bet
Seat 6: dang42 folded on the Pre-Flop and did not bet

Game Hand #2017672023 - Tournament #31138356 - Holdem (No Limit) - Level 7 (1750.00/3500.00)- 2024/02/04 22:46:04 UTC
Table '9' 6-max Seat #3 is the button
Seat 2: gostweb (182024.00)
Seat 3: updatesla (49950.00) is sitting out
Seat 4: bigjacksquat (293220.00)
Seat 5: lipesticky (37231.00)
Seat 6: dang42 (254359.00)
gostweb posts ante 500.00
updatesla posts ante 500.00
bigjacksquat posts ante 500.00
lipesticky posts ante 500.00
dang42 posts ante 500.00
bigjacksquat posts the small blind 1750.00
lipesticky posts the big blind 3500.00
*** HOLE CARDS ***
Main pot 2500.00
Dealt to lipesticky [2d Kd]
dang42 folds
gostweb raises 7000.00 to 7000.00
updatesla folds
bigjacksquat folds
lipesticky calls 3500.00
*** FLOP *** [3c 5s 8c]
Main pot 18250.00
lipesticky checks
gostweb bets 6023.00
lipesticky folds
Uncalled bet (6023.00) returned to gostweb
gostweb does not show
*** SUMMARY ***
Total pot 18250.00
Board [3c 5s 8c]
Seat 2: gostweb did not show and won 18250.00
Seat 3: updatesla (button) folded on the Pre-Flop
Seat 4: bigjacksquat (small blind) folded on the Pre-Flop
Seat 5: lipesticky (big blind) folded on the Flop
Seat 6: dang42 folded on the Pre-Flop and did not bet

Game Hand #2017673087 - Tournament #31138356 - Holdem (No Limit) - Level 7 (1750.00/3500.00)- 2024/02/04 22:46:41 UTC
Table '9' 6-max Seat #4 is the button
Seat 2: gostweb (192774.00)
Seat 3: updatesla (49450.00) is sitting out
Seat 4: bigjacksquat (290970.00)
Seat 5: lipesticky (29731.00)
Seat 6: dang42 (253859.00)
gostweb posts ante 500.00
updatesla posts ante 500.00
bigjacksquat posts ante 500.00
lipesticky posts ante 500.00
dang42 posts ante 500.00
lipesticky posts the small blind 1750.00
dang42 posts the big blind 3500.00
*** HOLE CARDS ***
Main pot 2500.00
Dealt to lipesticky [9s Qc]
gostweb folds
updatesla folds
bigjacksquat raises 7000.00 to 7000.00
lipesticky folds
dang42 calls 3500.00
*** FLOP *** [8s Qd 4h]
Main pot 18250.00
dang42 checks
bigjacksquat bets 4563.00
dang42 folds
Uncalled bet (4563.00) returned to bigjacksquat
bigjacksquat does not show
*** SUMMARY ***
Total pot 18250.00
Board [8s Qd 4h]
Seat 2: gostweb folded on the Pre-Flop and did not bet
Seat 3: updatesla folded on the Pre-Flop and did not bet
Seat 4: bigjacksquat did not show and won 18250.00
Seat 5: lipesticky (small blind) folded on the Pre-Flop
Seat 6: dang42 (big blind) folded on the Flop

Game Hand #2017674190 - Tournament #31138356 - Holdem (No Limit) - Level 7 (1750.00/3500.00)- 2024/02/04 22:47:19 UTC
Table '9' 6-max Seat #5 is the button
Seat 2: gostweb (192274.00)
Seat 3: updatesla (48950.00) is sitting out
Seat 4: bigjacksquat (301720.00)
Seat 5: lipesticky (27481.00)
Seat 6: dang42 (246359.00)
gostweb posts ante 500.00
updatesla posts ante 500.00
bigjacksquat posts ante 500.00
lipesticky posts ante 500.00
dang42 posts ante 500.00
dang42 posts the small blind 1750.00
gostweb posts the big blind 3500.00
*** HOLE CARDS ***
Main pot 2500.00
Dealt to lipesticky [7d 5h]
updatesla folds
bigjacksquat folds
lipesticky folds
dang42 folds
gostweb does not show
*** SUMMARY ***
Total pot 7750.00
Seat 2: gostweb did not show and won 7750.00
Seat 3: updatesla folded on the Pre-Flop and did not bet
Seat 4: bigjacksquat folded on the Pre-Flop and did not bet
Seat 5: lipesticky (button) folded on the Pre-Flop
Seat 6: dang42 (small blind) folded on the Pre-Flop

Game Hand #2017674673 - Tournament #31138356 - Holdem (No Limit) - Level 7 (1750.00/3500.00)- 2024/02/04 22:47:36 UTC
Table '9' 6-max Seat #6 is the button
Seat 2: gostweb (196024.00)
Seat 3: updatesla (48450.00) is sitting out
Seat 4: bigjacksquat (301220.00)
Seat 5: lipesticky (26981.00)
Seat 6: dang42 (244109.00)
gostweb posts ante 500.00
updatesla posts ante 500.00
bigjacksquat posts ante 500.00
lipesticky posts ante 500.00
dang42 posts ante 500.00
gostweb posts the small blind 1750.00
updatesla posts the big blind 3500.00
*** HOLE CARDS ***
Main pot 2500.00
Dealt to lipesticky [8h 9c]
bigjacksquat folds
lipesticky folds
dang42 raises 7000.00 to 7000.00
gostweb calls 5250.00
updatesla folds
*** FLOP *** [Jh Ts 9h]
Main pot 20000.00
gostweb checks
dang42 bets 10000.00
gostweb calls 10000.00
*** TURN *** [Jh Ts 9h] [Td]
Main pot 40000.00
gostweb checks
dang42 bets 20000.00
gostweb raises 48750.00 to 48750.00
dang42 calls 28750.00
*** RIVER *** [Jh Ts 9h Td] [7c]
Main pot 137500.00
gostweb bets 129774.00 and is all-in
dang42 calls 129774.00
*** SHOW DOWN ***
Main pot 397048.00
gostweb shows [8s Ks] (a straight, Jack high [Jh Ts 9h 8s 7c])
dang42 shows [Qs Qd] (two pair, Queens and Tens [Qs Qd Ts Td Jh])
gostweb collected 397048.00 from main pot
*** SUMMARY ***
Total pot 397048.00
Board [Jh Ts 9h Td 7c]
Seat 2: gostweb (small blind) showed [8s Ks] and won 397048.00 with a straight, Jack high [Jh Ts 9h 8s 7c]
Seat 3: updatesla (big blind) folded on the Pre-Flop
Seat 4: bigjacksquat folded on the Pre-Flop and did not bet
Seat 5: lipesticky folded on the Pre-Flop and did not bet
Seat 6: dang42 (button) showed [Qs Qd] and lost with two pair, Queens and Tens [Qs Qd Ts Td Jh]

Game Hand #2017676247 - Tournament #31138356 - Holdem (No Limit) - Level 7 (1750.00/3500.00)- 2024/02/04 22:48:29 UTC
Table '9' 6-max Seat #2 is the button
Seat 2: gostweb (397048.00)
Seat 3: updatesla (44450.00) is sitting out
Seat 4: bigjacksquat (300720.00)
Seat 5: lipesticky (26481.00)
Seat 6: dang42 (48085.00)
gostweb posts ante 500.00
updatesla posts ante 500.00
bigjacksquat posts ante 500.00
lipesticky posts ante 500.00
dang42 posts ante 500.00
updatesla posts the small blind 1750.00
bigjacksquat posts the big blind 3500.00
*** HOLE CARDS ***
Main pot 2500.00
Dealt to lipesticky [4c 9s]
lipesticky folds
dang42 folds
gostweb raises 7000.00 to 7000.00
updatesla folds
bigjacksquat calls 3500.00
*** FLOP *** [6d Jd Qc]
Main pot 18250.00
bigjacksquat checks
gostweb bets 6023.00
bigjacksquat folds
Uncalled bet (6023.00) returned to gostweb
gostweb does not show
*** SUMMARY ***
Total pot 18250.00
Board [6d Jd Qc]
Seat 2: gostweb did not show and won 18250.00
Seat 3: updatesla (small blind) folded on the Pre-Flop
Seat 4: bigjacksquat (big blind) folded on the Flop
Seat 5: lipesticky folded on the Pre-Flop and did not bet
Seat 6: dang42 folded on the Pre-Flop and did not bet

Game Hand #2017677046 - Tournament #31138356 - Holdem (No Limit) - Level 7 (1750.00/3500.00)- 2024/02/04 22:48:58 UTC
Table '9' 6-max Seat #3 is the button
Seat 1: Wilseeen (148900.00)
Seat 2: gostweb (407798.00)
Seat 3: updatesla (42200.00) is sitting out
Seat 4: bigjacksquat (293220.00)
Seat 5: lipesticky (25981.00)
Seat 6: dang42 (47585.00)
Wilseeen posts ante 500.00
gostweb posts ante 500.00
updatesla posts ante 500.00
bigjacksquat posts ante 500.00
lipesticky posts ante 500.00
dang42 posts ante 500.00
bigjacksquat posts the small blind 1750.00
lipesticky posts the big blind 3500.00
*** HOLE CARDS ***
Main pot 3000.00
Dealt to lipesticky [4h 3c]
dang42 folds
Wilseeen raises 7350.00 to 7350.00
gostweb folds
updatesla folds
bigjacksquat calls 5600.00
lipesticky folds
*** FLOP *** [Js 7d 2c]
Main pot 21200.00
bigjacksquat checks
Wilseeen checks
*** TURN *** [Js 7d 2c] [9d]
Main pot 21200.00
bigjacksquat bets 5300.00
Wilseeen calls 5300.00
*** RIVER *** [Js 7d 2c 9d] [2d]
Main pot 31800.00
bigjacksquat bets 10494.00
Wilseeen folds
Uncalled bet (10494.00) returned to bigjacksquat
bigjacksquat does not show
*** SUMMARY ***
Total pot 31800.00
Board [Js 7d 2c 9d 2d]
Seat 1: Wilseeen folded on the River
Seat 2: gostweb folded on the Pre-Flop and did not bet
Seat 3: updatesla (button) folded on the Pre-Flop
Seat 4: bigjacksquat did not show and won 31800.00
Seat 5: lipesticky (big blind) folded on the Pre-Flop
Seat 6: dang42 folded on the Pre-Flop and did not bet

Game Hand #2017679036 - Tournament #31138356 - Holdem (No Limit) - Level 7 (1750.00/3500.00)- 2024/02/04 22:50:06 UTC
Table '9' 6-max Seat #4 is the button
Seat 1: Wilseeen (135750.00)
Seat 2: gostweb (407298.00)
Seat 3: updatesla (41700.00) is sitting out
Seat 4: bigjacksquat (311870.00)
Seat 5: lipesticky (21981.00)
Seat 6: dang42 (47085.00)
Wilseeen posts ante 500.00
gostweb posts ante 500.00
updatesla posts ante 500.00
bigjacksquat posts ante 500.00
lipesticky posts ante 500.00
dang42 posts ante 500.00
lipesticky posts the small blind 1750.00
dang42 posts the big blind 3500.00
*** HOLE CARDS ***
Main pot 3000.00
Dealt to lipesticky [Jd Kd]
Wilseeen folds
gostweb folds
updatesla folds
bigjacksquat raises 7700.00 to 7700.00
lipesticky raises 19731.00 to 21481.00 and is all-in
dang42 raises 43085.00 to 46585.00 and is all-in
bigjacksquat calls 38885.00
*** FLOP *** [Ad Th Ks]
Main pot 67443.00
Side pot(1) 50208.00
*** TURN *** [Ad Th Ks] [Qs]
Main pot 67443.00
Side pot(1) 50208.00
*** RIVER *** [Ad Th Ks Qs] [Jh]
Main pot 67443.00
Side pot(1) 50208.00
*** SHOW DOWN ***
Main pot 67443.00
Side pot(1) 50208.00
bigjacksquat shows [6s As] (a straight, Ace high [As Ks Qs Jh Th])
lipesticky shows [Jd Kd] (a straight, Ace high [Ad Ks Qs Jh Th])
dang42 shows [6d Ah] (a straight, Ace high [Ah Ks Qs Jh Th])
dang42 collected 25104.00 from side pot-1
dang42 collected 22481.00 from main pot
bigjacksquat collected 25104.00 from side pot-1
bigjacksquat collected 22481.00 from main pot
lipesticky collected 22481.00 from main pot
*** SUMMARY ***
Total pot 117651.00
Board [Ad Th Ks Qs Jh]
Seat 1: Wilseeen folded on the Pre-Flop and did not bet
Seat 2: gostweb folded on the Pre-Flop and did not bet
Seat 3: updatesla folded on the Pre-Flop and did not bet
Seat 4: bigjacksquat (button) showed [6s As] and won 47585.00 with a straight, Ace high [As Ks Qs Jh Th]
Seat 5: lipesticky (small blind) showed [Jd Kd] and won 22481.00 with a straight, Ace high [Ad Ks Qs Jh Th]
Seat 6: dang42 (big blind) showed [6d Ah] and won 47585.00 with a straight, Ace high [Ah Ks Qs Jh Th]

Game Hand #2017680846 - Tournament #31138356 - Holdem (No Limit) - Level 7 (1750.00/3500.00)- 2024/02/04 22:51:09 UTC
Table '9' 6-max Seat #5 is the button
Seat 1: Wilseeen (135250.00)
Seat 2: gostweb (406798.00)
Seat 3: updatesla (41200.00) is sitting out
Seat 4: bigjacksquat (312370.00)
Seat 5: lipesticky (22481.00)
Seat 6: dang42 (47585.00)
Wilseeen posts ante 500.00
gostweb posts ante 500.00
updatesla posts ante 500.00
bigjacksquat posts ante 500.00
lipesticky posts ante 500.00
dang42 posts ante 500.00
dang42 posts the small blind 1750.00
Wilseeen posts the big blind 3500.00
*** HOLE CARDS ***
Main pot 3000.00
Dealt to lipesticky [2s Jc]
gostweb folds
updatesla folds
bigjacksquat raises 7700.00 to 7700.00
lipesticky folds
dang42 folds
Wilseeen calls 4200.00
*** FLOP *** [Jh 5s As]
Main pot 20150.00
Wilseeen checks
bigjacksquat bets 13299.00
Wilseeen calls 13299.00
*** TURN *** [Jh 5s As] [Kd]
Main pot 46748.00
Wilseeen checks
bigjacksquat checks
*** RIVER *** [Jh 5s As Kd] [Ac]
Main pot 46748.00
Wilseeen checks
bigjacksquat bets 11687.00
Wilseeen calls 11687.00
*** SHOW DOWN ***
Main pot 70122.00
Wilseeen shows [Kh Qh] (two pair, Aces and Kings [As Ac Kh Kd Qh])
bigjacksquat shows [Tc Ad] (three of a kind, Set of Aces [As Ad Ac Kd Jh])
bigjacksquat collected 70122.00 from main pot
*** SUMMARY ***
Total pot 70122.00
Board [Jh 5s As Kd Ac]
Seat 1: Wilseeen (big blind) showed [Kh Qh] and lost with two pair, Aces and Kings [As Ac Kh Kd Qh]
Seat 2: gostweb folded on the Pre-Flop and did not bet
Seat 3: updatesla folded on the Pre-Flop and did not bet
Seat 4: bigjacksquat showed [Tc Ad] and won 70122.00 with three of a kind, Set of Aces [As Ad Ac Kd Jh]
Seat 5: lipesticky (button) folded on the Pre-Flop
Seat 6: dang42 (small blind) folded on the Pre-Flop

Game Hand #2017682414 - Tournament #31138356 - Holdem (No Limit) - Level 7 (1750.00/3500.00)- 2024/02/04 22:52:04 UTC
Table '9' 6-max Seat #6 is the button
Seat 1: Wilseeen (102064.00)
Seat 2: gostweb (406298.00)
Seat 3: updatesla (40700.00) is sitting out
Seat 4: bigjacksquat (349306.00)
Seat 5: lipesticky (21981.00)
Seat 6: dang42 (45335.00)
Wilseeen posts ante 500.00
gostweb posts ante 500.00
updatesla posts ante 500.00
bigjacksquat posts ante 500.00
lipesticky posts ante 500.00
dang42 posts ante 500.00
Wilseeen posts the small blind 1750.00
gostweb posts the big blind 3500.00
*** HOLE CARDS ***
Main pot 3000.00
Dealt to lipesticky [8h Kc]
updatesla folds
bigjacksquat folds
lipesticky raises 21481.00 to 21481.00 and is all-in
dang42 folds
Wilseeen raises 99814.00 to 101564.00 and is all-in
gostweb calls 98064.00
*** FLOP *** [Ad 2h 6h]
Main pot 67443.00
Side pot(1) 160166.00
*** TURN *** [Ad 2h 6h] [6s]
Main pot 67443.00
Side pot(1) 160166.00
*** RIVER *** [Ad 2h 6h 6s] [2s]
Main pot 67443.00
Side pot(1) 160166.00
*** SHOW DOWN ***
Main pot 67443.00
Side pot(1) 160166.00
Wilseeen shows [Kd Ah] (two pair, Aces and Sixs [Ah Ad 6s 6h Kd])
gostweb shows [9c 7s] (two pair, Sixs and Deuces [6s 6h 2s 2h Ad])
lipesticky shows [8h Kc] (two pair, Sixs and Deuces [6s 6h 2s 2h Ad])
Wilseeen collected 67443.00 from main pot
Wilseeen collected 160166.00 from side pot-1
*** SUMMARY ***
Total pot 227609.00
Board [Ad 2h 6h 6s 2s]
Seat 1: Wilseeen (small blind) showed [Kd Ah] and won 227609.00 with two pair, Aces and Sixs [Ah Ad 6s 6h Kd]
Seat 2: gostweb (big blind) showed [9c 7s] and lost with two pair, Sixs and Deuces [6s 6h 2s 2h Ad]
Seat 3: updatesla folded on the Pre-Flop and did not bet
Seat 4: bigjacksquat folded on the Pre-Flop and did not bet
Seat 5: lipesticky showed [8h Kc] and lost with two pair, Sixs and Deuces [6s 6h 2s 2h Ad]
Seat 6: dang42 (button) folded on the Pre-Flop

