Game Hand #2036888647 - Tournament #31235810 - Holdem (No Limit) - Level 1 (500.00/1000.00)- 2024/02/23 16:26:57 UTC
Table '30' 8-max Seat #2 is the button
Seat 3: A.A.HAWK83 (93812.00)
Seat 4: NLfreestyle (87281.00)
Seat 5: take31pon (221919.00)
Seat 6: ade.699 (100000.00)
Seat 7: dadshand (86800.00)
Seat 8: lipesticky (100000.00)
A.A.HAWK83 posts ante 150.00
NLfreestyle posts ante 150.00
take31pon posts ante 150.00
ade.699 posts ante 150.00
dadshand posts ante 150.00
lipesticky posts ante 150.00
A.A.HAWK83 posts the small blind 500.00
NLfreestyle posts the big blind 1000.00
*** HOLE CARDS ***
Main pot 900.00
Dealt to lipesticky [Ts Js]
take31pon folds
ade.699 raises 2700.00 to 2700.00
dadshand folds
lipesticky calls 2700.00
A.A.HAWK83 folds
NLfreestyle folds
*** FLOP *** [2s Ac 5c]
Main pot 7800.00
ade.699 checks
lipesticky bets 2574.00
ade.699 calls 2574.00
*** TURN *** [2s Ac 5c] [8s]
Main pot 12948.00
ade.699 checks
lipesticky bets 11006.00
ade.699 folds
Uncalled bet (11006.00) returned to lipesticky
lipesticky does not show
*** SUMMARY ***
Total pot 12948.00
Board [2s Ac 5c 8s]
Seat 3: A.A.HAWK83 (small blind) folded on the Pre-Flop
Seat 4: NLfreestyle (big blind) folded on the Pre-Flop
Seat 5: take31pon folded on the Pre-Flop and did not bet
Seat 6: ade.699 folded on the Turn
Seat 7: dadshand folded on the Pre-Flop and did not bet
Seat 8: lipesticky did not show and won 12948.00

Game Hand #2036889467 - Tournament #31235810 - Holdem (No Limit) - Level 2 (600.00/1200.00)- 2024/02/23 16:28:21 UTC
Table '30' 8-max Seat #3 is the button
Seat 3: A.A.HAWK83 (93162.00)
Seat 4: NLfreestyle (86131.00)
Seat 5: take31pon (221769.00)
Seat 6: ade.699 (94576.00)
Seat 7: dadshand (86650.00)
Seat 8: lipesticky (107524.00)
A.A.HAWK83 posts ante 180.00
NLfreestyle posts ante 180.00
take31pon posts ante 180.00
ade.699 posts ante 180.00
dadshand posts ante 180.00
lipesticky posts ante 180.00
NLfreestyle posts the small blind 600.00
take31pon posts the big blind 1200.00
*** HOLE CARDS ***
Main pot 1080.00
Dealt to lipesticky [Qs 4d]
ade.699 folds
dadshand folds
lipesticky folds
A.A.HAWK83 raises 2400.00 to 2400.00
NLfreestyle folds
take31pon folds
Uncalled bet (1200.00) returned to A.A.HAWK83
A.A.HAWK83 does not show
*** SUMMARY ***
Total pot 4080.00
Seat 3: A.A.HAWK83 did not show and won 4080.00
Seat 4: NLfreestyle (small blind) folded on the Pre-Flop
Seat 5: take31pon (big blind) folded on the Pre-Flop
Seat 6: ade.699 folded on the Pre-Flop and did not bet
Seat 7: dadshand folded on the Pre-Flop and did not bet
Seat 8: lipesticky folded on the Pre-Flop and did not bet

Game Hand #2036889717 - Tournament #31235810 - Holdem (No Limit) - Level 2 (600.00/1200.00)- 2024/02/23 16:28:45 UTC
Table '30' 8-max Seat #4 is the button
Seat 1: hm nika (44570.00)
Seat 2: Checkcalll (100000.00)
Seat 3: A.A.HAWK83 (95862.00)
Seat 4: NLfreestyle (85351.00)
Seat 5: take31pon (220389.00)
Seat 6: ade.699 (94396.00)
Seat 7: dadshand (86470.00)
Seat 8: lipesticky (107344.00)
hm nika posts ante 180.00
Checkcalll posts ante 180.00
A.A.HAWK83 posts ante 180.00
NLfreestyle posts ante 180.00
take31pon posts ante 180.00
ade.699 posts ante 180.00
dadshand posts ante 180.00
lipesticky posts ante 180.00
take31pon posts the small blind 600.00
ade.699 posts the big blind 1200.00
*** HOLE CARDS ***
Main pot 1440.00
Dealt to lipesticky [3d Qh]
dadshand raises 2400.00 to 2400.00
lipesticky folds
hm nika folds
Checkcalll folds
A.A.HAWK83 folds
NLfreestyle folds
take31pon folds
ade.699 folds
Uncalled bet (1200.00) returned to dadshand
dadshand does not show
*** SUMMARY ***
Total pot 4440.00
Seat 1: hm nika folded on the Pre-Flop and did not bet
Seat 2: Checkcalll folded on the Pre-Flop and did not bet
Seat 3: A.A.HAWK83 folded on the Pre-Flop and did not bet
Seat 4: NLfreestyle (button) folded on the Pre-Flop
Seat 5: take31pon (small blind) folded on the Pre-Flop
Seat 6: ade.699 (big blind) folded on the Pre-Flop
Seat 7: dadshand did not show and won 4440.00
Seat 8: lipesticky folded on the Pre-Flop and did not bet

Game Hand #2036890107 - Tournament #31235810 - Holdem (No Limit) - Level 2 (600.00/1200.00)- 2024/02/23 16:29:24 UTC
Table '30' 8-max Seat #5 is the button
Seat 1: hm nika (44390.00)
Seat 2: Checkcalll (99820.00)
Seat 3: A.A.HAWK83 (95682.00)
Seat 4: NLfreestyle (85171.00)
Seat 5: take31pon (219609.00)
Seat 6: ade.699 (93016.00)
Seat 7: dadshand (89530.00)
Seat 8: lipesticky (107164.00)
hm nika posts ante 180.00
Checkcalll posts ante 180.00
A.A.HAWK83 posts ante 180.00
NLfreestyle posts ante 180.00
take31pon posts ante 180.00
ade.699 posts ante 180.00
dadshand posts ante 180.00
lipesticky posts ante 180.00
ade.699 posts the small blind 600.00
dadshand posts the big blind 1200.00
*** HOLE CARDS ***
Main pot 1440.00
Dealt to lipesticky [Jh 6s]
lipesticky folds
hm nika folds
Checkcalll folds
A.A.HAWK83 raises 2400.00 to 2400.00
NLfreestyle folds
take31pon folds
ade.699 folds
dadshand folds
Uncalled bet (1200.00) returned to A.A.HAWK83
A.A.HAWK83 does not show
*** SUMMARY ***
Total pot 4440.00
Seat 1: hm nika folded on the Pre-Flop and did not bet
Seat 2: Checkcalll folded on the Pre-Flop and did not bet
Seat 3: A.A.HAWK83 did not show and won 4440.00
Seat 4: NLfreestyle folded on the Pre-Flop and did not bet
Seat 5: take31pon (button) folded on the Pre-Flop
Seat 6: ade.699 (small blind) folded on the Pre-Flop
Seat 7: dadshand (big blind) folded on the Pre-Flop
Seat 8: lipesticky folded on the Pre-Flop and did not bet

Game Hand #2036890744 - Tournament #31235810 - Holdem (No Limit) - Level 2 (600.00/1200.00)- 2024/02/23 16:30:28 UTC
Table '30' 8-max Seat #6 is the button
Seat 1: hm nika (44210.00)
Seat 2: Checkcalll (99640.00)
Seat 3: A.A.HAWK83 (98742.00)
Seat 4: NLfreestyle (84991.00)
Seat 5: take31pon (219429.00)
Seat 6: ade.699 (92236.00)
Seat 7: dadshand (88150.00)
Seat 8: lipesticky (106984.00)
hm nika posts ante 180.00
Checkcalll posts ante 180.00
A.A.HAWK83 posts ante 180.00
NLfreestyle posts ante 180.00
take31pon posts ante 180.00
ade.699 posts ante 180.00
dadshand posts ante 180.00
lipesticky posts ante 180.00
dadshand posts the small blind 600.00
lipesticky posts the big blind 1200.00
*** HOLE CARDS ***
Main pot 1440.00
Dealt to lipesticky [8d 4h]
hm nika folds
Checkcalll folds
A.A.HAWK83 folds
NLfreestyle folds
take31pon folds
ade.699 raises 2400.00 to 2400.00
dadshand folds
lipesticky calls 1200.00
*** FLOP *** [4d Td 3h]
Main pot 6840.00
lipesticky checks
ade.699 checks
*** TURN *** [4d Td 3h] [Ah]
Main pot 6840.00
lipesticky checks
ade.699 bets 4446.00
lipesticky calls 4446.00
*** RIVER *** [4d Td 3h Ah] [Ks]
Main pot 15732.00
lipesticky checks
ade.699 bets 13372.00
lipesticky calls 13372.00
*** SHOW DOWN ***
Main pot 42476.00
ade.699 shows [9d Ad] (a pair of Aces [Ah Ad Ks Td 9d])
lipesticky shows [8d 4h] (a pair of Fours [4h 4d Ah Ks Td])
ade.699 collected 42476.00 from main pot
*** SUMMARY ***
Total pot 42476.00
Board [4d Td 3h Ah Ks]
Seat 1: hm nika folded on the Pre-Flop and did not bet
Seat 2: Checkcalll folded on the Pre-Flop and did not bet
Seat 3: A.A.HAWK83 folded on the Pre-Flop and did not bet
Seat 4: NLfreestyle folded on the Pre-Flop and did not bet
Seat 5: take31pon folded on the Pre-Flop and did not bet
Seat 6: ade.699 (button) showed [9d Ad] and won 42476.00 with a pair of Aces [Ah Ad Ks Td 9d]
Seat 7: dadshand (small blind) folded on the Pre-Flop
Seat 8: lipesticky (big blind) showed [8d 4h] and lost with a pair of Fours [4h 4d Ah Ks Td]

Game Hand #2036891800 - Tournament #31235810 - Holdem (No Limit) - Level 2 (600.00/1200.00)- 2024/02/23 16:32:14 UTC
Table '30' 8-max Seat #7 is the button
Seat 1: hm nika (44030.00)
Seat 2: Checkcalll (99460.00)
Seat 3: A.A.HAWK83 (98562.00)
Seat 4: NLfreestyle (84811.00)
Seat 5: take31pon (219249.00)
Seat 6: ade.699 (114314.00)
Seat 7: dadshand (87370.00)
Seat 8: lipesticky (86586.00)
hm nika posts ante 180.00
Checkcalll posts ante 180.00
A.A.HAWK83 posts ante 180.00
NLfreestyle posts ante 180.00
take31pon posts ante 180.00
ade.699 posts ante 180.00
dadshand posts ante 180.00
lipesticky posts ante 180.00
lipesticky posts the small blind 600.00
hm nika posts the big blind 1200.00
*** HOLE CARDS ***
Main pot 1440.00
Dealt to lipesticky [Jc Qs]
Checkcalll folds
A.A.HAWK83 folds
NLfreestyle folds
take31pon raises 3000.00 to 3000.00
ade.699 folds
dadshand folds
lipesticky calls 2400.00
hm nika raises 42650.00 to 43850.00 and is all-in
take31pon folds
lipesticky folds
Uncalled bet (40850.00) returned to hm nika
hm nika does not show
*** SUMMARY ***
Total pot 10440.00
Seat 1: hm nika did not show and won 10440.00
Seat 2: Checkcalll folded on the Pre-Flop and did not bet
Seat 3: A.A.HAWK83 folded on the Pre-Flop and did not bet
Seat 4: NLfreestyle folded on the Pre-Flop and did not bet
Seat 5: take31pon folded on the Pre-Flop and did not bet
Seat 6: ade.699 folded on the Pre-Flop and did not bet
Seat 7: dadshand (button) folded on the Pre-Flop
Seat 8: lipesticky (small blind) folded on the Pre-Flop

Game Hand #2036892739 - Tournament #31235810 - Holdem (No Limit) - Level 2 (600.00/1200.00)- 2024/02/23 16:33:47 UTC
Table '30' 8-max Seat #8 is the button
Seat 1: hm nika (51290.00)
Seat 2: Checkcalll (99280.00)
Seat 3: A.A.HAWK83 (98382.00)
Seat 4: NLfreestyle (84631.00)
Seat 5: take31pon (216069.00)
Seat 6: ade.699 (114134.00)
Seat 7: dadshand (87190.00)
Seat 8: lipesticky (83406.00)
hm nika posts ante 180.00
Checkcalll posts ante 180.00
A.A.HAWK83 posts ante 180.00
NLfreestyle posts ante 180.00
take31pon posts ante 180.00
ade.699 posts ante 180.00
dadshand posts ante 180.00
lipesticky posts ante 180.00
hm nika posts the small blind 600.00
Checkcalll posts the big blind 1200.00
*** HOLE CARDS ***
Main pot 1440.00
Dealt to lipesticky [Qh 8c]
A.A.HAWK83 folds
NLfreestyle folds
take31pon folds
ade.699 folds
dadshand folds
lipesticky raises 2520.00 to 2520.00
hm nika folds
Checkcalll folds
Uncalled bet (1320.00) returned to lipesticky
lipesticky does not show
*** SUMMARY ***
Total pot 4440.00
Seat 1: hm nika (small blind) folded on the Pre-Flop
Seat 2: Checkcalll (big blind) folded on the Pre-Flop
Seat 3: A.A.HAWK83 folded on the Pre-Flop and did not bet
Seat 4: NLfreestyle folded on the Pre-Flop and did not bet
Seat 5: take31pon folded on the Pre-Flop and did not bet
Seat 6: ade.699 folded on the Pre-Flop and did not bet
Seat 7: dadshand folded on the Pre-Flop and did not bet
Seat 8: lipesticky did not show and won 4440.00

Game Hand #2036893154 - Tournament #31235810 - Holdem (No Limit) - Level 2 (600.00/1200.00)- 2024/02/23 16:34:31 UTC
Table '30' 8-max Seat #1 is the button
Seat 1: hm nika (50510.00)
Seat 2: Checkcalll (97900.00)
Seat 3: A.A.HAWK83 (98202.00)
Seat 4: NLfreestyle (84451.00)
Seat 5: take31pon (215889.00)
Seat 6: ade.699 (113954.00)
Seat 7: dadshand (87010.00)
Seat 8: lipesticky (86466.00)
hm nika posts ante 180.00
Checkcalll posts ante 180.00
A.A.HAWK83 posts ante 180.00
NLfreestyle posts ante 180.00
take31pon posts ante 180.00
ade.699 posts ante 180.00
dadshand posts ante 180.00
lipesticky posts ante 180.00
Checkcalll posts the small blind 600.00
A.A.HAWK83 posts the big blind 1200.00
*** HOLE CARDS ***
Main pot 1440.00
Dealt to lipesticky [8s Tc]
NLfreestyle folds
take31pon folds
ade.699 folds
dadshand folds
lipesticky folds
hm nika folds
Checkcalll calls 600.00
A.A.HAWK83 checks
*** FLOP *** [9d Ad Ac]
Main pot 3840.00
Checkcalll checks
A.A.HAWK83 checks
*** TURN *** [9d Ad Ac] [Jd]
Main pot 3840.00
Checkcalll checks
A.A.HAWK83 checks
*** RIVER *** [9d Ad Ac Jd] [5s]
Main pot 3840.00
Checkcalll checks
A.A.HAWK83 checks
*** SHOW DOWN ***
Main pot 3840.00
Checkcalll shows [Kc 6h] (a pair of Aces [Ad Ac Kc Jd 9d])
A.A.HAWK83 shows [8h 7d] (a pair of Aces [Ad Ac Jd 9d 8h])
Checkcalll collected 3840.00 from main pot
*** SUMMARY ***
Total pot 3840.00
Board [9d Ad Ac Jd 5s]
Seat 1: hm nika (button) folded on the Pre-Flop
Seat 2: Checkcalll (small blind) showed [Kc 6h] and won 3840.00 with a pair of Aces [Ad Ac Kc Jd 9d] with the kicker King
Seat 3: A.A.HAWK83 (big blind) showed [8h 7d] and lost with a pair of Aces [Ad Ac Jd 9d 8h]
Seat 4: NLfreestyle folded on the Pre-Flop and did not bet
Seat 5: take31pon folded on the Pre-Flop and did not bet
Seat 6: ade.699 folded on the Pre-Flop and did not bet
Seat 7: dadshand folded on the Pre-Flop and did not bet
Seat 8: lipesticky folded on the Pre-Flop and did not bet

Game Hand #2036894298 - Tournament #31235810 - Holdem (No Limit) - Level 2 (600.00/1200.00)- 2024/02/23 16:36:23 UTC
Table '30' 8-max Seat #2 is the button
Seat 1: hm nika (50330.00)
Seat 2: Checkcalll (100360.00)
Seat 3: A.A.HAWK83 (96822.00)
Seat 4: NLfreestyle (84271.00)
Seat 5: take31pon (215709.00)
Seat 6: ade.699 (113774.00)
Seat 7: dadshand (86830.00)
Seat 8: lipesticky (86286.00)
hm nika posts ante 180.00
Checkcalll posts ante 180.00
A.A.HAWK83 posts ante 180.00
NLfreestyle posts ante 180.00
take31pon posts ante 180.00
ade.699 posts ante 180.00
dadshand posts ante 180.00
lipesticky posts ante 180.00
A.A.HAWK83 posts the small blind 600.00
NLfreestyle posts the big blind 1200.00
*** HOLE CARDS ***
Main pot 1440.00
Dealt to lipesticky [As Ad]
take31pon raises 3000.00 to 3000.00
ade.699 folds
dadshand folds
lipesticky raises 9000.00 to 9000.00
hm nika folds
Checkcalll folds
A.A.HAWK83 folds
NLfreestyle folds
take31pon calls 6000.00
*** FLOP *** [Kd 9d 8s]
Main pot 21240.00
take31pon bets 10620.00
lipesticky calls 10620.00
*** TURN *** [Kd 9d 8s] [5s]
Main pot 42480.00
take31pon bets 10620.00
lipesticky raises 21240.00 to 21240.00
take31pon raises 185289.00 to 195909.00 and is all-in
lipesticky calls 45246.00 and is all-in
Uncalled bet (129423.00) returned to take31pon
*** RIVER *** [Kd 9d 8s 5s] [3d]
Main pot 175452.00
*** SHOW DOWN ***
Main pot 175452.00
take31pon shows [9c Kc] (two pair, Kings and Nines [Kd Kc 9d 9c 8s])
lipesticky shows [As Ad] (a pair of Aces [As Ad Kd 9d 8s])
take31pon collected 175452.00 from main pot
*** SUMMARY ***
Total pot 175452.00
Board [Kd 9d 8s 5s 3d]
Seat 1: hm nika folded on the Pre-Flop and did not bet
Seat 2: Checkcalll (button) folded on the Pre-Flop
Seat 3: A.A.HAWK83 (small blind) folded on the Pre-Flop
Seat 4: NLfreestyle (big blind) folded on the Pre-Flop
Seat 5: take31pon showed [9c Kc] and won 175452.00 with two pair, Kings and Nines [Kd Kc 9d 9c 8s]
Seat 6: ade.699 folded on the Pre-Flop and did not bet
Seat 7: dadshand folded on the Pre-Flop and did not bet
Seat 8: lipesticky showed [As Ad] and lost with a pair of Aces [As Ad Kd 9d 8s]

