Game Hand #2036908216 - Tournament #31235810 - Holdem (No Limit) - Level 4 (1000.00/2000.00)- 2024/02/23 17:01:46 UTC
Table '51' 8-max Seat #2 is the button
Seat 1: Spadel3 (92100.00)
Seat 2: Eazyriveryou (101856.00)
Seat 3: bv97 (76980.00)
Seat 4: QuimEmpeno (128452.00)
Seat 5: sparch08 (95708.00)
Seat 6: Macirisher (225020.00)
Seat 7: alexkoro (107524.00)
Seat 8: lipesticky (100000.00)
Spadel3 posts ante 300.00
Eazyriveryou posts ante 300.00
bv97 posts ante 300.00
QuimEmpeno posts ante 300.00
sparch08 posts ante 300.00
Macirisher posts ante 300.00
alexkoro posts ante 300.00
lipesticky posts ante 300.00
bv97 posts the small blind 1000.00
QuimEmpeno posts the big blind 2000.00
*** HOLE CARDS ***
Main pot 2400.00
Dealt to lipesticky [7c Ad]
sparch08 folds
Macirisher folds
alexkoro folds
lipesticky folds
Spadel3 raises 4000.00 to 4000.00
Eazyriveryou folds
bv97 folds
QuimEmpeno folds
Uncalled bet (2000.00) returned to Spadel3
Spadel3 does not show
*** SUMMARY ***
Total pot 7400.00
Seat 1: Spadel3 did not show and won 7400.00
Seat 2: Eazyriveryou (button) folded on the Pre-Flop
Seat 3: bv97 (small blind) folded on the Pre-Flop
Seat 4: QuimEmpeno (big blind) folded on the Pre-Flop
Seat 5: sparch08 folded on the Pre-Flop and did not bet
Seat 6: Macirisher folded on the Pre-Flop and did not bet
Seat 7: alexkoro folded on the Pre-Flop and did not bet
Seat 8: lipesticky folded on the Pre-Flop and did not bet

Game Hand #2036908514 - Tournament #31235810 - Holdem (No Limit) - Level 4 (1000.00/2000.00)- 2024/02/23 17:02:20 UTC
Table '51' 8-max Seat #3 is the button
Seat 1: Spadel3 (97200.00)
Seat 2: Eazyriveryou (101556.00)
Seat 3: bv97 (75680.00)
Seat 4: QuimEmpeno (126152.00)
Seat 5: sparch08 (95408.00)
Seat 6: Macirisher (224720.00)
Seat 7: alexkoro (107224.00)
Seat 8: lipesticky (99700.00)
Spadel3 posts ante 300.00
Eazyriveryou posts ante 300.00
bv97 posts ante 300.00
QuimEmpeno posts ante 300.00
sparch08 posts ante 300.00
Macirisher posts ante 300.00
alexkoro posts ante 300.00
lipesticky posts ante 300.00
QuimEmpeno posts the small blind 1000.00
sparch08 posts the big blind 2000.00
*** HOLE CARDS ***
Main pot 2400.00
Dealt to lipesticky [Kc 8d]
Macirisher folds
alexkoro folds
lipesticky folds
Spadel3 raises 4000.00 to 4000.00
Eazyriveryou folds
bv97 folds
QuimEmpeno folds
sparch08 calls 2000.00
*** FLOP *** [Ah 8c 6h]
Main pot 11400.00
sparch08 checks
Spadel3 bets 3900.00
sparch08 calls 3900.00
*** TURN *** [Ah 8c 6h] [2s]
Main pot 19200.00
sparch08 bets 8448.00
Spadel3 folds
Uncalled bet (8448.00) returned to sparch08
sparch08 does not show
*** SUMMARY ***
Total pot 19200.00
Board [Ah 8c 6h 2s]
Seat 1: Spadel3 folded on the Turn
Seat 2: Eazyriveryou folded on the Pre-Flop and did not bet
Seat 3: bv97 (button) folded on the Pre-Flop
Seat 4: QuimEmpeno (small blind) folded on the Pre-Flop
Seat 5: sparch08 did not show and won 19200.00
Seat 6: Macirisher folded on the Pre-Flop and did not bet
Seat 7: alexkoro folded on the Pre-Flop and did not bet
Seat 8: lipesticky folded on the Pre-Flop and did not bet

Game Hand #2036909317 - Tournament #31235810 - Holdem (No Limit) - Level 4 (1000.00/2000.00)- 2024/02/23 17:03:32 UTC
Table '51' 8-max Seat #4 is the button
Seat 1: Spadel3 (89000.00)
Seat 2: Eazyriveryou (101256.00)
Seat 3: bv97 (75380.00)
Seat 4: QuimEmpeno (124852.00)
Seat 5: sparch08 (106408.00)
Seat 6: Macirisher (224420.00)
Seat 7: alexkoro (106924.00)
Seat 8: lipesticky (99400.00)
Spadel3 posts ante 300.00
Eazyriveryou posts ante 300.00
bv97 posts ante 300.00
QuimEmpeno posts ante 300.00
sparch08 posts ante 300.00
Macirisher posts ante 300.00
alexkoro posts ante 300.00
lipesticky posts ante 300.00
sparch08 posts the small blind 1000.00
Macirisher posts the big blind 2000.00
*** HOLE CARDS ***
Main pot 2400.00
Dealt to lipesticky [Qh Kd]
alexkoro raises 4000.00 to 4000.00
lipesticky raises 12000.00 to 12000.00
Spadel3 folds
Eazyriveryou folds
bv97 folds
QuimEmpeno folds
sparch08 folds
Macirisher calls 10000.00
alexkoro calls 8000.00
*** FLOP *** [4c 5h 3s]
Main pot 39400.00
Macirisher checks
alexkoro checks
lipesticky bets 11002.00
Macirisher calls 11002.00
alexkoro folds
*** TURN *** [4c 5h 3s] [Kc]
Main pot 61404.00
Macirisher checks
lipesticky bets 33772.00
Macirisher calls 33772.00
*** RIVER *** [4c 5h 3s Kc] [Ad]
Main pot 128948.00
Macirisher bets 167346.00 and is all-in
lipesticky folds
Uncalled bet (167346.00) returned to Macirisher
Macirisher does not show
*** SUMMARY ***
Total pot 128948.00
Board [4c 5h 3s Kc Ad]
Seat 1: Spadel3 folded on the Pre-Flop and did not bet
Seat 2: Eazyriveryou folded on the Pre-Flop and did not bet
Seat 3: bv97 folded on the Pre-Flop and did not bet
Seat 4: QuimEmpeno (button) folded on the Pre-Flop
Seat 5: sparch08 (small blind) folded on the Pre-Flop
Seat 6: Macirisher did not show and won 128948.00
Seat 7: alexkoro folded on the Flop
Seat 8: lipesticky folded on the River

Game Hand #2036911073 - Tournament #31235810 - Holdem (No Limit) - Level 4 (1000.00/2000.00)- 2024/02/23 17:06:01 UTC
Table '51' 8-max Seat #5 is the button
Seat 1: Spadel3 (88700.00)
Seat 2: Eazyriveryou (100956.00)
Seat 3: bv97 (75080.00)
Seat 4: QuimEmpeno (124552.00)
Seat 5: sparch08 (105108.00)
Seat 6: Macirisher (296294.00)
Seat 7: alexkoro (94624.00)
Seat 8: lipesticky (42326.00)
Spadel3 posts ante 300.00
Eazyriveryou posts ante 300.00
bv97 posts ante 300.00
QuimEmpeno posts ante 300.00
sparch08 posts ante 300.00
Macirisher posts ante 300.00
alexkoro posts ante 300.00
lipesticky posts ante 300.00
Macirisher posts the small blind 1000.00
alexkoro posts the big blind 2000.00
*** HOLE CARDS ***
Main pot 2400.00
Dealt to lipesticky [Kc 7c]
lipesticky folds
Spadel3 folds
Eazyriveryou folds
bv97 folds
QuimEmpeno raises 4200.00 to 4200.00
sparch08 calls 4200.00
Macirisher folds
alexkoro raises 19000.00 to 21000.00
QuimEmpeno folds
sparch08 raises 100608.00 to 104808.00 and is all-in
alexkoro folds
Uncalled bet (83808.00) returned to sparch08
sparch08 does not show
*** SUMMARY ***
Total pot 49600.00
Seat 1: Spadel3 folded on the Pre-Flop and did not bet
Seat 2: Eazyriveryou folded on the Pre-Flop and did not bet
Seat 3: bv97 folded on the Pre-Flop and did not bet
Seat 4: QuimEmpeno folded on the Pre-Flop and did not bet
Seat 5: sparch08 did not show and won 49600.00
Seat 6: Macirisher (small blind) folded on the Pre-Flop
Seat 7: alexkoro (big blind) folded on the Pre-Flop
Seat 8: lipesticky folded on the Pre-Flop and did not bet

Game Hand #2036911826 - Tournament #31235810 - Holdem (No Limit) - Level 4 (1000.00/2000.00)- 2024/02/23 17:07:06 UTC
Table '51' 8-max Seat #6 is the button
Seat 2: Eazyriveryou (100656.00)
Seat 3: bv97 (74780.00)
Seat 4: QuimEmpeno (120052.00)
Seat 5: sparch08 (133408.00)
Seat 6: Macirisher (294994.00)
Seat 7: alexkoro (73324.00)
Seat 8: lipesticky (42026.00)
Eazyriveryou posts ante 300.00
bv97 posts ante 300.00
QuimEmpeno posts ante 300.00
sparch08 posts ante 300.00
Macirisher posts ante 300.00
alexkoro posts ante 300.00
lipesticky posts ante 300.00
alexkoro posts the small blind 1000.00
lipesticky posts the big blind 2000.00
*** HOLE CARDS ***
Main pot 2100.00
Dealt to lipesticky [8d 9h]
Eazyriveryou folds
bv97 folds
QuimEmpeno folds
sparch08 raises 4000.00 to 4000.00
Macirisher folds
alexkoro calls 3000.00
lipesticky calls 2000.00
*** FLOP *** [Ts Ah 2d]
Main pot 14100.00
alexkoro checks
lipesticky checks
sparch08 bets 3525.00
alexkoro folds
lipesticky folds
Uncalled bet (3525.00) returned to sparch08
sparch08 does not show
*** SUMMARY ***
Total pot 14100.00
Board [Ts Ah 2d]
Seat 2: Eazyriveryou folded on the Pre-Flop and did not bet
Seat 3: bv97 folded on the Pre-Flop and did not bet
Seat 4: QuimEmpeno folded on the Pre-Flop and did not bet
Seat 5: sparch08 did not show and won 14100.00
Seat 6: Macirisher (button) folded on the Pre-Flop
Seat 7: alexkoro (small blind) folded on the Flop
Seat 8: lipesticky (big blind) folded on the Flop

Game Hand #2036912878 - Tournament #31235810 - Holdem (No Limit) - Level 4 (1000.00/2000.00)- 2024/02/23 17:08:30 UTC
Table '51' 8-max Seat #7 is the button
Seat 2: Eazyriveryou (100356.00)
Seat 3: bv97 (74480.00)
Seat 4: QuimEmpeno (119752.00)
Seat 5: sparch08 (143208.00)
Seat 6: Macirisher (294694.00)
Seat 7: alexkoro (69024.00)
Seat 8: lipesticky (37726.00)
Eazyriveryou posts ante 300.00
bv97 posts ante 300.00
QuimEmpeno posts ante 300.00
sparch08 posts ante 300.00
Macirisher posts ante 300.00
alexkoro posts ante 300.00
lipesticky posts ante 300.00
lipesticky posts the small blind 1000.00
Eazyriveryou posts the big blind 2000.00
*** HOLE CARDS ***
Main pot 2100.00
Dealt to lipesticky [As 2d]
bv97 folds
QuimEmpeno raises 4200.00 to 4200.00
sparch08 folds
Macirisher calls 4200.00
alexkoro folds
lipesticky folds
Eazyriveryou folds
*** FLOP *** [6h 7d 9c]
Main pot 13500.00
QuimEmpeno checks
Macirisher bets 6750.00
QuimEmpeno calls 6750.00
*** TURN *** [6h 7d 9c] [Td]
Main pot 27000.00
QuimEmpeno checks
Macirisher bets 13500.00
QuimEmpeno folds
Uncalled bet (13500.00) returned to Macirisher
Macirisher does not show
*** SUMMARY ***
Total pot 27000.00
Board [6h 7d 9c Td]
Seat 2: Eazyriveryou (big blind) folded on the Pre-Flop
Seat 3: bv97 folded on the Pre-Flop and did not bet
Seat 4: QuimEmpeno folded on the Turn
Seat 5: sparch08 folded on the Pre-Flop and did not bet
Seat 6: Macirisher did not show and won 27000.00
Seat 7: alexkoro (button) folded on the Pre-Flop
Seat 8: lipesticky (small blind) folded on the Pre-Flop

Game Hand #2036914086 - Tournament #31235810 - Holdem (No Limit) - Level 4 (1000.00/2000.00)- 2024/02/23 17:10:09 UTC
Table '51' 8-max Seat #8 is the button
Seat 1: ELMANODRAW will be allowed to play after the button
Seat 2: Eazyriveryou (98056.00)
Seat 3: bv97 (74180.00)
Seat 4: QuimEmpeno (108502.00)
Seat 5: sparch08 (142908.00)
Seat 6: Macirisher (310444.00)
Seat 7: alexkoro (68724.00)
Seat 8: lipesticky (36426.00)
Eazyriveryou posts ante 300.00
bv97 posts ante 300.00
QuimEmpeno posts ante 300.00
sparch08 posts ante 300.00
Macirisher posts ante 300.00
alexkoro posts ante 300.00
lipesticky posts ante 300.00
Eazyriveryou posts the small blind 1000.00
bv97 posts the big blind 2000.00
*** HOLE CARDS ***
Main pot 2100.00
Dealt to lipesticky [Qd 3s]
QuimEmpeno folds
sparch08 folds
Macirisher folds
alexkoro folds
lipesticky folds
Eazyriveryou raises 6000.00 to 7000.00
bv97 calls 5000.00
*** FLOP *** [Qh 9h Js]
Main pot 16100.00
Eazyriveryou checks
bv97 bets 5313.00
Eazyriveryou calls 5313.00
*** TURN *** [Qh 9h Js] [Jh]
Main pot 26726.00
Eazyriveryou checks
bv97 bets 13363.00
Eazyriveryou folds
Uncalled bet (13363.00) returned to bv97
bv97 does not show
*** SUMMARY ***
Total pot 26726.00
Board [Qh 9h Js Jh]
Seat 2: Eazyriveryou (small blind) folded on the Turn
Seat 3: bv97 did not show and won 26726.00
Seat 4: QuimEmpeno folded on the Pre-Flop and did not bet
Seat 5: sparch08 folded on the Pre-Flop and did not bet
Seat 6: Macirisher folded on the Pre-Flop and did not bet
Seat 7: alexkoro folded on the Pre-Flop and did not bet
Seat 8: lipesticky (button) folded on the Pre-Flop

Game Hand #2036915173 - Tournament #31235810 - Holdem (No Limit) - Level 5 (1250.00/2500.00)- 2024/02/23 17:11:40 UTC
Table '51' 8-max Seat #2 is the button
Seat 1: ELMANODRAW (100000.00)
Seat 2: Eazyriveryou (85443.00)
Seat 3: bv97 (88293.00)
Seat 4: QuimEmpeno (108202.00)
Seat 5: sparch08 (142608.00)
Seat 6: Macirisher (310144.00)
Seat 7: alexkoro (68424.00)
Seat 8: lipesticky (36126.00)
ELMANODRAW posts ante 350.00
Eazyriveryou posts ante 350.00
bv97 posts ante 350.00
QuimEmpeno posts ante 350.00
sparch08 posts ante 350.00
Macirisher posts ante 350.00
alexkoro posts ante 350.00
lipesticky posts ante 350.00
bv97 posts the small blind 1250.00
QuimEmpeno posts the big blind 2500.00
*** HOLE CARDS ***
Main pot 2800.00
Dealt to lipesticky [5h 2d]
sparch08 folds
Macirisher folds
alexkoro folds
lipesticky folds
ELMANODRAW raises 6250.00 to 6250.00
Eazyriveryou folds
bv97 folds
QuimEmpeno calls 3750.00
*** FLOP *** [As 8s 2c]
Main pot 16550.00
QuimEmpeno checks
ELMANODRAW bets 4138.00
QuimEmpeno calls 4138.00
*** TURN *** [As 8s 2c] [9c]
Main pot 24826.00
QuimEmpeno checks
ELMANODRAW checks
*** RIVER *** [As 8s 2c 9c] [Ks]
Main pot 24826.00
QuimEmpeno bets 8193.00
ELMANODRAW raises 89262.00 to 89262.00 and is all-in
QuimEmpeno folds
Uncalled bet (81069.00) returned to ELMANODRAW
ELMANODRAW does not show
*** SUMMARY ***
Total pot 41212.00
Board [As 8s 2c 9c Ks]
Seat 1: ELMANODRAW did not show and won 41212.00
Seat 2: Eazyriveryou (button) folded on the Pre-Flop
Seat 3: bv97 (small blind) folded on the Pre-Flop
Seat 4: QuimEmpeno (big blind) folded on the River
Seat 5: sparch08 folded on the Pre-Flop and did not bet
Seat 6: Macirisher folded on the Pre-Flop and did not bet
Seat 7: alexkoro folded on the Pre-Flop and did not bet
Seat 8: lipesticky folded on the Pre-Flop and did not bet

Game Hand #2036916189 - Tournament #31235810 - Holdem (No Limit) - Level 5 (1250.00/2500.00)- 2024/02/23 17:13:03 UTC
Table '51' 8-max Seat #3 is the button
Seat 1: ELMANODRAW (122281.00)
Seat 2: Eazyriveryou (85093.00)
Seat 3: bv97 (86693.00)
Seat 4: QuimEmpeno (89271.00)
Seat 5: sparch08 (142258.00)
Seat 6: Macirisher (309794.00)
Seat 7: alexkoro (68074.00)
Seat 8: lipesticky (35776.00)
ELMANODRAW posts ante 350.00
Eazyriveryou posts ante 350.00
bv97 posts ante 350.00
QuimEmpeno posts ante 350.00
sparch08 posts ante 350.00
Macirisher posts ante 350.00
alexkoro posts ante 350.00
lipesticky posts ante 350.00
QuimEmpeno posts the small blind 1250.00
sparch08 posts the big blind 2500.00
*** HOLE CARDS ***
Main pot 2800.00
Dealt to lipesticky [Qd 2s]
Macirisher folds
alexkoro folds
lipesticky folds
ELMANODRAW raises 5000.00 to 5000.00
Eazyriveryou folds
bv97 raises 15000.00 to 15000.00
QuimEmpeno raises 87671.00 to 88921.00 and is all-in
sparch08 folds
ELMANODRAW folds
bv97 folds
Uncalled bet (73921.00) returned to QuimEmpeno
QuimEmpeno does not show
*** SUMMARY ***
Total pot 40300.00
Seat 1: ELMANODRAW folded on the Pre-Flop and did not bet
Seat 2: Eazyriveryou folded on the Pre-Flop and did not bet
Seat 3: bv97 (button) folded on the Pre-Flop
Seat 4: QuimEmpeno did not show and won 40300.00
Seat 5: sparch08 (big blind) folded on the Pre-Flop
Seat 6: Macirisher folded on the Pre-Flop and did not bet
Seat 7: alexkoro folded on the Pre-Flop and did not bet
Seat 8: lipesticky folded on the Pre-Flop and did not bet

Game Hand #2036916953 - Tournament #31235810 - Holdem (No Limit) - Level 5 (1250.00/2500.00)- 2024/02/23 17:14:06 UTC
Table '51' 8-max Seat #4 is the button
Seat 1: ELMANODRAW (116931.00)
Seat 2: Eazyriveryou (84743.00)
Seat 3: bv97 (71343.00)
Seat 4: QuimEmpeno (114221.00)
Seat 5: sparch08 (139408.00)
Seat 6: Macirisher (309444.00)
Seat 7: alexkoro (67724.00)
Seat 8: lipesticky (35426.00)
ELMANODRAW posts ante 350.00
Eazyriveryou posts ante 350.00
bv97 posts ante 350.00
QuimEmpeno posts ante 350.00
sparch08 posts ante 350.00
Macirisher posts ante 350.00
alexkoro posts ante 350.00
lipesticky posts ante 350.00
sparch08 posts the small blind 1250.00
Macirisher posts the big blind 2500.00
*** HOLE CARDS ***
Main pot 2800.00
Dealt to lipesticky [8c 9h]
alexkoro folds
lipesticky folds
ELMANODRAW folds
Eazyriveryou folds
bv97 raises 5500.00 to 5500.00
QuimEmpeno folds
sparch08 folds
Macirisher calls 3000.00
*** FLOP *** [Tc 8s 7s]
Main pot 15050.00
Macirisher checks
bv97 bets 4967.00
Macirisher raises 303594.00 to 303594.00 and is all-in
bv97 folds
Uncalled bet (298627.00) returned to Macirisher
Macirisher does not show
*** SUMMARY ***
Total pot 24984.00
Board [Tc 8s 7s]
Seat 1: ELMANODRAW folded on the Pre-Flop and did not bet
Seat 2: Eazyriveryou folded on the Pre-Flop and did not bet
Seat 3: bv97 folded on the Flop
Seat 4: QuimEmpeno (button) folded on the Pre-Flop
Seat 5: sparch08 (small blind) folded on the Pre-Flop
Seat 6: Macirisher did not show and won 24984.00
Seat 7: alexkoro folded on the Pre-Flop and did not bet
Seat 8: lipesticky folded on the Pre-Flop and did not bet

Game Hand #2036917547 - Tournament #31235810 - Holdem (No Limit) - Level 5 (1250.00/2500.00)- 2024/02/23 17:14:52 UTC
Table '51' 8-max Seat #5 is the button
Seat 1: ELMANODRAW (116581.00)
Seat 2: Eazyriveryou (84393.00)
Seat 3: bv97 (60526.00)
Seat 4: QuimEmpeno (113871.00)
Seat 5: sparch08 (137808.00)
Seat 6: Macirisher (323611.00)
Seat 7: alexkoro (67374.00)
Seat 8: lipesticky (35076.00)
ELMANODRAW posts ante 350.00
Eazyriveryou posts ante 350.00
bv97 posts ante 350.00
QuimEmpeno posts ante 350.00
sparch08 posts ante 350.00
Macirisher posts ante 350.00
alexkoro posts ante 350.00
lipesticky posts ante 350.00
Macirisher posts the small blind 1250.00
alexkoro posts the big blind 2500.00
*** HOLE CARDS ***
Main pot 2800.00
Dealt to lipesticky [Th 7h]
lipesticky folds
ELMANODRAW raises 5250.00 to 5250.00
Eazyriveryou folds
bv97 folds
QuimEmpeno folds
sparch08 folds
Macirisher calls 4000.00
alexkoro calls 2750.00
*** FLOP *** [6s 3s Qd]
Main pot 18550.00
Macirisher checks
alexkoro checks
ELMANODRAW bets 6122.00
Macirisher folds
alexkoro calls 6122.00
*** TURN *** [6s 3s Qd] [7d]
Main pot 30794.00
alexkoro checks
ELMANODRAW checks
*** RIVER *** [6s 3s Qd 7d] [Ah]
Main pot 30794.00
alexkoro checks
ELMANODRAW bets 12662.00
alexkoro folds
Uncalled bet (12662.00) returned to ELMANODRAW
ELMANODRAW does not show
*** SUMMARY ***
Total pot 30794.00
Board [6s 3s Qd 7d Ah]
Seat 1: ELMANODRAW did not show and won 30794.00
Seat 2: Eazyriveryou folded on the Pre-Flop and did not bet
Seat 3: bv97 folded on the Pre-Flop and did not bet
Seat 4: QuimEmpeno folded on the Pre-Flop and did not bet
Seat 5: sparch08 (button) folded on the Pre-Flop
Seat 6: Macirisher (small blind) folded on the Flop
Seat 7: alexkoro (big blind) folded on the River
Seat 8: lipesticky folded on the Pre-Flop and did not bet

Game Hand #2036918840 - Tournament #31235810 - Holdem (No Limit) - Level 5 (1250.00/2500.00)- 2024/02/23 17:16:38 UTC
Table '51' 8-max Seat #6 is the button
Seat 1: ELMANODRAW (135653.00)
Seat 2: Eazyriveryou (84043.00)
Seat 3: bv97 (60176.00)
Seat 4: QuimEmpeno (113521.00)
Seat 5: sparch08 (137458.00)
Seat 6: Macirisher (318011.00)
Seat 7: alexkoro (55652.00)
Seat 8: lipesticky (34726.00)
ELMANODRAW posts ante 350.00
Eazyriveryou posts ante 350.00
bv97 posts ante 350.00
QuimEmpeno posts ante 350.00
sparch08 posts ante 350.00
Macirisher posts ante 350.00
alexkoro posts ante 350.00
lipesticky posts ante 350.00
alexkoro posts the small blind 1250.00
lipesticky posts the big blind 2500.00
*** HOLE CARDS ***
Main pot 2800.00
Dealt to lipesticky [6c 8h]
ELMANODRAW folds
Eazyriveryou folds
bv97 folds
QuimEmpeno folds
sparch08 folds
Macirisher folds
alexkoro raises 54052.00 to 55302.00 and is all-in
lipesticky folds
Uncalled bet (52802.00) returned to alexkoro
alexkoro does not show
*** SUMMARY ***
Total pot 7800.00
Seat 1: ELMANODRAW folded on the Pre-Flop and did not bet
Seat 2: Eazyriveryou folded on the Pre-Flop and did not bet
Seat 3: bv97 folded on the Pre-Flop and did not bet
Seat 4: QuimEmpeno folded on the Pre-Flop and did not bet
Seat 5: sparch08 folded on the Pre-Flop and did not bet
Seat 6: Macirisher (button) folded on the Pre-Flop
Seat 7: alexkoro did not show and won 7800.00
Seat 8: lipesticky (big blind) folded on the Pre-Flop

Game Hand #2036919289 - Tournament #31235810 - Holdem (No Limit) - Level 5 (1250.00/2500.00)- 2024/02/23 17:17:14 UTC
Table '51' 8-max Seat #7 is the button
Seat 1: ELMANODRAW (135303.00)
Seat 2: Eazyriveryou (83693.00)
Seat 3: bv97 (59826.00)
Seat 4: QuimEmpeno (113171.00)
Seat 5: sparch08 (137108.00)
Seat 6: Macirisher (317661.00)
Seat 7: alexkoro (60602.00)
Seat 8: lipesticky (31876.00)
ELMANODRAW posts ante 350.00
Eazyriveryou posts ante 350.00
bv97 posts ante 350.00
QuimEmpeno posts ante 350.00
sparch08 posts ante 350.00
Macirisher posts ante 350.00
alexkoro posts ante 350.00
lipesticky posts ante 350.00
lipesticky posts the small blind 1250.00
ELMANODRAW posts the big blind 2500.00
*** HOLE CARDS ***
Main pot 2800.00
Dealt to lipesticky [8h 4d]
Eazyriveryou folds
bv97 raises 5500.00 to 5500.00
QuimEmpeno folds
sparch08 folds
Macirisher folds
alexkoro folds
lipesticky folds
ELMANODRAW folds
Uncalled bet (3000.00) returned to bv97
bv97 does not show
*** SUMMARY ***
Total pot 9050.00
Seat 1: ELMANODRAW (big blind) folded on the Pre-Flop
Seat 2: Eazyriveryou folded on the Pre-Flop and did not bet
Seat 3: bv97 did not show and won 9050.00
Seat 4: QuimEmpeno folded on the Pre-Flop and did not bet
Seat 5: sparch08 folded on the Pre-Flop and did not bet
Seat 6: Macirisher folded on the Pre-Flop and did not bet
Seat 7: alexkoro (button) folded on the Pre-Flop
Seat 8: lipesticky (small blind) folded on the Pre-Flop

Game Hand #2036919740 - Tournament #31235810 - Holdem (No Limit) - Level 5 (1250.00/2500.00)- 2024/02/23 17:17:49 UTC
Table '51' 8-max Seat #8 is the button
Seat 1: ELMANODRAW (132453.00)
Seat 2: Eazyriveryou (83343.00)
Seat 3: bv97 (66026.00)
Seat 4: QuimEmpeno (112821.00)
Seat 5: sparch08 (136758.00)
Seat 6: Macirisher (317311.00)
Seat 7: alexkoro (60252.00)
Seat 8: lipesticky (30276.00)
ELMANODRAW posts ante 350.00
Eazyriveryou posts ante 350.00
bv97 posts ante 350.00
QuimEmpeno posts ante 350.00
sparch08 posts ante 350.00
Macirisher posts ante 350.00
alexkoro posts ante 350.00
lipesticky posts ante 350.00
ELMANODRAW posts the small blind 1250.00
Eazyriveryou posts the big blind 2500.00
*** HOLE CARDS ***
Main pot 2800.00
Dealt to lipesticky [3s 7d]
bv97 folds
QuimEmpeno folds
sparch08 folds
Macirisher calls 2500.00
alexkoro folds
lipesticky folds
ELMANODRAW calls 1250.00
Eazyriveryou checks
*** FLOP *** [Jc Kc Jd]
Main pot 10300.00
ELMANODRAW checks
Eazyriveryou checks
Macirisher checks
*** TURN *** [Jc Kc Jd] [Ad]
Main pot 10300.00
ELMANODRAW checks
Eazyriveryou checks
Macirisher bets 5150.00
ELMANODRAW folds
Eazyriveryou folds
Uncalled bet (5150.00) returned to Macirisher
Macirisher does not show
*** SUMMARY ***
Total pot 10300.00
Board [Jc Kc Jd Ad]
Seat 1: ELMANODRAW (small blind) folded on the Turn
Seat 2: Eazyriveryou (big blind) folded on the Turn
Seat 3: bv97 folded on the Pre-Flop and did not bet
Seat 4: QuimEmpeno folded on the Pre-Flop and did not bet
Seat 5: sparch08 folded on the Pre-Flop and did not bet
Seat 6: Macirisher did not show and won 10300.00
Seat 7: alexkoro folded on the Pre-Flop and did not bet
Seat 8: lipesticky (button) folded on the Pre-Flop

Game Hand #2036920719 - Tournament #31235810 - Holdem (No Limit) - Level 5 (1250.00/2500.00)- 2024/02/23 17:19:09 UTC
Table '51' 8-max Seat #1 is the button
Seat 1: ELMANODRAW (129603.00)
Seat 2: Eazyriveryou (80493.00)
Seat 3: bv97 (65676.00)
Seat 4: QuimEmpeno (112471.00)
Seat 5: sparch08 (136408.00)
Seat 6: Macirisher (324761.00)
Seat 7: alexkoro (59902.00)
Seat 8: lipesticky (29926.00)
ELMANODRAW posts ante 350.00
Eazyriveryou posts ante 350.00
bv97 posts ante 350.00
QuimEmpeno posts ante 350.00
sparch08 posts ante 350.00
Macirisher posts ante 350.00
alexkoro posts ante 350.00
lipesticky posts ante 350.00
Eazyriveryou posts the small blind 1250.00
bv97 posts the big blind 2500.00
*** HOLE CARDS ***
Main pot 2800.00
Dealt to lipesticky [4c 8d]
QuimEmpeno folds
sparch08 folds
Macirisher folds
alexkoro folds
lipesticky folds
ELMANODRAW raises 5250.00 to 5250.00
Eazyriveryou calls 4000.00
bv97 raises 62826.00 to 65326.00 and is all-in
ELMANODRAW raises 124003.00 to 129253.00 and is all-in
Eazyriveryou folds
Uncalled bet (63927.00) returned to ELMANODRAW
*** FLOP *** [Th 5c Jd]
Main pot 138702.00
*** TURN *** [Th 5c Jd] [Jh]
Main pot 138702.00
*** RIVER *** [Th 5c Jd Jh] [2h]
Main pot 138702.00
*** SHOW DOWN ***
Main pot 138702.00
ELMANODRAW shows [Ah 8h] (a flush, Ace high [Ah Jh Th 8h 2h])
bv97 shows [3d 3c] (two pair, Jacks and Threes [Jh Jd 3d 3c Th])
ELMANODRAW collected 138702.00 from main pot
*** SUMMARY ***
Total pot 138702.00
Board [Th 5c Jd Jh 2h]
Seat 1: ELMANODRAW (button) showed [Ah 8h] and won 138702.00 with a flush, Ace high [Ah Jh Th 8h 2h]
Seat 2: Eazyriveryou (small blind) folded on the Pre-Flop
Seat 3: bv97 (big blind) showed [3d 3c] and lost with two pair, Jacks and Threes [Jh Jd 3d 3c Th]
Seat 4: QuimEmpeno folded on the Pre-Flop and did not bet
Seat 5: sparch08 folded on the Pre-Flop and did not bet
Seat 6: Macirisher folded on the Pre-Flop and did not bet
Seat 7: alexkoro folded on the Pre-Flop and did not bet
Seat 8: lipesticky folded on the Pre-Flop and did not bet

Game Hand #2036921778 - Tournament #31235810 - Holdem (No Limit) - Level 5 (1250.00/2500.00)- 2024/02/23 17:20:35 UTC
Table '51' 8-max Seat #2 is the button
Seat 1: ELMANODRAW (202629.00)
Seat 2: Eazyriveryou (74893.00)
Seat 4: QuimEmpeno (112121.00)
Seat 5: sparch08 (136058.00)
Seat 6: Macirisher (324411.00)
Seat 7: alexkoro (59552.00)
Seat 8: lipesticky (29576.00)
ELMANODRAW posts ante 350.00
Eazyriveryou posts ante 350.00
QuimEmpeno posts ante 350.00
sparch08 posts ante 350.00
Macirisher posts ante 350.00
alexkoro posts ante 350.00
lipesticky posts ante 350.00
QuimEmpeno posts the big blind 2500.00
*** HOLE CARDS ***
Main pot 2450.00
Dealt to lipesticky [8d Kc]
sparch08 folds
Macirisher calls 2500.00
alexkoro folds
lipesticky folds
ELMANODRAW raises 5000.00 to 5000.00
Eazyriveryou folds
QuimEmpeno folds
Macirisher calls 2500.00
*** FLOP *** [3h 7c Jd]
Main pot 14950.00
Macirisher checks
ELMANODRAW bets 6184.00
Macirisher folds
Uncalled bet (6184.00) returned to ELMANODRAW
ELMANODRAW does not show
*** SUMMARY ***
Total pot 14950.00
Board [3h 7c Jd]
Seat 1: ELMANODRAW did not show and won 14950.00
Seat 2: Eazyriveryou (button) folded on the Pre-Flop
Seat 4: QuimEmpeno (big blind) folded on the Pre-Flop
Seat 5: sparch08 folded on the Pre-Flop and did not bet
Seat 6: Macirisher folded on the Flop
Seat 7: alexkoro folded on the Pre-Flop and did not bet
Seat 8: lipesticky folded on the Pre-Flop and did not bet

Game Hand #2036922818 - Tournament #31235810 - Holdem (No Limit) - Level 5 (1250.00/2500.00)- 2024/02/23 17:21:59 UTC
Table '51' 8-max Seat #3 is the button
Seat 1: ELMANODRAW (212229.00)
Seat 2: Eazyriveryou (74543.00)
Seat 3: C0nta_Safada2 will be allowed to play after the button
Seat 4: QuimEmpeno (109271.00)
Seat 5: sparch08 (135708.00)
Seat 6: Macirisher (319061.00)
Seat 7: alexkoro (59202.00)
Seat 8: lipesticky (29226.00)
ELMANODRAW posts ante 350.00
Eazyriveryou posts ante 350.00
QuimEmpeno posts ante 350.00
sparch08 posts ante 350.00
Macirisher posts ante 350.00
alexkoro posts ante 350.00
lipesticky posts ante 350.00
QuimEmpeno posts the small blind 1250.00
sparch08 posts the big blind 2500.00
*** HOLE CARDS ***
Main pot 2450.00
Dealt to lipesticky [5d Th]
Macirisher folds
alexkoro folds
lipesticky folds
ELMANODRAW raises 5250.00 to 5250.00
Eazyriveryou raises 15000.00 to 15000.00
QuimEmpeno folds
sparch08 folds
ELMANODRAW calls 9750.00
*** FLOP *** [6s 2h 2c]
Main pot 36200.00
ELMANODRAW checks
Eazyriveryou bets 7964.00
ELMANODRAW folds
Uncalled bet (7964.00) returned to Eazyriveryou
Eazyriveryou does not show
*** SUMMARY ***
Total pot 36200.00
Board [6s 2h 2c]
Seat 1: ELMANODRAW folded on the Flop
Seat 2: Eazyriveryou did not show and won 36200.00
Seat 4: QuimEmpeno (small blind) folded on the Pre-Flop
Seat 5: sparch08 (big blind) folded on the Pre-Flop
Seat 6: Macirisher folded on the Pre-Flop and did not bet
Seat 7: alexkoro folded on the Pre-Flop and did not bet
Seat 8: lipesticky folded on the Pre-Flop and did not bet

Game Hand #2036923783 - Tournament #31235810 - Holdem (No Limit) - Level 6 (1500.00/3000.00)- 2024/02/23 17:23:17 UTC
Table '51' 8-max Seat #4 is the button
Seat 1: ELMANODRAW (196879.00)
Seat 2: Eazyriveryou (95393.00)
Seat 3: C0nta_Safada2 (74856.00)
Seat 4: QuimEmpeno (107671.00)
Seat 5: sparch08 (132858.00)
Seat 6: Macirisher (318711.00)
Seat 7: alexkoro (58852.00)
Seat 8: lipesticky (28876.00)
ELMANODRAW posts ante 450.00
Eazyriveryou posts ante 450.00
C0nta_Safada2 posts ante 450.00
QuimEmpeno posts ante 450.00
sparch08 posts ante 450.00
Macirisher posts ante 450.00
alexkoro posts ante 450.00
lipesticky posts ante 450.00
sparch08 posts the small blind 1500.00
Macirisher posts the big blind 3000.00
*** HOLE CARDS ***
Main pot 3600.00
Dealt to lipesticky [5d Ks]
alexkoro folds
lipesticky folds
ELMANODRAW folds
Eazyriveryou folds
C0nta_Safada2 folds
QuimEmpeno folds
sparch08 raises 9000.00 to 10500.00
Macirisher raises 19800.00 to 22800.00
sparch08 folds
Uncalled bet (12300.00) returned to Macirisher
Macirisher does not show
*** SUMMARY ***
Total pot 24600.00
Seat 1: ELMANODRAW folded on the Pre-Flop and did not bet
Seat 2: Eazyriveryou folded on the Pre-Flop and did not bet
Seat 3: C0nta_Safada2 folded on the Pre-Flop and did not bet
Seat 4: QuimEmpeno (button) folded on the Pre-Flop
Seat 5: sparch08 (small blind) folded on the Pre-Flop
Seat 6: Macirisher did not show and won 24600.00
Seat 7: alexkoro folded on the Pre-Flop and did not bet
Seat 8: lipesticky folded on the Pre-Flop and did not bet

Game Hand #2036924540 - Tournament #31235810 - Holdem (No Limit) - Level 6 (1500.00/3000.00)- 2024/02/23 17:24:18 UTC
Table '51' 8-max Seat #5 is the button
Seat 1: ELMANODRAW (196429.00)
Seat 2: Eazyriveryou (94943.00)
Seat 3: C0nta_Safada2 (74406.00)
Seat 4: QuimEmpeno (107221.00)
Seat 5: sparch08 (121908.00)
Seat 6: Macirisher (332361.00)
Seat 7: alexkoro (58402.00)
Seat 8: lipesticky (28426.00)
ELMANODRAW posts ante 450.00
Eazyriveryou posts ante 450.00
C0nta_Safada2 posts ante 450.00
QuimEmpeno posts ante 450.00
sparch08 posts ante 450.00
Macirisher posts ante 450.00
alexkoro posts ante 450.00
lipesticky posts ante 450.00
Macirisher posts the small blind 1500.00
alexkoro posts the big blind 3000.00
*** HOLE CARDS ***
Main pot 3600.00
Dealt to lipesticky [8h 9h]
lipesticky folds
ELMANODRAW folds
Eazyriveryou folds
C0nta_Safada2 folds
QuimEmpeno raises 6300.00 to 6300.00
sparch08 folds
Macirisher calls 4800.00
alexkoro calls 3300.00
*** FLOP *** [7h Kc 9s]
Main pot 22500.00
Macirisher checks
alexkoro checks
QuimEmpeno checks
*** TURN *** [7h Kc 9s] [3d]
Main pot 22500.00
Macirisher checks
alexkoro checks
QuimEmpeno checks
*** RIVER *** [7h Kc 9s 3d] [Ts]
Main pot 22500.00
Macirisher checks
alexkoro bets 10125.00
QuimEmpeno folds
Macirisher calls 10125.00
*** SHOW DOWN ***
Main pot 42750.00
Macirisher shows [Ac 7c] (a pair of Sevens [7h 7c Ac Kc Ts])
alexkoro shows [Jc Qh] (a straight, King high [Kc Qh Jc Ts 9s])
alexkoro collected 42750.00 from main pot
*** SUMMARY ***
Total pot 42750.00
Board [7h Kc 9s 3d Ts]
Seat 1: ELMANODRAW folded on the Pre-Flop and did not bet
Seat 2: Eazyriveryou folded on the Pre-Flop and did not bet
Seat 3: C0nta_Safada2 folded on the Pre-Flop and did not bet
Seat 4: QuimEmpeno folded on the River
Seat 5: sparch08 (button) folded on the Pre-Flop
Seat 6: Macirisher (small blind) showed [Ac 7c] and lost with a pair of Sevens [7h 7c Ac Kc Ts]
Seat 7: alexkoro (big blind) showed [Jc Qh] and won 42750.00 with a straight, King high [Kc Qh Jc Ts 9s]
Seat 8: lipesticky folded on the Pre-Flop and did not bet

Game Hand #2036926050 - Tournament #31235810 - Holdem (No Limit) - Level 6 (1500.00/3000.00)- 2024/02/23 17:26:20 UTC
Table '51' 8-max Seat #6 is the button
Seat 1: ELMANODRAW (195979.00)
Seat 2: Eazyriveryou (94493.00)
Seat 3: C0nta_Safada2 (73956.00)
Seat 4: QuimEmpeno (100471.00)
Seat 5: sparch08 (121458.00)
Seat 6: Macirisher (315486.00)
Seat 7: alexkoro (84277.00)
Seat 8: lipesticky (27976.00)
ELMANODRAW posts ante 450.00
Eazyriveryou posts ante 450.00
C0nta_Safada2 posts ante 450.00
QuimEmpeno posts ante 450.00
sparch08 posts ante 450.00
Macirisher posts ante 450.00
alexkoro posts ante 450.00
lipesticky posts ante 450.00
alexkoro posts the small blind 1500.00
lipesticky posts the big blind 3000.00
*** HOLE CARDS ***
Main pot 3600.00
Dealt to lipesticky [Ac 3d]
ELMANODRAW raises 6000.00 to 6000.00
Eazyriveryou folds
C0nta_Safada2 calls 6000.00
QuimEmpeno folds
sparch08 folds
Macirisher folds
alexkoro calls 4500.00
lipesticky folds
*** FLOP *** [5s Tc 4s]
Main pot 24600.00
alexkoro bets 11070.00
ELMANODRAW raises 189529.00 to 189529.00 and is all-in
C0nta_Safada2 folds
alexkoro calls 66757.00 and is all-in
Uncalled bet (111702.00) returned to ELMANODRAW
*** TURN *** [5s Tc 4s] [3s]
Main pot 180254.00
*** RIVER *** [5s Tc 4s 3s] [8s]
Main pot 180254.00
*** SHOW DOWN ***
Main pot 180254.00
ELMANODRAW shows [Kd Ah] (a high card, Ace high [Ah Kd Tc 8s 5s])
alexkoro shows [Th As] (a flush, Ace high [As 8s 5s 4s 3s])
alexkoro collected 180254.00 from main pot
*** SUMMARY ***
Total pot 180254.00
Board [5s Tc 4s 3s 8s]
Seat 1: ELMANODRAW showed [Kd Ah] and lost with a high card, Ace high [Ah Kd Tc 8s 5s]
Seat 2: Eazyriveryou folded on the Pre-Flop and did not bet
Seat 3: C0nta_Safada2 folded on the Flop
Seat 4: QuimEmpeno folded on the Pre-Flop and did not bet
Seat 5: sparch08 folded on the Pre-Flop and did not bet
Seat 6: Macirisher (button) folded on the Pre-Flop
Seat 7: alexkoro (small blind) showed [Th As] and won 180254.00 with a flush, Ace high [As 8s 5s 4s 3s]
Seat 8: lipesticky (big blind) folded on the Pre-Flop

Game Hand #2036927195 - Tournament #31235810 - Holdem (No Limit) - Level 6 (1500.00/3000.00)- 2024/02/23 17:27:51 UTC
Table '51' 8-max Seat #7 is the button
Seat 1: ELMANODRAW (111702.00)
Seat 2: Eazyriveryou (94043.00)
Seat 3: C0nta_Safada2 (67506.00)
Seat 4: QuimEmpeno (100021.00)
Seat 5: sparch08 (121008.00)
Seat 6: Macirisher (315036.00)
Seat 7: alexkoro (180254.00)
Seat 8: lipesticky (24526.00)
ELMANODRAW posts ante 450.00
Eazyriveryou posts ante 450.00
C0nta_Safada2 posts ante 450.00
QuimEmpeno posts ante 450.00
sparch08 posts ante 450.00
Macirisher posts ante 450.00
alexkoro posts ante 450.00
lipesticky posts ante 450.00
lipesticky posts the small blind 1500.00
ELMANODRAW posts the big blind 3000.00
*** HOLE CARDS ***
Main pot 3600.00
Dealt to lipesticky [Kc 5s]
Eazyriveryou folds
C0nta_Safada2 folds
QuimEmpeno folds
sparch08 folds
Macirisher folds
alexkoro raises 6000.00 to 6000.00
lipesticky folds
ELMANODRAW calls 3000.00
*** FLOP *** [7c Jc Qd]
Main pot 17100.00
ELMANODRAW checks
alexkoro checks
*** TURN *** [7c Jc Qd] [3d]
Main pot 17100.00
ELMANODRAW checks
alexkoro checks
*** RIVER *** [7c Jc Qd 3d] [5c]
Main pot 17100.00
ELMANODRAW bets 20100.00
alexkoro folds
Uncalled bet (20100.00) returned to ELMANODRAW
ELMANODRAW does not show
*** SUMMARY ***
Total pot 17100.00
Board [7c Jc Qd 3d 5c]
Seat 1: ELMANODRAW did not show and won 17100.00
Seat 2: Eazyriveryou folded on the Pre-Flop and did not bet
Seat 3: C0nta_Safada2 folded on the Pre-Flop and did not bet
Seat 4: QuimEmpeno folded on the Pre-Flop and did not bet
Seat 5: sparch08 folded on the Pre-Flop and did not bet
Seat 6: Macirisher folded on the Pre-Flop and did not bet
Seat 7: alexkoro (button) folded on the River
Seat 8: lipesticky (small blind) folded on the Pre-Flop

Game Hand #2036928372 - Tournament #31235810 - Holdem (No Limit) - Level 6 (1500.00/3000.00)- 2024/02/23 17:29:23 UTC
Table '51' 8-max Seat #8 is the button
Seat 1: ELMANODRAW (122352.00)
Seat 2: Eazyriveryou (93593.00)
Seat 3: C0nta_Safada2 (67056.00)
Seat 4: QuimEmpeno (99571.00)
Seat 5: sparch08 (120558.00)
Seat 6: Macirisher (314586.00)
Seat 7: alexkoro (173804.00)
Seat 8: lipesticky (22576.00)
ELMANODRAW posts ante 450.00
Eazyriveryou posts ante 450.00
C0nta_Safada2 posts ante 450.00
QuimEmpeno posts ante 450.00
sparch08 posts ante 450.00
Macirisher posts ante 450.00
alexkoro posts ante 450.00
lipesticky posts ante 450.00
ELMANODRAW posts the small blind 1500.00
Eazyriveryou posts the big blind 3000.00
*** HOLE CARDS ***
Main pot 3600.00
Dealt to lipesticky [As 5h]
C0nta_Safada2 folds
QuimEmpeno folds
sparch08 folds
Macirisher folds
alexkoro folds
lipesticky raises 22126.00 to 22126.00 and is all-in
ELMANODRAW folds
Eazyriveryou calls 19126.00
*** FLOP *** [4c Ac 3d]
Main pot 49352.00
*** TURN *** [4c Ac 3d] [7s]
Main pot 49352.00
*** RIVER *** [4c Ac 3d 7s] [2c]
Main pot 49352.00
*** SHOW DOWN ***
Main pot 49352.00
Eazyriveryou shows [Kc 7c] (a flush, Ace high [Ac Kc 7c 4c 2c])
lipesticky shows [As 5h] (a straight, Five high [5h 4c 3d 2c As])
Eazyriveryou collected 49352.00 from main pot
*** SUMMARY ***
Total pot 49352.00
Board [4c Ac 3d 7s 2c]
Seat 1: ELMANODRAW (small blind) folded on the Pre-Flop
Seat 2: Eazyriveryou (big blind) showed [Kc 7c] and won 49352.00 with a flush, Ace high [Ac Kc 7c 4c 2c]
Seat 3: C0nta_Safada2 folded on the Pre-Flop and did not bet
Seat 4: QuimEmpeno folded on the Pre-Flop and did not bet
Seat 5: sparch08 folded on the Pre-Flop and did not bet
Seat 6: Macirisher folded on the Pre-Flop and did not bet
Seat 7: alexkoro folded on the Pre-Flop and did not bet
Seat 8: lipesticky (button) showed [As 5h] and lost with a straight, Five high [5h 4c 3d 2c As]

