Game Hand #2020392998 - Tournament #31156289 - Holdem (No Limit) - Level 6 (1500.00/3000.00)- 2024/02/07 20:06:36 UTC
Table '36' 8-max Seat #7 is the button
Seat 1: DrH0use (173481.00)
Seat 2: Gloves1 (350269.00)
Seat 3: Hoodwink1 (98344.00)
Seat 4: BenBrogan12 (231939.00)
Seat 5: pedrot44 (296437.00)
Seat 6: SlowDancing (124950.00)
Seat 7: theLINKcog (119600.00)
Seat 8: lipesticky (123803.00)
DrH0use posts ante 450.00
Gloves1 posts ante 450.00
Hoodwink1 posts ante 450.00
BenBrogan12 posts ante 450.00
pedrot44 posts ante 450.00
SlowDancing posts ante 450.00
theLINKcog posts ante 450.00
lipesticky posts ante 450.00
lipesticky posts the small blind 1500.00
DrH0use posts the big blind 3000.00
*** HOLE CARDS ***
Main pot 3600.00
Dealt to lipesticky [2s Ah]
Gloves1 folds
Hoodwink1 raises 6900.00 to 6900.00
BenBrogan12 folds
pedrot44 folds
SlowDancing folds
theLINKcog folds
lipesticky folds
DrH0use calls 3900.00
*** FLOP *** [Jc Qh 8s]
Main pot 18900.00
DrH0use checks
Hoodwink1 bets 9450.00
DrH0use folds
Uncalled bet (9450.00) returned to Hoodwink1
Hoodwink1 does not show
*** SUMMARY ***
Total pot 18900.00
Board [Jc Qh 8s]
Seat 1: DrH0use (big blind) folded on the Flop
Seat 2: Gloves1 folded on the Pre-Flop and did not bet
Seat 3: Hoodwink1 did not show and won 18900.00
Seat 4: BenBrogan12 folded on the Pre-Flop and did not bet
Seat 5: pedrot44 folded on the Pre-Flop and did not bet
Seat 6: SlowDancing folded on the Pre-Flop and did not bet
Seat 7: theLINKcog (button) folded on the Pre-Flop
Seat 8: lipesticky (small blind) folded on the Pre-Flop

Game Hand #2020393947 - Tournament #31156289 - Holdem (No Limit) - Level 6 (1500.00/3000.00)- 2024/02/07 20:07:33 UTC
Table '24' 8-max Seat #7 is the button
Seat 1: luckyfold777 (154355.00)
Seat 2: amantheghost (238842.00)
Seat 3: lipesticky (121853.00)
Seat 4: Junkiebe4t (143862.00)
Seat 5: KingMaia (87062.00)
Seat 6: Santocx (200524.00)
Seat 7: euphorya381 (70438.00)
luckyfold777 posts ante 450.00
amantheghost posts ante 450.00
lipesticky posts ante 450.00
Junkiebe4t posts ante 450.00
KingMaia posts ante 450.00
Santocx posts ante 450.00
euphorya381 posts ante 450.00
luckyfold777 posts the big blind 3000.00
*** HOLE CARDS ***
Main pot 3150.00
Dealt to lipesticky [2c 8h]
amantheghost folds
lipesticky folds
Junkiebe4t folds
KingMaia folds
Santocx folds
euphorya381 raises 6600.00 to 6600.00
luckyfold777 raises 150905.00 to 153905.00 and is all-in
euphorya381 folds
Uncalled bet (147305.00) returned to luckyfold777
luckyfold777 does not show
*** SUMMARY ***
Total pot 16350.00
Seat 1: luckyfold777 did not show and won 16350.00
Seat 2: amantheghost folded on the Pre-Flop and did not bet
Seat 3: lipesticky folded on the Pre-Flop and did not bet
Seat 4: Junkiebe4t folded on the Pre-Flop and did not bet
Seat 5: KingMaia folded on the Pre-Flop and did not bet
Seat 6: Santocx folded on the Pre-Flop and did not bet
Seat 7: euphorya381 (button) folded on the Pre-Flop

Game Hand #2020394318 - Tournament #31156289 - Holdem (No Limit) - Level 6 (1500.00/3000.00)- 2024/02/07 20:07:56 UTC
Table '24' 8-max Seat #8 is the button
Seat 1: luckyfold777 (163655.00)
Seat 2: amantheghost (238392.00)
Seat 3: lipesticky (121403.00)
Seat 4: Junkiebe4t (143412.00)
Seat 5: KingMaia (86612.00)
Seat 6: Santocx (200074.00)
Seat 7: euphorya381 (63388.00)
luckyfold777 posts ante 450.00
amantheghost posts ante 450.00
lipesticky posts ante 450.00
Junkiebe4t posts ante 450.00
KingMaia posts ante 450.00
Santocx posts ante 450.00
euphorya381 posts ante 450.00
luckyfold777 posts the small blind 1500.00
amantheghost posts the big blind 3000.00
*** HOLE CARDS ***
Main pot 3150.00
Dealt to lipesticky [Ah Kh]
lipesticky raises 6300.00 to 6300.00
Junkiebe4t folds
KingMaia folds
Santocx folds
euphorya381 folds
luckyfold777 folds
amantheghost calls 3300.00
*** FLOP *** [Qh 3d 7s]
Main pot 17250.00
amantheghost checks
lipesticky bets 4193.00
amantheghost folds
Uncalled bet (4193.00) returned to lipesticky
lipesticky does not show
*** SUMMARY ***
Total pot 17250.00
Board [Qh 3d 7s]
Seat 1: luckyfold777 (small blind) folded on the Pre-Flop
Seat 2: amantheghost (big blind) folded on the Flop
Seat 3: lipesticky did not show and won 17250.00
Seat 4: Junkiebe4t folded on the Pre-Flop and did not bet
Seat 5: KingMaia folded on the Pre-Flop and did not bet
Seat 6: Santocx folded on the Pre-Flop and did not bet
Seat 7: euphorya381 folded on the Pre-Flop and did not bet

Game Hand #2020395067 - Tournament #31156289 - Holdem (No Limit) - Level 6 (1500.00/3000.00)- 2024/02/07 20:08:42 UTC
Table '24' 8-max Seat #1 is the button
Seat 1: luckyfold777 (161705.00)
Seat 2: amantheghost (231642.00)
Seat 3: lipesticky (131903.00)
Seat 4: Junkiebe4t (142962.00)
Seat 5: KingMaia (86162.00)
Seat 6: Santocx (199624.00)
Seat 7: euphorya381 (62938.00)
luckyfold777 posts ante 450.00
amantheghost posts ante 450.00
lipesticky posts ante 450.00
Junkiebe4t posts ante 450.00
KingMaia posts ante 450.00
Santocx posts ante 450.00
euphorya381 posts ante 450.00
amantheghost posts the small blind 1500.00
lipesticky posts the big blind 3000.00
*** HOLE CARDS ***
Main pot 3150.00
Dealt to lipesticky [4c 7d]
Junkiebe4t folds
KingMaia folds
Santocx raises 6000.00 to 6000.00
euphorya381 folds
luckyfold777 folds
amantheghost calls 4500.00
lipesticky folds
*** FLOP *** [Jh 7h 9h]
Main pot 18150.00
amantheghost checks
Santocx checks
*** TURN *** [Jh 7h 9h] [2s]
Main pot 18150.00
amantheghost bets 4538.00
Santocx raises 18968.00 to 18968.00
amantheghost folds
Uncalled bet (14430.00) returned to Santocx
Santocx does not show
*** SUMMARY ***
Total pot 27226.00
Board [Jh 7h 9h 2s]
Seat 1: luckyfold777 (button) folded on the Pre-Flop
Seat 2: amantheghost (small blind) folded on the Turn
Seat 3: lipesticky (big blind) folded on the Pre-Flop
Seat 4: Junkiebe4t folded on the Pre-Flop and did not bet
Seat 5: KingMaia folded on the Pre-Flop and did not bet
Seat 6: Santocx did not show and won 27226.00
Seat 7: euphorya381 folded on the Pre-Flop and did not bet

Game Hand #2020396223 - Tournament #31156289 - Holdem (No Limit) - Level 6 (1500.00/3000.00)- 2024/02/07 20:09:49 UTC
Table '24' 8-max Seat #2 is the button
Seat 1: luckyfold777 (161255.00)
Seat 2: amantheghost (220654.00)
Seat 3: lipesticky (128453.00)
Seat 4: Junkiebe4t (142512.00)
Seat 5: KingMaia (85712.00)
Seat 6: Santocx (215862.00)
Seat 7: euphorya381 (62488.00)
luckyfold777 posts ante 450.00
amantheghost posts ante 450.00
lipesticky posts ante 450.00
Junkiebe4t posts ante 450.00
KingMaia posts ante 450.00
Santocx posts ante 450.00
euphorya381 posts ante 450.00
lipesticky posts the small blind 1500.00
Junkiebe4t posts the big blind 3000.00
*** HOLE CARDS ***
Main pot 3150.00
Dealt to lipesticky [3h 4s]
KingMaia folds
Santocx folds
euphorya381 raises 6000.00 to 6000.00
luckyfold777 raises 16500.00 to 16500.00
amantheghost folds
lipesticky folds
Junkiebe4t folds
euphorya381 calls 10500.00
*** FLOP *** [2h 9c 4d]
Main pot 40650.00
euphorya381 checks
luckyfold777 bets 13415.00
euphorya381 folds
Uncalled bet (13415.00) returned to luckyfold777
luckyfold777 does not show
*** SUMMARY ***
Total pot 40650.00
Board [2h 9c 4d]
Seat 1: luckyfold777 did not show and won 40650.00
Seat 2: amantheghost (button) folded on the Pre-Flop
Seat 3: lipesticky (small blind) folded on the Pre-Flop
Seat 4: Junkiebe4t (big blind) folded on the Pre-Flop
Seat 5: KingMaia folded on the Pre-Flop and did not bet
Seat 6: Santocx folded on the Pre-Flop and did not bet
Seat 7: euphorya381 folded on the Flop

Game Hand #2020397183 - Tournament #31156289 - Holdem (No Limit) - Level 6 (1500.00/3000.00)- 2024/02/07 20:10:47 UTC
Table '24' 8-max Seat #3 is the button
Seat 1: luckyfold777 (184955.00)
Seat 2: amantheghost (220204.00)
Seat 3: lipesticky (126503.00)
Seat 4: Junkiebe4t (139062.00)
Seat 5: KingMaia (85262.00)
Seat 6: Santocx (215412.00)
Seat 7: euphorya381 (45538.00)
luckyfold777 posts ante 450.00
amantheghost posts ante 450.00
lipesticky posts ante 450.00
Junkiebe4t posts ante 450.00
KingMaia posts ante 450.00
Santocx posts ante 450.00
euphorya381 posts ante 450.00
Junkiebe4t posts the small blind 1500.00
KingMaia posts the big blind 3000.00
*** HOLE CARDS ***
Main pot 3150.00
Dealt to lipesticky [9s 6h]
Santocx folds
euphorya381 folds
luckyfold777 folds
amantheghost folds
lipesticky folds
Junkiebe4t calls 1500.00
KingMaia checks
*** FLOP *** [9d Tc 9c]
Main pot 9150.00
Junkiebe4t bets 3000.00
KingMaia folds
Uncalled bet (3000.00) returned to Junkiebe4t
Junkiebe4t does not show
*** SUMMARY ***
Total pot 9150.00
Board [9d Tc 9c]
Seat 1: luckyfold777 folded on the Pre-Flop and did not bet
Seat 2: amantheghost folded on the Pre-Flop and did not bet
Seat 3: lipesticky (button) folded on the Pre-Flop
Seat 4: Junkiebe4t did not show and won 9150.00
Seat 5: KingMaia (big blind) folded on the Flop
Seat 6: Santocx folded on the Pre-Flop and did not bet
Seat 7: euphorya381 folded on the Pre-Flop and did not bet

Game Hand #2020397768 - Tournament #31156289 - Holdem (No Limit) - Level 6 (1500.00/3000.00)- 2024/02/07 20:11:22 UTC
Table '24' 8-max Seat #4 is the button
Seat 1: luckyfold777 (184505.00)
Seat 2: amantheghost (219754.00)
Seat 3: lipesticky (126053.00)
Seat 4: Junkiebe4t (144762.00)
Seat 5: KingMaia (81812.00)
Seat 6: Santocx (214962.00)
Seat 7: euphorya381 (45088.00)
luckyfold777 posts ante 450.00
amantheghost posts ante 450.00
lipesticky posts ante 450.00
Junkiebe4t posts ante 450.00
KingMaia posts ante 450.00
Santocx posts ante 450.00
euphorya381 posts ante 450.00
KingMaia posts the small blind 1500.00
Santocx posts the big blind 3000.00
*** HOLE CARDS ***
Main pot 3150.00
Dealt to lipesticky [4d 7d]
euphorya381 raises 44638.00 to 44638.00 and is all-in
luckyfold777 folds
amantheghost folds
lipesticky folds
Junkiebe4t folds
KingMaia folds
Santocx calls 41638.00
*** FLOP *** [4h Qh Tc]
Main pot 93926.00
*** TURN *** [4h Qh Tc] [3c]
Main pot 93926.00
*** RIVER *** [4h Qh Tc 3c] [3d]
Main pot 93926.00
*** SHOW DOWN ***
Main pot 93926.00
Santocx shows [Qs Td] (two pair, Queens and Tens [Qs Qh Td Tc 4h])
euphorya381 shows [Qc As] (two pair, Queens and Threes [Qh Qc 3d 3c As])
Santocx collected 93926.00 from main pot
*** SUMMARY ***
Total pot 93926.00
Board [4h Qh Tc 3c 3d]
Seat 1: luckyfold777 folded on the Pre-Flop and did not bet
Seat 2: amantheghost folded on the Pre-Flop and did not bet
Seat 3: lipesticky folded on the Pre-Flop and did not bet
Seat 4: Junkiebe4t (button) folded on the Pre-Flop
Seat 5: KingMaia (small blind) folded on the Pre-Flop
Seat 6: Santocx (big blind) showed [Qs Td] and won 93926.00 with two pair, Queens and Tens [Qs Qh Td Tc 4h]
Seat 7: euphorya381 showed [Qc As] and lost with two pair, Queens and Threes [Qh Qc 3d 3c As]

Game Hand #2020398595 - Tournament #31156289 - Holdem (No Limit) - Level 6 (1500.00/3000.00)- 2024/02/07 20:12:11 UTC
Table '24' 8-max Seat #5 is the button
Seat 1: luckyfold777 (184055.00)
Seat 2: amantheghost (219304.00)
Seat 3: lipesticky (125603.00)
Seat 4: Junkiebe4t (144312.00)
Seat 5: KingMaia (79862.00)
Seat 6: Santocx (263800.00)
luckyfold777 posts ante 450.00
amantheghost posts ante 450.00
lipesticky posts ante 450.00
Junkiebe4t posts ante 450.00
KingMaia posts ante 450.00
Santocx posts ante 450.00
Santocx posts the small blind 1500.00
luckyfold777 posts the big blind 3000.00
*** HOLE CARDS ***
Main pot 2700.00
Dealt to lipesticky [7h Kh]
amantheghost folds
lipesticky raises 6300.00 to 6300.00
Junkiebe4t folds
KingMaia calls 6300.00
Santocx folds
luckyfold777 calls 3300.00
*** FLOP *** [4c 7s 7d]
Main pot 23100.00
luckyfold777 checks
lipesticky checks
KingMaia checks
*** TURN *** [4c 7s 7d] [Jh]
Main pot 23100.00
luckyfold777 checks
lipesticky checks
KingMaia checks
*** RIVER *** [4c 7s 7d Jh] [Tc]
Main pot 23100.00
luckyfold777 checks
lipesticky bets 15246.00
KingMaia folds
luckyfold777 folds
Uncalled bet (15246.00) returned to lipesticky
lipesticky does not show
*** SUMMARY ***
Total pot 23100.00
Board [4c 7s 7d Jh Tc]
Seat 1: luckyfold777 (big blind) folded on the River
Seat 2: amantheghost folded on the Pre-Flop and did not bet
Seat 3: lipesticky did not show and won 23100.00
Seat 4: Junkiebe4t folded on the Pre-Flop and did not bet
Seat 5: KingMaia (button) folded on the River
Seat 6: Santocx (small blind) folded on the Pre-Flop

Game Hand #2020400621 - Tournament #31156289 - Holdem (No Limit) - Level 7 (1750.00/3500.00)- 2024/02/07 20:14:13 UTC
Table '24' 8-max Seat #6 is the button
Seat 1: luckyfold777 (177305.00)
Seat 2: amantheghost (218854.00)
Seat 3: lipesticky (141953.00)
Seat 4: Junkiebe4t (143862.00)
Seat 5: KingMaia (73112.00)
Seat 6: Santocx (261850.00)
Seat 7: WayToGoBill will be allowed to play after the button
Seat 8: mattylew9 will be allowed to play after the button
luckyfold777 posts ante 500.00
amantheghost posts ante 500.00
lipesticky posts ante 500.00
Junkiebe4t posts ante 500.00
KingMaia posts ante 500.00
Santocx posts ante 500.00
luckyfold777 posts the small blind 1750.00
amantheghost posts the big blind 3500.00
*** HOLE CARDS ***
Main pot 3000.00
Dealt to lipesticky [Qd 4d]
lipesticky folds
Junkiebe4t folds
KingMaia folds
Santocx raises 7000.00 to 7000.00
luckyfold777 folds
amantheghost calls 3500.00
*** FLOP *** [5h 9s 7d]
Main pot 18750.00
amantheghost checks
Santocx checks
*** TURN *** [5h 9s 7d] [5c]
Main pot 18750.00
amantheghost checks
Santocx bets 5625.00
amantheghost calls 5625.00
*** RIVER *** [5h 9s 7d 5c] [3s]
Main pot 30000.00
amantheghost checks
Santocx bets 15900.00
amantheghost calls 15900.00
*** SHOW DOWN ***
Main pot 61800.00
amantheghost shows [7h Qc] (two pair, Sevens and Fives [7h 7d 5h 5c Qc])
Santocx shows [5s Ac] (three of a kind, Set of Fives [5s 5h 5c Ac 9s])
Santocx collected 61800.00 from main pot
*** SUMMARY ***
Total pot 61800.00
Board [5h 9s 7d 5c 3s]
Seat 1: luckyfold777 (small blind) folded on the Pre-Flop
Seat 2: amantheghost (big blind) showed [7h Qc] and lost with two pair, Sevens and Fives [7h 7d 5h 5c Qc]
Seat 3: lipesticky folded on the Pre-Flop and did not bet
Seat 4: Junkiebe4t folded on the Pre-Flop and did not bet
Seat 5: KingMaia folded on the Pre-Flop and did not bet
Seat 6: Santocx (button) showed [5s Ac] and won 61800.00 with three of a kind, Set of Fives [5s 5h 5c Ac 9s]

Game Hand #2020402179 - Tournament #31156289 - Holdem (No Limit) - Level 7 (1750.00/3500.00)- 2024/02/07 20:15:49 UTC
Table '24' 8-max Seat #1 is the button
Seat 1: luckyfold777 (175055.00)
Seat 2: amantheghost (189829.00)
Seat 3: lipesticky (141453.00)
Seat 4: Junkiebe4t (143362.00)
Seat 5: KingMaia (72612.00)
Seat 6: Santocx (294625.00)
Seat 7: WayToGoBill (123975.00)
Seat 8: mattylew9 (122449.00)
luckyfold777 posts ante 500.00
amantheghost posts ante 500.00
lipesticky posts ante 500.00
Junkiebe4t posts ante 500.00
KingMaia posts ante 500.00
Santocx posts ante 500.00
WayToGoBill posts ante 500.00
mattylew9 posts ante 500.00
amantheghost posts the small blind 1750.00
lipesticky posts the big blind 3500.00
*** HOLE CARDS ***
Main pot 4000.00
Dealt to lipesticky [Ts 5c]
Junkiebe4t raises 7000.00 to 7000.00
KingMaia raises 72112.00 to 72112.00 and is all-in
Santocx folds
WayToGoBill folds
mattylew9 folds
luckyfold777 folds
amantheghost folds
lipesticky folds
Junkiebe4t folds
Uncalled bet (65112.00) returned to KingMaia
KingMaia does not show
*** SUMMARY ***
Total pot 23250.00
Seat 1: luckyfold777 (button) folded on the Pre-Flop
Seat 2: amantheghost (small blind) folded on the Pre-Flop
Seat 3: lipesticky (big blind) folded on the Pre-Flop
Seat 4: Junkiebe4t folded on the Pre-Flop and did not bet
Seat 5: KingMaia did not show and won 23250.00
Seat 6: Santocx folded on the Pre-Flop and did not bet
Seat 7: WayToGoBill folded on the Pre-Flop and did not bet
Seat 8: mattylew9 folded on the Pre-Flop and did not bet

Game Hand #2020402954 - Tournament #31156289 - Holdem (No Limit) - Level 7 (1750.00/3500.00)- 2024/02/07 20:16:33 UTC
Table '24' 8-max Seat #2 is the button
Seat 1: luckyfold777 (174555.00)
Seat 2: amantheghost (187579.00)
Seat 3: lipesticky (137453.00)
Seat 4: Junkiebe4t (135862.00)
Seat 5: KingMaia (88362.00)
Seat 6: Santocx (294125.00)
Seat 7: WayToGoBill (123475.00)
Seat 8: mattylew9 (121949.00)
luckyfold777 posts ante 500.00
amantheghost posts ante 500.00
lipesticky posts ante 500.00
Junkiebe4t posts ante 500.00
KingMaia posts ante 500.00
Santocx posts ante 500.00
WayToGoBill posts ante 500.00
mattylew9 posts ante 500.00
lipesticky posts the small blind 1750.00
Junkiebe4t posts the big blind 3500.00
*** HOLE CARDS ***
Main pot 4000.00
Dealt to lipesticky [Kc Th]
KingMaia folds
Santocx folds
WayToGoBill folds
mattylew9 folds
luckyfold777 raises 7000.00 to 7000.00
amantheghost folds
lipesticky calls 5250.00
Junkiebe4t raises 131862.00 to 135362.00 and is all-in
luckyfold777 raises 167055.00 to 174055.00 and is all-in
lipesticky folds
Uncalled bet (38693.00) returned to luckyfold777
*** FLOP *** [Ad Ah Qd]
Main pot 281724.00
*** TURN *** [Ad Ah Qd] [9d]
Main pot 281724.00
*** RIVER *** [Ad Ah Qd 9d] [2s]
Main pot 281724.00
*** SHOW DOWN ***
Main pot 281724.00
luckyfold777 shows [Ac Kh] (three of a kind, Set of Aces [Ah Ad Ac Kh Qd])
Junkiebe4t shows [Jh Js] (two pair, Aces and Jacks [Ah Ad Js Jh Qd])
luckyfold777 collected 281724.00 from main pot
*** SUMMARY ***
Total pot 281724.00
Board [Ad Ah Qd 9d 2s]
Seat 1: luckyfold777 showed [Ac Kh] and won 281724.00 with three of a kind, Set of Aces [Ah Ad Ac Kh Qd]
Seat 2: amantheghost (button) folded on the Pre-Flop
Seat 3: lipesticky (small blind) folded on the Pre-Flop
Seat 4: Junkiebe4t (big blind) showed [Jh Js] and lost with two pair, Aces and Jacks [Ah Ad Js Jh Qd]
Seat 5: KingMaia folded on the Pre-Flop and did not bet
Seat 6: Santocx folded on the Pre-Flop and did not bet
Seat 7: WayToGoBill folded on the Pre-Flop and did not bet
Seat 8: mattylew9 folded on the Pre-Flop and did not bet

Game Hand #2020403770 - Tournament #31156289 - Holdem (No Limit) - Level 7 (1750.00/3500.00)- 2024/02/07 20:17:24 UTC
Table '24' 8-max Seat #3 is the button
Seat 1: luckyfold777 (320417.00)
Seat 2: amantheghost (187079.00)
Seat 3: lipesticky (129953.00)
Seat 5: KingMaia (87862.00)
Seat 6: Santocx (293625.00)
Seat 7: WayToGoBill (122975.00)
Seat 8: mattylew9 (121449.00)
luckyfold777 posts ante 500.00
amantheghost posts ante 500.00
lipesticky posts ante 500.00
KingMaia posts ante 500.00
Santocx posts ante 500.00
WayToGoBill posts ante 500.00
mattylew9 posts ante 500.00
KingMaia posts the big blind 3500.00
*** HOLE CARDS ***
Main pot 3500.00
Dealt to lipesticky [8h Qs]
Santocx folds
WayToGoBill raises 8750.00 to 8750.00
mattylew9 folds
luckyfold777 folds
amantheghost folds
lipesticky folds
KingMaia folds
Uncalled bet (5250.00) returned to WayToGoBill
WayToGoBill does not show
*** SUMMARY ***
Total pot 10500.00
Seat 1: luckyfold777 folded on the Pre-Flop and did not bet
Seat 2: amantheghost folded on the Pre-Flop and did not bet
Seat 3: lipesticky (button) folded on the Pre-Flop
Seat 5: KingMaia (big blind) folded on the Pre-Flop
Seat 6: Santocx folded on the Pre-Flop and did not bet
Seat 7: WayToGoBill did not show and won 10500.00
Seat 8: mattylew9 folded on the Pre-Flop and did not bet

Game Hand #2020404383 - Tournament #31156289 - Holdem (No Limit) - Level 7 (1750.00/3500.00)- 2024/02/07 20:18:01 UTC
Table '24' 8-max Seat #4 is the button
Seat 1: luckyfold777 (319917.00)
Seat 2: amantheghost (186579.00)
Seat 3: lipesticky (129453.00)
Seat 4: Junkiebe4t will be allowed to play after the button
Seat 5: KingMaia (83862.00)
Seat 6: Santocx (293125.00)
Seat 7: WayToGoBill (129475.00)
Seat 8: mattylew9 (120949.00)
luckyfold777 posts ante 500.00
amantheghost posts ante 500.00
lipesticky posts ante 500.00
KingMaia posts ante 500.00
Santocx posts ante 500.00
WayToGoBill posts ante 500.00
mattylew9 posts ante 500.00
KingMaia posts the small blind 1750.00
Santocx posts the big blind 3500.00
*** HOLE CARDS ***
Main pot 3500.00
Dealt to lipesticky [7s Qh]
WayToGoBill folds
mattylew9 folds
luckyfold777 folds
amantheghost folds
lipesticky folds
KingMaia raises 81612.00 to 83362.00 and is all-in
Santocx folds
Uncalled bet (79862.00) returned to KingMaia
KingMaia does not show
*** SUMMARY ***
Total pot 10500.00
Seat 1: luckyfold777 folded on the Pre-Flop and did not bet
Seat 2: amantheghost folded on the Pre-Flop and did not bet
Seat 3: lipesticky folded on the Pre-Flop and did not bet
Seat 5: KingMaia did not show and won 10500.00
Seat 6: Santocx (big blind) folded on the Pre-Flop
Seat 7: WayToGoBill folded on the Pre-Flop and did not bet
Seat 8: mattylew9 folded on the Pre-Flop and did not bet

Game Hand #2020404891 - Tournament #31156289 - Holdem (No Limit) - Level 7 (1750.00/3500.00)- 2024/02/07 20:18:32 UTC
Table '24' 8-max Seat #5 is the button
Seat 1: luckyfold777 (319417.00)
Seat 2: amantheghost (186079.00)
Seat 3: lipesticky (128953.00)
Seat 4: Junkiebe4t (125000.00)
Seat 5: KingMaia (90362.00)
Seat 6: Santocx (289125.00)
Seat 7: WayToGoBill (128975.00)
Seat 8: mattylew9 (120449.00)
luckyfold777 posts ante 500.00
amantheghost posts ante 500.00
lipesticky posts ante 500.00
Junkiebe4t posts ante 500.00
KingMaia posts ante 500.00
Santocx posts ante 500.00
WayToGoBill posts ante 500.00
mattylew9 posts ante 500.00
Santocx posts the small blind 1750.00
WayToGoBill posts the big blind 3500.00
*** HOLE CARDS ***
Main pot 4000.00
Dealt to lipesticky [Kc 2h]
mattylew9 folds
luckyfold777 folds
amantheghost raises 7350.00 to 7350.00
lipesticky folds
Junkiebe4t folds
KingMaia folds
Santocx folds
WayToGoBill calls 3850.00
*** FLOP *** [Qd Jc 9c]
Main pot 20450.00
WayToGoBill checks
amantheghost bets 6863.00
WayToGoBill folds
Uncalled bet (6863.00) returned to amantheghost
amantheghost does not show
*** SUMMARY ***
Total pot 20450.00
Board [Qd Jc 9c]
Seat 1: luckyfold777 folded on the Pre-Flop and did not bet
Seat 2: amantheghost did not show and won 20450.00
Seat 3: lipesticky folded on the Pre-Flop and did not bet
Seat 4: Junkiebe4t folded on the Pre-Flop and did not bet
Seat 5: KingMaia (button) folded on the Pre-Flop
Seat 6: Santocx (small blind) folded on the Pre-Flop
Seat 7: WayToGoBill (big blind) folded on the Flop
Seat 8: mattylew9 folded on the Pre-Flop and did not bet

Game Hand #2020406005 - Tournament #31156289 - Holdem (No Limit) - Level 7 (1750.00/3500.00)- 2024/02/07 20:19:41 UTC
Table '24' 8-max Seat #6 is the button
Seat 1: luckyfold777 (318917.00)
Seat 2: amantheghost (198679.00)
Seat 3: lipesticky (128453.00)
Seat 4: Junkiebe4t (124500.00)
Seat 5: KingMaia (89862.00)
Seat 6: Santocx (286875.00)
Seat 7: WayToGoBill (121125.00)
Seat 8: mattylew9 (119949.00)
luckyfold777 posts ante 500.00
amantheghost posts ante 500.00
lipesticky posts ante 500.00
Junkiebe4t posts ante 500.00
KingMaia posts ante 500.00
Santocx posts ante 500.00
WayToGoBill posts ante 500.00
mattylew9 posts ante 500.00
WayToGoBill posts the small blind 1750.00
mattylew9 posts the big blind 3500.00
*** HOLE CARDS ***
Main pot 4000.00
Dealt to lipesticky [6c 7d]
luckyfold777 folds
amantheghost folds
lipesticky folds
Junkiebe4t raises 7000.00 to 7000.00
KingMaia folds
Santocx folds
WayToGoBill folds
mattylew9 calls 3500.00
*** FLOP *** [Kh 6s 9h]
Main pot 19750.00
mattylew9 checks
Junkiebe4t bets 9875.00
mattylew9 raises 112449.00 to 112449.00 and is all-in
Junkiebe4t calls 102574.00
*** TURN *** [Kh 6s 9h] [Ks]
Main pot 244648.00
*** RIVER *** [Kh 6s 9h Ks] [7c]
Main pot 244648.00
*** SHOW DOWN ***
Main pot 244648.00
Junkiebe4t shows [As Ad] (two pair, Aces and Kings [As Ad Ks Kh 9h])
mattylew9 shows [Qs Kd] (three of a kind, Set of Kings [Ks Kh Kd Qs 9h])
mattylew9 collected 244648.00 from main pot
*** SUMMARY ***
Total pot 244648.00
Board [Kh 6s 9h Ks 7c]
Seat 1: luckyfold777 folded on the Pre-Flop and did not bet
Seat 2: amantheghost folded on the Pre-Flop and did not bet
Seat 3: lipesticky folded on the Pre-Flop and did not bet
Seat 4: Junkiebe4t showed [As Ad] and lost with two pair, Aces and Kings [As Ad Ks Kh 9h]
Seat 5: KingMaia folded on the Pre-Flop and did not bet
Seat 6: Santocx (button) folded on the Pre-Flop
Seat 7: WayToGoBill (small blind) folded on the Pre-Flop
Seat 8: mattylew9 (big blind) showed [Qs Kd] and won 244648.00 with three of a kind, Set of Kings [Ks Kh Kd Qs 9h]

Game Hand #2020407570 - Tournament #31156289 - Holdem (No Limit) - Level 7 (1750.00/3500.00)- 2024/02/07 20:21:15 UTC
Table '24' 8-max Seat #7 is the button
Seat 1: luckyfold777 (318417.00)
Seat 2: amantheghost (198179.00)
Seat 3: lipesticky (127953.00)
Seat 4: Junkiebe4t (4551.00)
Seat 5: KingMaia (89362.00)
Seat 6: Santocx (286375.00)
Seat 7: WayToGoBill (118875.00)
Seat 8: mattylew9 (244648.00)
luckyfold777 posts ante 500.00
amantheghost posts ante 500.00
lipesticky posts ante 500.00
Junkiebe4t posts ante 500.00
KingMaia posts ante 500.00
Santocx posts ante 500.00
WayToGoBill posts ante 500.00
mattylew9 posts ante 500.00
mattylew9 posts the small blind 1750.00
luckyfold777 posts the big blind 3500.00
*** HOLE CARDS ***
Main pot 4000.00
Dealt to lipesticky [2d 6s]
amantheghost raises 7350.00 to 7350.00
lipesticky folds
Junkiebe4t calls 4051.00 and is all-in
KingMaia folds
Santocx folds
WayToGoBill raises 118375.00 to 118375.00 and is all-in
mattylew9 folds
luckyfold777 folds
amantheghost calls 111025.00
*** FLOP *** [4d 3s 6h]
Main pot 21403.00
Side pot(1) 228648.00
*** TURN *** [4d 3s 6h] [7s]
Main pot 21403.00
Side pot(1) 228648.00
*** RIVER *** [4d 3s 6h 7s] [3c]
Main pot 21403.00
Side pot(1) 228648.00
*** SHOW DOWN ***
Main pot 21403.00
Side pot(1) 228648.00
amantheghost shows [Jc Qs] (a pair of Threes [3s 3c Qs Jc 7s])
Junkiebe4t shows [Ah Ks] (a pair of Threes [3s 3c Ah Ks 7s])
WayToGoBill shows [Td Ac] (a pair of Threes [3s 3c Ac Td 7s])
Junkiebe4t collected 21403.00 from main pot
WayToGoBill collected 228648.00 from side pot-1
*** SUMMARY ***
Total pot 250051.00
Board [4d 3s 6h 7s 3c]
Seat 1: luckyfold777 (big blind) folded on the Pre-Flop
Seat 2: amantheghost showed [Jc Qs] and lost with a pair of Threes [3s 3c Qs Jc 7s]
Seat 3: lipesticky folded on the Pre-Flop and did not bet
Seat 4: Junkiebe4t showed [Ah Ks] and won 21403.00 with a pair of Threes [3s 3c Ah Ks 7s] with the kicker King
Seat 5: KingMaia folded on the Pre-Flop and did not bet
Seat 6: Santocx folded on the Pre-Flop and did not bet
Seat 7: WayToGoBill (button) showed [Td Ac] and won 228648.00 with a pair of Threes [3s 3c Ac Td 7s] with the kicker Ace
Seat 8: mattylew9 (small blind) folded on the Pre-Flop

Game Hand #2020408692 - Tournament #31156289 - Holdem (No Limit) - Level 7 (1750.00/3500.00)- 2024/02/07 20:22:21 UTC
Table '24' 8-max Seat #8 is the button
Seat 1: luckyfold777 (314417.00)
Seat 2: amantheghost (79304.00)
Seat 3: lipesticky (127453.00)
Seat 4: Junkiebe4t (21403.00)
Seat 5: KingMaia (88862.00)
Seat 6: Santocx (285875.00)
Seat 7: WayToGoBill (228648.00)
Seat 8: mattylew9 (242398.00)
luckyfold777 posts ante 500.00
amantheghost posts ante 500.00
lipesticky posts ante 500.00
Junkiebe4t posts ante 500.00
KingMaia posts ante 500.00
Santocx posts ante 500.00
WayToGoBill posts ante 500.00
mattylew9 posts ante 500.00
luckyfold777 posts the small blind 1750.00
amantheghost posts the big blind 3500.00
*** HOLE CARDS ***
Main pot 4000.00
Dealt to lipesticky [5d Jc]
lipesticky folds
Junkiebe4t folds
KingMaia folds
Santocx folds
WayToGoBill raises 8050.00 to 8050.00
mattylew9 raises 22050.00 to 22050.00
luckyfold777 folds
amantheghost folds
WayToGoBill calls 14000.00
*** FLOP *** [Ad 5h 3d]
Main pot 53350.00
WayToGoBill checks
mattylew9 bets 16005.00
WayToGoBill calls 16005.00
*** TURN *** [Ad 5h 3d] [Qc]
Main pot 85360.00
WayToGoBill checks
mattylew9 bets 46180.00
WayToGoBill folds
Uncalled bet (46180.00) returned to mattylew9
mattylew9 does not show
*** SUMMARY ***
Total pot 85360.00
Board [Ad 5h 3d Qc]
Seat 1: luckyfold777 (small blind) folded on the Pre-Flop
Seat 2: amantheghost (big blind) folded on the Pre-Flop
Seat 3: lipesticky folded on the Pre-Flop and did not bet
Seat 4: Junkiebe4t folded on the Pre-Flop and did not bet
Seat 5: KingMaia folded on the Pre-Flop and did not bet
Seat 6: Santocx folded on the Pre-Flop and did not bet
Seat 7: WayToGoBill folded on the Turn
Seat 8: mattylew9 did not show and won 85360.00

Game Hand #2020409783 - Tournament #31156289 - Holdem (No Limit) - Level 7 (1750.00/3500.00)- 2024/02/07 20:23:27 UTC
Table '24' 8-max Seat #1 is the button
Seat 1: luckyfold777 (312167.00)
Seat 2: amantheghost (75304.00)
Seat 3: lipesticky (126953.00)
Seat 4: Junkiebe4t (20903.00)
Seat 5: KingMaia (88362.00)
Seat 6: Santocx (285375.00)
Seat 7: WayToGoBill (190093.00)
Seat 8: mattylew9 (289203.00)
luckyfold777 posts ante 500.00
amantheghost posts ante 500.00
lipesticky posts ante 500.00
Junkiebe4t posts ante 500.00
KingMaia posts ante 500.00
Santocx posts ante 500.00
WayToGoBill posts ante 500.00
mattylew9 posts ante 500.00
amantheghost posts the small blind 1750.00
lipesticky posts the big blind 3500.00
*** HOLE CARDS ***
Main pot 4000.00
Dealt to lipesticky [Tc Ac]
Junkiebe4t raises 20403.00 to 20403.00 and is all-in
KingMaia folds
Santocx calls 20403.00
WayToGoBill folds
mattylew9 folds
luckyfold777 folds
amantheghost folds
lipesticky calls 16903.00
*** FLOP *** [As Jc Qc]
Main pot 66959.00
lipesticky checks
Santocx bets 25338.00
lipesticky calls 25338.00
*** TURN *** [As Jc Qc] [Ah]
Main pot 66959.00
Side pot(1) 50676.00
lipesticky checks
Santocx checks
*** RIVER *** [As Jc Qc Ah] [5h]
Main pot 66959.00
Side pot(1) 50676.00
lipesticky bets 16070.00
Santocx raises 239134.00 to 239134.00 and is all-in
lipesticky folds
Uncalled bet (223064.00) returned to Santocx
*** SHOW DOWN ***
Main pot 66959.00
Side pot(1) 82816.00
Junkiebe4t shows [4h 4c] (two pair, Aces and Fours [As Ah 4h 4c Qc])
Santocx shows [Ad Qd] (a full house, Aces full of Queens [As Ah Ad Qd Qc])
Santocx collected 66959.00 from main pot
Santocx collected 82816.00 from side pot-1
*** SUMMARY ***
Total pot 149775.00
Board [As Jc Qc Ah 5h]
Seat 1: luckyfold777 (button) folded on the Pre-Flop
Seat 2: amantheghost (small blind) folded on the Pre-Flop
Seat 3: lipesticky (big blind) folded on the River
Seat 4: Junkiebe4t showed [4h 4c] and lost with two pair, Aces and Fours [As Ah 4h 4c Qc]
Seat 5: KingMaia folded on the Pre-Flop and did not bet
Seat 6: Santocx showed [Ad Qd] and won 149775.00 with a full house, Aces full of Queens [As Ah Ad Qd Qc]
Seat 7: WayToGoBill folded on the Pre-Flop and did not bet
Seat 8: mattylew9 folded on the Pre-Flop and did not bet

Game Hand #2020411810 - Tournament #31156289 - Holdem (No Limit) - Level 7 (1750.00/3500.00)- 2024/02/07 20:25:29 UTC
Table '24' 8-max Seat #2 is the button
Seat 1: luckyfold777 (311667.00)
Seat 2: amantheghost (73054.00)
Seat 3: lipesticky (64642.00)
Seat 4: Hoodwink1 (116286.00)
Seat 5: KingMaia (87862.00)
Seat 6: Santocx (372839.00)
Seat 7: WayToGoBill (189593.00)
Seat 8: mattylew9 (288703.00)
luckyfold777 posts ante 500.00
amantheghost posts ante 500.00
lipesticky posts ante 500.00
Hoodwink1 posts ante 500.00
KingMaia posts ante 500.00
Santocx posts ante 500.00
WayToGoBill posts ante 500.00
mattylew9 posts ante 500.00
lipesticky posts the small blind 1750.00
Hoodwink1 posts the big blind 3500.00
*** HOLE CARDS ***
Main pot 4000.00
Dealt to lipesticky [Ac Ks]
KingMaia folds
Santocx folds
WayToGoBill folds
mattylew9 folds
luckyfold777 folds
amantheghost folds
lipesticky raises 62392.00 to 64142.00 and is all-in
Hoodwink1 folds
Uncalled bet (60642.00) returned to lipesticky
lipesticky does not show
*** SUMMARY ***
Total pot 11000.00
Seat 1: luckyfold777 folded on the Pre-Flop and did not bet
Seat 2: amantheghost (button) folded on the Pre-Flop
Seat 3: lipesticky did not show and won 11000.00
Seat 4: Hoodwink1 (big blind) folded on the Pre-Flop
Seat 5: KingMaia folded on the Pre-Flop and did not bet
Seat 6: Santocx folded on the Pre-Flop and did not bet
Seat 7: WayToGoBill folded on the Pre-Flop and did not bet
Seat 8: mattylew9 folded on the Pre-Flop and did not bet

Game Hand #2020412507 - Tournament #31156289 - Holdem (No Limit) - Level 7 (1750.00/3500.00)- 2024/02/07 20:26:09 UTC
Table '24' 8-max Seat #3 is the button
Seat 1: luckyfold777 (311167.00)
Seat 2: amantheghost (72554.00)
Seat 3: lipesticky (71642.00)
Seat 4: Hoodwink1 (112286.00)
Seat 5: KingMaia (87362.00)
Seat 6: Santocx (372339.00)
Seat 7: WayToGoBill (189093.00)
Seat 8: mattylew9 (288203.00)
luckyfold777 posts ante 500.00
amantheghost posts ante 500.00
lipesticky posts ante 500.00
Hoodwink1 posts ante 500.00
KingMaia posts ante 500.00
Santocx posts ante 500.00
WayToGoBill posts ante 500.00
mattylew9 posts ante 500.00
Hoodwink1 posts the small blind 1750.00
KingMaia posts the big blind 3500.00
*** HOLE CARDS ***
Main pot 4000.00
Dealt to lipesticky [8d Tc]
Santocx folds
WayToGoBill raises 7000.00 to 7000.00
mattylew9 folds
luckyfold777 folds
amantheghost raises 72054.00 to 72054.00 and is all-in
lipesticky folds
Hoodwink1 folds
KingMaia folds
WayToGoBill calls 65054.00
*** FLOP *** [8c 6s Ts]
Main pot 153358.00
*** TURN *** [8c 6s Ts] [3h]
Main pot 153358.00
*** RIVER *** [8c 6s Ts 3h] [Jh]
Main pot 153358.00
*** SHOW DOWN ***
Main pot 153358.00
amantheghost shows [As Ad] (a pair of Aces [As Ad Jh Ts 8c])
WayToGoBill shows [Qc Jd] (a pair of Jacks [Jh Jd Qc Ts 8c])
amantheghost collected 153358.00 from main pot
*** SUMMARY ***
Total pot 153358.00
Board [8c 6s Ts 3h Jh]
Seat 1: luckyfold777 folded on the Pre-Flop and did not bet
Seat 2: amantheghost showed [As Ad] and won 153358.00 with a pair of Aces [As Ad Jh Ts 8c]
Seat 3: lipesticky (button) folded on the Pre-Flop
Seat 4: Hoodwink1 (small blind) folded on the Pre-Flop
Seat 5: KingMaia (big blind) folded on the Pre-Flop
Seat 6: Santocx folded on the Pre-Flop and did not bet
Seat 7: WayToGoBill showed [Qc Jd] and lost with a pair of Jacks [Jh Jd Qc Ts 8c]
Seat 8: mattylew9 folded on the Pre-Flop and did not bet

Game Hand #2020413091 - Tournament #31156289 - Holdem (No Limit) - Level 7 (1750.00/3500.00)- 2024/02/07 20:26:46 UTC
Table '24' 8-max Seat #4 is the button
Seat 1: luckyfold777 (310667.00)
Seat 2: amantheghost (153358.00)
Seat 3: lipesticky (71142.00)
Seat 4: Hoodwink1 (110036.00)
Seat 5: KingMaia (83362.00)
Seat 6: Santocx (371839.00)
Seat 7: WayToGoBill (116539.00)
Seat 8: mattylew9 (287703.00)
luckyfold777 posts ante 500.00
amantheghost posts ante 500.00
lipesticky posts ante 500.00
Hoodwink1 posts ante 500.00
KingMaia posts ante 500.00
Santocx posts ante 500.00
WayToGoBill posts ante 500.00
mattylew9 posts ante 500.00
KingMaia posts the small blind 1750.00
Santocx posts the big blind 3500.00
*** HOLE CARDS ***
Main pot 4000.00
Dealt to lipesticky [Td 6s]
WayToGoBill folds
mattylew9 folds
luckyfold777 folds
amantheghost folds
lipesticky folds
Hoodwink1 raises 8000.00 to 8000.00
KingMaia raises 81112.00 to 82862.00 and is all-in
Santocx folds
Hoodwink1 folds
Uncalled bet (74862.00) returned to KingMaia
KingMaia does not show
*** SUMMARY ***
Total pot 23500.00
Seat 1: luckyfold777 folded on the Pre-Flop and did not bet
Seat 2: amantheghost folded on the Pre-Flop and did not bet
Seat 3: lipesticky folded on the Pre-Flop and did not bet
Seat 4: Hoodwink1 (button) folded on the Pre-Flop
Seat 5: KingMaia did not show and won 23500.00
Seat 6: Santocx (big blind) folded on the Pre-Flop
Seat 7: WayToGoBill folded on the Pre-Flop and did not bet
Seat 8: mattylew9 folded on the Pre-Flop and did not bet

Game Hand #2020414046 - Tournament #31156289 - Holdem (No Limit) - Level 7 (1750.00/3500.00)- 2024/02/07 20:27:45 UTC
Table '24' 8-max Seat #5 is the button
Seat 1: luckyfold777 (310167.00) is sitting out
Seat 2: amantheghost (152858.00)
Seat 3: lipesticky (70642.00)
Seat 4: Hoodwink1 (101536.00)
Seat 5: KingMaia (98362.00)
Seat 6: Santocx (367839.00)
Seat 7: WayToGoBill (116039.00)
Seat 8: mattylew9 (287203.00)
luckyfold777 posts ante 500.00
amantheghost posts ante 500.00
lipesticky posts ante 500.00
Hoodwink1 posts ante 500.00
KingMaia posts ante 500.00
Santocx posts ante 500.00
WayToGoBill posts ante 500.00
mattylew9 posts ante 500.00
Santocx posts the small blind 1750.00
WayToGoBill posts the big blind 3500.00
*** HOLE CARDS ***
Main pot 4000.00
Dealt to lipesticky [Jc 7d]
mattylew9 folds
luckyfold777 folds
amantheghost folds
lipesticky folds
Hoodwink1 raises 7000.00 to 7000.00
KingMaia folds
Santocx folds
WayToGoBill folds
Uncalled bet (3500.00) returned to Hoodwink1
Hoodwink1 does not show
*** SUMMARY ***
Total pot 12750.00
Seat 1: luckyfold777 folded on the Pre-Flop and did not bet
Seat 2: amantheghost folded on the Pre-Flop and did not bet
Seat 3: lipesticky folded on the Pre-Flop and did not bet
Seat 4: Hoodwink1 did not show and won 12750.00
Seat 5: KingMaia (button) folded on the Pre-Flop
Seat 6: Santocx (small blind) folded on the Pre-Flop
Seat 7: WayToGoBill (big blind) folded on the Pre-Flop
Seat 8: mattylew9 folded on the Pre-Flop and did not bet

Game Hand #2020414420 - Tournament #31156289 - Holdem (No Limit) - Level 7 (1750.00/3500.00)- 2024/02/07 20:28:08 UTC
Table '24' 8-max Seat #6 is the button
Seat 1: luckyfold777 (309667.00) is sitting out
Seat 2: amantheghost (152358.00)
Seat 3: lipesticky (70142.00)
Seat 4: Hoodwink1 (110286.00)
Seat 5: KingMaia (97862.00)
Seat 6: Santocx (365589.00)
Seat 7: WayToGoBill (112039.00)
Seat 8: mattylew9 (286703.00)
luckyfold777 posts ante 500.00
amantheghost posts ante 500.00
lipesticky posts ante 500.00
Hoodwink1 posts ante 500.00
KingMaia posts ante 500.00
Santocx posts ante 500.00
WayToGoBill posts ante 500.00
mattylew9 posts ante 500.00
WayToGoBill posts the small blind 1750.00
mattylew9 posts the big blind 3500.00
*** HOLE CARDS ***
Main pot 4000.00
Dealt to lipesticky [6h 5d]
luckyfold777 folds
amantheghost raises 7350.00 to 7350.00
lipesticky folds
Hoodwink1 folds
KingMaia folds
Santocx folds
WayToGoBill raises 109789.00 to 111539.00 and is all-in
mattylew9 folds
amantheghost folds
Uncalled bet (104189.00) returned to WayToGoBill
WayToGoBill does not show
*** SUMMARY ***
Total pot 22200.00
Seat 1: luckyfold777 folded on the Pre-Flop and did not bet
Seat 2: amantheghost folded on the Pre-Flop and did not bet
Seat 3: lipesticky folded on the Pre-Flop and did not bet
Seat 4: Hoodwink1 folded on the Pre-Flop and did not bet
Seat 5: KingMaia folded on the Pre-Flop and did not bet
Seat 6: Santocx (button) folded on the Pre-Flop
Seat 7: WayToGoBill did not show and won 22200.00
Seat 8: mattylew9 (big blind) folded on the Pre-Flop

Game Hand #2020415106 - Tournament #31156289 - Holdem (No Limit) - Level 8 (2000.00/4000.00)- 2024/02/07 20:28:49 UTC
Table '24' 8-max Seat #7 is the button
Seat 1: luckyfold777 (309167.00)
Seat 2: amantheghost (144508.00)
Seat 3: lipesticky (69642.00)
Seat 4: Hoodwink1 (109786.00)
Seat 5: KingMaia (97362.00)
Seat 6: Santocx (365089.00)
Seat 7: WayToGoBill (126389.00)
Seat 8: mattylew9 (282703.00)
luckyfold777 posts ante 600.00
amantheghost posts ante 600.00
lipesticky posts ante 600.00
Hoodwink1 posts ante 600.00
KingMaia posts ante 600.00
Santocx posts ante 600.00
WayToGoBill posts ante 600.00
mattylew9 posts ante 600.00
mattylew9 posts the small blind 2000.00
luckyfold777 posts the big blind 4000.00
*** HOLE CARDS ***
Main pot 4800.00
Dealt to lipesticky [4h 6h]
amantheghost folds
lipesticky folds
Hoodwink1 folds
KingMaia folds
Santocx raises 8000.00 to 8000.00
WayToGoBill folds
mattylew9 folds
luckyfold777 calls 4000.00
*** FLOP *** [9h Td 5s]
Main pot 22800.00
luckyfold777 checks
Santocx bets 16416.00
luckyfold777 calls 16416.00
*** TURN *** [9h Td 5s] [Th]
Main pot 55632.00
luckyfold777 checks
Santocx bets 33485.00
luckyfold777 calls 33485.00
*** RIVER *** [9h Td 5s Th] [Qd]
Main pot 122602.00
luckyfold777 checks
Santocx bets 92979.00
luckyfold777 folds
Uncalled bet (92979.00) returned to Santocx
Santocx does not show
*** SUMMARY ***
Total pot 122602.00
Board [9h Td 5s Th Qd]
Seat 1: luckyfold777 (big blind) folded on the River
Seat 2: amantheghost folded on the Pre-Flop and did not bet
Seat 3: lipesticky folded on the Pre-Flop and did not bet
Seat 4: Hoodwink1 folded on the Pre-Flop and did not bet
Seat 5: KingMaia folded on the Pre-Flop and did not bet
Seat 6: Santocx did not show and won 122602.00
Seat 7: WayToGoBill (button) folded on the Pre-Flop
Seat 8: mattylew9 (small blind) folded on the Pre-Flop

Game Hand #2020416578 - Tournament #31156289 - Holdem (No Limit) - Level 8 (2000.00/4000.00)- 2024/02/07 20:30:14 UTC
Table '24' 8-max Seat #8 is the button
Seat 1: luckyfold777 (250666.00)
Seat 2: amantheghost (143908.00)
Seat 3: lipesticky (69042.00)
Seat 4: Hoodwink1 (109186.00)
Seat 5: KingMaia (96762.00)
Seat 6: Santocx (429190.00)
Seat 7: WayToGoBill (125789.00)
Seat 8: mattylew9 (280103.00)
luckyfold777 posts ante 600.00
amantheghost posts ante 600.00
lipesticky posts ante 600.00
Hoodwink1 posts ante 600.00
KingMaia posts ante 600.00
Santocx posts ante 600.00
WayToGoBill posts ante 600.00
mattylew9 posts ante 600.00
luckyfold777 posts the small blind 2000.00
amantheghost posts the big blind 4000.00
*** HOLE CARDS ***
Main pot 4800.00
Dealt to lipesticky [9h 9d]
lipesticky raises 8000.00 to 8000.00
Hoodwink1 folds
KingMaia folds
Santocx folds
WayToGoBill calls 8000.00
mattylew9 calls 8000.00
luckyfold777 folds
amantheghost calls 4000.00
*** FLOP *** [7h Ks Qd]
Main pot 38800.00
amantheghost checks
lipesticky checks
WayToGoBill checks
mattylew9 checks
*** TURN *** [7h Ks Qd] [2h]
Main pot 38800.00
amantheghost bets 19400.00
lipesticky folds
WayToGoBill folds
mattylew9 folds
mattylew9 shows [9s -]
Uncalled bet (19400.00) returned to amantheghost
amantheghost does not show
*** SUMMARY ***
Total pot 38800.00
Board [7h Ks Qd 2h]
Seat 1: luckyfold777 (small blind) folded on the Pre-Flop
Seat 2: amantheghost did not show and won 38800.00
Seat 3: lipesticky folded on the Turn
Seat 4: Hoodwink1 folded on the Pre-Flop and did not bet
Seat 5: KingMaia folded on the Pre-Flop and did not bet
Seat 6: Santocx folded on the Pre-Flop and did not bet
Seat 7: WayToGoBill folded on the Turn
Seat 8: mattylew9 (button) showed [9s -] and folded on the Turn

Game Hand #2020417779 - Tournament #31156289 - Holdem (No Limit) - Level 8 (2000.00/4000.00)- 2024/02/07 20:31:18 UTC
Table '24' 8-max Seat #1 is the button
Seat 1: luckyfold777 (248066.00)
Seat 2: amantheghost (174108.00)
Seat 3: lipesticky (60442.00)
Seat 4: Hoodwink1 (108586.00)
Seat 5: KingMaia (96162.00)
Seat 6: Santocx (428590.00)
Seat 7: WayToGoBill (117189.00)
Seat 8: mattylew9 (271503.00)
luckyfold777 posts ante 600.00
amantheghost posts ante 600.00
lipesticky posts ante 600.00
Hoodwink1 posts ante 600.00
KingMaia posts ante 600.00
Santocx posts ante 600.00
WayToGoBill posts ante 600.00
mattylew9 posts ante 600.00
amantheghost posts the small blind 2000.00
lipesticky posts the big blind 4000.00
*** HOLE CARDS ***
Main pot 4800.00
Dealt to lipesticky [9s Jd]
Hoodwink1 folds
KingMaia folds
Santocx raises 8000.00 to 8000.00
WayToGoBill raises 116589.00 to 116589.00 and is all-in
mattylew9 folds
luckyfold777 folds
amantheghost raises 171508.00 to 173508.00 and is all-in
lipesticky folds
Santocx folds
Uncalled bet (56919.00) returned to amantheghost
*** FLOP *** [8c 4c As]
Main pot 249978.00
*** TURN *** [8c 4c As] [7d]
Main pot 249978.00
*** RIVER *** [8c 4c As 7d] [5h]
Main pot 249978.00
*** SHOW DOWN ***
Main pot 249978.00
amantheghost shows [Ad Ks] (a pair of Aces [As Ad Ks 8c 7d])
WayToGoBill shows [2d 2h] (a pair of Deuces [2h 2d As 8c 7d])
amantheghost collected 249978.00 from main pot
*** SUMMARY ***
Total pot 249978.00
Board [8c 4c As 7d 5h]
Seat 1: luckyfold777 (button) folded on the Pre-Flop
Seat 2: amantheghost (small blind) showed [Ad Ks] and won 249978.00 with a pair of Aces [As Ad Ks 8c 7d]
Seat 3: lipesticky (big blind) folded on the Pre-Flop
Seat 4: Hoodwink1 folded on the Pre-Flop and did not bet
Seat 5: KingMaia folded on the Pre-Flop and did not bet
Seat 6: Santocx folded on the Pre-Flop and did not bet
Seat 7: WayToGoBill showed [2d 2h] and lost with a pair of Deuces [2h 2d As 8c 7d]
Seat 8: mattylew9 folded on the Pre-Flop and did not bet

Game Hand #2020419320 - Tournament #31156289 - Holdem (No Limit) - Level 8 (2000.00/4000.00)- 2024/02/07 20:32:42 UTC
Table '24' 8-max Seat #2 is the button
Seat 1: luckyfold777 (247466.00) is sitting out
Seat 2: amantheghost (306897.00)
Seat 3: lipesticky (55842.00)
Seat 4: Hoodwink1 (107986.00)
Seat 5: KingMaia (95562.00)
Seat 6: Santocx (419990.00)
Seat 8: mattylew9 (270903.00)
luckyfold777 posts ante 600.00
amantheghost posts ante 600.00
lipesticky posts ante 600.00
Hoodwink1 posts ante 600.00
KingMaia posts ante 600.00
Santocx posts ante 600.00
mattylew9 posts ante 600.00
lipesticky posts the small blind 2000.00
Hoodwink1 posts the big blind 4000.00
*** HOLE CARDS ***
Main pot 4200.00
Dealt to lipesticky [Ah Qs]
KingMaia folds
Santocx folds
mattylew9 folds
luckyfold777 folds
amantheghost folds
lipesticky raises 53242.00 to 55242.00 and is all-in
Hoodwink1 folds
Uncalled bet (51242.00) returned to lipesticky
lipesticky does not show
*** SUMMARY ***
Total pot 12200.00
Seat 1: luckyfold777 folded on the Pre-Flop and did not bet
Seat 2: amantheghost (button) folded on the Pre-Flop
Seat 3: lipesticky did not show and won 12200.00
Seat 4: Hoodwink1 (big blind) folded on the Pre-Flop
Seat 5: KingMaia folded on the Pre-Flop and did not bet
Seat 6: Santocx folded on the Pre-Flop and did not bet
Seat 8: mattylew9 folded on the Pre-Flop and did not bet

Game Hand #2020419831 - Tournament #31156289 - Holdem (No Limit) - Level 8 (2000.00/4000.00)- 2024/02/07 20:33:10 UTC
Table '24' 8-max Seat #3 is the button
Seat 1: luckyfold777 (246866.00) is sitting out
Seat 2: amantheghost (306297.00)
Seat 3: lipesticky (63442.00)
Seat 4: Hoodwink1 (103386.00)
Seat 5: KingMaia (94962.00)
Seat 6: Santocx (419390.00)
Seat 8: mattylew9 (270303.00)
luckyfold777 posts ante 600.00
amantheghost posts ante 600.00
lipesticky posts ante 600.00
Hoodwink1 posts ante 600.00
KingMaia posts ante 600.00
Santocx posts ante 600.00
mattylew9 posts ante 600.00
Hoodwink1 posts the small blind 2000.00
KingMaia posts the big blind 4000.00
*** HOLE CARDS ***
Main pot 4200.00
Dealt to lipesticky [Ks Tc]
Santocx raises 8000.00 to 8000.00
mattylew9 raises 28800.00 to 28800.00
luckyfold777 folds
amantheghost calls 28800.00
lipesticky folds
Hoodwink1 folds
KingMaia folds
Santocx folds
*** FLOP *** [Jd Th Ts]
Main pot 75800.00
mattylew9 checks
amantheghost checks
*** TURN *** [Jd Th Ts] [9s]
Main pot 75800.00
mattylew9 bets 22740.00
amantheghost calls 22740.00
*** RIVER *** [Jd Th Ts 9s] [Js]
Main pot 121280.00
mattylew9 checks
amantheghost checks
*** SHOW DOWN ***
Main pot 121280.00
amantheghost shows [Ah Kc] (two pair, Jacks and Tens [Js Jd Ts Th Ah])
mattylew9 shows [As Qc] (two pair, Jacks and Tens [Js Jd Ts Th As])
amantheghost collected 60640.00 from main pot
mattylew9 collected 60640.00 from main pot
*** SUMMARY ***
Total pot 121280.00
Board [Jd Th Ts 9s Js]
Seat 1: luckyfold777 folded on the Pre-Flop and did not bet
Seat 2: amantheghost showed [Ah Kc] and won 60640.00 with two pair, Jacks and Tens [Js Jd Ts Th Ah]
Seat 3: lipesticky (button) folded on the Pre-Flop
Seat 4: Hoodwink1 (small blind) folded on the Pre-Flop
Seat 5: KingMaia (big blind) folded on the Pre-Flop
Seat 6: Santocx folded on the Pre-Flop and did not bet
Seat 8: mattylew9 showed [As Qc] and won 60640.00 with two pair, Jacks and Tens [Js Jd Ts Th As]

Game Hand #2020421693 - Tournament #31156289 - Holdem (No Limit) - Level 8 (2000.00/4000.00)- 2024/02/07 20:34:57 UTC
Table '24' 8-max Seat #4 is the button
Seat 1: luckyfold777 (246266.00)
Seat 2: amantheghost (314797.00)
Seat 3: lipesticky (62842.00)
Seat 4: Hoodwink1 (100786.00)
Seat 5: KingMaia (90362.00)
Seat 6: Santocx (410790.00)
Seat 7: Pocket3Zz (131825.00)
Seat 8: mattylew9 (278803.00)
luckyfold777 posts ante 600.00
amantheghost posts ante 600.00
lipesticky posts ante 600.00
Hoodwink1 posts ante 600.00
KingMaia posts ante 600.00
Santocx posts ante 600.00
Pocket3Zz posts ante 600.00
mattylew9 posts ante 600.00
KingMaia posts the small blind 2000.00
Santocx posts the big blind 4000.00
*** HOLE CARDS ***
Main pot 4800.00
Dealt to lipesticky [8s Th]
Pocket3Zz folds
mattylew9 folds
luckyfold777 folds
amantheghost folds
lipesticky folds
Hoodwink1 raises 8000.00 to 8000.00
KingMaia folds
Santocx calls 4000.00
*** FLOP *** [Ts Qd Qc]
Main pot 22800.00
Santocx checks
Hoodwink1 bets 5700.00
Santocx folds
Uncalled bet (5700.00) returned to Hoodwink1
Hoodwink1 does not show
*** SUMMARY ***
Total pot 22800.00
Board [Ts Qd Qc]
Seat 1: luckyfold777 folded on the Pre-Flop and did not bet
Seat 2: amantheghost folded on the Pre-Flop and did not bet
Seat 3: lipesticky folded on the Pre-Flop and did not bet
Seat 4: Hoodwink1 did not show and won 22800.00
Seat 5: KingMaia (small blind) folded on the Pre-Flop
Seat 6: Santocx (big blind) folded on the Flop
Seat 7: Pocket3Zz folded on the Pre-Flop and did not bet
Seat 8: mattylew9 folded on the Pre-Flop and did not bet

Game Hand #2020423081 - Tournament #31156289 - Holdem (No Limit) - Level 8 (2000.00/4000.00)- 2024/02/07 20:36:15 UTC
Table '24' 8-max Seat #5 is the button
Seat 1: luckyfold777 (245666.00) is sitting out
Seat 2: amantheghost (314197.00)
Seat 3: lipesticky (62242.00)
Seat 4: Hoodwink1 (114986.00)
Seat 5: KingMaia (87762.00)
Seat 6: Santocx (402190.00)
Seat 7: Pocket3Zz (131225.00)
Seat 8: mattylew9 (278203.00)
luckyfold777 posts ante 600.00
amantheghost posts ante 600.00
lipesticky posts ante 600.00
Hoodwink1 posts ante 600.00
KingMaia posts ante 600.00
Santocx posts ante 600.00
Pocket3Zz posts ante 600.00
mattylew9 posts ante 600.00
Santocx posts the small blind 2000.00
Pocket3Zz posts the big blind 4000.00
*** HOLE CARDS ***
Main pot 4800.00
Dealt to lipesticky [4s 8h]
mattylew9 folds
luckyfold777 folds
amantheghost folds
lipesticky folds
Hoodwink1 raises 8000.00 to 8000.00
KingMaia folds
Santocx folds
Pocket3Zz calls 4000.00
*** FLOP *** [2h Ac 2s]
Main pot 22800.00
Pocket3Zz checks
Hoodwink1 checks
*** TURN *** [2h Ac 2s] [Qs]
Main pot 22800.00
Pocket3Zz bets 6000.00
Hoodwink1 calls 6000.00
*** RIVER *** [2h Ac 2s Qs] [Ts]
Main pot 34800.00
Pocket3Zz checks
Hoodwink1 bets 26100.00
Pocket3Zz folds
Uncalled bet (26100.00) returned to Hoodwink1
Hoodwink1 does not show
*** SUMMARY ***
Total pot 34800.00
Board [2h Ac 2s Qs Ts]
Seat 1: luckyfold777 folded on the Pre-Flop and did not bet
Seat 2: amantheghost folded on the Pre-Flop and did not bet
Seat 3: lipesticky folded on the Pre-Flop and did not bet
Seat 4: Hoodwink1 did not show and won 34800.00
Seat 5: KingMaia (button) folded on the Pre-Flop
Seat 6: Santocx (small blind) folded on the Pre-Flop
Seat 7: Pocket3Zz (big blind) folded on the River
Seat 8: mattylew9 folded on the Pre-Flop and did not bet

Game Hand #2020424508 - Tournament #31156289 - Holdem (No Limit) - Level 8 (2000.00/4000.00)- 2024/02/07 20:37:37 UTC
Table '24' 8-max Seat #6 is the button
Seat 1: luckyfold777 (245066.00)
Seat 2: amantheghost (313597.00)
Seat 3: lipesticky (61642.00)
Seat 4: Hoodwink1 (135186.00)
Seat 5: KingMaia (87162.00)
Seat 6: Santocx (399590.00)
Seat 7: Pocket3Zz (116625.00)
Seat 8: mattylew9 (277603.00)
luckyfold777 posts ante 600.00
amantheghost posts ante 600.00
lipesticky posts ante 600.00
Hoodwink1 posts ante 600.00
KingMaia posts ante 600.00
Santocx posts ante 600.00
Pocket3Zz posts ante 600.00
mattylew9 posts ante 600.00
Pocket3Zz posts the small blind 2000.00
mattylew9 posts the big blind 4000.00
*** HOLE CARDS ***
Main pot 4800.00
Dealt to lipesticky [7d 4c]
luckyfold777 raises 8000.00 to 8000.00
amantheghost calls 8000.00
lipesticky folds
Hoodwink1 folds
KingMaia raises 86562.00 to 86562.00 and is all-in
Santocx folds
Pocket3Zz folds
mattylew9 folds
luckyfold777 raises 236466.00 to 244466.00 and is all-in
amantheghost folds
Uncalled bet (157904.00) returned to luckyfold777
*** FLOP *** [2h 4d 5h]
Main pot 191924.00
*** TURN *** [2h 4d 5h] [8s]
Main pot 191924.00
*** RIVER *** [2h 4d 5h 8s] [Qh]
Main pot 191924.00
*** SHOW DOWN ***
Main pot 191924.00
luckyfold777 shows [Jh Jd] (a pair of Jacks [Jh Jd Qh 8s 5h])
KingMaia shows [Kc Qc] (a pair of Queens [Qh Qc Kc 8s 5h])
KingMaia collected 191924.00 from main pot
*** SUMMARY ***
Total pot 191924.00
Board [2h 4d 5h 8s Qh]
Seat 1: luckyfold777 showed [Jh Jd] and lost with a pair of Jacks [Jh Jd Qh 8s 5h]
Seat 2: amantheghost folded on the Pre-Flop and did not bet
Seat 3: lipesticky folded on the Pre-Flop and did not bet
Seat 4: Hoodwink1 folded on the Pre-Flop and did not bet
Seat 5: KingMaia showed [Kc Qc] and won 191924.00 with a pair of Queens [Qh Qc Kc 8s 5h]
Seat 6: Santocx (button) folded on the Pre-Flop
Seat 7: Pocket3Zz (small blind) folded on the Pre-Flop
Seat 8: mattylew9 (big blind) folded on the Pre-Flop

Game Hand #2020425448 - Tournament #31156289 - Holdem (No Limit) - Level 8 (2000.00/4000.00)- 2024/02/07 20:38:31 UTC
Table '24' 8-max Seat #7 is the button
Seat 1: luckyfold777 (157904.00)
Seat 2: amantheghost (304997.00)
Seat 3: lipesticky (61042.00)
Seat 4: Hoodwink1 (134586.00)
Seat 5: KingMaia (191924.00)
Seat 6: Santocx (398990.00)
Seat 7: Pocket3Zz (114025.00)
Seat 8: mattylew9 (273003.00)
luckyfold777 posts ante 600.00
amantheghost posts ante 600.00
lipesticky posts ante 600.00
Hoodwink1 posts ante 600.00
KingMaia posts ante 600.00
Santocx posts ante 600.00
Pocket3Zz posts ante 600.00
mattylew9 posts ante 600.00
mattylew9 posts the small blind 2000.00
luckyfold777 posts the big blind 4000.00
*** HOLE CARDS ***
Main pot 4800.00
Dealt to lipesticky [7s 9c]
amantheghost raises 8400.00 to 8400.00
lipesticky folds
Hoodwink1 folds
KingMaia folds
Santocx folds
Pocket3Zz folds
mattylew9 folds
luckyfold777 calls 4400.00
*** FLOP *** [2c 5s Qd]
Main pot 23600.00
luckyfold777 checks
amantheghost bets 7900.00
luckyfold777 calls 7900.00
*** TURN *** [2c 5s Qd] [3h]
Main pot 39400.00
luckyfold777 checks
amantheghost checks
*** RIVER *** [2c 5s Qd 3h] [Qs]
Main pot 39400.00
luckyfold777 bets 21700.00
amantheghost calls 21700.00
*** SHOW DOWN ***
Main pot 82800.00
luckyfold777 shows [Ad 6d] (a pair of Queens [Qs Qd Ad 6d 5s])
amantheghost shows [As Ah] (two pair, Aces and Queens [As Ah Qs Qd 5s])
amantheghost collected 82800.00 from main pot
*** SUMMARY ***
Total pot 82800.00
Board [2c 5s Qd 3h Qs]
Seat 1: luckyfold777 (big blind) showed [Ad 6d] and lost with a pair of Queens [Qs Qd Ad 6d 5s]
Seat 2: amantheghost showed [As Ah] and won 82800.00 with two pair, Aces and Queens [As Ah Qs Qd 5s]
Seat 3: lipesticky folded on the Pre-Flop and did not bet
Seat 4: Hoodwink1 folded on the Pre-Flop and did not bet
Seat 5: KingMaia folded on the Pre-Flop and did not bet
Seat 6: Santocx folded on the Pre-Flop and did not bet
Seat 7: Pocket3Zz (button) folded on the Pre-Flop
Seat 8: mattylew9 (small blind) folded on the Pre-Flop

Game Hand #2020426399 - Tournament #31156289 - Holdem (No Limit) - Level 8 (2000.00/4000.00)- 2024/02/07 20:39:26 UTC
Table '24' 8-max Seat #8 is the button
Seat 1: luckyfold777 (119304.00)
Seat 2: amantheghost (349197.00)
Seat 3: lipesticky (60442.00)
Seat 4: Hoodwink1 (133986.00)
Seat 5: KingMaia (191324.00)
Seat 6: Santocx (398390.00)
Seat 7: Pocket3Zz (113425.00)
Seat 8: mattylew9 (270403.00)
luckyfold777 posts ante 600.00
amantheghost posts ante 600.00
lipesticky posts ante 600.00
Hoodwink1 posts ante 600.00
KingMaia posts ante 600.00
Santocx posts ante 600.00
Pocket3Zz posts ante 600.00
mattylew9 posts ante 600.00
luckyfold777 posts the small blind 2000.00
amantheghost posts the big blind 4000.00
*** HOLE CARDS ***
Main pot 4800.00
Dealt to lipesticky [Kd Qh]
lipesticky raises 8000.00 to 8000.00
Hoodwink1 folds
KingMaia folds
Santocx folds
Pocket3Zz calls 8000.00
mattylew9 folds
luckyfold777 folds
amantheghost calls 4000.00
*** FLOP *** [4h 3d 4d]
Main pot 30800.00
amantheghost checks
lipesticky checks
Pocket3Zz bets 14000.00
amantheghost folds
lipesticky folds
Uncalled bet (14000.00) returned to Pocket3Zz
Pocket3Zz does not show
*** SUMMARY ***
Total pot 30800.00
Board [4h 3d 4d]
Seat 1: luckyfold777 (small blind) folded on the Pre-Flop
Seat 2: amantheghost (big blind) folded on the Flop
Seat 3: lipesticky folded on the Flop
Seat 4: Hoodwink1 folded on the Pre-Flop and did not bet
Seat 5: KingMaia folded on the Pre-Flop and did not bet
Seat 6: Santocx folded on the Pre-Flop and did not bet
Seat 7: Pocket3Zz did not show and won 30800.00
Seat 8: mattylew9 (button) folded on the Pre-Flop

Game Hand #2020428007 - Tournament #31156289 - Holdem (No Limit) - Level 8 (2000.00/4000.00)- 2024/02/07 20:41:00 UTC
Table '24' 8-max Seat #1 is the button
Seat 1: luckyfold777 (116704.00)
Seat 2: amantheghost (340597.00)
Seat 3: lipesticky (51842.00)
Seat 4: Hoodwink1 (133386.00)
Seat 5: KingMaia (190724.00)
Seat 6: Santocx (397790.00)
Seat 7: Pocket3Zz (135625.00)
Seat 8: mattylew9 (269803.00)
luckyfold777 posts ante 600.00
amantheghost posts ante 600.00
lipesticky posts ante 600.00
Hoodwink1 posts ante 600.00
KingMaia posts ante 600.00
Santocx posts ante 600.00
Pocket3Zz posts ante 600.00
mattylew9 posts ante 600.00
amantheghost posts the small blind 2000.00
lipesticky posts the big blind 4000.00
*** HOLE CARDS ***
Main pot 4800.00
Dealt to lipesticky [7d Ts]
Hoodwink1 folds
KingMaia raises 8400.00 to 8400.00
Santocx folds
Pocket3Zz folds
mattylew9 folds
luckyfold777 folds
amantheghost folds
lipesticky folds
Uncalled bet (4400.00) returned to KingMaia
KingMaia does not show
*** SUMMARY ***
Total pot 14800.00
Seat 1: luckyfold777 (button) folded on the Pre-Flop
Seat 2: amantheghost (small blind) folded on the Pre-Flop
Seat 3: lipesticky (big blind) folded on the Pre-Flop
Seat 4: Hoodwink1 folded on the Pre-Flop and did not bet
Seat 5: KingMaia did not show and won 14800.00
Seat 6: Santocx folded on the Pre-Flop and did not bet
Seat 7: Pocket3Zz folded on the Pre-Flop and did not bet
Seat 8: mattylew9 folded on the Pre-Flop and did not bet

Game Hand #2020428701 - Tournament #31156289 - Holdem (No Limit) - Level 8 (2000.00/4000.00)- 2024/02/07 20:41:41 UTC
Table '24' 8-max Seat #2 is the button
Seat 1: luckyfold777 (116104.00)
Seat 2: amantheghost (337997.00)
Seat 3: lipesticky (47242.00)
Seat 4: Hoodwink1 (132786.00)
Seat 5: KingMaia (200924.00)
Seat 6: Santocx (397190.00)
Seat 7: Pocket3Zz (135025.00)
Seat 8: mattylew9 (269203.00)
luckyfold777 posts ante 600.00
amantheghost posts ante 600.00
lipesticky posts ante 600.00
Hoodwink1 posts ante 600.00
KingMaia posts ante 600.00
Santocx posts ante 600.00
Pocket3Zz posts ante 600.00
mattylew9 posts ante 600.00
lipesticky posts the small blind 2000.00
Hoodwink1 posts the big blind 4000.00
*** HOLE CARDS ***
Main pot 4800.00
Dealt to lipesticky [2d Jh]
KingMaia folds
Santocx folds
Pocket3Zz calls 4000.00
mattylew9 folds
luckyfold777 raises 14000.00 to 14000.00
amantheghost folds
lipesticky folds
Hoodwink1 folds
Pocket3Zz calls 10000.00
*** FLOP *** [6d 7d Ac]
Main pot 38800.00
Pocket3Zz checks
luckyfold777 bets 29100.00
Pocket3Zz calls 29100.00
*** TURN *** [6d 7d Ac] [As]
Main pot 97000.00
Pocket3Zz checks
luckyfold777 bets 72404.00 and is all-in
Pocket3Zz calls 72404.00
*** RIVER *** [6d 7d Ac As] [8s]
Main pot 241808.00
*** SHOW DOWN ***
Main pot 241808.00
luckyfold777 shows [4c Ad] (three of a kind, Set of Aces [As Ad Ac 8s 7d])
Pocket3Zz shows [Tc 7h] (two pair, Aces and Sevens [As Ac 7h 7d Tc])
luckyfold777 collected 241808.00 from main pot
*** SUMMARY ***
Total pot 241808.00
Board [6d 7d Ac As 8s]
Seat 1: luckyfold777 showed [4c Ad] and won 241808.00 with three of a kind, Set of Aces [As Ad Ac 8s 7d]
Seat 2: amantheghost (button) folded on the Pre-Flop
Seat 3: lipesticky (small blind) folded on the Pre-Flop
Seat 4: Hoodwink1 (big blind) folded on the Pre-Flop
Seat 5: KingMaia folded on the Pre-Flop and did not bet
Seat 6: Santocx folded on the Pre-Flop and did not bet
Seat 7: Pocket3Zz showed [Tc 7h] and lost with two pair, Aces and Sevens [As Ac 7h 7d Tc]
Seat 8: mattylew9 folded on the Pre-Flop and did not bet

Game Hand #2020430240 - Tournament #31156289 - Holdem (No Limit) - Level 8 (2000.00/4000.00)- 2024/02/07 20:43:15 UTC
Table '24' 8-max Seat #3 is the button
Seat 1: luckyfold777 (241808.00)
Seat 2: amantheghost (337397.00)
Seat 3: lipesticky (44642.00)
Seat 4: Hoodwink1 (128186.00)
Seat 5: KingMaia (200324.00)
Seat 6: Santocx (396590.00)
Seat 7: Pocket3Zz (18921.00)
Seat 8: mattylew9 (268603.00)
luckyfold777 posts ante 600.00
amantheghost posts ante 600.00
lipesticky posts ante 600.00
Hoodwink1 posts ante 600.00
KingMaia posts ante 600.00
Santocx posts ante 600.00
Pocket3Zz posts ante 600.00
mattylew9 posts ante 600.00
Hoodwink1 posts the small blind 2000.00
KingMaia posts the big blind 4000.00
*** HOLE CARDS ***
Main pot 4800.00
Dealt to lipesticky [As Ts]
Santocx folds
Pocket3Zz raises 18321.00 to 18321.00 and is all-in
mattylew9 folds
luckyfold777 folds
amantheghost raises 32642.00 to 32642.00
lipesticky raises 44042.00 to 44042.00 and is all-in
Hoodwink1 calls 42042.00
KingMaia folds
amantheghost calls 11400.00
*** FLOP *** [2c Ah 6c]
Main pot 82084.00
Side pot(1) 77163.00
Hoodwink1 checks
amantheghost checks
*** TURN *** [2c Ah 6c] [3h]
Main pot 82084.00
Side pot(1) 77163.00
Hoodwink1 checks
amantheghost checks
*** RIVER *** [2c Ah 6c 3h] [8c]
Main pot 82084.00
Side pot(1) 77163.00
Hoodwink1 checks
amantheghost bets 159247.00
Hoodwink1 folds
Uncalled bet (159247.00) returned to amantheghost
*** SHOW DOWN ***
Main pot 82084.00
Side pot(1) 77163.00
amantheghost shows [9c 7c] (a flush, Nine high [9c 8c 7c 6c 2c])
lipesticky shows [As Ts] (a pair of Aces [As Ah Ts 8c 6c])
Pocket3Zz shows [Td Kh] (a high card, Ace high [Ah Kh Td 8c 6c])
amantheghost collected 82084.00 from main pot
amantheghost collected 77163.00 from side pot-1
*** SUMMARY ***
Total pot 159247.00
Board [2c Ah 6c 3h 8c]
Seat 1: luckyfold777 folded on the Pre-Flop and did not bet
Seat 2: amantheghost showed [9c 7c] and won 159247.00 with a flush, Nine high [9c 8c 7c 6c 2c]
Seat 3: lipesticky (button) showed [As Ts] and lost with a pair of Aces [As Ah Ts 8c 6c]
Seat 4: Hoodwink1 (small blind) folded on the River
Seat 5: KingMaia (big blind) folded on the Pre-Flop
Seat 6: Santocx folded on the Pre-Flop and did not bet
Seat 7: Pocket3Zz showed [Td Kh] and lost with a high card, Ace high [Ah Kh Td 8c 6c]
Seat 8: mattylew9 folded on the Pre-Flop and did not bet

