Game Hand #2032742680 - Tournament #31086522 - Holdem (No Limit) - Level 3 (750.00/1500.00)- 2024/02/19 16:16:18 UTC
Table '13' 8-max Seat #3 is the button
Seat 1: fanatnsk (125000.00)
Seat 2: LFMC027 (124600.00)
Seat 3: 4erepashkaa (76670.00)
Seat 4: lipesticky will be allowed to play after the button
Seat 5: SenorPlatano (102300.00)
Seat 6: profinex (171911.00)
Seat 7: gAmesmAnship (120940.00)
Seat 8: JWD12 (120572.00)
fanatnsk posts ante 200.00
LFMC027 posts ante 200.00
4erepashkaa posts ante 200.00
SenorPlatano posts ante 200.00
profinex posts ante 200.00
gAmesmAnship posts ante 200.00
JWD12 posts ante 200.00
SenorPlatano posts the small blind 750.00
profinex posts the big blind 1500.00
*** HOLE CARDS ***
Main pot 1400.00
gAmesmAnship folds
JWD12 folds
fanatnsk raises 3000.00 to 3000.00
LFMC027 folds
4erepashkaa raises 9000.00 to 9000.00
SenorPlatano raises 26125.00 to 26875.00
profinex folds
fanatnsk folds
4erepashkaa folds
Uncalled bet (17875.00) returned to SenorPlatano
SenorPlatano does not show
*** SUMMARY ***
Total pot 23900.00
Seat 1: fanatnsk folded on the Pre-Flop and did not bet
Seat 2: LFMC027 folded on the Pre-Flop and did not bet
Seat 3: 4erepashkaa (button) folded on the Pre-Flop
Seat 5: SenorPlatano did not show and won 23900.00
Seat 6: profinex (big blind) folded on the Pre-Flop
Seat 7: gAmesmAnship folded on the Pre-Flop and did not bet
Seat 8: JWD12 folded on the Pre-Flop and did not bet

Game Hand #2032743225 - Tournament #31086522 - Holdem (No Limit) - Level 3 (750.00/1500.00)- 2024/02/19 16:17:08 UTC
Table '13' 8-max Seat #5 is the button
Seat 1: fanatnsk (121800.00)
Seat 2: LFMC027 (124400.00)
Seat 3: 4erepashkaa (67470.00)
Seat 4: lipesticky (125000.00)
Seat 5: SenorPlatano (117000.00)
Seat 6: profinex (170211.00)
Seat 7: gAmesmAnship (120740.00)
Seat 8: JWD12 (120372.00)
fanatnsk posts ante 200.00
LFMC027 posts ante 200.00
4erepashkaa posts ante 200.00
lipesticky posts ante 200.00
SenorPlatano posts ante 200.00
profinex posts ante 200.00
gAmesmAnship posts ante 200.00
JWD12 posts ante 200.00
profinex posts the small blind 750.00
gAmesmAnship posts the big blind 1500.00
*** HOLE CARDS ***
Main pot 1600.00
Dealt to lipesticky [7s Ah]
JWD12 folds
fanatnsk folds
LFMC027 folds
4erepashkaa folds
lipesticky raises 3150.00 to 3150.00
SenorPlatano folds
profinex calls 2400.00
gAmesmAnship calls 1650.00
*** FLOP *** [Qd 4d 4s]
Main pot 11050.00
profinex checks
gAmesmAnship checks
lipesticky checks
*** TURN *** [Qd 4d 4s] [5d]
Main pot 11050.00
profinex checks
gAmesmAnship checks
lipesticky checks
*** RIVER *** [Qd 4d 4s 5d] [Jh]
Main pot 11050.00
profinex checks
gAmesmAnship checks
lipesticky checks
*** SHOW DOWN ***
Main pot 11050.00
lipesticky shows [7s Ah] (a pair of Fours [4s 4d Ah Qd Jh])
profinex shows [Tc Ac] (a pair of Fours [4s 4d Ac Qd Jh])
gAmesmAnship shows [9c 9h] (two pair, Nines and Fours [9h 9c 4s 4d Qd])
gAmesmAnship collected 11050.00 from main pot
*** SUMMARY ***
Total pot 11050.00
Board [Qd 4d 4s 5d Jh]
Seat 1: fanatnsk folded on the Pre-Flop and did not bet
Seat 2: LFMC027 folded on the Pre-Flop and did not bet
Seat 3: 4erepashkaa folded on the Pre-Flop and did not bet
Seat 4: lipesticky showed [7s Ah] and lost with a pair of Fours [4s 4d Ah Qd Jh]
Seat 5: SenorPlatano (button) folded on the Pre-Flop
Seat 6: profinex (small blind) showed [Tc Ac] and lost with a pair of Fours [4s 4d Ac Qd Jh]
Seat 7: gAmesmAnship (big blind) showed [9c 9h] and won 11050.00 with two pair, Nines and Fours [9h 9c 4s 4d Qd]
Seat 8: JWD12 folded on the Pre-Flop and did not bet

Game Hand #2032744403 - Tournament #31086522 - Holdem (No Limit) - Level 3 (750.00/1500.00)- 2024/02/19 16:18:54 UTC
Table '13' 8-max Seat #6 is the button
Seat 1: fanatnsk (121600.00)
Seat 2: LFMC027 (124200.00)
Seat 3: 4erepashkaa (67270.00)
Seat 4: lipesticky (121650.00)
Seat 5: SenorPlatano (116800.00)
Seat 6: profinex (166861.00)
Seat 7: gAmesmAnship (128440.00)
Seat 8: JWD12 (120172.00)
fanatnsk posts ante 200.00
LFMC027 posts ante 200.00
4erepashkaa posts ante 200.00
lipesticky posts ante 200.00
SenorPlatano posts ante 200.00
profinex posts ante 200.00
gAmesmAnship posts ante 200.00
JWD12 posts ante 200.00
gAmesmAnship posts the small blind 750.00
JWD12 posts the big blind 1500.00
*** HOLE CARDS ***
Main pot 1600.00
Dealt to lipesticky [8c 3h]
fanatnsk raises 3000.00 to 3000.00
LFMC027 folds
4erepashkaa folds
lipesticky folds
SenorPlatano folds
profinex raises 10500.00 to 10500.00
gAmesmAnship folds
JWD12 folds
fanatnsk calls 7500.00
*** FLOP *** [2d 7s Kh]
Main pot 24850.00
fanatnsk checks
profinex bets 6710.00
fanatnsk calls 6710.00
*** TURN *** [2d 7s Kh] [7h]
Main pot 38270.00
fanatnsk checks
profinex bets 19135.00
fanatnsk folds
Uncalled bet (19135.00) returned to profinex
profinex does not show
*** SUMMARY ***
Total pot 38270.00
Board [2d 7s Kh 7h]
Seat 1: fanatnsk folded on the Turn
Seat 2: LFMC027 folded on the Pre-Flop and did not bet
Seat 3: 4erepashkaa folded on the Pre-Flop and did not bet
Seat 4: lipesticky folded on the Pre-Flop and did not bet
Seat 5: SenorPlatano folded on the Pre-Flop and did not bet
Seat 6: profinex did not show and won 38270.00
Seat 7: gAmesmAnship (small blind) folded on the Pre-Flop
Seat 8: JWD12 (big blind) folded on the Pre-Flop

Game Hand #2032745389 - Tournament #31086522 - Holdem (No Limit) - Level 3 (750.00/1500.00)- 2024/02/19 16:20:23 UTC
Table '13' 8-max Seat #7 is the button
Seat 1: fanatnsk (104190.00)
Seat 2: LFMC027 (124000.00)
Seat 4: lipesticky (121450.00)
Seat 5: SenorPlatano (116600.00)
Seat 6: profinex (187721.00)
Seat 7: gAmesmAnship (127490.00)
fanatnsk posts ante 200.00
LFMC027 posts ante 200.00
lipesticky posts ante 200.00
SenorPlatano posts ante 200.00
profinex posts ante 200.00
gAmesmAnship posts ante 200.00
fanatnsk posts the big blind 1500.00
*** HOLE CARDS ***
Main pot 1200.00
Dealt to lipesticky [Qc 3h]
LFMC027 folds
lipesticky folds
SenorPlatano folds
profinex folds
gAmesmAnship raises 3300.00 to 3300.00
fanatnsk calls 1800.00
*** FLOP *** [Th 7h Qd]
Main pot 7800.00
fanatnsk checks
gAmesmAnship checks
*** TURN *** [Th 7h Qd] [5c]
Main pot 7800.00
fanatnsk checks
gAmesmAnship checks
*** RIVER *** [Th 7h Qd 5c] [6c]
Main pot 7800.00
fanatnsk bets 6006.00
gAmesmAnship calls 6006.00
*** SHOW DOWN ***
Main pot 19812.00
fanatnsk shows [3c 9c] (a high card, Queen high [Qd Th 9c 7h 6c])
gAmesmAnship shows [7s 9h] (a pair of Sevens [7s 7h Qd Th 9h])
gAmesmAnship collected 19812.00 from main pot
*** SUMMARY ***
Total pot 19812.00
Board [Th 7h Qd 5c 6c]
Seat 1: fanatnsk (big blind) showed [3c 9c] and lost with a high card, Queen high [Qd Th 9c 7h 6c]
Seat 2: LFMC027 folded on the Pre-Flop and did not bet
Seat 4: lipesticky folded on the Pre-Flop and did not bet
Seat 5: SenorPlatano folded on the Pre-Flop and did not bet
Seat 6: profinex folded on the Pre-Flop and did not bet
Seat 7: gAmesmAnship (button) showed [7s 9h] and won 19812.00 with a pair of Sevens [7s 7h Qd Th 9h]

Game Hand #2032746486 - Tournament #31086522 - Holdem (No Limit) - Level 3 (750.00/1500.00)- 2024/02/19 16:21:44 UTC
Table '13' 8-max Seat #8 is the button
Seat 1: fanatnsk (94684.00)
Seat 2: LFMC027 (123800.00)
Seat 4: lipesticky (121250.00)
Seat 5: SenorPlatano (116400.00)
Seat 6: profinex (187521.00)
Seat 7: gAmesmAnship (137796.00)
fanatnsk posts ante 200.00
LFMC027 posts ante 200.00
lipesticky posts ante 200.00
SenorPlatano posts ante 200.00
profinex posts ante 200.00
gAmesmAnship posts ante 200.00
fanatnsk posts the small blind 750.00
LFMC027 posts the big blind 1500.00
*** HOLE CARDS ***
Main pot 1200.00
Dealt to lipesticky [5c 3s]
lipesticky folds
SenorPlatano folds
profinex folds
gAmesmAnship folds
fanatnsk raises 4500.00 to 5250.00
LFMC027 raises 12000.00 to 13500.00
fanatnsk raises 26250.00 to 31500.00
LFMC027 calls 18000.00
*** FLOP *** [2h 8d 2d]
Main pot 64200.00
fanatnsk checks
LFMC027 bets 16050.00
fanatnsk raises 62984.00 to 62984.00 and is all-in
LFMC027 calls 46934.00
*** TURN *** [2h 8d 2d] [6d]
Main pot 190168.00
*** RIVER *** [2h 8d 2d 6d] [4s]
Main pot 190168.00
*** SHOW DOWN ***
Main pot 190168.00
fanatnsk shows [8c As] (two pair, Eights and Deuces [8d 8c 2h 2d As])
LFMC027 shows [Ad Qd] (a flush, Ace high [Ad Qd 8d 6d 2d])
LFMC027 collected 190168.00 from main pot
*** SUMMARY ***
Total pot 190168.00
Board [2h 8d 2d 6d 4s]
Seat 1: fanatnsk (small blind) showed [8c As] and lost with two pair, Eights and Deuces [8d 8c 2h 2d As]
Seat 2: LFMC027 (big blind) showed [Ad Qd] and won 190168.00 with a flush, Ace high [Ad Qd 8d 6d 2d]
Seat 4: lipesticky folded on the Pre-Flop and did not bet
Seat 5: SenorPlatano folded on the Pre-Flop and did not bet
Seat 6: profinex folded on the Pre-Flop and did not bet
Seat 7: gAmesmAnship folded on the Pre-Flop and did not bet

Game Hand #2032747451 - Tournament #31086522 - Holdem (No Limit) - Level 4 (1000.00/2000.00)- 2024/02/19 16:22:58 UTC
Table '13' 8-max Seat #1 is the button
Seat 2: LFMC027 (219284.00)
Seat 3: ev1l21 (264450.00)
Seat 4: lipesticky (121050.00)
Seat 5: SenorPlatano (116200.00)
Seat 6: profinex (187321.00)
Seat 7: gAmesmAnship (137596.00)
Seat 8: BeWaterMyFrien (117350.00)
LFMC027 posts ante 300.00
ev1l21 posts ante 300.00
lipesticky posts ante 300.00
SenorPlatano posts ante 300.00
profinex posts ante 300.00
gAmesmAnship posts ante 300.00
BeWaterMyFrien posts ante 300.00
LFMC027 posts the small blind 1000.00
ev1l21 posts the big blind 2000.00
*** HOLE CARDS ***
Main pot 2100.00
Dealt to lipesticky [4c 2s]
lipesticky folds
SenorPlatano raises 4200.00 to 4200.00
profinex folds
gAmesmAnship folds
BeWaterMyFrien calls 4200.00
LFMC027 folds
ev1l21 calls 2200.00
*** FLOP *** [9h 2d Jc]
Main pot 15700.00
ev1l21 checks
SenorPlatano checks
BeWaterMyFrien bets 5181.00
ev1l21 calls 5181.00
SenorPlatano folds
*** TURN *** [9h 2d Jc] [3d]
Main pot 26062.00
ev1l21 checks
BeWaterMyFrien bets 17201.00
ev1l21 raises 37154.00 to 37154.00
BeWaterMyFrien calls 19953.00
*** RIVER *** [9h 2d Jc 3d] [9c]
Main pot 100370.00
ev1l21 checks
BeWaterMyFrien checks
*** SHOW DOWN ***
Main pot 100370.00
ev1l21 shows [Kh Js] (two pair, Jacks and Nines [Js Jc 9h 9c Kh])
BeWaterMyFrien shows [Jh As] (two pair, Jacks and Nines [Jh Jc 9h 9c As])
BeWaterMyFrien collected 100370.00 from main pot
*** SUMMARY ***
Total pot 100370.00
Board [9h 2d Jc 3d 9c]
Seat 2: LFMC027 (small blind) folded on the Pre-Flop
Seat 3: ev1l21 (big blind) showed [Kh Js] and lost with two pair, Jacks and Nines [Js Jc 9h 9c Kh]
Seat 4: lipesticky folded on the Pre-Flop and did not bet
Seat 5: SenorPlatano folded on the Flop
Seat 6: profinex folded on the Pre-Flop and did not bet
Seat 7: gAmesmAnship folded on the Pre-Flop and did not bet
Seat 8: BeWaterMyFrien showed [Jh As] and won 100370.00 with two pair, Jacks and Nines [Jh Jc 9h 9c As] with the kicker Ace

Game Hand #2032749049 - Tournament #31086522 - Holdem (No Limit) - Level 4 (1000.00/2000.00)- 2024/02/19 16:25:02 UTC
Table '13' 8-max Seat #2 is the button
Seat 1: UFCluffy (125000.00)
Seat 2: LFMC027 (217984.00)
Seat 3: ev1l21 (217615.00)
Seat 4: lipesticky (120750.00)
Seat 5: SenorPlatano (111700.00)
Seat 6: profinex (187021.00)
Seat 7: gAmesmAnship (137296.00)
Seat 8: BeWaterMyFrien (170885.00)
UFCluffy posts ante 300.00
LFMC027 posts ante 300.00
ev1l21 posts ante 300.00
lipesticky posts ante 300.00
SenorPlatano posts ante 300.00
profinex posts ante 300.00
gAmesmAnship posts ante 300.00
BeWaterMyFrien posts ante 300.00
ev1l21 posts the small blind 1000.00
lipesticky posts the big blind 2000.00
*** HOLE CARDS ***
Main pot 2400.00
Dealt to lipesticky [Jh 4d]
SenorPlatano folds
profinex folds
gAmesmAnship folds
BeWaterMyFrien folds
UFCluffy folds
LFMC027 raises 5000.00 to 5000.00
ev1l21 raises 19000.00 to 20000.00
lipesticky folds
LFMC027 folds
Uncalled bet (15000.00) returned to ev1l21
ev1l21 does not show
*** SUMMARY ***
Total pot 14400.00
Seat 1: UFCluffy folded on the Pre-Flop and did not bet
Seat 2: LFMC027 (button) folded on the Pre-Flop
Seat 3: ev1l21 did not show and won 14400.00
Seat 4: lipesticky (big blind) folded on the Pre-Flop
Seat 5: SenorPlatano folded on the Pre-Flop and did not bet
Seat 6: profinex folded on the Pre-Flop and did not bet
Seat 7: gAmesmAnship folded on the Pre-Flop and did not bet
Seat 8: BeWaterMyFrien folded on the Pre-Flop and did not bet

Game Hand #2032749562 - Tournament #31086522 - Holdem (No Limit) - Level 4 (1000.00/2000.00)- 2024/02/19 16:25:46 UTC
Table '13' 8-max Seat #3 is the button
Seat 1: UFCluffy (124700.00)
Seat 2: LFMC027 (212684.00)
Seat 3: ev1l21 (226715.00)
Seat 4: lipesticky (118450.00)
Seat 5: SenorPlatano (111400.00)
Seat 6: profinex (186721.00)
Seat 7: gAmesmAnship (136996.00)
Seat 8: BeWaterMyFrien (170585.00)
UFCluffy posts ante 300.00
LFMC027 posts ante 300.00
ev1l21 posts ante 300.00
lipesticky posts ante 300.00
SenorPlatano posts ante 300.00
profinex posts ante 300.00
gAmesmAnship posts ante 300.00
BeWaterMyFrien posts ante 300.00
lipesticky posts the small blind 1000.00
SenorPlatano posts the big blind 2000.00
*** HOLE CARDS ***
Main pot 2400.00
Dealt to lipesticky [3h Ks]
profinex raises 4000.00 to 4000.00
gAmesmAnship folds
BeWaterMyFrien folds
UFCluffy folds
LFMC027 folds
ev1l21 folds
lipesticky folds
SenorPlatano folds
Uncalled bet (2000.00) returned to profinex
profinex does not show
*** SUMMARY ***
Total pot 7400.00
Seat 1: UFCluffy folded on the Pre-Flop and did not bet
Seat 2: LFMC027 folded on the Pre-Flop and did not bet
Seat 3: ev1l21 (button) folded on the Pre-Flop
Seat 4: lipesticky (small blind) folded on the Pre-Flop
Seat 5: SenorPlatano (big blind) folded on the Pre-Flop
Seat 6: profinex did not show and won 7400.00
Seat 7: gAmesmAnship folded on the Pre-Flop and did not bet
Seat 8: BeWaterMyFrien folded on the Pre-Flop and did not bet

Game Hand #2032749967 - Tournament #31086522 - Holdem (No Limit) - Level 4 (1000.00/2000.00)- 2024/02/19 16:26:18 UTC
Table '13' 8-max Seat #4 is the button
Seat 1: UFCluffy (124400.00)
Seat 2: LFMC027 (212384.00)
Seat 3: ev1l21 (226415.00)
Seat 4: lipesticky (117150.00)
Seat 5: SenorPlatano (109100.00)
Seat 6: profinex (191821.00)
Seat 7: gAmesmAnship (136696.00)
Seat 8: BeWaterMyFrien (170285.00)
UFCluffy posts ante 300.00
LFMC027 posts ante 300.00
ev1l21 posts ante 300.00
lipesticky posts ante 300.00
SenorPlatano posts ante 300.00
profinex posts ante 300.00
gAmesmAnship posts ante 300.00
BeWaterMyFrien posts ante 300.00
SenorPlatano posts the small blind 1000.00
profinex posts the big blind 2000.00
*** HOLE CARDS ***
Main pot 2400.00
Dealt to lipesticky [Kd 7h]
gAmesmAnship folds
BeWaterMyFrien folds
UFCluffy folds
LFMC027 folds
ev1l21 raises 5000.00 to 5000.00
lipesticky folds
SenorPlatano calls 4000.00
profinex calls 3000.00
*** FLOP *** [4h 7s 8s]
Main pot 17400.00
SenorPlatano checks
profinex checks
ev1l21 checks
*** TURN *** [4h 7s 8s] [5h]
Main pot 17400.00
SenorPlatano bets 8700.00
profinex calls 8700.00
ev1l21 folds
*** RIVER *** [4h 7s 8s 5h] [Jh]
Main pot 34800.00
SenorPlatano checks
profinex bets 34800.00
SenorPlatano folds
Uncalled bet (34800.00) returned to profinex
profinex does not show
*** SUMMARY ***
Total pot 34800.00
Board [4h 7s 8s 5h Jh]
Seat 1: UFCluffy folded on the Pre-Flop and did not bet
Seat 2: LFMC027 folded on the Pre-Flop and did not bet
Seat 3: ev1l21 folded on the Turn
Seat 4: lipesticky (button) folded on the Pre-Flop
Seat 5: SenorPlatano (small blind) folded on the River
Seat 6: profinex did not show and won 34800.00
Seat 7: gAmesmAnship folded on the Pre-Flop and did not bet
Seat 8: BeWaterMyFrien folded on the Pre-Flop and did not bet

Game Hand #2032751131 - Tournament #31086522 - Holdem (No Limit) - Level 4 (1000.00/2000.00)- 2024/02/19 16:27:56 UTC
Table '13' 8-max Seat #5 is the button
Seat 1: UFCluffy (124100.00)
Seat 2: LFMC027 (212084.00)
Seat 3: ev1l21 (221115.00)
Seat 4: lipesticky (116850.00)
Seat 5: SenorPlatano (95100.00)
Seat 6: profinex (212621.00)
Seat 7: gAmesmAnship (136396.00)
Seat 8: BeWaterMyFrien (169985.00)
UFCluffy posts ante 300.00
LFMC027 posts ante 300.00
ev1l21 posts ante 300.00
lipesticky posts ante 300.00
SenorPlatano posts ante 300.00
profinex posts ante 300.00
gAmesmAnship posts ante 300.00
BeWaterMyFrien posts ante 300.00
profinex posts the small blind 1000.00
gAmesmAnship posts the big blind 2000.00
*** HOLE CARDS ***
Main pot 2400.00
Dealt to lipesticky [Kc Qc]
BeWaterMyFrien folds
UFCluffy raises 4600.00 to 4600.00
LFMC027 folds
ev1l21 folds
lipesticky calls 4600.00
SenorPlatano calls 4600.00
profinex folds
gAmesmAnship calls 2600.00
*** FLOP *** [9h Qh As]
Main pot 21800.00
gAmesmAnship checks
UFCluffy checks
lipesticky checks
SenorPlatano checks
*** TURN *** [9h Qh As] [5s]
Main pot 21800.00
gAmesmAnship checks
UFCluffy checks
lipesticky checks
SenorPlatano bets 15042.00
gAmesmAnship folds
UFCluffy calls 15042.00
lipesticky folds
*** RIVER *** [9h Qh As 5s] [8h]
Main pot 51884.00
UFCluffy checks
SenorPlatano bets 35800.00
UFCluffy folds
Uncalled bet (35800.00) returned to SenorPlatano
SenorPlatano does not show
*** SUMMARY ***
Total pot 51884.00
Board [9h Qh As 5s 8h]
Seat 1: UFCluffy folded on the River
Seat 2: LFMC027 folded on the Pre-Flop and did not bet
Seat 3: ev1l21 folded on the Pre-Flop and did not bet
Seat 4: lipesticky folded on the Turn
Seat 5: SenorPlatano did not show and won 51884.00
Seat 6: profinex (small blind) folded on the Pre-Flop
Seat 7: gAmesmAnship (big blind) folded on the Turn
Seat 8: BeWaterMyFrien folded on the Pre-Flop and did not bet

Game Hand #2032752268 - Tournament #31086522 - Holdem (No Limit) - Level 4 (1000.00/2000.00)- 2024/02/19 16:29:30 UTC
Table '13' 8-max Seat #6 is the button
Seat 1: UFCluffy (104158.00)
Seat 2: LFMC027 (211784.00)
Seat 3: ev1l21 (220815.00)
Seat 4: lipesticky (111950.00)
Seat 5: SenorPlatano (127042.00)
Seat 6: profinex (211321.00)
Seat 7: gAmesmAnship (131496.00)
Seat 8: BeWaterMyFrien (169685.00)
UFCluffy posts ante 300.00
LFMC027 posts ante 300.00
ev1l21 posts ante 300.00
lipesticky posts ante 300.00
SenorPlatano posts ante 300.00
profinex posts ante 300.00
gAmesmAnship posts ante 300.00
BeWaterMyFrien posts ante 300.00
gAmesmAnship posts the small blind 1000.00
BeWaterMyFrien posts the big blind 2000.00
*** HOLE CARDS ***
Main pot 2400.00
Dealt to lipesticky [Tc 6c]
UFCluffy folds
LFMC027 raises 4000.00 to 4000.00
ev1l21 folds
lipesticky folds
SenorPlatano raises 15400.00 to 15400.00
profinex folds
gAmesmAnship folds
BeWaterMyFrien folds
LFMC027 calls 11400.00
*** FLOP *** [6d 7h 4h]
Main pot 36200.00
LFMC027 checks
SenorPlatano bets 18100.00
LFMC027 calls 18100.00
*** TURN *** [6d 7h 4h] [Ac]
Main pot 72400.00
LFMC027 checks
SenorPlatano checks
*** RIVER *** [6d 7h 4h Ac] [As]
Main pot 72400.00
LFMC027 bets 18100.00
SenorPlatano calls 18100.00
*** SHOW DOWN ***
Main pot 108600.00
LFMC027 shows [9c 9h] (two pair, Aces and Nines [As Ac 9h 9c 7h])
SenorPlatano shows [Qc Qs] (two pair, Aces and Queens [As Ac Qs Qc 7h])
SenorPlatano collected 108600.00 from main pot
*** SUMMARY ***
Total pot 108600.00
Board [6d 7h 4h Ac As]
Seat 1: UFCluffy folded on the Pre-Flop and did not bet
Seat 2: LFMC027 showed [9c 9h] and lost with two pair, Aces and Nines [As Ac 9h 9c 7h]
Seat 3: ev1l21 folded on the Pre-Flop and did not bet
Seat 4: lipesticky folded on the Pre-Flop and did not bet
Seat 5: SenorPlatano showed [Qc Qs] and won 108600.00 with two pair, Aces and Queens [As Ac Qs Qc 7h]
Seat 6: profinex (button) folded on the Pre-Flop
Seat 7: gAmesmAnship (small blind) folded on the Pre-Flop
Seat 8: BeWaterMyFrien (big blind) folded on the Pre-Flop

Game Hand #2032753298 - Tournament #31086522 - Holdem (No Limit) - Level 4 (1000.00/2000.00)- 2024/02/19 16:30:58 UTC
Table '13' 8-max Seat #7 is the button
Seat 1: UFCluffy (103858.00)
Seat 2: LFMC027 (159884.00)
Seat 3: ev1l21 (220515.00)
Seat 4: lipesticky (111650.00)
Seat 5: SenorPlatano (183742.00)
Seat 6: profinex (211021.00)
Seat 7: gAmesmAnship (130196.00)
Seat 8: BeWaterMyFrien (167385.00)
UFCluffy posts ante 300.00
LFMC027 posts ante 300.00
ev1l21 posts ante 300.00
lipesticky posts ante 300.00
SenorPlatano posts ante 300.00
profinex posts ante 300.00
gAmesmAnship posts ante 300.00
BeWaterMyFrien posts ante 300.00
BeWaterMyFrien posts the small blind 1000.00
UFCluffy posts the big blind 2000.00
*** HOLE CARDS ***
Main pot 2400.00
Dealt to lipesticky [6d 6h]
LFMC027 folds
ev1l21 folds
lipesticky raises 4200.00 to 4200.00
SenorPlatano folds
profinex folds
gAmesmAnship folds
BeWaterMyFrien calls 3200.00
UFCluffy calls 2200.00
*** FLOP *** [Qc 9d Th]
Main pot 15000.00
BeWaterMyFrien checks
UFCluffy checks
lipesticky checks
*** TURN *** [Qc 9d Th] [6c]
Main pot 15000.00
BeWaterMyFrien checks
UFCluffy checks
lipesticky bets 14750.00
BeWaterMyFrien folds
UFCluffy calls 14750.00
*** RIVER *** [Qc 9d Th 6c] [Ac]
Main pot 44500.00
UFCluffy checks
lipesticky checks
*** SHOW DOWN ***
Main pot 44500.00
UFCluffy shows [9c Jd] (a pair of Nines [9d 9c Ac Qc Jd])
lipesticky shows [6d 6h] (three of a kind, Set of Sixs [6h 6d 6c Ac Qc])
lipesticky collected 44500.00 from main pot
*** SUMMARY ***
Total pot 44500.00
Board [Qc 9d Th 6c Ac]
Seat 1: UFCluffy (big blind) showed [9c Jd] and lost with a pair of Nines [9d 9c Ac Qc Jd]
Seat 2: LFMC027 folded on the Pre-Flop and did not bet
Seat 3: ev1l21 folded on the Pre-Flop and did not bet
Seat 4: lipesticky showed [6d 6h] and won 44500.00 with three of a kind, Set of Sixs [6h 6d 6c Ac Qc]
Seat 5: SenorPlatano folded on the Pre-Flop and did not bet
Seat 6: profinex folded on the Pre-Flop and did not bet
Seat 7: gAmesmAnship (button) folded on the Pre-Flop
Seat 8: BeWaterMyFrien (small blind) folded on the Turn

Game Hand #2032755031 - Tournament #31086522 - Holdem (No Limit) - Level 4 (1000.00/2000.00)- 2024/02/19 16:33:20 UTC
Table '13' 8-max Seat #8 is the button
Seat 1: UFCluffy (84608.00)
Seat 3: ev1l21 (220215.00)
Seat 4: lipesticky (136900.00)
Seat 8: BeWaterMyFrien (162885.00)
UFCluffy posts ante 300.00
ev1l21 posts ante 300.00
lipesticky posts ante 300.00
BeWaterMyFrien posts ante 300.00
UFCluffy posts the small blind 1000.00
ev1l21 posts the big blind 2000.00
*** HOLE CARDS ***
Main pot 1200.00
Dealt to lipesticky [4d 5d]
lipesticky raises 4000.00 to 4000.00
BeWaterMyFrien folds
UFCluffy folds
ev1l21 folds
Uncalled bet (2000.00) returned to lipesticky
lipesticky does not show
*** SUMMARY ***
Total pot 6200.00
Seat 1: UFCluffy (small blind) folded on the Pre-Flop
Seat 3: ev1l21 (big blind) folded on the Pre-Flop
Seat 4: lipesticky did not show and won 6200.00
Seat 8: BeWaterMyFrien (button) folded on the Pre-Flop

Game Hand #2032755387 - Tournament #31086522 - Holdem (No Limit) - Level 4 (1000.00/2000.00)- 2024/02/19 16:33:49 UTC
Table '13' 8-max Seat #1 is the button
Seat 1: UFCluffy (83308.00)
Seat 2: OPaiTaOn will be allowed to play after the button
Seat 3: ev1l21 (217915.00)
Seat 4: lipesticky (140800.00)
Seat 5: Byrd181 (124930.00)
Seat 6: EmperorBeans (128000.00)
Seat 7: kb11 (131200.00)
Seat 8: BeWaterMyFrien (162585.00)
UFCluffy posts ante 300.00
ev1l21 posts ante 300.00
lipesticky posts ante 300.00
Byrd181 posts ante 300.00
EmperorBeans posts ante 300.00
kb11 posts ante 300.00
BeWaterMyFrien posts ante 300.00
ev1l21 posts the small blind 1000.00
lipesticky posts the big blind 2000.00
*** HOLE CARDS ***
Main pot 2100.00
Dealt to lipesticky [Jd 6c]
Byrd181 folds
EmperorBeans folds
kb11 folds
BeWaterMyFrien raises 5000.00 to 5000.00
UFCluffy folds
ev1l21 raises 19000.00 to 20000.00
lipesticky folds
BeWaterMyFrien folds
Uncalled bet (15000.00) returned to ev1l21
ev1l21 does not show
*** SUMMARY ***
Total pot 14100.00
Seat 1: UFCluffy (button) folded on the Pre-Flop
Seat 3: ev1l21 did not show and won 14100.00
Seat 4: lipesticky (big blind) folded on the Pre-Flop
Seat 5: Byrd181 folded on the Pre-Flop and did not bet
Seat 6: EmperorBeans folded on the Pre-Flop and did not bet
Seat 7: kb11 folded on the Pre-Flop and did not bet
Seat 8: BeWaterMyFrien folded on the Pre-Flop and did not bet

Game Hand #2032756367 - Tournament #31086522 - Holdem (No Limit) - Level 4 (1000.00/2000.00)- 2024/02/19 16:35:14 UTC
Table '13' 8-max Seat #3 is the button
Seat 1: UFCluffy (83008.00)
Seat 2: OPaiTaOn (100750.00)
Seat 3: ev1l21 (226715.00)
Seat 4: lipesticky (138500.00)
Seat 5: Byrd181 (124630.00)
Seat 6: EmperorBeans (127700.00)
Seat 7: kb11 (130900.00)
Seat 8: BeWaterMyFrien (157285.00)
UFCluffy posts ante 300.00
OPaiTaOn posts ante 300.00
ev1l21 posts ante 300.00
lipesticky posts ante 300.00
Byrd181 posts ante 300.00
EmperorBeans posts ante 300.00
kb11 posts ante 300.00
BeWaterMyFrien posts ante 300.00
lipesticky posts the small blind 1000.00
Byrd181 posts the big blind 2000.00
*** HOLE CARDS ***
Main pot 2400.00
Dealt to lipesticky [8h 7h]
EmperorBeans folds
kb11 raises 8000.00 to 8000.00
BeWaterMyFrien folds
UFCluffy folds
OPaiTaOn folds
ev1l21 calls 8000.00
lipesticky calls 7000.00
Byrd181 folds
*** FLOP *** [6c Kh Td]
Main pot 28400.00
lipesticky checks
kb11 bets 16000.00
ev1l21 calls 16000.00
lipesticky calls 16000.00
*** TURN *** [6c Kh Td] [Js]
Main pot 76400.00
lipesticky checks
kb11 bets 32000.00
ev1l21 calls 32000.00
lipesticky folds
*** RIVER *** [6c Kh Td Js] [5c]
Main pot 140400.00
kb11 bets 74600.00 and is all-in
ev1l21 calls 74600.00
*** SHOW DOWN ***
Main pot 289600.00
ev1l21 shows [Qc Ac] (a straight, Ace high [Ac Kh Qc Js Td])
kb11 shows [Qd Jd] (a pair of Jacks [Js Jd Kh Qd Td])
ev1l21 collected 289600.00 from main pot
*** SUMMARY ***
Total pot 289600.00
Board [6c Kh Td Js 5c]
Seat 1: UFCluffy folded on the Pre-Flop and did not bet
Seat 2: OPaiTaOn folded on the Pre-Flop and did not bet
Seat 3: ev1l21 (button) showed [Qc Ac] and won 289600.00 with a straight, Ace high [Ac Kh Qc Js Td]
Seat 4: lipesticky (small blind) folded on the Turn
Seat 5: Byrd181 (big blind) folded on the Pre-Flop
Seat 6: EmperorBeans folded on the Pre-Flop and did not bet
Seat 7: kb11 showed [Qd Jd] and lost with a pair of Jacks [Js Jd Kh Qd Td]
Seat 8: BeWaterMyFrien folded on the Pre-Flop and did not bet

Game Hand #2032757712 - Tournament #31086522 - Holdem (No Limit) - Level 5 (1250.00/2500.00)- 2024/02/19 16:37:10 UTC
Table '13' 8-max Seat #4 is the button
Seat 1: UFCluffy (82708.00)
Seat 2: OPaiTaOn (100450.00)
Seat 3: ev1l21 (385415.00)
Seat 4: lipesticky (114200.00)
Seat 5: Byrd181 (122330.00)
Seat 6: EmperorBeans (127400.00)
Seat 8: BeWaterMyFrien (156985.00)
UFCluffy posts ante 350.00
OPaiTaOn posts ante 350.00
ev1l21 posts ante 350.00
lipesticky posts ante 350.00
Byrd181 posts ante 350.00
EmperorBeans posts ante 350.00
BeWaterMyFrien posts ante 350.00
Byrd181 posts the small blind 1250.00
EmperorBeans posts the big blind 2500.00
*** HOLE CARDS ***
Main pot 2450.00
Dealt to lipesticky [Qd 8s]
BeWaterMyFrien folds
UFCluffy folds
OPaiTaOn raises 5000.00 to 5000.00
ev1l21 folds
lipesticky folds
Byrd181 calls 3750.00
EmperorBeans calls 2500.00
*** FLOP *** [As Ac 9c]
Main pot 17450.00
Byrd181 checks
EmperorBeans checks
OPaiTaOn bets 5750.00
Byrd181 folds
EmperorBeans raises 16554.00 to 16554.00
OPaiTaOn folds
Uncalled bet (10804.00) returned to EmperorBeans
EmperorBeans does not show
*** SUMMARY ***
Total pot 28950.00
Board [As Ac 9c]
Seat 1: UFCluffy folded on the Pre-Flop and did not bet
Seat 2: OPaiTaOn folded on the Flop
Seat 3: ev1l21 folded on the Pre-Flop and did not bet
Seat 4: lipesticky (button) folded on the Pre-Flop
Seat 5: Byrd181 (small blind) folded on the Flop
Seat 6: EmperorBeans did not show and won 28950.00
Seat 8: BeWaterMyFrien folded on the Pre-Flop and did not bet

Game Hand #2032758588 - Tournament #31086522 - Holdem (No Limit) - Level 5 (1250.00/2500.00)- 2024/02/19 16:38:27 UTC
Table '13' 8-max Seat #5 is the button
Seat 1: UFCluffy (82358.00)
Seat 2: OPaiTaOn (89350.00)
Seat 3: ev1l21 (385065.00)
Seat 4: lipesticky (113850.00)
Seat 5: Byrd181 (116980.00)
Seat 6: EmperorBeans (145250.00)
Seat 7: O BATATEIRO (125000.00)
Seat 8: BeWaterMyFrien (156635.00)
UFCluffy posts ante 350.00
OPaiTaOn posts ante 350.00
ev1l21 posts ante 350.00
lipesticky posts ante 350.00
Byrd181 posts ante 350.00
EmperorBeans posts ante 350.00
O BATATEIRO posts ante 350.00
BeWaterMyFrien posts ante 350.00
EmperorBeans posts the small blind 1250.00
O BATATEIRO posts the big blind 2500.00
*** HOLE CARDS ***
Main pot 2800.00
Dealt to lipesticky [8c 8h]
BeWaterMyFrien raises 5250.00 to 5250.00
UFCluffy folds
OPaiTaOn folds
ev1l21 folds
lipesticky calls 5250.00
Byrd181 folds
EmperorBeans folds
O BATATEIRO calls 2750.00
*** FLOP *** [Kc 5c As]
Main pot 19800.00
O BATATEIRO checks
BeWaterMyFrien bets 6534.00
lipesticky folds
O BATATEIRO folds
Uncalled bet (6534.00) returned to BeWaterMyFrien
BeWaterMyFrien does not show
*** SUMMARY ***
Total pot 19800.00
Board [Kc 5c As]
Seat 1: UFCluffy folded on the Pre-Flop and did not bet
Seat 2: OPaiTaOn folded on the Pre-Flop and did not bet
Seat 3: ev1l21 folded on the Pre-Flop and did not bet
Seat 4: lipesticky folded on the Flop
Seat 5: Byrd181 (button) folded on the Pre-Flop
Seat 6: EmperorBeans (small blind) folded on the Pre-Flop
Seat 7: O BATATEIRO (big blind) folded on the Flop
Seat 8: BeWaterMyFrien did not show and won 19800.00

Game Hand #2032759397 - Tournament #31086522 - Holdem (No Limit) - Level 5 (1250.00/2500.00)- 2024/02/19 16:39:38 UTC
Table '13' 8-max Seat #6 is the button
Seat 1: UFCluffy (82008.00)
Seat 2: OPaiTaOn (89000.00)
Seat 3: ev1l21 (384715.00)
Seat 4: lipesticky (108250.00)
Seat 5: Byrd181 (116630.00)
Seat 6: EmperorBeans (143650.00)
Seat 7: O BATATEIRO (119400.00)
Seat 8: BeWaterMyFrien (170835.00)
UFCluffy posts ante 350.00
OPaiTaOn posts ante 350.00
ev1l21 posts ante 350.00
lipesticky posts ante 350.00
Byrd181 posts ante 350.00
EmperorBeans posts ante 350.00
O BATATEIRO posts ante 350.00
BeWaterMyFrien posts ante 350.00
O BATATEIRO posts the small blind 1250.00
BeWaterMyFrien posts the big blind 2500.00
*** HOLE CARDS ***
Main pot 2800.00
Dealt to lipesticky [Jc 9h]
UFCluffy folds
OPaiTaOn folds
ev1l21 folds
lipesticky folds
Byrd181 raises 5000.00 to 5000.00
EmperorBeans folds
O BATATEIRO raises 21250.00 to 22500.00
BeWaterMyFrien folds
Byrd181 raises 111280.00 to 116280.00 and is all-in
O BATATEIRO folds
Uncalled bet (93780.00) returned to Byrd181
Byrd181 does not show
*** SUMMARY ***
Total pot 50300.00
Seat 1: UFCluffy folded on the Pre-Flop and did not bet
Seat 2: OPaiTaOn folded on the Pre-Flop and did not bet
Seat 3: ev1l21 folded on the Pre-Flop and did not bet
Seat 4: lipesticky folded on the Pre-Flop and did not bet
Seat 5: Byrd181 did not show and won 50300.00
Seat 6: EmperorBeans (button) folded on the Pre-Flop
Seat 7: O BATATEIRO (small blind) folded on the Pre-Flop
Seat 8: BeWaterMyFrien (big blind) folded on the Pre-Flop

Game Hand #2032760150 - Tournament #31086522 - Holdem (No Limit) - Level 5 (1250.00/2500.00)- 2024/02/19 16:40:42 UTC
Table '13' 8-max Seat #7 is the button
Seat 1: UFCluffy (81658.00)
Seat 2: OPaiTaOn (88650.00)
Seat 3: ev1l21 (384365.00)
Seat 4: lipesticky (107900.00)
Seat 5: Byrd181 (144080.00)
Seat 6: EmperorBeans (143300.00)
Seat 7: O BATATEIRO (96550.00)
Seat 8: BeWaterMyFrien (167985.00)
UFCluffy posts ante 350.00
OPaiTaOn posts ante 350.00
ev1l21 posts ante 350.00
lipesticky posts ante 350.00
Byrd181 posts ante 350.00
EmperorBeans posts ante 350.00
O BATATEIRO posts ante 350.00
BeWaterMyFrien posts ante 350.00
BeWaterMyFrien posts the small blind 1250.00
UFCluffy posts the big blind 2500.00
*** HOLE CARDS ***
Main pot 2800.00
Dealt to lipesticky [8s 3h]
OPaiTaOn folds
ev1l21 folds
lipesticky folds
Byrd181 raises 5000.00 to 5000.00
EmperorBeans raises 18750.00 to 18750.00
O BATATEIRO folds
BeWaterMyFrien folds
UFCluffy folds
Byrd181 raises 39525.00 to 44525.00
EmperorBeans raises 124200.00 to 142950.00 and is all-in
Byrd181 calls 98425.00
*** FLOP *** [Jd As 3c]
Main pot 292450.00
*** TURN *** [Jd As 3c] [Jh]
Main pot 292450.00
*** RIVER *** [Jd As 3c Jh] [5h]
Main pot 292450.00
*** SHOW DOWN ***
Main pot 292450.00
Byrd181 shows [9s 9h] (two pair, Jacks and Nines [Jh Jd 9s 9h As])
EmperorBeans shows [5d Ad] (two pair, Aces and Jacks [As Ad Jh Jd 5h])
EmperorBeans collected 292450.00 from main pot
*** SUMMARY ***
Total pot 292450.00
Board [Jd As 3c Jh 5h]
Seat 1: UFCluffy (big blind) folded on the Pre-Flop
Seat 2: OPaiTaOn folded on the Pre-Flop and did not bet
Seat 3: ev1l21 folded on the Pre-Flop and did not bet
Seat 4: lipesticky folded on the Pre-Flop and did not bet
Seat 5: Byrd181 showed [9s 9h] and lost with two pair, Jacks and Nines [Jh Jd 9s 9h As]
Seat 6: EmperorBeans showed [5d Ad] and won 292450.00 with two pair, Aces and Jacks [As Ad Jh Jd 5h]
Seat 7: O BATATEIRO (button) folded on the Pre-Flop
Seat 8: BeWaterMyFrien (small blind) folded on the Pre-Flop

Game Hand #2032761314 - Tournament #31086522 - Holdem (No Limit) - Level 5 (1250.00/2500.00)- 2024/02/19 16:42:18 UTC
Table '13' 8-max Seat #8 is the button
Seat 1: UFCluffy (78808.00)
Seat 2: OPaiTaOn (88300.00)
Seat 3: ev1l21 (384015.00)
Seat 4: lipesticky (107550.00)
Seat 5: Byrd181 (780.00)
Seat 6: EmperorBeans (292450.00)
Seat 7: O BATATEIRO (96200.00)
Seat 8: BeWaterMyFrien (166385.00)
UFCluffy posts ante 350.00
OPaiTaOn posts ante 350.00
ev1l21 posts ante 350.00
lipesticky posts ante 350.00
Byrd181 posts ante 350.00
EmperorBeans posts ante 350.00
O BATATEIRO posts ante 350.00
BeWaterMyFrien posts ante 350.00
UFCluffy posts the small blind 1250.00
OPaiTaOn posts the big blind 2500.00
*** HOLE CARDS ***
Main pot 2800.00
Dealt to lipesticky [2c 7h]
ev1l21 raises 6250.00 to 6250.00
lipesticky folds
Byrd181 calls 430.00 and is all-in
EmperorBeans calls 6250.00
O BATATEIRO folds
BeWaterMyFrien calls 6250.00
UFCluffy folds
OPaiTaOn folds
*** FLOP *** [Ac 2d Qd]
Main pot 5380.00
Side pot(1) 20350.00
ev1l21 checks
EmperorBeans checks
BeWaterMyFrien checks
*** TURN *** [Ac 2d Qd] [Js]
Main pot 5380.00
Side pot(1) 20350.00
ev1l21 bets 20584.00
EmperorBeans folds
BeWaterMyFrien calls 20584.00
*** RIVER *** [Ac 2d Qd Js] [5h]
Main pot 5380.00
Side pot(1) 61518.00
ev1l21 bets 356831.00 and is all-in
BeWaterMyFrien folds
Uncalled bet (356831.00) returned to ev1l21
*** SHOW DOWN ***
Main pot 5380.00
Side pot(1) 61518.00
ev1l21 shows [Jd Jh] (three of a kind, Set of Jacks [Js Jh Jd Ac Qd])
Byrd181 shows [4h Kd] (a high card, Ace high [Ac Kd Qd Js 5h])
ev1l21 collected 5380.00 from main pot
ev1l21 collected 61518.00 from side pot-1
*** SUMMARY ***
Total pot 66898.00
Board [Ac 2d Qd Js 5h]
Seat 1: UFCluffy (small blind) folded on the Pre-Flop
Seat 2: OPaiTaOn (big blind) folded on the Pre-Flop
Seat 3: ev1l21 showed [Jd Jh] and won 66898.00 with three of a kind, Set of Jacks [Js Jh Jd Ac Qd]
Seat 4: lipesticky folded on the Pre-Flop and did not bet
Seat 5: Byrd181 showed [4h Kd] and lost with a high card, Ace high [Ac Kd Qd Js 5h]
Seat 6: EmperorBeans folded on the Turn
Seat 7: O BATATEIRO folded on the Pre-Flop and did not bet
Seat 8: BeWaterMyFrien (button) folded on the River

Game Hand #2032762227 - Tournament #31086522 - Holdem (No Limit) - Level 5 (1250.00/2500.00)- 2024/02/19 16:43:39 UTC
Table '13' 8-max Seat #1 is the button
Seat 1: UFCluffy (77208.00)
Seat 2: OPaiTaOn (85450.00)
Seat 3: ev1l21 (423729.00)
Seat 4: lipesticky (107200.00)
Seat 6: EmperorBeans (285850.00)
Seat 7: O BATATEIRO (95850.00)
Seat 8: BeWaterMyFrien (139201.00)
UFCluffy posts ante 350.00
OPaiTaOn posts ante 350.00
ev1l21 posts ante 350.00
lipesticky posts ante 350.00
EmperorBeans posts ante 350.00
O BATATEIRO posts ante 350.00
BeWaterMyFrien posts ante 350.00
OPaiTaOn posts the small blind 1250.00
ev1l21 posts the big blind 2500.00
*** HOLE CARDS ***
Main pot 2450.00
Dealt to lipesticky [Jd Kd]
lipesticky raises 5000.00 to 5000.00
EmperorBeans folds
O BATATEIRO folds
BeWaterMyFrien calls 5000.00
UFCluffy folds
OPaiTaOn folds
ev1l21 folds
*** FLOP *** [Td 4h 4d]
Main pot 16200.00
lipesticky bets 4050.00
BeWaterMyFrien folds
Uncalled bet (4050.00) returned to lipesticky
lipesticky does not show
*** SUMMARY ***
Total pot 16200.00
Board [Td 4h 4d]
Seat 1: UFCluffy (button) folded on the Pre-Flop
Seat 2: OPaiTaOn (small blind) folded on the Pre-Flop
Seat 3: ev1l21 (big blind) folded on the Pre-Flop
Seat 4: lipesticky did not show and won 16200.00
Seat 6: EmperorBeans folded on the Pre-Flop and did not bet
Seat 7: O BATATEIRO folded on the Pre-Flop and did not bet
Seat 8: BeWaterMyFrien folded on the Flop

Game Hand #2032763187 - Tournament #31086522 - Holdem (No Limit) - Level 5 (1250.00/2500.00)- 2024/02/19 16:45:00 UTC
Table '13' 8-max Seat #2 is the button
Seat 1: UFCluffy (76858.00)
Seat 2: OPaiTaOn (83850.00)
Seat 3: ev1l21 (420879.00)
Seat 4: lipesticky (118050.00)
Seat 6: EmperorBeans (285500.00)
Seat 7: O BATATEIRO (95500.00)
Seat 8: BeWaterMyFrien (133851.00)
UFCluffy posts ante 350.00
OPaiTaOn posts ante 350.00
ev1l21 posts ante 350.00
lipesticky posts ante 350.00
EmperorBeans posts ante 350.00
O BATATEIRO posts ante 350.00
BeWaterMyFrien posts ante 350.00
ev1l21 posts the small blind 1250.00
lipesticky posts the big blind 2500.00
*** HOLE CARDS ***
Main pot 2450.00
Dealt to lipesticky [5s Js]
EmperorBeans folds
O BATATEIRO folds
BeWaterMyFrien folds
UFCluffy folds
OPaiTaOn folds
ev1l21 raises 7500.00 to 8750.00
lipesticky calls 6250.00
*** FLOP *** [9s 4s Ad]
Main pot 19950.00
ev1l21 bets 6584.00
lipesticky calls 6584.00
*** TURN *** [9s 4s Ad] [3s]
Main pot 33118.00
ev1l21 checks
lipesticky bets 8275.00
ev1l21 folds
Uncalled bet (8275.00) returned to lipesticky
lipesticky does not show
*** SUMMARY ***
Total pot 33118.00
Board [9s 4s Ad 3s]
Seat 1: UFCluffy folded on the Pre-Flop and did not bet
Seat 2: OPaiTaOn (button) folded on the Pre-Flop
Seat 3: ev1l21 (small blind) folded on the Turn
Seat 4: lipesticky did not show and won 33118.00
Seat 6: EmperorBeans folded on the Pre-Flop and did not bet
Seat 7: O BATATEIRO folded on the Pre-Flop and did not bet
Seat 8: BeWaterMyFrien folded on the Pre-Flop and did not bet

Game Hand #2032764367 - Tournament #31086522 - Holdem (No Limit) - Level 5 (1250.00/2500.00)- 2024/02/19 16:46:44 UTC
Table '13' 8-max Seat #3 is the button
Seat 1: UFCluffy (76508.00)
Seat 2: OPaiTaOn (83500.00)
Seat 3: ev1l21 (405195.00)
Seat 4: lipesticky (135484.00)
Seat 5: KennyPowers22 (125000.00)
Seat 6: EmperorBeans (285150.00)
Seat 7: O BATATEIRO (95150.00)
Seat 8: BeWaterMyFrien (133501.00)
UFCluffy posts ante 350.00
OPaiTaOn posts ante 350.00
ev1l21 posts ante 350.00
lipesticky posts ante 350.00
KennyPowers22 posts ante 350.00
EmperorBeans posts ante 350.00
O BATATEIRO posts ante 350.00
BeWaterMyFrien posts ante 350.00
lipesticky posts the small blind 1250.00
KennyPowers22 posts the big blind 2500.00
*** HOLE CARDS ***
Main pot 2800.00
Dealt to lipesticky [Ac 8s]
EmperorBeans folds
O BATATEIRO raises 5500.00 to 5500.00
BeWaterMyFrien folds
UFCluffy folds
OPaiTaOn folds
ev1l21 folds
lipesticky folds
KennyPowers22 calls 3000.00
*** FLOP *** [Th 8c Qs]
Main pot 15050.00
KennyPowers22 checks
O BATATEIRO bets 4967.00
KennyPowers22 folds
Uncalled bet (4967.00) returned to O BATATEIRO
O BATATEIRO does not show
*** SUMMARY ***
Total pot 15050.00
Board [Th 8c Qs]
Seat 1: UFCluffy folded on the Pre-Flop and did not bet
Seat 2: OPaiTaOn folded on the Pre-Flop and did not bet
Seat 3: ev1l21 (button) folded on the Pre-Flop
Seat 4: lipesticky (small blind) folded on the Pre-Flop
Seat 5: KennyPowers22 (big blind) folded on the Flop
Seat 6: EmperorBeans folded on the Pre-Flop and did not bet
Seat 7: O BATATEIRO did not show and won 15050.00
Seat 8: BeWaterMyFrien folded on the Pre-Flop and did not bet

Game Hand #2032765439 - Tournament #31086522 - Holdem (No Limit) - Level 5 (1250.00/2500.00)- 2024/02/19 16:48:18 UTC
Table '13' 8-max Seat #4 is the button
Seat 1: UFCluffy (76158.00)
Seat 2: OPaiTaOn (83150.00)
Seat 3: ev1l21 (404845.00)
Seat 4: lipesticky (133884.00)
Seat 5: KennyPowers22 (119150.00)
Seat 6: EmperorBeans (284800.00)
Seat 7: O BATATEIRO (104350.00)
Seat 8: BeWaterMyFrien (133151.00)
UFCluffy posts ante 350.00
OPaiTaOn posts ante 350.00
ev1l21 posts ante 350.00
lipesticky posts ante 350.00
KennyPowers22 posts ante 350.00
EmperorBeans posts ante 350.00
O BATATEIRO posts ante 350.00
BeWaterMyFrien posts ante 350.00
KennyPowers22 posts the small blind 1250.00
EmperorBeans posts the big blind 2500.00
*** HOLE CARDS ***
Main pot 2800.00
Dealt to lipesticky [Tc 8s]
O BATATEIRO folds
BeWaterMyFrien folds
UFCluffy folds
OPaiTaOn folds
ev1l21 raises 5750.00 to 5750.00
lipesticky folds
KennyPowers22 folds
EmperorBeans calls 3250.00
*** FLOP *** [7c 2d 3h]
Main pot 15550.00
EmperorBeans checks
ev1l21 bets 5132.00
EmperorBeans calls 5132.00
*** TURN *** [7c 2d 3h] [3c]
Main pot 25814.00
EmperorBeans checks
ev1l21 checks
*** RIVER *** [7c 2d 3h 3c] [Jd]
Main pot 25814.00
EmperorBeans checks
ev1l21 checks
*** SHOW DOWN ***
Main pot 25814.00
ev1l21 shows [Ad 9s] (a pair of Threes [3h 3c Ad Jd 9s])
EmperorBeans shows [2s Qh] (two pair, Threes and Deuces [3h 3c 2s 2d Qh])
EmperorBeans collected 25814.00 from main pot
*** SUMMARY ***
Total pot 25814.00
Board [7c 2d 3h 3c Jd]
Seat 1: UFCluffy folded on the Pre-Flop and did not bet
Seat 2: OPaiTaOn folded on the Pre-Flop and did not bet
Seat 3: ev1l21 showed [Ad 9s] and lost with a pair of Threes [3h 3c Ad Jd 9s]
Seat 4: lipesticky (button) folded on the Pre-Flop
Seat 5: KennyPowers22 (small blind) folded on the Pre-Flop
Seat 6: EmperorBeans (big blind) showed [2s Qh] and won 25814.00 with two pair, Threes and Deuces [3h 3c 2s 2d Qh]
Seat 7: O BATATEIRO folded on the Pre-Flop and did not bet
Seat 8: BeWaterMyFrien folded on the Pre-Flop and did not bet

Game Hand #2032767231 - Tournament #31086522 - Holdem (No Limit) - Level 5 (1250.00/2500.00)- 2024/02/19 16:50:52 UTC
Table '13' 8-max Seat #5 is the button
Seat 1: UFCluffy (75808.00)
Seat 2: OPaiTaOn (82800.00)
Seat 3: ev1l21 (393613.00)
Seat 4: lipesticky (133534.00)
Seat 5: KennyPowers22 (117550.00)
Seat 6: EmperorBeans (299382.00)
Seat 7: O BATATEIRO (104000.00)
Seat 8: BeWaterMyFrien (132801.00)
UFCluffy posts ante 350.00
OPaiTaOn posts ante 350.00
ev1l21 posts ante 350.00
lipesticky posts ante 350.00
KennyPowers22 posts ante 350.00
EmperorBeans posts ante 350.00
O BATATEIRO posts ante 350.00
BeWaterMyFrien posts ante 350.00
EmperorBeans posts the small blind 1250.00
O BATATEIRO posts the big blind 2500.00
*** HOLE CARDS ***
Main pot 2800.00
Dealt to lipesticky [4d Ts]
BeWaterMyFrien folds
UFCluffy folds
OPaiTaOn raises 5000.00 to 5000.00
ev1l21 folds
lipesticky folds
KennyPowers22 folds
EmperorBeans raises 17500.00 to 18750.00
O BATATEIRO folds
OPaiTaOn calls 13750.00
*** FLOP *** [8s Js 6c]
Main pot 42800.00
EmperorBeans bets 12874.00
OPaiTaOn raises 63700.00 to 63700.00 and is all-in
EmperorBeans calls 50826.00
*** TURN *** [8s Js 6c] [7h]
Main pot 170200.00
*** RIVER *** [8s Js 6c 7h] [2d]
Main pot 170200.00
*** SHOW DOWN ***
Main pot 170200.00
OPaiTaOn shows [Th 8h] (a pair of Eights [8s 8h Js Th 7h])
EmperorBeans shows [Kd Jc] (a pair of Jacks [Js Jc Kd 8s 7h])
EmperorBeans collected 170200.00 from main pot
*** SUMMARY ***
Total pot 170200.00
Board [8s Js 6c 7h 2d]
Seat 1: UFCluffy folded on the Pre-Flop and did not bet
Seat 2: OPaiTaOn showed [Th 8h] and lost with a pair of Eights [8s 8h Js Th 7h]
Seat 3: ev1l21 folded on the Pre-Flop and did not bet
Seat 4: lipesticky folded on the Pre-Flop and did not bet
Seat 5: KennyPowers22 (button) folded on the Pre-Flop
Seat 6: EmperorBeans (small blind) showed [Kd Jc] and won 170200.00 with a pair of Jacks [Js Jc Kd 8s 7h]
Seat 7: O BATATEIRO (big blind) folded on the Pre-Flop
Seat 8: BeWaterMyFrien folded on the Pre-Flop and did not bet

Game Hand #2032768182 - Tournament #31086522 - Holdem (No Limit) - Level 6 (1500.00/3000.00)- 2024/02/19 16:52:17 UTC
Table '13' 8-max Seat #6 is the button
Seat 1: UFCluffy (75458.00)
Seat 3: ev1l21 (393263.00)
Seat 4: lipesticky (133184.00)
Seat 5: KennyPowers22 (117200.00)
Seat 6: EmperorBeans (386782.00)
Seat 7: O BATATEIRO (101150.00)
Seat 8: BeWaterMyFrien (132451.00)
UFCluffy posts ante 450.00
ev1l21 posts ante 450.00
lipesticky posts ante 450.00
KennyPowers22 posts ante 450.00
EmperorBeans posts ante 450.00
O BATATEIRO posts ante 450.00
BeWaterMyFrien posts ante 450.00
O BATATEIRO posts the small blind 1500.00
BeWaterMyFrien posts the big blind 3000.00
*** HOLE CARDS ***
Main pot 3150.00
Dealt to lipesticky [Qs 8h]
UFCluffy folds
ev1l21 folds
lipesticky folds
KennyPowers22 raises 6600.00 to 6600.00
EmperorBeans folds
O BATATEIRO folds
BeWaterMyFrien raises 21000.00 to 24000.00
KennyPowers22 calls 17400.00
*** FLOP *** [4s Th 3d]
Main pot 52650.00
BeWaterMyFrien bets 17375.00
KennyPowers22 calls 17375.00
*** TURN *** [4s Th 3d] [Td]
Main pot 87400.00
BeWaterMyFrien checks
KennyPowers22 bets 25842.00
BeWaterMyFrien calls 25842.00
*** RIVER *** [4s Th 3d Td] [Qh]
Main pot 139084.00
BeWaterMyFrien checks
KennyPowers22 checks
*** SHOW DOWN ***
Main pot 139084.00
KennyPowers22 shows [9d 9h] (two pair, Tens and Nines [Th Td 9h 9d Qh])
BeWaterMyFrien shows [As Qc] (two pair, Queens and Tens [Qh Qc Th Td As])
BeWaterMyFrien collected 139084.00 from main pot
*** SUMMARY ***
Total pot 139084.00
Board [4s Th 3d Td Qh]
Seat 1: UFCluffy folded on the Pre-Flop and did not bet
Seat 3: ev1l21 folded on the Pre-Flop and did not bet
Seat 4: lipesticky folded on the Pre-Flop and did not bet
Seat 5: KennyPowers22 showed [9d 9h] and lost with two pair, Tens and Nines [Th Td 9h 9d Qh]
Seat 6: EmperorBeans (button) folded on the Pre-Flop
Seat 7: O BATATEIRO (small blind) folded on the Pre-Flop
Seat 8: BeWaterMyFrien (big blind) showed [As Qc] and won 139084.00 with two pair, Queens and Tens [Qh Qc Th Td As]

Game Hand #2032769523 - Tournament #31086522 - Holdem (No Limit) - Level 6 (1500.00/3000.00)- 2024/02/19 16:54:14 UTC
Table '13' 8-max Seat #7 is the button
Seat 1: UFCluffy (75008.00)
Seat 2: LeojSusej (125000.00)
Seat 3: ev1l21 (392813.00)
Seat 4: lipesticky (132734.00)
Seat 5: KennyPowers22 (49533.00)
Seat 6: EmperorBeans (386332.00)
Seat 7: O BATATEIRO (99200.00)
Seat 8: BeWaterMyFrien (203868.00)
UFCluffy posts ante 450.00
LeojSusej posts ante 450.00
ev1l21 posts ante 450.00
lipesticky posts ante 450.00
KennyPowers22 posts ante 450.00
EmperorBeans posts ante 450.00
O BATATEIRO posts ante 450.00
BeWaterMyFrien posts ante 450.00
BeWaterMyFrien posts the small blind 1500.00
UFCluffy posts the big blind 3000.00
*** HOLE CARDS ***
Main pot 3600.00
Dealt to lipesticky [3s 6s]
LeojSusej folds
ev1l21 folds
lipesticky folds
KennyPowers22 calls 3000.00
EmperorBeans folds
O BATATEIRO folds
BeWaterMyFrien folds
UFCluffy checks
*** FLOP *** [8c 5s 9h]
Main pot 11100.00
UFCluffy checks
KennyPowers22 checks
*** TURN *** [8c 5s 9h] [Ks]
Main pot 11100.00
UFCluffy checks
KennyPowers22 bets 4662.00
UFCluffy folds
Uncalled bet (4662.00) returned to KennyPowers22
KennyPowers22 does not show
*** SUMMARY ***
Total pot 11100.00
Board [8c 5s 9h Ks]
Seat 1: UFCluffy (big blind) folded on the Turn
Seat 2: LeojSusej folded on the Pre-Flop and did not bet
Seat 3: ev1l21 folded on the Pre-Flop and did not bet
Seat 4: lipesticky folded on the Pre-Flop and did not bet
Seat 5: KennyPowers22 did not show and won 11100.00
Seat 6: EmperorBeans folded on the Pre-Flop and did not bet
Seat 7: O BATATEIRO (button) folded on the Pre-Flop
Seat 8: BeWaterMyFrien (small blind) folded on the Pre-Flop

Game Hand #2032772008 - Tournament #31086522 - Holdem (No Limit) - Level 6 (1500.00/3000.00)- 2024/02/19 17:01:32 UTC
Table '13' 8-max Seat #8 is the button
Seat 1: UFCluffy (71558.00)
Seat 2: LeojSusej (124550.00)
Seat 3: ev1l21 (392363.00)
Seat 4: lipesticky (132284.00)
Seat 5: KennyPowers22 (57183.00)
Seat 6: EmperorBeans (385882.00)
Seat 7: O BATATEIRO (98750.00)
Seat 8: BeWaterMyFrien (201918.00)
UFCluffy posts ante 450.00
LeojSusej posts ante 450.00
ev1l21 posts ante 450.00
lipesticky posts ante 450.00
KennyPowers22 posts ante 450.00
EmperorBeans posts ante 450.00
O BATATEIRO posts ante 450.00
BeWaterMyFrien posts ante 450.00
UFCluffy posts the small blind 1500.00
LeojSusej posts the big blind 3000.00
*** HOLE CARDS ***
Main pot 3600.00
Dealt to lipesticky [5d Td]
ev1l21 folds
lipesticky folds
KennyPowers22 folds
EmperorBeans raises 6900.00 to 6900.00
O BATATEIRO folds
BeWaterMyFrien folds
UFCluffy calls 5400.00
LeojSusej calls 3900.00
*** FLOP *** [2h Kd Kh]
Main pot 24300.00
UFCluffy checks
LeojSusej checks
EmperorBeans bets 6075.00
UFCluffy raises 16650.00 to 16650.00
LeojSusej folds
EmperorBeans folds
Uncalled bet (10575.00) returned to UFCluffy
UFCluffy does not show
*** SUMMARY ***
Total pot 36450.00
Board [2h Kd Kh]
Seat 1: UFCluffy did not show and won 36450.00
Seat 2: LeojSusej (big blind) folded on the Flop
Seat 3: ev1l21 folded on the Pre-Flop and did not bet
Seat 4: lipesticky folded on the Pre-Flop and did not bet
Seat 5: KennyPowers22 folded on the Pre-Flop and did not bet
Seat 6: EmperorBeans folded on the Flop
Seat 7: O BATATEIRO folded on the Pre-Flop and did not bet
Seat 8: BeWaterMyFrien (button) folded on the Pre-Flop

