Game Hand #2023336060 - Tournament #31174407 - Holdem (No Limit) - Level 6 (1500.00/3000.00)- 2024/02/10 20:11:16 UTC
Table '16' 8-max Seat #4 is the button
Seat 1: Hoodwink1 (162641.00)
Seat 2: BearTed (98051.00)
Seat 3: lipesticky (208752.00)
Seat 4: Tcovik (509208.00)
Seat 5: AAKKAAri318798 (278131.00)
Seat 6: f0restwOw (260802.00)
Seat 7: Egor699 (127179.00)
Seat 8: epl23 (291547.00)
Hoodwink1 posts ante 450.00
BearTed posts ante 450.00
lipesticky posts ante 450.00
Tcovik posts ante 450.00
AAKKAAri318798 posts ante 450.00
f0restwOw posts ante 450.00
Egor699 posts ante 450.00
epl23 posts ante 450.00
AAKKAAri318798 posts the small blind 1500.00
f0restwOw posts the big blind 3000.00
*** HOLE CARDS ***
Main pot 3600.00
Dealt to lipesticky [5c 6d]
Egor699 folds
epl23 folds
Hoodwink1 folds
BearTed folds
lipesticky folds
Tcovik raises 6000.00 to 6000.00
AAKKAAri318798 calls 4500.00
f0restwOw calls 3000.00
*** FLOP *** [Ah Kd Ks]
Main pot 21600.00
AAKKAAri318798 checks
f0restwOw checks
Tcovik bets 5400.00
AAKKAAri318798 folds
f0restwOw folds
Uncalled bet (5400.00) returned to Tcovik
Tcovik does not show
*** SUMMARY ***
Total pot 21600.00
Board [Ah Kd Ks]
Seat 1: Hoodwink1 folded on the Pre-Flop and did not bet
Seat 2: BearTed folded on the Pre-Flop and did not bet
Seat 3: lipesticky folded on the Pre-Flop and did not bet
Seat 4: Tcovik did not show and won 21600.00
Seat 5: AAKKAAri318798 (small blind) folded on the Flop
Seat 6: f0restwOw (big blind) folded on the Flop
Seat 7: Egor699 folded on the Pre-Flop and did not bet
Seat 8: epl23 folded on the Pre-Flop and did not bet

Game Hand #2023337385 - Tournament #31174407 - Holdem (No Limit) - Level 6 (1500.00/3000.00)- 2024/02/10 20:12:31 UTC
Table '61' 8-max Seat #2 is the button
Seat 1: D.Babahhh (172738.00)
Seat 2: Goin4DNutz will be allowed to play after the button
Seat 3: Sugvant will be allowed to play after the button
Seat 4: NacoIen1 (129732.00)
Seat 5: lipesticky (208302.00)
Seat 6: DukaLoncic77 (360859.00)
Seat 8: VMPFDP (84680.00)
D.Babahhh posts ante 450.00
NacoIen1 posts ante 450.00
lipesticky posts ante 450.00
DukaLoncic77 posts ante 450.00
VMPFDP posts ante 450.00
NacoIen1 posts the small blind 1500.00
lipesticky posts the big blind 3000.00
*** HOLE CARDS ***
Main pot 2250.00
Dealt to lipesticky [Ac 5c]
DukaLoncic77 raises 6000.00 to 6000.00
VMPFDP folds
D.Babahhh folds
NacoIen1 folds
lipesticky calls 3000.00
*** FLOP *** [3h 6c 6h]
Main pot 15750.00
lipesticky checks
DukaLoncic77 bets 5198.00
lipesticky calls 5198.00
*** TURN *** [3h 6c 6h] [4d]
Main pot 26146.00
lipesticky bets 7128.00
DukaLoncic77 folds
Uncalled bet (7128.00) returned to lipesticky
lipesticky does not show
*** SUMMARY ***
Total pot 26146.00
Board [3h 6c 6h 4d]
Seat 1: D.Babahhh folded on the Pre-Flop and did not bet
Seat 4: NacoIen1 (small blind) folded on the Pre-Flop
Seat 5: lipesticky did not show and won 26146.00
Seat 6: DukaLoncic77 folded on the Turn
Seat 8: VMPFDP folded on the Pre-Flop and did not bet

Game Hand #2023338896 - Tournament #31174407 - Holdem (No Limit) - Level 6 (1500.00/3000.00)- 2024/02/10 20:13:57 UTC
Table '61' 8-max Seat #4 is the button
Seat 1: D.Babahhh (172288.00)
Seat 2: Goin4DNutz (107996.00)
Seat 3: Sugvant (183827.00)
Seat 4: NacoIen1 (127782.00)
Seat 5: lipesticky (222800.00)
Seat 6: DukaLoncic77 (349211.00)
Seat 7: MaximumP (125000.00)
Seat 8: VMPFDP (84230.00)
D.Babahhh posts ante 450.00
Goin4DNutz posts ante 450.00
Sugvant posts ante 450.00
NacoIen1 posts ante 450.00
lipesticky posts ante 450.00
DukaLoncic77 posts ante 450.00
MaximumP posts ante 450.00
VMPFDP posts ante 450.00
lipesticky posts the small blind 1500.00
DukaLoncic77 posts the big blind 3000.00
*** HOLE CARDS ***
Main pot 3600.00
Dealt to lipesticky [Qh 4c]
MaximumP folds
VMPFDP folds
D.Babahhh folds
Goin4DNutz folds
Sugvant raises 6300.00 to 6300.00
NacoIen1 folds
lipesticky folds
DukaLoncic77 folds
Uncalled bet (3300.00) returned to Sugvant
Sugvant does not show
*** SUMMARY ***
Total pot 11100.00
Seat 1: D.Babahhh folded on the Pre-Flop and did not bet
Seat 2: Goin4DNutz folded on the Pre-Flop and did not bet
Seat 3: Sugvant did not show and won 11100.00
Seat 4: NacoIen1 (button) folded on the Pre-Flop
Seat 5: lipesticky (small blind) folded on the Pre-Flop
Seat 6: DukaLoncic77 (big blind) folded on the Pre-Flop
Seat 7: MaximumP folded on the Pre-Flop and did not bet
Seat 8: VMPFDP folded on the Pre-Flop and did not bet

Game Hand #2023339614 - Tournament #31174407 - Holdem (No Limit) - Level 6 (1500.00/3000.00)- 2024/02/10 20:14:39 UTC
Table '61' 8-max Seat #5 is the button
Seat 1: D.Babahhh (171838.00)
Seat 2: Goin4DNutz (107546.00)
Seat 3: Sugvant (191477.00)
Seat 4: NacoIen1 (127332.00)
Seat 5: lipesticky (220850.00)
Seat 6: DukaLoncic77 (345761.00)
Seat 7: MaximumP (124550.00)
Seat 8: VMPFDP (83780.00)
D.Babahhh posts ante 450.00
Goin4DNutz posts ante 450.00
Sugvant posts ante 450.00
NacoIen1 posts ante 450.00
lipesticky posts ante 450.00
DukaLoncic77 posts ante 450.00
MaximumP posts ante 450.00
VMPFDP posts ante 450.00
DukaLoncic77 posts the small blind 1500.00
MaximumP posts the big blind 3000.00
*** HOLE CARDS ***
Main pot 3600.00
Dealt to lipesticky [2h Qd]
VMPFDP folds
D.Babahhh folds
Goin4DNutz folds
Sugvant folds
NacoIen1 raises 6000.00 to 6000.00
lipesticky folds
DukaLoncic77 folds
MaximumP calls 3000.00
*** FLOP *** [7s Ks Ah]
Main pot 17100.00
MaximumP checks
NacoIen1 bets 5643.00
MaximumP folds
Uncalled bet (5643.00) returned to NacoIen1
NacoIen1 does not show
*** SUMMARY ***
Total pot 17100.00
Board [7s Ks Ah]
Seat 1: D.Babahhh folded on the Pre-Flop and did not bet
Seat 2: Goin4DNutz folded on the Pre-Flop and did not bet
Seat 3: Sugvant folded on the Pre-Flop and did not bet
Seat 4: NacoIen1 did not show and won 17100.00
Seat 5: lipesticky (button) folded on the Pre-Flop
Seat 6: DukaLoncic77 (small blind) folded on the Pre-Flop
Seat 7: MaximumP (big blind) folded on the Flop
Seat 8: VMPFDP folded on the Pre-Flop and did not bet

Game Hand #2023341122 - Tournament #31174407 - Holdem (No Limit) - Level 6 (1500.00/3000.00)- 2024/02/10 20:16:05 UTC
Table '61' 8-max Seat #6 is the button
Seat 1: D.Babahhh (171388.00)
Seat 2: Goin4DNutz (107096.00)
Seat 3: Sugvant (191027.00)
Seat 4: NacoIen1 (137982.00)
Seat 5: lipesticky (220400.00)
Seat 6: DukaLoncic77 (343811.00)
Seat 7: MaximumP (118100.00)
Seat 8: VMPFDP (83330.00)
D.Babahhh posts ante 450.00
Goin4DNutz posts ante 450.00
Sugvant posts ante 450.00
NacoIen1 posts ante 450.00
lipesticky posts ante 450.00
DukaLoncic77 posts ante 450.00
MaximumP posts ante 450.00
VMPFDP posts ante 450.00
MaximumP posts the small blind 1500.00
VMPFDP posts the big blind 3000.00
*** HOLE CARDS ***
Main pot 3600.00
Dealt to lipesticky [3d Qd]
D.Babahhh folds
Goin4DNutz raises 6000.00 to 6000.00
Sugvant calls 6000.00
NacoIen1 folds
lipesticky folds
DukaLoncic77 folds
MaximumP folds
VMPFDP raises 79880.00 to 82880.00 and is all-in
Goin4DNutz folds
Sugvant calls 76880.00
*** FLOP *** [Kc 9h Td]
Main pot 176860.00
*** TURN *** [Kc 9h Td] [Qh]
Main pot 176860.00
*** RIVER *** [Kc 9h Td Qh] [Jh]
Main pot 176860.00
*** SHOW DOWN ***
Main pot 176860.00
Sugvant shows [7h 7d] (a straight, King high [Kc Qh Jh Td 9h])
VMPFDP shows [Kh Ad] (a straight, Ace high [Ad Kh Qh Jh Td])
VMPFDP collected 176860.00 from main pot
*** SUMMARY ***
Total pot 176860.00
Board [Kc 9h Td Qh Jh]
Seat 1: D.Babahhh folded on the Pre-Flop and did not bet
Seat 2: Goin4DNutz folded on the Pre-Flop and did not bet
Seat 3: Sugvant showed [7h 7d] and lost with a straight, King high [Kc Qh Jh Td 9h]
Seat 4: NacoIen1 folded on the Pre-Flop and did not bet
Seat 5: lipesticky folded on the Pre-Flop and did not bet
Seat 6: DukaLoncic77 (button) folded on the Pre-Flop
Seat 7: MaximumP (small blind) folded on the Pre-Flop
Seat 8: VMPFDP (big blind) showed [Kh Ad] and won 176860.00 with a straight, Ace high [Ad Kh Qh Jh Td]

Game Hand #2023341957 - Tournament #31174407 - Holdem (No Limit) - Level 6 (1500.00/3000.00)- 2024/02/10 20:16:54 UTC
Table '61' 8-max Seat #7 is the button
Seat 1: D.Babahhh (170938.00)
Seat 2: Goin4DNutz (100646.00)
Seat 3: Sugvant (107697.00)
Seat 4: NacoIen1 (137532.00)
Seat 5: lipesticky (219950.00)
Seat 6: DukaLoncic77 (343361.00)
Seat 7: MaximumP (116150.00)
Seat 8: VMPFDP (176860.00)
D.Babahhh posts ante 450.00
Goin4DNutz posts ante 450.00
Sugvant posts ante 450.00
NacoIen1 posts ante 450.00
lipesticky posts ante 450.00
DukaLoncic77 posts ante 450.00
MaximumP posts ante 450.00
VMPFDP posts ante 450.00
VMPFDP posts the small blind 1500.00
D.Babahhh posts the big blind 3000.00
*** HOLE CARDS ***
Main pot 3600.00
Dealt to lipesticky [2d 6h]
Goin4DNutz folds
Sugvant raises 6000.00 to 6000.00
NacoIen1 folds
lipesticky folds
DukaLoncic77 folds
MaximumP calls 6000.00
VMPFDP folds
D.Babahhh folds
*** FLOP *** [5d Jh 3s]
Main pot 20100.00
Sugvant checks
MaximumP checks
*** TURN *** [5d Jh 3s] [4d]
Main pot 20100.00
Sugvant bets 6432.00
MaximumP calls 6432.00
*** RIVER *** [5d Jh 3s 4d] [Qc]
Main pot 32964.00
Sugvant checks
MaximumP bets 11389.00
Sugvant calls 11389.00
*** SHOW DOWN ***
Main pot 55742.00
Sugvant shows [2s 2c] (a pair of Deuces [2s 2c Qc Jh 5d])
MaximumP shows [Ac Jc] (a pair of Jacks [Jh Jc Ac Qc 5d])
MaximumP collected 55742.00 from main pot
*** SUMMARY ***
Total pot 55742.00
Board [5d Jh 3s 4d Qc]
Seat 1: D.Babahhh (big blind) folded on the Pre-Flop
Seat 2: Goin4DNutz folded on the Pre-Flop and did not bet
Seat 3: Sugvant showed [2s 2c] and lost with a pair of Deuces [2s 2c Qc Jh 5d]
Seat 4: NacoIen1 folded on the Pre-Flop and did not bet
Seat 5: lipesticky folded on the Pre-Flop and did not bet
Seat 6: DukaLoncic77 folded on the Pre-Flop and did not bet
Seat 7: MaximumP (button) showed [Ac Jc] and won 55742.00 with a pair of Jacks [Jh Jc Ac Qc 5d]
Seat 8: VMPFDP (small blind) folded on the Pre-Flop

Game Hand #2023343485 - Tournament #31174407 - Holdem (No Limit) - Level 6 (1500.00/3000.00)- 2024/02/10 20:18:19 UTC
Table '61' 8-max Seat #8 is the button
Seat 1: D.Babahhh (167488.00)
Seat 2: Goin4DNutz (100196.00)
Seat 3: Sugvant (83426.00)
Seat 4: NacoIen1 (137082.00)
Seat 5: lipesticky (219500.00)
Seat 6: DukaLoncic77 (342911.00)
Seat 7: MaximumP (147621.00)
Seat 8: VMPFDP (174910.00)
D.Babahhh posts ante 450.00
Goin4DNutz posts ante 450.00
Sugvant posts ante 450.00
NacoIen1 posts ante 450.00
lipesticky posts ante 450.00
DukaLoncic77 posts ante 450.00
MaximumP posts ante 450.00
VMPFDP posts ante 450.00
D.Babahhh posts the small blind 1500.00
Goin4DNutz posts the big blind 3000.00
*** HOLE CARDS ***
Main pot 3600.00
Dealt to lipesticky [Kc Tc]
Sugvant folds
NacoIen1 folds
lipesticky raises 6300.00 to 6300.00
DukaLoncic77 folds
MaximumP folds
VMPFDP folds
D.Babahhh folds
Goin4DNutz calls 3300.00
*** FLOP *** [8s 3h 4s]
Main pot 17700.00
Goin4DNutz checks
lipesticky bets 5841.00
Goin4DNutz calls 5841.00
*** TURN *** [8s 3h 4s] [9d]
Main pot 29382.00
Goin4DNutz checks
lipesticky checks
*** RIVER *** [8s 3h 4s 9d] [5c]
Main pot 29382.00
Goin4DNutz bets 14691.00
lipesticky folds
Uncalled bet (14691.00) returned to Goin4DNutz
Goin4DNutz does not show
*** SUMMARY ***
Total pot 29382.00
Board [8s 3h 4s 9d 5c]
Seat 1: D.Babahhh (small blind) folded on the Pre-Flop
Seat 2: Goin4DNutz did not show and won 29382.00
Seat 3: Sugvant folded on the Pre-Flop and did not bet
Seat 4: NacoIen1 folded on the Pre-Flop and did not bet
Seat 5: lipesticky folded on the River
Seat 6: DukaLoncic77 folded on the Pre-Flop and did not bet
Seat 7: MaximumP folded on the Pre-Flop and did not bet
Seat 8: VMPFDP (button) folded on the Pre-Flop

Game Hand #2023344856 - Tournament #31174407 - Holdem (No Limit) - Level 7 (1750.00/3500.00)- 2024/02/10 20:19:37 UTC
Table '61' 8-max Seat #1 is the button
Seat 1: D.Babahhh (165538.00)
Seat 2: Goin4DNutz (116987.00)
Seat 3: Sugvant (82976.00)
Seat 4: NacoIen1 (136632.00)
Seat 5: lipesticky (206909.00)
Seat 6: DukaLoncic77 (342461.00)
Seat 7: MaximumP (147171.00)
Seat 8: VMPFDP (174460.00)
D.Babahhh posts ante 500.00
Goin4DNutz posts ante 500.00
Sugvant posts ante 500.00
NacoIen1 posts ante 500.00
lipesticky posts ante 500.00
DukaLoncic77 posts ante 500.00
MaximumP posts ante 500.00
VMPFDP posts ante 500.00
Goin4DNutz posts the small blind 1750.00
Sugvant posts the big blind 3500.00
*** HOLE CARDS ***
Main pot 4000.00
Dealt to lipesticky [Qh 9d]
NacoIen1 folds
lipesticky folds
DukaLoncic77 raises 7700.00 to 7700.00
MaximumP folds
VMPFDP folds
D.Babahhh folds
Goin4DNutz folds
Sugvant folds
Uncalled bet (4200.00) returned to DukaLoncic77
DukaLoncic77 does not show
*** SUMMARY ***
Total pot 12750.00
Seat 1: D.Babahhh (button) folded on the Pre-Flop
Seat 2: Goin4DNutz (small blind) folded on the Pre-Flop
Seat 3: Sugvant (big blind) folded on the Pre-Flop
Seat 4: NacoIen1 folded on the Pre-Flop and did not bet
Seat 5: lipesticky folded on the Pre-Flop and did not bet
Seat 6: DukaLoncic77 did not show and won 12750.00
Seat 7: MaximumP folded on the Pre-Flop and did not bet
Seat 8: VMPFDP folded on the Pre-Flop and did not bet

Game Hand #2023345547 - Tournament #31174407 - Holdem (No Limit) - Level 7 (1750.00/3500.00)- 2024/02/10 20:20:18 UTC
Table '61' 8-max Seat #2 is the button
Seat 1: D.Babahhh (165038.00)
Seat 2: Goin4DNutz (114737.00)
Seat 3: Sugvant (78976.00)
Seat 4: NacoIen1 (136132.00)
Seat 5: lipesticky (206409.00)
Seat 6: DukaLoncic77 (351211.00)
Seat 7: MaximumP (146671.00)
Seat 8: VMPFDP (173960.00)
D.Babahhh posts ante 500.00
Goin4DNutz posts ante 500.00
Sugvant posts ante 500.00
NacoIen1 posts ante 500.00
lipesticky posts ante 500.00
DukaLoncic77 posts ante 500.00
MaximumP posts ante 500.00
VMPFDP posts ante 500.00
Sugvant posts the small blind 1750.00
NacoIen1 posts the big blind 3500.00
*** HOLE CARDS ***
Main pot 4000.00
Dealt to lipesticky [Ah 8h]
lipesticky raises 7350.00 to 7350.00
DukaLoncic77 folds
MaximumP folds
VMPFDP folds
D.Babahhh folds
Goin4DNutz calls 7350.00
Sugvant folds
NacoIen1 folds
*** FLOP *** [Ac Jd Ad]
Main pot 23950.00
lipesticky bets 7904.00
Goin4DNutz calls 7904.00
*** TURN *** [Ac Jd Ad] [Qc]
Main pot 39758.00
lipesticky bets 26240.00
Goin4DNutz calls 26240.00
*** RIVER *** [Ac Jd Ad Qc] [9d]
Main pot 92238.00
lipesticky checks
Goin4DNutz checks
*** SHOW DOWN ***
Main pot 92238.00
Goin4DNutz shows [Qs Jc] (two pair, Aces and Queens [Ad Ac Qs Qc Jd])
lipesticky shows [Ah 8h] (three of a kind, Set of Aces [Ah Ad Ac Qc Jd])
lipesticky collected 92238.00 from main pot
*** SUMMARY ***
Total pot 92238.00
Board [Ac Jd Ad Qc 9d]
Seat 1: D.Babahhh folded on the Pre-Flop and did not bet
Seat 2: Goin4DNutz (button) showed [Qs Jc] and lost with two pair, Aces and Queens [Ad Ac Qs Qc Jd]
Seat 3: Sugvant (small blind) folded on the Pre-Flop
Seat 4: NacoIen1 (big blind) folded on the Pre-Flop
Seat 5: lipesticky showed [Ah 8h] and won 92238.00 with three of a kind, Set of Aces [Ah Ad Ac Qc Jd]
Seat 6: DukaLoncic77 folded on the Pre-Flop and did not bet
Seat 7: MaximumP folded on the Pre-Flop and did not bet
Seat 8: VMPFDP folded on the Pre-Flop and did not bet

Game Hand #2023346980 - Tournament #31174407 - Holdem (No Limit) - Level 7 (1750.00/3500.00)- 2024/02/10 20:21:40 UTC
Table '61' 8-max Seat #3 is the button
Seat 1: D.Babahhh (164538.00)
Seat 2: Goin4DNutz (72743.00)
Seat 3: Sugvant (76726.00)
Seat 4: NacoIen1 (132132.00)
Seat 5: lipesticky (256653.00)
Seat 6: DukaLoncic77 (350711.00)
Seat 7: MaximumP (146171.00)
Seat 8: VMPFDP (173460.00)
D.Babahhh posts ante 500.00
Goin4DNutz posts ante 500.00
Sugvant posts ante 500.00
NacoIen1 posts ante 500.00
lipesticky posts ante 500.00
DukaLoncic77 posts ante 500.00
MaximumP posts ante 500.00
VMPFDP posts ante 500.00
NacoIen1 posts the small blind 1750.00
lipesticky posts the big blind 3500.00
*** HOLE CARDS ***
Main pot 4000.00
Dealt to lipesticky [Jc 3d]
DukaLoncic77 folds
MaximumP folds
VMPFDP raises 7000.00 to 7000.00
D.Babahhh folds
Goin4DNutz raises 72243.00 to 72243.00 and is all-in
Sugvant folds
NacoIen1 folds
lipesticky folds
VMPFDP calls 65243.00
*** FLOP *** [2d 7d 7s]
Main pot 153736.00
*** TURN *** [2d 7d 7s] [5s]
Main pot 153736.00
*** RIVER *** [2d 7d 7s 5s] [Jd]
Main pot 153736.00
*** SHOW DOWN ***
Main pot 153736.00
Goin4DNutz shows [As Kh] (a pair of Sevens [7s 7d As Kh Jd])
VMPFDP shows [8d 9d] (a flush, Jack high [Jd 9d 8d 7d 2d])
VMPFDP collected 153736.00 from main pot
*** SUMMARY ***
Total pot 153736.00
Board [2d 7d 7s 5s Jd]
Seat 1: D.Babahhh folded on the Pre-Flop and did not bet
Seat 2: Goin4DNutz showed [As Kh] and lost with a pair of Sevens [7s 7d As Kh Jd]
Seat 3: Sugvant (button) folded on the Pre-Flop
Seat 4: NacoIen1 (small blind) folded on the Pre-Flop
Seat 5: lipesticky (big blind) folded on the Pre-Flop
Seat 6: DukaLoncic77 folded on the Pre-Flop and did not bet
Seat 7: MaximumP folded on the Pre-Flop and did not bet
Seat 8: VMPFDP showed [8d 9d] and won 153736.00 with a flush, Jack high [Jd 9d 8d 7d 2d]

Game Hand #2023347987 - Tournament #31174407 - Holdem (No Limit) - Level 7 (1750.00/3500.00)- 2024/02/10 20:22:39 UTC
Table '61' 8-max Seat #4 is the button
Seat 1: D.Babahhh (164038.00)
Seat 3: Sugvant (76226.00)
Seat 4: NacoIen1 (129882.00)
Seat 5: lipesticky (252653.00)
Seat 6: DukaLoncic77 (350211.00)
Seat 7: MaximumP (145671.00)
Seat 8: VMPFDP (254453.00)
D.Babahhh posts ante 500.00
Sugvant posts ante 500.00
NacoIen1 posts ante 500.00
lipesticky posts ante 500.00
DukaLoncic77 posts ante 500.00
MaximumP posts ante 500.00
VMPFDP posts ante 500.00
lipesticky posts the small blind 1750.00
DukaLoncic77 posts the big blind 3500.00
*** HOLE CARDS ***
Main pot 3500.00
Dealt to lipesticky [3h Th]
MaximumP folds
VMPFDP folds
D.Babahhh raises 7000.00 to 7000.00
Sugvant folds
NacoIen1 folds
lipesticky folds
DukaLoncic77 folds
Uncalled bet (3500.00) returned to D.Babahhh
D.Babahhh does not show
*** SUMMARY ***
Total pot 12250.00
Seat 1: D.Babahhh did not show and won 12250.00
Seat 3: Sugvant folded on the Pre-Flop and did not bet
Seat 4: NacoIen1 (button) folded on the Pre-Flop
Seat 5: lipesticky (small blind) folded on the Pre-Flop
Seat 6: DukaLoncic77 (big blind) folded on the Pre-Flop
Seat 7: MaximumP folded on the Pre-Flop and did not bet
Seat 8: VMPFDP folded on the Pre-Flop and did not bet

Game Hand #2023348976 - Tournament #31174407 - Holdem (No Limit) - Level 7 (1750.00/3500.00)- 2024/02/10 20:23:35 UTC
Table '61' 8-max Seat #5 is the button
Seat 1: D.Babahhh (172288.00)
Seat 3: Sugvant (75726.00)
Seat 4: NacoIen1 (129382.00)
Seat 5: lipesticky (250403.00)
Seat 6: DukaLoncic77 (346211.00)
Seat 7: MaximumP (145171.00)
Seat 8: VMPFDP (253953.00)
D.Babahhh posts ante 500.00
Sugvant posts ante 500.00
NacoIen1 posts ante 500.00
lipesticky posts ante 500.00
DukaLoncic77 posts ante 500.00
MaximumP posts ante 500.00
VMPFDP posts ante 500.00
DukaLoncic77 posts the small blind 1750.00
MaximumP posts the big blind 3500.00
*** HOLE CARDS ***
Main pot 3500.00
Dealt to lipesticky [Kd 7d]
VMPFDP folds
D.Babahhh folds
Sugvant folds
NacoIen1 folds
lipesticky raises 7350.00 to 7350.00
DukaLoncic77 folds
MaximumP calls 3850.00
*** FLOP *** [Tc 7h 4d]
Main pot 19950.00
MaximumP checks
lipesticky bets 6584.00
MaximumP calls 6584.00
*** TURN *** [Tc 7h 4d] [6h]
Main pot 33118.00
MaximumP bets 11200.00
lipesticky calls 11200.00
*** RIVER *** [Tc 7h 4d 6h] [Kh]
Main pot 55518.00
MaximumP bets 38054.00
lipesticky calls 38054.00
*** SHOW DOWN ***
Main pot 131626.00
lipesticky shows [Kd 7d] (two pair, Kings and Sevens [Kh Kd 7h 7d Tc])
MaximumP shows [4h Jh] (a flush, King high [Kh Jh 7h 6h 4h])
MaximumP collected 131626.00 from main pot
*** SUMMARY ***
Total pot 131626.00
Board [Tc 7h 4d 6h Kh]
Seat 1: D.Babahhh folded on the Pre-Flop and did not bet
Seat 3: Sugvant folded on the Pre-Flop and did not bet
Seat 4: NacoIen1 folded on the Pre-Flop and did not bet
Seat 5: lipesticky (button) showed [Kd 7d] and lost with two pair, Kings and Sevens [Kh Kd 7h 7d Tc]
Seat 6: DukaLoncic77 (small blind) folded on the Pre-Flop
Seat 7: MaximumP (big blind) showed [4h Jh] and won 131626.00 with a flush, King high [Kh Jh 7h 6h 4h]
Seat 8: VMPFDP folded on the Pre-Flop and did not bet

Game Hand #2023351023 - Tournament #31174407 - Holdem (No Limit) - Level 7 (1750.00/3500.00)- 2024/02/10 20:25:34 UTC
Table '61' 8-max Seat #6 is the button
Seat 1: D.Babahhh (171788.00)
Seat 2: JustGuessing74 (554775.00)
Seat 3: Sugvant (75226.00)
Seat 4: NacoIen1 (128882.00)
Seat 5: lipesticky (186715.00)
Seat 6: DukaLoncic77 (343961.00)
Seat 7: MaximumP (213109.00)
Seat 8: VMPFDP (253453.00)
D.Babahhh posts ante 500.00
JustGuessing74 posts ante 500.00
Sugvant posts ante 500.00
NacoIen1 posts ante 500.00
lipesticky posts ante 500.00
DukaLoncic77 posts ante 500.00
MaximumP posts ante 500.00
VMPFDP posts ante 500.00
MaximumP posts the small blind 1750.00
VMPFDP posts the big blind 3500.00
*** HOLE CARDS ***
Main pot 4000.00
Dealt to lipesticky [2c Th]
D.Babahhh folds
JustGuessing74 folds
Sugvant folds
NacoIen1 raises 7000.00 to 7000.00
lipesticky folds
DukaLoncic77 folds
MaximumP folds
VMPFDP calls 3500.00
*** FLOP *** [6c 4d 2h]
Main pot 19750.00
VMPFDP checks
NacoIen1 bets 14363.00
VMPFDP folds
Uncalled bet (14363.00) returned to NacoIen1
NacoIen1 does not show
*** SUMMARY ***
Total pot 19750.00
Board [6c 4d 2h]
Seat 1: D.Babahhh folded on the Pre-Flop and did not bet
Seat 2: JustGuessing74 folded on the Pre-Flop and did not bet
Seat 3: Sugvant folded on the Pre-Flop and did not bet
Seat 4: NacoIen1 did not show and won 19750.00
Seat 5: lipesticky folded on the Pre-Flop and did not bet
Seat 6: DukaLoncic77 (button) folded on the Pre-Flop
Seat 7: MaximumP (small blind) folded on the Pre-Flop
Seat 8: VMPFDP (big blind) folded on the Flop

Game Hand #2023352232 - Tournament #31174407 - Holdem (No Limit) - Level 7 (1750.00/3500.00)- 2024/02/10 20:26:47 UTC
Table '61' 8-max Seat #7 is the button
Seat 1: D.Babahhh (171288.00)
Seat 2: JustGuessing74 (554275.00)
Seat 3: Sugvant (74726.00)
Seat 4: NacoIen1 (141132.00)
Seat 5: lipesticky (186215.00)
Seat 6: DukaLoncic77 (343461.00)
Seat 7: MaximumP (210859.00)
Seat 8: VMPFDP (245953.00)
D.Babahhh posts ante 500.00
JustGuessing74 posts ante 500.00
Sugvant posts ante 500.00
NacoIen1 posts ante 500.00
lipesticky posts ante 500.00
DukaLoncic77 posts ante 500.00
MaximumP posts ante 500.00
VMPFDP posts ante 500.00
VMPFDP posts the small blind 1750.00
D.Babahhh posts the big blind 3500.00
*** HOLE CARDS ***
Main pot 4000.00
Dealt to lipesticky [Ts 3h]
JustGuessing74 folds
Sugvant folds
NacoIen1 folds
lipesticky folds
DukaLoncic77 folds
MaximumP folds
VMPFDP folds
D.Babahhh does not show
*** SUMMARY ***
Total pot 9250.00
Seat 1: D.Babahhh did not show and won 9250.00
Seat 2: JustGuessing74 folded on the Pre-Flop and did not bet
Seat 3: Sugvant folded on the Pre-Flop and did not bet
Seat 4: NacoIen1 folded on the Pre-Flop and did not bet
Seat 5: lipesticky folded on the Pre-Flop and did not bet
Seat 6: DukaLoncic77 folded on the Pre-Flop and did not bet
Seat 7: MaximumP (button) folded on the Pre-Flop
Seat 8: VMPFDP (small blind) folded on the Pre-Flop

Game Hand #2023352799 - Tournament #31174407 - Holdem (No Limit) - Level 7 (1750.00/3500.00)- 2024/02/10 20:27:21 UTC
Table '61' 8-max Seat #8 is the button
Seat 1: D.Babahhh (176538.00)
Seat 2: JustGuessing74 (553775.00)
Seat 3: Sugvant (74226.00)
Seat 4: NacoIen1 (140632.00)
Seat 5: lipesticky (185715.00)
Seat 6: DukaLoncic77 (342961.00)
Seat 7: MaximumP (210359.00)
Seat 8: VMPFDP (243703.00)
D.Babahhh posts ante 500.00
JustGuessing74 posts ante 500.00
Sugvant posts ante 500.00
NacoIen1 posts ante 500.00
lipesticky posts ante 500.00
DukaLoncic77 posts ante 500.00
MaximumP posts ante 500.00
VMPFDP posts ante 500.00
D.Babahhh posts the small blind 1750.00
JustGuessing74 posts the big blind 3500.00
*** HOLE CARDS ***
Main pot 4000.00
Dealt to lipesticky [5c Tc]
Sugvant folds
NacoIen1 folds
lipesticky folds
DukaLoncic77 folds
MaximumP folds
VMPFDP raises 7000.00 to 7000.00
D.Babahhh raises 26250.00 to 28000.00
JustGuessing74 folds
VMPFDP raises 236203.00 to 243203.00 and is all-in
D.Babahhh folds
Uncalled bet (215203.00) returned to VMPFDP
VMPFDP does not show
*** SUMMARY ***
Total pot 63500.00
Seat 1: D.Babahhh (small blind) folded on the Pre-Flop
Seat 2: JustGuessing74 (big blind) folded on the Pre-Flop
Seat 3: Sugvant folded on the Pre-Flop and did not bet
Seat 4: NacoIen1 folded on the Pre-Flop and did not bet
Seat 5: lipesticky folded on the Pre-Flop and did not bet
Seat 6: DukaLoncic77 folded on the Pre-Flop and did not bet
Seat 7: MaximumP folded on the Pre-Flop and did not bet
Seat 8: VMPFDP did not show and won 63500.00

Game Hand #2023353566 - Tournament #31174407 - Holdem (No Limit) - Level 7 (1750.00/3500.00)- 2024/02/10 20:28:07 UTC
Table '61' 8-max Seat #1 is the button
Seat 1: D.Babahhh (148038.00)
Seat 2: JustGuessing74 (549775.00)
Seat 3: Sugvant (73726.00)
Seat 4: NacoIen1 (140132.00)
Seat 5: lipesticky (185215.00)
Seat 6: DukaLoncic77 (342461.00)
Seat 7: MaximumP (209859.00)
Seat 8: VMPFDP (278703.00)
D.Babahhh posts ante 500.00
JustGuessing74 posts ante 500.00
Sugvant posts ante 500.00
NacoIen1 posts ante 500.00
lipesticky posts ante 500.00
DukaLoncic77 posts ante 500.00
MaximumP posts ante 500.00
VMPFDP posts ante 500.00
JustGuessing74 posts the small blind 1750.00
Sugvant posts the big blind 3500.00
*** HOLE CARDS ***
Main pot 4000.00
Dealt to lipesticky [5c 9h]
NacoIen1 folds
lipesticky folds
DukaLoncic77 folds
MaximumP folds
VMPFDP folds
D.Babahhh raises 7000.00 to 7000.00
JustGuessing74 folds
Sugvant folds
Uncalled bet (3500.00) returned to D.Babahhh
D.Babahhh does not show
*** SUMMARY ***
Total pot 12750.00
Seat 1: D.Babahhh did not show and won 12750.00
Seat 2: JustGuessing74 (small blind) folded on the Pre-Flop
Seat 3: Sugvant (big blind) folded on the Pre-Flop
Seat 4: NacoIen1 folded on the Pre-Flop and did not bet
Seat 5: lipesticky folded on the Pre-Flop and did not bet
Seat 6: DukaLoncic77 folded on the Pre-Flop and did not bet
Seat 7: MaximumP folded on the Pre-Flop and did not bet
Seat 8: VMPFDP folded on the Pre-Flop and did not bet

Game Hand #2023353963 - Tournament #31174407 - Holdem (No Limit) - Level 7 (1750.00/3500.00)- 2024/02/10 20:28:30 UTC
Table '61' 8-max Seat #2 is the button
Seat 1: D.Babahhh (156788.00)
Seat 2: JustGuessing74 (547525.00)
Seat 3: Sugvant (69726.00)
Seat 4: NacoIen1 (139632.00)
Seat 5: lipesticky (184715.00)
Seat 6: DukaLoncic77 (341961.00)
Seat 7: MaximumP (209359.00)
Seat 8: VMPFDP (278203.00)
D.Babahhh posts ante 500.00
JustGuessing74 posts ante 500.00
Sugvant posts ante 500.00
NacoIen1 posts ante 500.00
lipesticky posts ante 500.00
DukaLoncic77 posts ante 500.00
MaximumP posts ante 500.00
VMPFDP posts ante 500.00
Sugvant posts the small blind 1750.00
NacoIen1 posts the big blind 3500.00
*** HOLE CARDS ***
Main pot 4000.00
Dealt to lipesticky [7d Ah]
lipesticky folds
DukaLoncic77 raises 8750.00 to 8750.00
MaximumP folds
VMPFDP folds
D.Babahhh folds
JustGuessing74 folds
Sugvant folds
NacoIen1 calls 5250.00
*** FLOP *** [3s 3d 4d]
Main pot 23250.00
NacoIen1 checks
DukaLoncic77 bets 7673.00
NacoIen1 calls 7673.00
*** TURN *** [3s 3d 4d] [Th]
Main pot 38596.00
NacoIen1 checks
DukaLoncic77 bets 25267.00
NacoIen1 calls 25267.00
*** RIVER *** [3s 3d 4d Th] [7h]
Main pot 89130.00
NacoIen1 checks
DukaLoncic77 checks
*** SHOW DOWN ***
Main pot 89130.00
NacoIen1 shows [9h 9s] (two pair, Nines and Threes [9s 9h 3s 3d Th])
DukaLoncic77 shows [Qs Ts] (two pair, Tens and Threes [Ts Th 3s 3d Qs])
DukaLoncic77 collected 89130.00 from main pot
*** SUMMARY ***
Total pot 89130.00
Board [3s 3d 4d Th 7h]
Seat 1: D.Babahhh folded on the Pre-Flop and did not bet
Seat 2: JustGuessing74 (button) folded on the Pre-Flop
Seat 3: Sugvant (small blind) folded on the Pre-Flop
Seat 4: NacoIen1 (big blind) showed [9h 9s] and lost with two pair, Nines and Threes [9s 9h 3s 3d Th]
Seat 5: lipesticky folded on the Pre-Flop and did not bet
Seat 6: DukaLoncic77 showed [Qs Ts] and won 89130.00 with two pair, Tens and Threes [Ts Th 3s 3d Qs]
Seat 7: MaximumP folded on the Pre-Flop and did not bet
Seat 8: VMPFDP folded on the Pre-Flop and did not bet

Game Hand #2023355646 - Tournament #31174407 - Holdem (No Limit) - Level 7 (1750.00/3500.00)- 2024/02/10 20:30:15 UTC
Table '61' 8-max Seat #3 is the button
Seat 1: D.Babahhh (156288.00)
Seat 2: JustGuessing74 (547025.00)
Seat 3: Sugvant (67476.00)
Seat 4: NacoIen1 (97442.00)
Seat 5: lipesticky (184215.00)
Seat 6: DukaLoncic77 (388901.00)
Seat 7: MaximumP (208859.00)
Seat 8: VMPFDP (277703.00)
D.Babahhh posts ante 500.00
JustGuessing74 posts ante 500.00
Sugvant posts ante 500.00
NacoIen1 posts ante 500.00
lipesticky posts ante 500.00
DukaLoncic77 posts ante 500.00
MaximumP posts ante 500.00
VMPFDP posts ante 500.00
NacoIen1 posts the small blind 1750.00
lipesticky posts the big blind 3500.00
*** HOLE CARDS ***
Main pot 4000.00
Dealt to lipesticky [Ah 2c]
DukaLoncic77 folds
MaximumP raises 7700.00 to 7700.00
VMPFDP folds
D.Babahhh folds
JustGuessing74 folds
Sugvant folds
NacoIen1 folds
lipesticky folds
Uncalled bet (4200.00) returned to MaximumP
MaximumP does not show
*** SUMMARY ***
Total pot 12750.00
Seat 1: D.Babahhh folded on the Pre-Flop and did not bet
Seat 2: JustGuessing74 folded on the Pre-Flop and did not bet
Seat 3: Sugvant (button) folded on the Pre-Flop
Seat 4: NacoIen1 (small blind) folded on the Pre-Flop
Seat 5: lipesticky (big blind) folded on the Pre-Flop
Seat 6: DukaLoncic77 folded on the Pre-Flop and did not bet
Seat 7: MaximumP did not show and won 12750.00
Seat 8: VMPFDP folded on the Pre-Flop and did not bet

Game Hand #2023356703 - Tournament #31174407 - Holdem (No Limit) - Level 7 (1750.00/3500.00)- 2024/02/10 20:31:11 UTC
Table '61' 8-max Seat #4 is the button
Seat 1: D.Babahhh (155788.00)
Seat 2: JustGuessing74 (546525.00)
Seat 3: Sugvant (66976.00)
Seat 4: NacoIen1 (95192.00)
Seat 5: lipesticky (180215.00)
Seat 6: DukaLoncic77 (388401.00)
Seat 7: MaximumP (217609.00)
Seat 8: VMPFDP (277203.00)
D.Babahhh posts ante 500.00
JustGuessing74 posts ante 500.00
Sugvant posts ante 500.00
NacoIen1 posts ante 500.00
lipesticky posts ante 500.00
DukaLoncic77 posts ante 500.00
MaximumP posts ante 500.00
VMPFDP posts ante 500.00
lipesticky posts the small blind 1750.00
DukaLoncic77 posts the big blind 3500.00
*** HOLE CARDS ***
Main pot 4000.00
Dealt to lipesticky [Js Kh]
MaximumP folds
VMPFDP folds
D.Babahhh folds
JustGuessing74 folds
Sugvant raises 66476.00 to 66476.00 and is all-in
NacoIen1 raises 94692.00 to 94692.00 and is all-in
lipesticky folds
DukaLoncic77 folds
Uncalled bet (28216.00) returned to NacoIen1
*** FLOP *** [7h 9d Ac]
Main pot 142202.00
*** TURN *** [7h 9d Ac] [2s]
Main pot 142202.00
*** RIVER *** [7h 9d Ac 2s] [4c]
Main pot 142202.00
*** SHOW DOWN ***
Main pot 142202.00
Sugvant shows [4s As] (two pair, Aces and Fours [As Ac 4s 4c 9d])
NacoIen1 shows [Qh Ks] (a high card, Ace high [Ac Ks Qh 9d 7h])
Sugvant collected 142202.00 from main pot
*** SUMMARY ***
Total pot 142202.00
Board [7h 9d Ac 2s 4c]
Seat 1: D.Babahhh folded on the Pre-Flop and did not bet
Seat 2: JustGuessing74 folded on the Pre-Flop and did not bet
Seat 3: Sugvant showed [4s As] and won 142202.00 with two pair, Aces and Fours [As Ac 4s 4c 9d]
Seat 4: NacoIen1 (button) showed [Qh Ks] and lost with a high card, Ace high [Ac Ks Qh 9d 7h]
Seat 5: lipesticky (small blind) folded on the Pre-Flop
Seat 6: DukaLoncic77 (big blind) folded on the Pre-Flop
Seat 7: MaximumP folded on the Pre-Flop and did not bet
Seat 8: VMPFDP folded on the Pre-Flop and did not bet

Game Hand #2023357658 - Tournament #31174407 - Holdem (No Limit) - Level 7 (1750.00/3500.00)- 2024/02/10 20:32:04 UTC
Table '61' 8-max Seat #5 is the button
Seat 1: D.Babahhh (155288.00)
Seat 2: JustGuessing74 (546025.00)
Seat 3: Sugvant (142202.00)
Seat 4: NacoIen1 (28216.00)
Seat 5: lipesticky (177965.00)
Seat 6: DukaLoncic77 (384401.00)
Seat 7: MaximumP (217109.00)
Seat 8: VMPFDP (276703.00)
D.Babahhh posts ante 500.00
JustGuessing74 posts ante 500.00
Sugvant posts ante 500.00
NacoIen1 posts ante 500.00
lipesticky posts ante 500.00
DukaLoncic77 posts ante 500.00
MaximumP posts ante 500.00
VMPFDP posts ante 500.00
DukaLoncic77 posts the small blind 1750.00
MaximumP posts the big blind 3500.00
*** HOLE CARDS ***
Main pot 4000.00
Dealt to lipesticky [Qs 2c]
VMPFDP raises 7000.00 to 7000.00
D.Babahhh folds
JustGuessing74 folds
Sugvant folds
NacoIen1 folds
lipesticky folds
DukaLoncic77 folds
MaximumP folds
MaximumP shows [- 2d]
Uncalled bet (3500.00) returned to VMPFDP
VMPFDP does not show
*** SUMMARY ***
Total pot 12750.00
Seat 1: D.Babahhh folded on the Pre-Flop and did not bet
Seat 2: JustGuessing74 folded on the Pre-Flop and did not bet
Seat 3: Sugvant folded on the Pre-Flop and did not bet
Seat 4: NacoIen1 folded on the Pre-Flop and did not bet
Seat 5: lipesticky (button) folded on the Pre-Flop
Seat 6: DukaLoncic77 (small blind) folded on the Pre-Flop
Seat 7: MaximumP (big blind) showed [- 2d] and folded on the Pre-Flop
Seat 8: VMPFDP did not show and won 12750.00

Game Hand #2023358124 - Tournament #31174407 - Holdem (No Limit) - Level 7 (1750.00/3500.00)- 2024/02/10 20:32:29 UTC
Table '61' 8-max Seat #6 is the button
Seat 1: D.Babahhh (154788.00)
Seat 2: JustGuessing74 (545525.00)
Seat 3: Sugvant (141702.00)
Seat 4: NacoIen1 (27716.00)
Seat 5: lipesticky (177465.00)
Seat 6: DukaLoncic77 (382151.00)
Seat 7: MaximumP (213109.00)
Seat 8: VMPFDP (285453.00)
D.Babahhh posts ante 500.00
JustGuessing74 posts ante 500.00
Sugvant posts ante 500.00
NacoIen1 posts ante 500.00
lipesticky posts ante 500.00
DukaLoncic77 posts ante 500.00
MaximumP posts ante 500.00
VMPFDP posts ante 500.00
MaximumP posts the small blind 1750.00
VMPFDP posts the big blind 3500.00
*** HOLE CARDS ***
Main pot 4000.00
Dealt to lipesticky [3c 6c]
D.Babahhh folds
JustGuessing74 folds
Sugvant folds
NacoIen1 folds
lipesticky folds
DukaLoncic77 raises 10500.00 to 10500.00
MaximumP folds
VMPFDP folds
Uncalled bet (7000.00) returned to DukaLoncic77
DukaLoncic77 does not show
*** SUMMARY ***
Total pot 12750.00
Seat 1: D.Babahhh folded on the Pre-Flop and did not bet
Seat 2: JustGuessing74 folded on the Pre-Flop and did not bet
Seat 3: Sugvant folded on the Pre-Flop and did not bet
Seat 4: NacoIen1 folded on the Pre-Flop and did not bet
Seat 5: lipesticky folded on the Pre-Flop and did not bet
Seat 6: DukaLoncic77 did not show and won 12750.00
Seat 7: MaximumP (small blind) folded on the Pre-Flop
Seat 8: VMPFDP (big blind) folded on the Pre-Flop

Game Hand #2023358646 - Tournament #31174407 - Holdem (No Limit) - Level 7 (1750.00/3500.00)- 2024/02/10 20:32:58 UTC
Table '61' 8-max Seat #7 is the button
Seat 1: D.Babahhh (154288.00)
Seat 2: JustGuessing74 (545025.00)
Seat 3: Sugvant (141202.00)
Seat 4: NacoIen1 (27216.00)
Seat 5: lipesticky (176965.00)
Seat 6: DukaLoncic77 (390901.00)
Seat 7: MaximumP (210859.00)
Seat 8: VMPFDP (281453.00)
D.Babahhh posts ante 500.00
JustGuessing74 posts ante 500.00
Sugvant posts ante 500.00
NacoIen1 posts ante 500.00
lipesticky posts ante 500.00
DukaLoncic77 posts ante 500.00
MaximumP posts ante 500.00
VMPFDP posts ante 500.00
VMPFDP posts the small blind 1750.00
D.Babahhh posts the big blind 3500.00
*** HOLE CARDS ***
Main pot 4000.00
Dealt to lipesticky [3c Jd]
JustGuessing74 folds
Sugvant folds
NacoIen1 folds
lipesticky folds
DukaLoncic77 folds
MaximumP raises 7700.00 to 7700.00
VMPFDP folds
D.Babahhh folds
Uncalled bet (4200.00) returned to MaximumP
MaximumP does not show
*** SUMMARY ***
Total pot 12750.00
Seat 1: D.Babahhh (big blind) folded on the Pre-Flop
Seat 2: JustGuessing74 folded on the Pre-Flop and did not bet
Seat 3: Sugvant folded on the Pre-Flop and did not bet
Seat 4: NacoIen1 folded on the Pre-Flop and did not bet
Seat 5: lipesticky folded on the Pre-Flop and did not bet
Seat 6: DukaLoncic77 folded on the Pre-Flop and did not bet
Seat 7: MaximumP did not show and won 12750.00
Seat 8: VMPFDP (small blind) folded on the Pre-Flop

Game Hand #2023359702 - Tournament #31174407 - Holdem (No Limit) - Level 7 (1750.00/3500.00)- 2024/02/10 20:33:57 UTC
Table '61' 8-max Seat #8 is the button
Seat 1: D.Babahhh (150288.00)
Seat 2: JustGuessing74 (544525.00)
Seat 3: Sugvant (140702.00)
Seat 4: NacoIen1 (26716.00)
Seat 5: lipesticky (176465.00)
Seat 6: DukaLoncic77 (390401.00)
Seat 7: MaximumP (219609.00)
Seat 8: VMPFDP (279203.00)
D.Babahhh posts ante 500.00
JustGuessing74 posts ante 500.00
Sugvant posts ante 500.00
NacoIen1 posts ante 500.00
lipesticky posts ante 500.00
DukaLoncic77 posts ante 500.00
MaximumP posts ante 500.00
VMPFDP posts ante 500.00
D.Babahhh posts the small blind 1750.00
JustGuessing74 posts the big blind 3500.00
*** HOLE CARDS ***
Main pot 4000.00
Dealt to lipesticky [9c 4s]
Sugvant folds
NacoIen1 folds
lipesticky folds
DukaLoncic77 folds
MaximumP folds
VMPFDP raises 7000.00 to 7000.00
D.Babahhh calls 5250.00
JustGuessing74 calls 3500.00
*** FLOP *** [Ad Tc 3c]
Main pot 25000.00
D.Babahhh checks
JustGuessing74 checks
VMPFDP checks
*** TURN *** [Ad Tc 3c] [Jh]
Main pot 25000.00
D.Babahhh bets 12500.00
JustGuessing74 calls 12500.00
VMPFDP folds
*** RIVER *** [Ad Tc 3c Jh] [9h]
Main pot 50000.00
D.Babahhh bets 37500.00
JustGuessing74 calls 37500.00
*** SHOW DOWN ***
Main pot 125000.00
D.Babahhh shows [As Th] (two pair, Aces and Tens [As Ad Th Tc Jh])
JustGuessing74 shows [Ah 6s] (a pair of Aces [Ah Ad Jh Tc 9h])
D.Babahhh collected 125000.00 from main pot
*** SUMMARY ***
Total pot 125000.00
Board [Ad Tc 3c Jh 9h]
Seat 1: D.Babahhh (small blind) showed [As Th] and won 125000.00 with two pair, Aces and Tens [As Ad Th Tc Jh]
Seat 2: JustGuessing74 (big blind) showed [Ah 6s] and lost with a pair of Aces [Ah Ad Jh Tc 9h]
Seat 3: Sugvant folded on the Pre-Flop and did not bet
Seat 4: NacoIen1 folded on the Pre-Flop and did not bet
Seat 5: lipesticky folded on the Pre-Flop and did not bet
Seat 6: DukaLoncic77 folded on the Pre-Flop and did not bet
Seat 7: MaximumP folded on the Pre-Flop and did not bet
Seat 8: VMPFDP (button) folded on the Turn

Game Hand #2023361531 - Tournament #31174407 - Holdem (No Limit) - Level 7 (1750.00/3500.00)- 2024/02/10 20:35:40 UTC
Table '61' 8-max Seat #1 is the button
Seat 1: D.Babahhh (217788.00)
Seat 2: JustGuessing74 (487025.00)
Seat 3: Sugvant (140202.00)
Seat 4: NacoIen1 (26216.00)
Seat 5: lipesticky (175965.00)
Seat 6: DukaLoncic77 (389901.00)
Seat 7: MaximumP (219109.00)
Seat 8: VMPFDP (271703.00)
D.Babahhh posts ante 500.00
JustGuessing74 posts ante 500.00
Sugvant posts ante 500.00
NacoIen1 posts ante 500.00
lipesticky posts ante 500.00
DukaLoncic77 posts ante 500.00
MaximumP posts ante 500.00
VMPFDP posts ante 500.00
JustGuessing74 posts the small blind 1750.00
Sugvant posts the big blind 3500.00
*** HOLE CARDS ***
Main pot 4000.00
Dealt to lipesticky [Qh 7s]
NacoIen1 folds
lipesticky folds
DukaLoncic77 folds
MaximumP raises 7700.00 to 7700.00
VMPFDP calls 7700.00
D.Babahhh folds
JustGuessing74 folds
Sugvant calls 4200.00
*** FLOP *** [7d As 3c]
Main pot 28850.00
Sugvant checks
MaximumP bets 8655.00
VMPFDP calls 8655.00
Sugvant folds
*** TURN *** [7d As 3c] [Th]
Main pot 46160.00
MaximumP bets 13848.00
VMPFDP calls 13848.00
*** RIVER *** [7d As 3c Th] [2h]
Main pot 73856.00
MaximumP checks
VMPFDP bets 66470.00
MaximumP folds
Uncalled bet (66470.00) returned to VMPFDP
VMPFDP does not show
*** SUMMARY ***
Total pot 73856.00
Board [7d As 3c Th 2h]
Seat 1: D.Babahhh (button) folded on the Pre-Flop
Seat 2: JustGuessing74 (small blind) folded on the Pre-Flop
Seat 3: Sugvant (big blind) folded on the Flop
Seat 4: NacoIen1 folded on the Pre-Flop and did not bet
Seat 5: lipesticky folded on the Pre-Flop and did not bet
Seat 6: DukaLoncic77 folded on the Pre-Flop and did not bet
Seat 7: MaximumP folded on the River
Seat 8: VMPFDP did not show and won 73856.00

Game Hand #2023363414 - Tournament #31174407 - Holdem (No Limit) - Level 7 (1750.00/3500.00)- 2024/02/10 20:37:27 UTC
Table '61' 8-max Seat #2 is the button
Seat 1: D.Babahhh (217288.00)
Seat 2: JustGuessing74 (484775.00)
Seat 3: Sugvant (132002.00)
Seat 4: NacoIen1 (25716.00)
Seat 5: lipesticky (175465.00)
Seat 6: DukaLoncic77 (389401.00)
Seat 7: MaximumP (188406.00)
Seat 8: VMPFDP (314856.00)
D.Babahhh posts ante 500.00
JustGuessing74 posts ante 500.00
Sugvant posts ante 500.00
NacoIen1 posts ante 500.00
lipesticky posts ante 500.00
DukaLoncic77 posts ante 500.00
MaximumP posts ante 500.00
VMPFDP posts ante 500.00
Sugvant posts the small blind 1750.00
NacoIen1 posts the big blind 3500.00
*** HOLE CARDS ***
Main pot 4000.00
Dealt to lipesticky [8h 5s]
lipesticky folds
DukaLoncic77 raises 7000.00 to 7000.00
MaximumP folds
VMPFDP calls 7000.00
D.Babahhh calls 7000.00
JustGuessing74 folds
Sugvant folds
NacoIen1 raises 21716.00 to 25216.00 and is all-in
DukaLoncic77 folds
VMPFDP folds
D.Babahhh calls 18216.00
*** FLOP *** [Jh 5h Qh]
Main pot 70182.00
*** TURN *** [Jh 5h Qh] [Ts]
Main pot 70182.00
*** RIVER *** [Jh 5h Qh Ts] [3h]
Main pot 70182.00
*** SHOW DOWN ***
Main pot 70182.00
D.Babahhh shows [3d 3s] (three of a kind, Set of Threes [3s 3h 3d Qh Jh])
NacoIen1 shows [7s 7h] (a flush, Queen high [Qh Jh 7h 5h 3h])
NacoIen1 collected 70182.00 from main pot
*** SUMMARY ***
Total pot 70182.00
Board [Jh 5h Qh Ts 3h]
Seat 1: D.Babahhh showed [3d 3s] and lost with three of a kind, Set of Threes [3s 3h 3d Qh Jh]
Seat 2: JustGuessing74 (button) folded on the Pre-Flop
Seat 3: Sugvant (small blind) folded on the Pre-Flop
Seat 4: NacoIen1 (big blind) showed [7s 7h] and won 70182.00 with a flush, Queen high [Qh Jh 7h 5h 3h]
Seat 5: lipesticky folded on the Pre-Flop and did not bet
Seat 6: DukaLoncic77 folded on the Pre-Flop and did not bet
Seat 7: MaximumP folded on the Pre-Flop and did not bet
Seat 8: VMPFDP folded on the Pre-Flop and did not bet

Game Hand #2023364397 - Tournament #31174407 - Holdem (No Limit) - Level 7 (1750.00/3500.00)- 2024/02/10 20:38:22 UTC
Table '61' 8-max Seat #3 is the button
Seat 1: D.Babahhh (191572.00)
Seat 2: JustGuessing74 (484275.00)
Seat 3: Sugvant (129752.00)
Seat 4: NacoIen1 (70182.00)
Seat 5: lipesticky (174965.00)
Seat 6: DukaLoncic77 (381901.00)
Seat 7: MaximumP (187906.00)
Seat 8: VMPFDP (307356.00)
D.Babahhh posts ante 500.00
JustGuessing74 posts ante 500.00
Sugvant posts ante 500.00
NacoIen1 posts ante 500.00
lipesticky posts ante 500.00
DukaLoncic77 posts ante 500.00
MaximumP posts ante 500.00
VMPFDP posts ante 500.00
NacoIen1 posts the small blind 1750.00
lipesticky posts the big blind 3500.00
*** HOLE CARDS ***
Main pot 4000.00
Dealt to lipesticky [6h Ks]
DukaLoncic77 raises 7000.00 to 7000.00
MaximumP folds
VMPFDP raises 10500.00 to 10500.00
D.Babahhh raises 28000.00 to 28000.00
JustGuessing74 folds
Sugvant folds
NacoIen1 folds
lipesticky folds
DukaLoncic77 folds
VMPFDP calls 17500.00
*** FLOP *** [4d 5c 7d]
Main pot 72250.00
VMPFDP checks
D.Babahhh bets 54188.00
VMPFDP folds
Uncalled bet (54188.00) returned to D.Babahhh
D.Babahhh does not show
*** SUMMARY ***
Total pot 72250.00
Board [4d 5c 7d]
Seat 1: D.Babahhh did not show and won 72250.00
Seat 2: JustGuessing74 folded on the Pre-Flop and did not bet
Seat 3: Sugvant (button) folded on the Pre-Flop
Seat 4: NacoIen1 (small blind) folded on the Pre-Flop
Seat 5: lipesticky (big blind) folded on the Pre-Flop
Seat 6: DukaLoncic77 folded on the Pre-Flop and did not bet
Seat 7: MaximumP folded on the Pre-Flop and did not bet
Seat 8: VMPFDP folded on the Flop

Game Hand #2023365504 - Tournament #31174407 - Holdem (No Limit) - Level 8 (2000.00/4000.00)- 2024/02/10 20:39:26 UTC
Table '61' 8-max Seat #4 is the button
Seat 1: D.Babahhh (235322.00)
Seat 2: JustGuessing74 (483775.00)
Seat 3: Sugvant (129252.00)
Seat 4: NacoIen1 (67932.00)
Seat 5: lipesticky (170965.00)
Seat 6: DukaLoncic77 (374401.00)
Seat 7: MaximumP (187406.00)
Seat 8: VMPFDP (278856.00)
D.Babahhh posts ante 600.00
JustGuessing74 posts ante 600.00
Sugvant posts ante 600.00
NacoIen1 posts ante 600.00
lipesticky posts ante 600.00
DukaLoncic77 posts ante 600.00
MaximumP posts ante 600.00
VMPFDP posts ante 600.00
lipesticky posts the small blind 2000.00
DukaLoncic77 posts the big blind 4000.00
*** HOLE CARDS ***
Main pot 4800.00
Dealt to lipesticky [4s 4h]
MaximumP folds
VMPFDP raises 8000.00 to 8000.00
D.Babahhh folds
JustGuessing74 raises 26000.00 to 26000.00
Sugvant folds
NacoIen1 folds
lipesticky folds
DukaLoncic77 folds
VMPFDP calls 18000.00
*** FLOP *** [5s 9s 4d]
Main pot 62800.00
VMPFDP checks
JustGuessing74 bets 31400.00
VMPFDP folds
Uncalled bet (31400.00) returned to JustGuessing74
JustGuessing74 does not show
*** SUMMARY ***
Total pot 62800.00
Board [5s 9s 4d]
Seat 1: D.Babahhh folded on the Pre-Flop and did not bet
Seat 2: JustGuessing74 did not show and won 62800.00
Seat 3: Sugvant folded on the Pre-Flop and did not bet
Seat 4: NacoIen1 (button) folded on the Pre-Flop
Seat 5: lipesticky (small blind) folded on the Pre-Flop
Seat 6: DukaLoncic77 (big blind) folded on the Pre-Flop
Seat 7: MaximumP folded on the Pre-Flop and did not bet
Seat 8: VMPFDP folded on the Flop

Game Hand #2023366698 - Tournament #31174407 - Holdem (No Limit) - Level 8 (2000.00/4000.00)- 2024/02/10 20:40:35 UTC
Table '61' 8-max Seat #5 is the button
Seat 1: D.Babahhh (234722.00)
Seat 2: JustGuessing74 (519975.00)
Seat 3: Sugvant (128652.00)
Seat 4: NacoIen1 (67332.00)
Seat 5: lipesticky (168365.00)
Seat 6: DukaLoncic77 (369801.00)
Seat 7: MaximumP (186806.00)
Seat 8: VMPFDP (252256.00)
D.Babahhh posts ante 600.00
JustGuessing74 posts ante 600.00
Sugvant posts ante 600.00
NacoIen1 posts ante 600.00
lipesticky posts ante 600.00
DukaLoncic77 posts ante 600.00
MaximumP posts ante 600.00
VMPFDP posts ante 600.00
DukaLoncic77 posts the small blind 2000.00
MaximumP posts the big blind 4000.00
*** HOLE CARDS ***
Main pot 4800.00
Dealt to lipesticky [9h 3s]
VMPFDP raises 8000.00 to 8000.00
D.Babahhh folds
JustGuessing74 raises 26000.00 to 26000.00
Sugvant folds
NacoIen1 folds
lipesticky folds
DukaLoncic77 folds
MaximumP folds
VMPFDP calls 18000.00
*** FLOP *** [7h 7s 5d]
Main pot 62800.00
VMPFDP checks
JustGuessing74 checks
*** TURN *** [7h 7s 5d] [Js]
Main pot 62800.00
VMPFDP checks
JustGuessing74 checks
*** RIVER *** [7h 7s 5d Js] [7c]
Main pot 62800.00
VMPFDP checks
JustGuessing74 checks
*** SHOW DOWN ***
Main pot 62800.00
JustGuessing74 shows [Kd Ah] (three of a kind, Set of Sevens [7s 7h 7c Ah Kd])
VMPFDP shows [8c Tc] (three of a kind, Set of Sevens [7s 7h 7c Js Tc])
JustGuessing74 collected 62800.00 from main pot
*** SUMMARY ***
Total pot 62800.00
Board [7h 7s 5d Js 7c]
Seat 1: D.Babahhh folded on the Pre-Flop and did not bet
Seat 2: JustGuessing74 showed [Kd Ah] and won 62800.00 with three of a kind, Set of Sevens [7s 7h 7c Ah Kd] with the kicker Ace
Seat 3: Sugvant folded on the Pre-Flop and did not bet
Seat 4: NacoIen1 folded on the Pre-Flop and did not bet
Seat 5: lipesticky (button) folded on the Pre-Flop
Seat 6: DukaLoncic77 (small blind) folded on the Pre-Flop
Seat 7: MaximumP (big blind) folded on the Pre-Flop
Seat 8: VMPFDP showed [8c Tc] and lost with three of a kind, Set of Sevens [7s 7h 7c Js Tc]

Game Hand #2023367878 - Tournament #31174407 - Holdem (No Limit) - Level 8 (2000.00/4000.00)- 2024/02/10 20:41:43 UTC
Table '61' 8-max Seat #6 is the button
Seat 1: D.Babahhh (234122.00)
Seat 2: JustGuessing74 (556175.00)
Seat 3: Sugvant (128052.00)
Seat 4: NacoIen1 (66732.00)
Seat 5: lipesticky (167765.00)
Seat 6: DukaLoncic77 (367201.00)
Seat 7: MaximumP (182206.00)
Seat 8: VMPFDP (225656.00)
D.Babahhh posts ante 600.00
JustGuessing74 posts ante 600.00
Sugvant posts ante 600.00
NacoIen1 posts ante 600.00
lipesticky posts ante 600.00
DukaLoncic77 posts ante 600.00
MaximumP posts ante 600.00
VMPFDP posts ante 600.00
MaximumP posts the small blind 2000.00
VMPFDP posts the big blind 4000.00
*** HOLE CARDS ***
Main pot 4800.00
Dealt to lipesticky [6h Tc]
D.Babahhh raises 8000.00 to 8000.00
JustGuessing74 folds
Sugvant folds
NacoIen1 folds
lipesticky folds
DukaLoncic77 folds
MaximumP calls 6000.00
VMPFDP folds
*** FLOP *** [Kc 9s 2s]
Main pot 24800.00
MaximumP checks
D.Babahhh bets 7440.00
MaximumP raises 25344.00 to 25344.00
D.Babahhh folds
Uncalled bet (17904.00) returned to MaximumP
MaximumP does not show
*** SUMMARY ***
Total pot 39680.00
Board [Kc 9s 2s]
Seat 1: D.Babahhh folded on the Flop
Seat 2: JustGuessing74 folded on the Pre-Flop and did not bet
Seat 3: Sugvant folded on the Pre-Flop and did not bet
Seat 4: NacoIen1 folded on the Pre-Flop and did not bet
Seat 5: lipesticky folded on the Pre-Flop and did not bet
Seat 6: DukaLoncic77 (button) folded on the Pre-Flop
Seat 7: MaximumP did not show and won 39680.00
Seat 8: VMPFDP (big blind) folded on the Pre-Flop

Game Hand #2023368743 - Tournament #31174407 - Holdem (No Limit) - Level 8 (2000.00/4000.00)- 2024/02/10 20:42:35 UTC
Table '61' 8-max Seat #7 is the button
Seat 1: D.Babahhh (218082.00)
Seat 2: JustGuessing74 (555575.00)
Seat 3: Sugvant (127452.00)
Seat 5: lipesticky (167165.00)
Seat 6: DukaLoncic77 (366601.00)
Seat 7: MaximumP (205846.00)
Seat 8: VMPFDP (221056.00)
D.Babahhh posts ante 600.00
JustGuessing74 posts ante 600.00
Sugvant posts ante 600.00
lipesticky posts ante 600.00
DukaLoncic77 posts ante 600.00
MaximumP posts ante 600.00
VMPFDP posts ante 600.00
VMPFDP posts the small blind 2000.00
D.Babahhh posts the big blind 4000.00
*** HOLE CARDS ***
Main pot 4200.00
Dealt to lipesticky [Ah Jc]
JustGuessing74 folds
Sugvant folds
lipesticky raises 8400.00 to 8400.00
DukaLoncic77 folds
MaximumP folds
VMPFDP folds
D.Babahhh calls 4400.00
*** FLOP *** [4d Kh 2s]
Main pot 23000.00
D.Babahhh checks
lipesticky bets 5590.00
D.Babahhh raises 22680.00 to 22680.00
lipesticky folds
Uncalled bet (17090.00) returned to D.Babahhh
D.Babahhh does not show
*** SUMMARY ***
Total pot 34180.00
Board [4d Kh 2s]
Seat 1: D.Babahhh did not show and won 34180.00
Seat 2: JustGuessing74 folded on the Pre-Flop and did not bet
Seat 3: Sugvant folded on the Pre-Flop and did not bet
Seat 5: lipesticky folded on the Flop
Seat 6: DukaLoncic77 folded on the Pre-Flop and did not bet
Seat 7: MaximumP (button) folded on the Pre-Flop
Seat 8: VMPFDP (small blind) folded on the Pre-Flop

Game Hand #2023369876 - Tournament #31174407 - Holdem (No Limit) - Level 8 (2000.00/4000.00)- 2024/02/10 20:43:44 UTC
Table '61' 8-max Seat #8 is the button
Seat 1: D.Babahhh (237672.00)
Seat 2: JustGuessing74 (554975.00)
Seat 3: Sugvant (126852.00)
Seat 5: lipesticky (152575.00)
Seat 6: DukaLoncic77 (366001.00)
Seat 7: MaximumP (205246.00)
Seat 8: VMPFDP (218456.00)
D.Babahhh posts ante 600.00
JustGuessing74 posts ante 600.00
Sugvant posts ante 600.00
lipesticky posts ante 600.00
DukaLoncic77 posts ante 600.00
MaximumP posts ante 600.00
VMPFDP posts ante 600.00
D.Babahhh posts the small blind 2000.00
JustGuessing74 posts the big blind 4000.00
*** HOLE CARDS ***
Main pot 4200.00
Dealt to lipesticky [7d 5s]
Sugvant folds
lipesticky folds
DukaLoncic77 folds
MaximumP folds
VMPFDP raises 8000.00 to 8000.00
D.Babahhh raises 30000.00 to 32000.00
JustGuessing74 folds
VMPFDP folds
Uncalled bet (24000.00) returned to D.Babahhh
D.Babahhh does not show
*** SUMMARY ***
Total pot 24200.00
Seat 1: D.Babahhh did not show and won 24200.00
Seat 2: JustGuessing74 (big blind) folded on the Pre-Flop
Seat 3: Sugvant folded on the Pre-Flop and did not bet
Seat 5: lipesticky folded on the Pre-Flop and did not bet
Seat 6: DukaLoncic77 folded on the Pre-Flop and did not bet
Seat 7: MaximumP folded on the Pre-Flop and did not bet
Seat 8: VMPFDP (button) folded on the Pre-Flop

Game Hand #2023370492 - Tournament #31174407 - Holdem (No Limit) - Level 8 (2000.00/4000.00)- 2024/02/10 20:44:21 UTC
Table '61' 8-max Seat #1 is the button
Seat 1: D.Babahhh (253272.00)
Seat 2: JustGuessing74 (550375.00)
Seat 3: Sugvant (126252.00)
Seat 5: lipesticky (151975.00)
Seat 6: DukaLoncic77 (365401.00)
Seat 7: MaximumP (204646.00)
Seat 8: VMPFDP (209856.00)
D.Babahhh posts ante 600.00
JustGuessing74 posts ante 600.00
Sugvant posts ante 600.00
lipesticky posts ante 600.00
DukaLoncic77 posts ante 600.00
MaximumP posts ante 600.00
VMPFDP posts ante 600.00
JustGuessing74 posts the small blind 2000.00
Sugvant posts the big blind 4000.00
*** HOLE CARDS ***
Main pot 4200.00
Dealt to lipesticky [9d 4d]
lipesticky folds
DukaLoncic77 folds
MaximumP folds
VMPFDP folds
D.Babahhh raises 8000.00 to 8000.00
JustGuessing74 folds
Sugvant calls 4000.00
*** FLOP *** [2s 5h 6h]
Main pot 22200.00
Sugvant checks
D.Babahhh checks
*** TURN *** [2s 5h 6h] [2d]
Main pot 22200.00
Sugvant bets 12432.00
D.Babahhh folds
Uncalled bet (12432.00) returned to Sugvant
Sugvant does not show
*** SUMMARY ***
Total pot 22200.00
Board [2s 5h 6h 2d]
Seat 1: D.Babahhh (button) folded on the Turn
Seat 2: JustGuessing74 (small blind) folded on the Pre-Flop
Seat 3: Sugvant did not show and won 22200.00
Seat 5: lipesticky folded on the Pre-Flop and did not bet
Seat 6: DukaLoncic77 folded on the Pre-Flop and did not bet
Seat 7: MaximumP folded on the Pre-Flop and did not bet
Seat 8: VMPFDP folded on the Pre-Flop and did not bet

Game Hand #2023371528 - Tournament #31174407 - Holdem (No Limit) - Level 8 (2000.00/4000.00)- 2024/02/10 20:45:24 UTC
Table '61' 8-max Seat #2 is the button
Seat 1: D.Babahhh (244672.00)
Seat 2: JustGuessing74 (547775.00)
Seat 3: Sugvant (139852.00)
Seat 4: YngScrpynHngry (125000.00)
Seat 5: lipesticky (151375.00)
Seat 6: DukaLoncic77 (364801.00)
Seat 7: MaximumP (204046.00)
Seat 8: VMPFDP (209256.00)
D.Babahhh posts ante 600.00
JustGuessing74 posts ante 600.00
Sugvant posts ante 600.00
YngScrpynHngry posts ante 600.00
lipesticky posts ante 600.00
DukaLoncic77 posts ante 600.00
MaximumP posts ante 600.00
VMPFDP posts ante 600.00
Sugvant posts the small blind 2000.00
YngScrpynHngry posts the big blind 4000.00
*** HOLE CARDS ***
Main pot 4800.00
Dealt to lipesticky [Js Jc]
lipesticky folds
DukaLoncic77 folds
MaximumP raises 8800.00 to 8800.00
VMPFDP folds
D.Babahhh folds
JustGuessing74 calls 8800.00
Sugvant raises 137252.00 to 139252.00 and is all-in
YngScrpynHngry folds
MaximumP folds
JustGuessing74 folds
Uncalled bet (130452.00) returned to Sugvant
Sugvant does not show
*** SUMMARY ***
Total pot 35200.00
Seat 1: D.Babahhh folded on the Pre-Flop and did not bet
Seat 2: JustGuessing74 (button) folded on the Pre-Flop
Seat 3: Sugvant did not show and won 35200.00
Seat 4: YngScrpynHngry (big blind) folded on the Pre-Flop
Seat 5: lipesticky folded on the Pre-Flop and did not bet
Seat 6: DukaLoncic77 folded on the Pre-Flop and did not bet
Seat 7: MaximumP folded on the Pre-Flop and did not bet
Seat 8: VMPFDP folded on the Pre-Flop and did not bet

Game Hand #2023372536 - Tournament #31174407 - Holdem (No Limit) - Level 8 (2000.00/4000.00)- 2024/02/10 20:46:24 UTC
Table '61' 8-max Seat #3 is the button
Seat 1: D.Babahhh (244072.00)
Seat 2: JustGuessing74 (538375.00)
Seat 3: Sugvant (165652.00)
Seat 4: YngScrpynHngry (120400.00)
Seat 5: lipesticky (150775.00)
Seat 6: DukaLoncic77 (364201.00)
Seat 7: MaximumP (194646.00)
Seat 8: VMPFDP (208656.00)
D.Babahhh posts ante 600.00
JustGuessing74 posts ante 600.00
Sugvant posts ante 600.00
YngScrpynHngry posts ante 600.00
lipesticky posts ante 600.00
DukaLoncic77 posts ante 600.00
MaximumP posts ante 600.00
VMPFDP posts ante 600.00
YngScrpynHngry posts the small blind 2000.00
lipesticky posts the big blind 4000.00
*** HOLE CARDS ***
Main pot 4800.00
Dealt to lipesticky [Jh 5c]
DukaLoncic77 folds
MaximumP folds
VMPFDP folds
D.Babahhh folds
JustGuessing74 folds
Sugvant folds
YngScrpynHngry folds
lipesticky does not show
*** SUMMARY ***
Total pot 10800.00
Seat 1: D.Babahhh folded on the Pre-Flop and did not bet
Seat 2: JustGuessing74 folded on the Pre-Flop and did not bet
Seat 3: Sugvant (button) folded on the Pre-Flop
Seat 4: YngScrpynHngry (small blind) folded on the Pre-Flop
Seat 5: lipesticky did not show and won 10800.00
Seat 6: DukaLoncic77 folded on the Pre-Flop and did not bet
Seat 7: MaximumP folded on the Pre-Flop and did not bet
Seat 8: VMPFDP folded on the Pre-Flop and did not bet

Game Hand #2023372915 - Tournament #31174407 - Holdem (No Limit) - Level 8 (2000.00/4000.00)- 2024/02/10 20:46:46 UTC
Table '61' 8-max Seat #4 is the button
Seat 1: D.Babahhh (243472.00)
Seat 2: JustGuessing74 (537775.00)
Seat 3: Sugvant (165052.00)
Seat 4: YngScrpynHngry (117800.00)
Seat 5: lipesticky (156975.00)
Seat 6: DukaLoncic77 (363601.00)
Seat 7: MaximumP (194046.00)
Seat 8: VMPFDP (208056.00)
D.Babahhh posts ante 600.00
JustGuessing74 posts ante 600.00
Sugvant posts ante 600.00
YngScrpynHngry posts ante 600.00
lipesticky posts ante 600.00
DukaLoncic77 posts ante 600.00
MaximumP posts ante 600.00
VMPFDP posts ante 600.00
lipesticky posts the small blind 2000.00
DukaLoncic77 posts the big blind 4000.00
*** HOLE CARDS ***
Main pot 4800.00
Dealt to lipesticky [5c Js]
MaximumP folds
VMPFDP raises 8000.00 to 8000.00
D.Babahhh folds
JustGuessing74 folds
Sugvant folds
YngScrpynHngry folds
lipesticky folds
DukaLoncic77 folds
Uncalled bet (4000.00) returned to VMPFDP
VMPFDP does not show
*** SUMMARY ***
Total pot 14800.00
Seat 1: D.Babahhh folded on the Pre-Flop and did not bet
Seat 2: JustGuessing74 folded on the Pre-Flop and did not bet
Seat 3: Sugvant folded on the Pre-Flop and did not bet
Seat 4: YngScrpynHngry (button) folded on the Pre-Flop
Seat 5: lipesticky (small blind) folded on the Pre-Flop
Seat 6: DukaLoncic77 (big blind) folded on the Pre-Flop
Seat 7: MaximumP folded on the Pre-Flop and did not bet
Seat 8: VMPFDP did not show and won 14800.00

Game Hand #2023373669 - Tournament #31174407 - Holdem (No Limit) - Level 8 (2000.00/4000.00)- 2024/02/10 20:47:33 UTC
Table '61' 8-max Seat #5 is the button
Seat 1: D.Babahhh (242872.00)
Seat 2: JustGuessing74 (537175.00)
Seat 3: Sugvant (164452.00)
Seat 4: YngScrpynHngry (117200.00)
Seat 5: lipesticky (154375.00)
Seat 6: DukaLoncic77 (359001.00)
Seat 7: MaximumP (193446.00)
Seat 8: VMPFDP (218256.00)
D.Babahhh posts ante 600.00
JustGuessing74 posts ante 600.00
Sugvant posts ante 600.00
YngScrpynHngry posts ante 600.00
lipesticky posts ante 600.00
DukaLoncic77 posts ante 600.00
MaximumP posts ante 600.00
VMPFDP posts ante 600.00
DukaLoncic77 posts the small blind 2000.00
MaximumP posts the big blind 4000.00
*** HOLE CARDS ***
Main pot 4800.00
Dealt to lipesticky [3d Jd]
VMPFDP folds
D.Babahhh raises 8000.00 to 8000.00
JustGuessing74 folds
Sugvant folds
YngScrpynHngry folds
lipesticky folds
DukaLoncic77 folds
MaximumP calls 4000.00
*** FLOP *** [6s 9s 7c]
Main pot 22800.00
MaximumP checks
D.Babahhh bets 6840.00
MaximumP calls 6840.00
*** TURN *** [6s 9s 7c] [Td]
Main pot 36480.00
MaximumP bets 14944.00
D.Babahhh calls 14944.00
*** RIVER *** [6s 9s 7c Td] [Ah]
Main pot 66368.00
MaximumP bets 66368.00
D.Babahhh folds
Uncalled bet (66368.00) returned to MaximumP
MaximumP does not show
*** SUMMARY ***
Total pot 66368.00
Board [6s 9s 7c Td Ah]
Seat 1: D.Babahhh folded on the River
Seat 2: JustGuessing74 folded on the Pre-Flop and did not bet
Seat 3: Sugvant folded on the Pre-Flop and did not bet
Seat 4: YngScrpynHngry folded on the Pre-Flop and did not bet
Seat 5: lipesticky (button) folded on the Pre-Flop
Seat 6: DukaLoncic77 (small blind) folded on the Pre-Flop
Seat 7: MaximumP did not show and won 66368.00
Seat 8: VMPFDP folded on the Pre-Flop and did not bet

Game Hand #2023375253 - Tournament #31174407 - Holdem (No Limit) - Level 8 (2000.00/4000.00)- 2024/02/10 20:49:15 UTC
Table '61' 8-max Seat #6 is the button
Seat 1: D.Babahhh (212488.00)
Seat 2: JustGuessing74 (536575.00)
Seat 3: Sugvant (163852.00)
Seat 4: YngScrpynHngry (116600.00)
Seat 5: lipesticky (153775.00)
Seat 6: DukaLoncic77 (356401.00)
Seat 7: MaximumP (229430.00)
Seat 8: VMPFDP (217656.00)
D.Babahhh posts ante 600.00
JustGuessing74 posts ante 600.00
Sugvant posts ante 600.00
YngScrpynHngry posts ante 600.00
lipesticky posts ante 600.00
DukaLoncic77 posts ante 600.00
MaximumP posts ante 600.00
VMPFDP posts ante 600.00
MaximumP posts the small blind 2000.00
VMPFDP posts the big blind 4000.00
*** HOLE CARDS ***
Main pot 4800.00
Dealt to lipesticky [2s 6c]
D.Babahhh folds
JustGuessing74 folds
Sugvant folds
YngScrpynHngry folds
lipesticky folds
DukaLoncic77 raises 8000.00 to 8000.00
MaximumP folds
VMPFDP folds
Uncalled bet (4000.00) returned to DukaLoncic77
DukaLoncic77 does not show
*** SUMMARY ***
Total pot 14800.00
Seat 1: D.Babahhh folded on the Pre-Flop and did not bet
Seat 2: JustGuessing74 folded on the Pre-Flop and did not bet
Seat 3: Sugvant folded on the Pre-Flop and did not bet
Seat 4: YngScrpynHngry folded on the Pre-Flop and did not bet
Seat 5: lipesticky folded on the Pre-Flop and did not bet
Seat 6: DukaLoncic77 did not show and won 14800.00
Seat 7: MaximumP (small blind) folded on the Pre-Flop
Seat 8: VMPFDP (big blind) folded on the Pre-Flop

Game Hand #2023375858 - Tournament #31174407 - Holdem (No Limit) - Level 8 (2000.00/4000.00)- 2024/02/10 20:49:52 UTC
Table '61' 8-max Seat #7 is the button
Seat 1: D.Babahhh (211888.00)
Seat 2: JustGuessing74 (535975.00)
Seat 3: Sugvant (163252.00)
Seat 4: YngScrpynHngry (116000.00)
Seat 5: lipesticky (153175.00)
Seat 6: DukaLoncic77 (366601.00)
Seat 7: MaximumP (226830.00)
Seat 8: VMPFDP (213056.00)
D.Babahhh posts ante 600.00
JustGuessing74 posts ante 600.00
Sugvant posts ante 600.00
YngScrpynHngry posts ante 600.00
lipesticky posts ante 600.00
DukaLoncic77 posts ante 600.00
MaximumP posts ante 600.00
VMPFDP posts ante 600.00
VMPFDP posts the small blind 2000.00
D.Babahhh posts the big blind 4000.00
*** HOLE CARDS ***
Main pot 4800.00
Dealt to lipesticky [Th 2d]
JustGuessing74 folds
Sugvant folds
YngScrpynHngry folds
lipesticky folds
DukaLoncic77 raises 8000.00 to 8000.00
MaximumP folds
VMPFDP folds
D.Babahhh folds
Uncalled bet (4000.00) returned to DukaLoncic77
DukaLoncic77 does not show
*** SUMMARY ***
Total pot 14800.00
Seat 1: D.Babahhh (big blind) folded on the Pre-Flop
Seat 2: JustGuessing74 folded on the Pre-Flop and did not bet
Seat 3: Sugvant folded on the Pre-Flop and did not bet
Seat 4: YngScrpynHngry folded on the Pre-Flop and did not bet
Seat 5: lipesticky folded on the Pre-Flop and did not bet
Seat 6: DukaLoncic77 did not show and won 14800.00
Seat 7: MaximumP (button) folded on the Pre-Flop
Seat 8: VMPFDP (small blind) folded on the Pre-Flop

Game Hand #2023376639 - Tournament #31174407 - Holdem (No Limit) - Level 8 (2000.00/4000.00)- 2024/02/10 20:50:37 UTC
Table '61' 8-max Seat #8 is the button
Seat 1: D.Babahhh (207288.00)
Seat 2: JustGuessing74 (535375.00)
Seat 3: Sugvant (162652.00)
Seat 4: YngScrpynHngry (115400.00)
Seat 5: lipesticky (152575.00)
Seat 6: DukaLoncic77 (376801.00)
Seat 7: MaximumP (226230.00)
Seat 8: VMPFDP (210456.00)
D.Babahhh posts ante 600.00
JustGuessing74 posts ante 600.00
Sugvant posts ante 600.00
YngScrpynHngry posts ante 600.00
lipesticky posts ante 600.00
DukaLoncic77 posts ante 600.00
MaximumP posts ante 600.00
VMPFDP posts ante 600.00
D.Babahhh posts the small blind 2000.00
JustGuessing74 posts the big blind 4000.00
*** HOLE CARDS ***
Main pot 4800.00
Dealt to lipesticky [As 3h]
Sugvant folds
YngScrpynHngry folds
lipesticky folds
DukaLoncic77 folds
MaximumP raises 8800.00 to 8800.00
VMPFDP calls 8800.00
D.Babahhh folds
JustGuessing74 folds
*** FLOP *** [7d Qd Ts]
Main pot 28400.00
MaximumP checks
VMPFDP checks
*** TURN *** [7d Qd Ts] [3d]
Main pot 28400.00
MaximumP checks
VMPFDP bets 13372.00
MaximumP folds
Uncalled bet (13372.00) returned to VMPFDP
VMPFDP does not show
*** SUMMARY ***
Total pot 28400.00
Board [7d Qd Ts 3d]
Seat 1: D.Babahhh (small blind) folded on the Pre-Flop
Seat 2: JustGuessing74 (big blind) folded on the Pre-Flop
Seat 3: Sugvant folded on the Pre-Flop and did not bet
Seat 4: YngScrpynHngry folded on the Pre-Flop and did not bet
Seat 5: lipesticky folded on the Pre-Flop and did not bet
Seat 6: DukaLoncic77 folded on the Pre-Flop and did not bet
Seat 7: MaximumP folded on the Turn
Seat 8: VMPFDP did not show and won 28400.00

Game Hand #2023378224 - Tournament #31174407 - Holdem (No Limit) - Level 8 (2000.00/4000.00)- 2024/02/10 20:52:07 UTC
Table '61' 8-max Seat #1 is the button
Seat 1: D.Babahhh (204688.00)
Seat 2: JustGuessing74 (530775.00)
Seat 3: Sugvant (162052.00)
Seat 4: YngScrpynHngry (114800.00)
Seat 5: lipesticky (151975.00)
Seat 6: DukaLoncic77 (376201.00)
Seat 7: MaximumP (216830.00)
Seat 8: VMPFDP (229456.00)
D.Babahhh posts ante 600.00
JustGuessing74 posts ante 600.00
Sugvant posts ante 600.00
YngScrpynHngry posts ante 600.00
lipesticky posts ante 600.00
DukaLoncic77 posts ante 600.00
MaximumP posts ante 600.00
VMPFDP posts ante 600.00
JustGuessing74 posts the small blind 2000.00
Sugvant posts the big blind 4000.00
*** HOLE CARDS ***
Main pot 4800.00
Dealt to lipesticky [6d 5c]
YngScrpynHngry raises 8400.00 to 8400.00
lipesticky folds
DukaLoncic77 calls 8400.00
MaximumP raises 30000.00 to 30000.00
VMPFDP folds
D.Babahhh folds
JustGuessing74 folds
Sugvant folds
YngScrpynHngry folds
DukaLoncic77 calls 21600.00
*** FLOP *** [7h Qc Kc]
Main pot 79200.00
DukaLoncic77 checks
MaximumP bets 23760.00
DukaLoncic77 folds
Uncalled bet (23760.00) returned to MaximumP
MaximumP does not show
*** SUMMARY ***
Total pot 79200.00
Board [7h Qc Kc]
Seat 1: D.Babahhh (button) folded on the Pre-Flop
Seat 2: JustGuessing74 (small blind) folded on the Pre-Flop
Seat 3: Sugvant (big blind) folded on the Pre-Flop
Seat 4: YngScrpynHngry folded on the Pre-Flop and did not bet
Seat 5: lipesticky folded on the Pre-Flop and did not bet
Seat 6: DukaLoncic77 folded on the Flop
Seat 7: MaximumP did not show and won 79200.00
Seat 8: VMPFDP folded on the Pre-Flop and did not bet

Game Hand #2023379836 - Tournament #31174407 - Holdem (No Limit) - Level 8 (2000.00/4000.00)- 2024/02/10 20:53:39 UTC
Table '61' 8-max Seat #2 is the button
Seat 1: D.Babahhh (204088.00)
Seat 2: JustGuessing74 (528175.00)
Seat 3: Sugvant (157452.00)
Seat 4: YngScrpynHngry (105800.00)
Seat 5: lipesticky (151375.00)
Seat 6: DukaLoncic77 (345601.00)
Seat 7: MaximumP (265430.00)
Seat 8: VMPFDP (228856.00)
D.Babahhh posts ante 600.00
JustGuessing74 posts ante 600.00
Sugvant posts ante 600.00
YngScrpynHngry posts ante 600.00
lipesticky posts ante 600.00
DukaLoncic77 posts ante 600.00
MaximumP posts ante 600.00
VMPFDP posts ante 600.00
Sugvant posts the small blind 2000.00
YngScrpynHngry posts the big blind 4000.00
*** HOLE CARDS ***
Main pot 4800.00
Dealt to lipesticky [8h 5s]
lipesticky folds
DukaLoncic77 folds
MaximumP folds
VMPFDP raises 8000.00 to 8000.00
D.Babahhh folds
JustGuessing74 folds
Sugvant folds
YngScrpynHngry calls 4000.00
*** FLOP *** [3d 6c 2h]
Main pot 22800.00
YngScrpynHngry checks
VMPFDP bets 7524.00
YngScrpynHngry folds
Uncalled bet (7524.00) returned to VMPFDP
VMPFDP does not show
*** SUMMARY ***
Total pot 22800.00
Board [3d 6c 2h]
Seat 1: D.Babahhh folded on the Pre-Flop and did not bet
Seat 2: JustGuessing74 (button) folded on the Pre-Flop
Seat 3: Sugvant (small blind) folded on the Pre-Flop
Seat 4: YngScrpynHngry (big blind) folded on the Flop
Seat 5: lipesticky folded on the Pre-Flop and did not bet
Seat 6: DukaLoncic77 folded on the Pre-Flop and did not bet
Seat 7: MaximumP folded on the Pre-Flop and did not bet
Seat 8: VMPFDP did not show and won 22800.00

Game Hand #2023380816 - Tournament #31174407 - Holdem (No Limit) - Level 8 (2000.00/4000.00)- 2024/02/10 20:54:38 UTC
Table '61' 8-max Seat #3 is the button
Seat 1: D.Babahhh (203488.00)
Seat 2: JustGuessing74 (527575.00)
Seat 3: Sugvant (154852.00)
Seat 4: YngScrpynHngry (97200.00)
Seat 5: lipesticky (150775.00)
Seat 6: DukaLoncic77 (345001.00)
Seat 7: MaximumP (264830.00)
Seat 8: VMPFDP (243056.00)
D.Babahhh posts ante 600.00
JustGuessing74 posts ante 600.00
Sugvant posts ante 600.00
YngScrpynHngry posts ante 600.00
lipesticky posts ante 600.00
DukaLoncic77 posts ante 600.00
MaximumP posts ante 600.00
VMPFDP posts ante 600.00
YngScrpynHngry posts the small blind 2000.00
lipesticky posts the big blind 4000.00
*** HOLE CARDS ***
Main pot 4800.00
Dealt to lipesticky [7h 2s]
DukaLoncic77 folds
MaximumP raises 8800.00 to 8800.00
VMPFDP folds
D.Babahhh folds
JustGuessing74 folds
Sugvant folds
YngScrpynHngry folds
lipesticky folds
Uncalled bet (4800.00) returned to MaximumP
MaximumP does not show
*** SUMMARY ***
Total pot 14800.00
Seat 1: D.Babahhh folded on the Pre-Flop and did not bet
Seat 2: JustGuessing74 folded on the Pre-Flop and did not bet
Seat 3: Sugvant (button) folded on the Pre-Flop
Seat 4: YngScrpynHngry (small blind) folded on the Pre-Flop
Seat 5: lipesticky (big blind) folded on the Pre-Flop
Seat 6: DukaLoncic77 folded on the Pre-Flop and did not bet
Seat 7: MaximumP did not show and won 14800.00
Seat 8: VMPFDP folded on the Pre-Flop and did not bet

Game Hand #2023384204 - Tournament #31174407 - Holdem (No Limit) - Level 8 (2000.00/4000.00)- 2024/02/10 21:01:31 UTC
Table '61' 8-max Seat #4 is the button
Seat 1: D.Babahhh (202888.00)
Seat 2: JustGuessing74 (526975.00)
Seat 3: Sugvant (154252.00)
Seat 4: YngScrpynHngry (94600.00)
Seat 5: lipesticky (146175.00)
Seat 6: DukaLoncic77 (344401.00)
Seat 7: MaximumP (275030.00)
Seat 8: VMPFDP (242456.00)
D.Babahhh posts ante 600.00
JustGuessing74 posts ante 600.00
Sugvant posts ante 600.00
YngScrpynHngry posts ante 600.00
lipesticky posts ante 600.00
DukaLoncic77 posts ante 600.00
MaximumP posts ante 600.00
VMPFDP posts ante 600.00
lipesticky posts the small blind 2000.00
DukaLoncic77 posts the big blind 4000.00
*** HOLE CARDS ***
Main pot 4800.00
Dealt to lipesticky [3h Ks]
MaximumP folds
VMPFDP folds
D.Babahhh folds
JustGuessing74 folds
Sugvant folds
YngScrpynHngry folds
lipesticky calls 2000.00
DukaLoncic77 checks
*** FLOP *** [Th 5d 4d]
Main pot 12800.00
lipesticky bets 4000.00
DukaLoncic77 folds
Uncalled bet (4000.00) returned to lipesticky
lipesticky does not show
*** SUMMARY ***
Total pot 12800.00
Board [Th 5d 4d]
Seat 1: D.Babahhh folded on the Pre-Flop and did not bet
Seat 2: JustGuessing74 folded on the Pre-Flop and did not bet
Seat 3: Sugvant folded on the Pre-Flop and did not bet
Seat 4: YngScrpynHngry (button) folded on the Pre-Flop
Seat 5: lipesticky did not show and won 12800.00
Seat 6: DukaLoncic77 (big blind) folded on the Flop
Seat 7: MaximumP folded on the Pre-Flop and did not bet
Seat 8: VMPFDP folded on the Pre-Flop and did not bet

Game Hand #2023385736 - Tournament #31174407 - Holdem (No Limit) - Level 8 (2000.00/4000.00)- 2024/02/10 21:03:07 UTC
Table '61' 8-max Seat #5 is the button
Seat 1: D.Babahhh (202288.00)
Seat 2: JustGuessing74 (526375.00) is sitting out
Seat 3: Sugvant (153652.00)
Seat 4: YngScrpynHngry (94000.00)
Seat 5: lipesticky (154375.00)
Seat 6: DukaLoncic77 (339801.00)
Seat 7: MaximumP (274430.00)
Seat 8: VMPFDP (241856.00)
D.Babahhh posts ante 600.00
JustGuessing74 posts ante 600.00
Sugvant posts ante 600.00
YngScrpynHngry posts ante 600.00
lipesticky posts ante 600.00
DukaLoncic77 posts ante 600.00
MaximumP posts ante 600.00
VMPFDP posts ante 600.00
DukaLoncic77 posts the small blind 2000.00
MaximumP posts the big blind 4000.00
*** HOLE CARDS ***
Main pot 4800.00
Dealt to lipesticky [5s 4d]
VMPFDP folds
D.Babahhh folds
JustGuessing74 folds
Sugvant folds
YngScrpynHngry folds
lipesticky folds
DukaLoncic77 calls 2000.00
MaximumP checks
*** FLOP *** [8h 9s 4h]
Main pot 12800.00
DukaLoncic77 checks
MaximumP bets 6000.00
DukaLoncic77 folds
Uncalled bet (6000.00) returned to MaximumP
MaximumP does not show
*** SUMMARY ***
Total pot 12800.00
Board [8h 9s 4h]
Seat 1: D.Babahhh folded on the Pre-Flop and did not bet
Seat 2: JustGuessing74 folded on the Pre-Flop and did not bet
Seat 3: Sugvant folded on the Pre-Flop and did not bet
Seat 4: YngScrpynHngry folded on the Pre-Flop and did not bet
Seat 5: lipesticky (button) folded on the Pre-Flop
Seat 6: DukaLoncic77 (small blind) folded on the Flop
Seat 7: MaximumP did not show and won 12800.00
Seat 8: VMPFDP folded on the Pre-Flop and did not bet

Game Hand #2023386671 - Tournament #31174407 - Holdem (No Limit) - Level 8 (2000.00/4000.00)- 2024/02/10 21:04:06 UTC
Table '61' 8-max Seat #6 is the button
Seat 1: D.Babahhh (201688.00)
Seat 2: JustGuessing74 (525775.00)
Seat 3: Sugvant (153052.00)
Seat 4: YngScrpynHngry (93400.00)
Seat 5: lipesticky (153775.00)
Seat 6: DukaLoncic77 (335201.00)
Seat 7: MaximumP (282630.00)
Seat 8: VMPFDP (241256.00)
D.Babahhh posts ante 600.00
JustGuessing74 posts ante 600.00
Sugvant posts ante 600.00
YngScrpynHngry posts ante 600.00
lipesticky posts ante 600.00
DukaLoncic77 posts ante 600.00
MaximumP posts ante 600.00
VMPFDP posts ante 600.00
MaximumP posts the small blind 2000.00
VMPFDP posts the big blind 4000.00
*** HOLE CARDS ***
Main pot 4800.00
Dealt to lipesticky [2h 8s]
D.Babahhh folds
JustGuessing74 raises 8800.00 to 8800.00
Sugvant folds
YngScrpynHngry calls 8800.00
lipesticky folds
DukaLoncic77 folds
MaximumP folds
VMPFDP folds
*** FLOP *** [3c 8h Kd]
Main pot 28400.00
JustGuessing74 bets 14200.00
YngScrpynHngry folds
Uncalled bet (14200.00) returned to JustGuessing74
JustGuessing74 does not show
*** SUMMARY ***
Total pot 28400.00
Board [3c 8h Kd]
Seat 1: D.Babahhh folded on the Pre-Flop and did not bet
Seat 2: JustGuessing74 did not show and won 28400.00
Seat 3: Sugvant folded on the Pre-Flop and did not bet
Seat 4: YngScrpynHngry folded on the Flop
Seat 5: lipesticky folded on the Pre-Flop and did not bet
Seat 6: DukaLoncic77 (button) folded on the Pre-Flop
Seat 7: MaximumP (small blind) folded on the Pre-Flop
Seat 8: VMPFDP (big blind) folded on the Pre-Flop

Game Hand #2023387627 - Tournament #31174407 - Holdem (No Limit) - Level 8 (2000.00/4000.00)- 2024/02/10 21:05:04 UTC
Table '61' 8-max Seat #7 is the button
Seat 1: D.Babahhh (201088.00)
Seat 2: JustGuessing74 (544775.00)
Seat 3: Sugvant (152452.00)
Seat 4: YngScrpynHngry (84000.00)
Seat 5: lipesticky (153175.00)
Seat 6: DukaLoncic77 (334601.00)
Seat 7: MaximumP (280030.00)
Seat 8: VMPFDP (236656.00)
D.Babahhh posts ante 600.00
JustGuessing74 posts ante 600.00
Sugvant posts ante 600.00
YngScrpynHngry posts ante 600.00
lipesticky posts ante 600.00
DukaLoncic77 posts ante 600.00
MaximumP posts ante 600.00
VMPFDP posts ante 600.00
VMPFDP posts the small blind 2000.00
D.Babahhh posts the big blind 4000.00
*** HOLE CARDS ***
Main pot 4800.00
Dealt to lipesticky [6s 9d]
JustGuessing74 folds
Sugvant folds
YngScrpynHngry folds
lipesticky folds
DukaLoncic77 raises 10000.00 to 10000.00
MaximumP calls 10000.00
VMPFDP calls 8000.00
D.Babahhh folds
*** FLOP *** [Kd Ac 2c]
Main pot 38800.00
VMPFDP bets 12804.00
DukaLoncic77 folds
MaximumP folds
Uncalled bet (12804.00) returned to VMPFDP
VMPFDP does not show
*** SUMMARY ***
Total pot 38800.00
Board [Kd Ac 2c]
Seat 1: D.Babahhh (big blind) folded on the Pre-Flop
Seat 2: JustGuessing74 folded on the Pre-Flop and did not bet
Seat 3: Sugvant folded on the Pre-Flop and did not bet
Seat 4: YngScrpynHngry folded on the Pre-Flop and did not bet
Seat 5: lipesticky folded on the Pre-Flop and did not bet
Seat 6: DukaLoncic77 folded on the Flop
Seat 7: MaximumP (button) folded on the Flop
Seat 8: VMPFDP did not show and won 38800.00

Game Hand #2023388825 - Tournament #31174407 - Holdem (No Limit) - Level 9 (2500.00/5000.00)- 2024/02/10 21:06:14 UTC
Table '61' 8-max Seat #8 is the button
Seat 1: D.Babahhh (196488.00)
Seat 2: JustGuessing74 (544175.00)
Seat 3: Sugvant (151852.00)
Seat 4: YngScrpynHngry (83400.00)
Seat 5: lipesticky (152575.00)
Seat 6: DukaLoncic77 (324001.00)
Seat 7: MaximumP (269430.00)
Seat 8: VMPFDP (264856.00)
D.Babahhh posts ante 750.00
JustGuessing74 posts ante 750.00
Sugvant posts ante 750.00
YngScrpynHngry posts ante 750.00
lipesticky posts ante 750.00
DukaLoncic77 posts ante 750.00
MaximumP posts ante 750.00
VMPFDP posts ante 750.00
D.Babahhh posts the small blind 2500.00
JustGuessing74 posts the big blind 5000.00
*** HOLE CARDS ***
Main pot 6000.00
Dealt to lipesticky [3s Kc]
Sugvant folds
YngScrpynHngry folds
lipesticky folds
DukaLoncic77 folds
MaximumP folds
VMPFDP raises 10000.00 to 10000.00
D.Babahhh folds
JustGuessing74 calls 5000.00
*** FLOP *** [7h 5h Jc]
Main pot 28500.00
JustGuessing74 checks
VMPFDP bets 9405.00
JustGuessing74 folds
Uncalled bet (9405.00) returned to VMPFDP
VMPFDP does not show
*** SUMMARY ***
Total pot 28500.00
Board [7h 5h Jc]
Seat 1: D.Babahhh (small blind) folded on the Pre-Flop
Seat 2: JustGuessing74 (big blind) folded on the Flop
Seat 3: Sugvant folded on the Pre-Flop and did not bet
Seat 4: YngScrpynHngry folded on the Pre-Flop and did not bet
Seat 5: lipesticky folded on the Pre-Flop and did not bet
Seat 6: DukaLoncic77 folded on the Pre-Flop and did not bet
Seat 7: MaximumP folded on the Pre-Flop and did not bet
Seat 8: VMPFDP did not show and won 28500.00

Game Hand #2023389903 - Tournament #31174407 - Holdem (No Limit) - Level 9 (2500.00/5000.00)- 2024/02/10 21:07:21 UTC
Table '61' 8-max Seat #1 is the button
Seat 1: D.Babahhh (193238.00)
Seat 2: JustGuessing74 (533425.00)
Seat 3: Sugvant (151102.00)
Seat 4: YngScrpynHngry (82650.00)
Seat 5: lipesticky (151825.00)
Seat 6: DukaLoncic77 (323251.00)
Seat 7: MaximumP (268680.00)
Seat 8: VMPFDP (282606.00)
D.Babahhh posts ante 750.00
JustGuessing74 posts ante 750.00
Sugvant posts ante 750.00
YngScrpynHngry posts ante 750.00
lipesticky posts ante 750.00
DukaLoncic77 posts ante 750.00
MaximumP posts ante 750.00
VMPFDP posts ante 750.00
JustGuessing74 posts the small blind 2500.00
Sugvant posts the big blind 5000.00
*** HOLE CARDS ***
Main pot 6000.00
Dealt to lipesticky [Kc 6c]
YngScrpynHngry folds
lipesticky raises 10500.00 to 10500.00
DukaLoncic77 folds
MaximumP folds
VMPFDP folds
D.Babahhh folds
JustGuessing74 raises 43500.00 to 46000.00
Sugvant folds
lipesticky folds
Uncalled bet (35500.00) returned to JustGuessing74
JustGuessing74 does not show
*** SUMMARY ***
Total pot 32000.00
Seat 1: D.Babahhh (button) folded on the Pre-Flop
Seat 2: JustGuessing74 did not show and won 32000.00
Seat 3: Sugvant (big blind) folded on the Pre-Flop
Seat 4: YngScrpynHngry folded on the Pre-Flop and did not bet
Seat 5: lipesticky folded on the Pre-Flop and did not bet
Seat 6: DukaLoncic77 folded on the Pre-Flop and did not bet
Seat 7: MaximumP folded on the Pre-Flop and did not bet
Seat 8: VMPFDP folded on the Pre-Flop and did not bet

Game Hand #2023390886 - Tournament #31174407 - Holdem (No Limit) - Level 9 (2500.00/5000.00)- 2024/02/10 21:08:20 UTC
Table '61' 8-max Seat #2 is the button
Seat 1: D.Babahhh (192488.00)
Seat 2: JustGuessing74 (554175.00)
Seat 3: Sugvant (145352.00)
Seat 4: YngScrpynHngry (81900.00)
Seat 5: lipesticky (140575.00)
Seat 6: DukaLoncic77 (322501.00)
Seat 7: MaximumP (267930.00)
Seat 8: VMPFDP (281856.00)
D.Babahhh posts ante 750.00
JustGuessing74 posts ante 750.00
Sugvant posts ante 750.00
YngScrpynHngry posts ante 750.00
lipesticky posts ante 750.00
DukaLoncic77 posts ante 750.00
MaximumP posts ante 750.00
VMPFDP posts ante 750.00
Sugvant posts the small blind 2500.00
YngScrpynHngry posts the big blind 5000.00
*** HOLE CARDS ***
Main pot 6000.00
Dealt to lipesticky [6h 8d]
lipesticky folds
DukaLoncic77 folds
MaximumP folds
VMPFDP raises 10000.00 to 10000.00
D.Babahhh folds
JustGuessing74 folds
Sugvant folds
YngScrpynHngry raises 76150.00 to 81150.00 and is all-in
VMPFDP calls 71150.00
*** FLOP *** [Td Qh Jc]
Main pot 170800.00
*** TURN *** [Td Qh Jc] [Qs]
Main pot 170800.00
*** RIVER *** [Td Qh Jc Qs] [7c]
Main pot 170800.00
*** SHOW DOWN ***
Main pot 170800.00
YngScrpynHngry shows [7d 7h] (a full house, Sevens full of Queens [7h 7d 7c Qs Qh])
VMPFDP shows [Tc Ad] (two pair, Queens and Tens [Qs Qh Td Tc Ad])
YngScrpynHngry collected 170800.00 from main pot
*** SUMMARY ***
Total pot 170800.00
Board [Td Qh Jc Qs 7c]
Seat 1: D.Babahhh folded on the Pre-Flop and did not bet
Seat 2: JustGuessing74 (button) folded on the Pre-Flop
Seat 3: Sugvant (small blind) folded on the Pre-Flop
Seat 4: YngScrpynHngry (big blind) showed [7d 7h] and won 170800.00 with a full house, Sevens full of Queens [7h 7d 7c Qs Qh]
Seat 5: lipesticky folded on the Pre-Flop and did not bet
Seat 6: DukaLoncic77 folded on the Pre-Flop and did not bet
Seat 7: MaximumP folded on the Pre-Flop and did not bet
Seat 8: VMPFDP showed [Tc Ad] and lost with two pair, Queens and Tens [Qs Qh Td Tc Ad]

Game Hand #2023391691 - Tournament #31174407 - Holdem (No Limit) - Level 9 (2500.00/5000.00)- 2024/02/10 21:09:08 UTC
Table '61' 8-max Seat #3 is the button
Seat 1: D.Babahhh (191738.00)
Seat 2: JustGuessing74 (553425.00)
Seat 3: Sugvant (142102.00)
Seat 4: YngScrpynHngry (170800.00)
Seat 5: lipesticky (139825.00)
Seat 6: DukaLoncic77 (321751.00)
Seat 7: MaximumP (267180.00)
Seat 8: VMPFDP (199956.00)
D.Babahhh posts ante 750.00
JustGuessing74 posts ante 750.00
Sugvant posts ante 750.00
YngScrpynHngry posts ante 750.00
lipesticky posts ante 750.00
DukaLoncic77 posts ante 750.00
MaximumP posts ante 750.00
VMPFDP posts ante 750.00
YngScrpynHngry posts the small blind 2500.00
lipesticky posts the big blind 5000.00
*** HOLE CARDS ***
Main pot 6000.00
Dealt to lipesticky [9s 6c]
DukaLoncic77 folds
MaximumP raises 11000.00 to 11000.00
VMPFDP folds
D.Babahhh folds
JustGuessing74 folds
Sugvant folds
YngScrpynHngry folds
lipesticky folds
Uncalled bet (6000.00) returned to MaximumP
MaximumP does not show
*** SUMMARY ***
Total pot 18500.00
Seat 1: D.Babahhh folded on the Pre-Flop and did not bet
Seat 2: JustGuessing74 folded on the Pre-Flop and did not bet
Seat 3: Sugvant (button) folded on the Pre-Flop
Seat 4: YngScrpynHngry (small blind) folded on the Pre-Flop
Seat 5: lipesticky (big blind) folded on the Pre-Flop
Seat 6: DukaLoncic77 folded on the Pre-Flop and did not bet
Seat 7: MaximumP did not show and won 18500.00
Seat 8: VMPFDP folded on the Pre-Flop and did not bet

Game Hand #2023392324 - Tournament #31174407 - Holdem (No Limit) - Level 9 (2500.00/5000.00)- 2024/02/10 21:09:46 UTC
Table '61' 8-max Seat #4 is the button
Seat 1: D.Babahhh (190988.00)
Seat 2: JustGuessing74 (552675.00)
Seat 3: Sugvant (141352.00)
Seat 4: YngScrpynHngry (167550.00)
Seat 5: lipesticky (134075.00)
Seat 6: DukaLoncic77 (321001.00)
Seat 7: MaximumP (279930.00)
Seat 8: VMPFDP (199206.00)
D.Babahhh posts ante 750.00
JustGuessing74 posts ante 750.00
Sugvant posts ante 750.00
YngScrpynHngry posts ante 750.00
lipesticky posts ante 750.00
DukaLoncic77 posts ante 750.00
MaximumP posts ante 750.00
VMPFDP posts ante 750.00
lipesticky posts the small blind 2500.00
DukaLoncic77 posts the big blind 5000.00
*** HOLE CARDS ***
Main pot 6000.00
Dealt to lipesticky [9h Ks]
MaximumP folds
VMPFDP folds
D.Babahhh folds
JustGuessing74 folds
Sugvant raises 10500.00 to 10500.00
YngScrpynHngry folds
lipesticky folds
DukaLoncic77 folds
Uncalled bet (5500.00) returned to Sugvant
Sugvant does not show
*** SUMMARY ***
Total pot 18500.00
Seat 1: D.Babahhh folded on the Pre-Flop and did not bet
Seat 2: JustGuessing74 folded on the Pre-Flop and did not bet
Seat 3: Sugvant did not show and won 18500.00
Seat 4: YngScrpynHngry (button) folded on the Pre-Flop
Seat 5: lipesticky (small blind) folded on the Pre-Flop
Seat 6: DukaLoncic77 (big blind) folded on the Pre-Flop
Seat 7: MaximumP folded on the Pre-Flop and did not bet
Seat 8: VMPFDP folded on the Pre-Flop and did not bet

Game Hand #2023393181 - Tournament #31174407 - Holdem (No Limit) - Level 9 (2500.00/5000.00)- 2024/02/10 21:10:36 UTC
Table '61' 8-max Seat #5 is the button
Seat 1: D.Babahhh (190238.00)
Seat 2: JustGuessing74 (551925.00)
Seat 3: Sugvant (154102.00)
Seat 4: YngScrpynHngry (166800.00)
Seat 5: lipesticky (130825.00)
Seat 6: DukaLoncic77 (315251.00)
Seat 7: MaximumP (279180.00)
Seat 8: VMPFDP (198456.00)
D.Babahhh posts ante 750.00
JustGuessing74 posts ante 750.00
Sugvant posts ante 750.00
YngScrpynHngry posts ante 750.00
lipesticky posts ante 750.00
DukaLoncic77 posts ante 750.00
MaximumP posts ante 750.00
VMPFDP posts ante 750.00
DukaLoncic77 posts the small blind 2500.00
MaximumP posts the big blind 5000.00
*** HOLE CARDS ***
Main pot 6000.00
Dealt to lipesticky [Kd 2d]
VMPFDP folds
D.Babahhh folds
JustGuessing74 folds
Sugvant folds
YngScrpynHngry folds
lipesticky raises 10500.00 to 10500.00
DukaLoncic77 folds
MaximumP folds
Uncalled bet (5500.00) returned to lipesticky
lipesticky does not show
*** SUMMARY ***
Total pot 18500.00
Seat 1: D.Babahhh folded on the Pre-Flop and did not bet
Seat 2: JustGuessing74 folded on the Pre-Flop and did not bet
Seat 3: Sugvant folded on the Pre-Flop and did not bet
Seat 4: YngScrpynHngry folded on the Pre-Flop and did not bet
Seat 5: lipesticky did not show and won 18500.00
Seat 6: DukaLoncic77 (small blind) folded on the Pre-Flop
Seat 7: MaximumP (big blind) folded on the Pre-Flop
Seat 8: VMPFDP folded on the Pre-Flop and did not bet

Game Hand #2023394244 - Tournament #31174407 - Holdem (No Limit) - Level 9 (2500.00/5000.00)- 2024/02/10 21:11:40 UTC
Table '61' 8-max Seat #6 is the button
Seat 1: D.Babahhh (189488.00)
Seat 2: JustGuessing74 (551175.00)
Seat 3: Sugvant (153352.00)
Seat 4: YngScrpynHngry (166050.00)
Seat 5: lipesticky (143575.00)
Seat 7: MaximumP (273430.00)
D.Babahhh posts ante 750.00
JustGuessing74 posts ante 750.00
Sugvant posts ante 750.00
YngScrpynHngry posts ante 750.00
lipesticky posts ante 750.00
MaximumP posts ante 750.00
MaximumP posts the small blind 2500.00
D.Babahhh posts the big blind 5000.00
*** HOLE CARDS ***
Main pot 4500.00
Dealt to lipesticky [3c 4s]
JustGuessing74 folds
Sugvant raises 10500.00 to 10500.00
YngScrpynHngry folds
lipesticky folds
MaximumP calls 8000.00
D.Babahhh calls 5500.00
*** FLOP *** [5c 9c 8d]
Main pot 36000.00
MaximumP checks
D.Babahhh checks
Sugvant bets 11520.00
MaximumP calls 11520.00
D.Babahhh calls 11520.00
*** TURN *** [5c 9c 8d] [Ah]
Main pot 70560.00
MaximumP checks
D.Babahhh checks
Sugvant checks
*** RIVER *** [5c 9c 8d Ah] [9d]
Main pot 70560.00
MaximumP checks
D.Babahhh checks
Sugvant checks
*** SHOW DOWN ***
Main pot 70560.00
D.Babahhh shows [Ac Th] (two pair, Aces and Nines [Ah Ac 9d 9c Th])
Sugvant shows [Kc 8c] (two pair, Nines and Eights [9d 9c 8d 8c Ah])
MaximumP shows [8h Jh] (two pair, Nines and Eights [9d 9c 8h 8d Ah])
D.Babahhh collected 70560.00 from main pot
*** SUMMARY ***
Total pot 70560.00
Board [5c 9c 8d Ah 9d]
Seat 1: D.Babahhh (big blind) showed [Ac Th] and won 70560.00 with two pair, Aces and Nines [Ah Ac 9d 9c Th]
Seat 2: JustGuessing74 folded on the Pre-Flop and did not bet
Seat 3: Sugvant showed [Kc 8c] and lost with two pair, Nines and Eights [9d 9c 8d 8c Ah]
Seat 4: YngScrpynHngry folded on the Pre-Flop and did not bet
Seat 5: lipesticky folded on the Pre-Flop and did not bet
Seat 7: MaximumP (small blind) showed [8h Jh] and lost with two pair, Nines and Eights [9d 9c 8h 8d Ah]

Game Hand #2023396043 - Tournament #31174407 - Holdem (No Limit) - Level 9 (2500.00/5000.00)- 2024/02/10 21:13:30 UTC
Table '61' 8-max Seat #7 is the button
Seat 1: D.Babahhh (237278.00)
Seat 2: JustGuessing74 (550425.00)
Seat 3: Sugvant (130582.00)
Seat 4: YngScrpynHngry (165300.00)
Seat 5: lipesticky (142825.00)
Seat 7: MaximumP (250660.00)
D.Babahhh posts ante 750.00
JustGuessing74 posts ante 750.00
Sugvant posts ante 750.00
YngScrpynHngry posts ante 750.00
lipesticky posts ante 750.00
MaximumP posts ante 750.00
D.Babahhh posts the small blind 2500.00
JustGuessing74 posts the big blind 5000.00
*** HOLE CARDS ***
Main pot 4500.00
Dealt to lipesticky [8d Ah]
Sugvant folds
YngScrpynHngry folds
lipesticky raises 10500.00 to 10500.00
MaximumP raises 30000.00 to 30000.00
D.Babahhh folds
JustGuessing74 folds
lipesticky folds
Uncalled bet (19500.00) returned to MaximumP
MaximumP does not show
*** SUMMARY ***
Total pot 33000.00
Seat 1: D.Babahhh (small blind) folded on the Pre-Flop
Seat 2: JustGuessing74 (big blind) folded on the Pre-Flop
Seat 3: Sugvant folded on the Pre-Flop and did not bet
Seat 4: YngScrpynHngry folded on the Pre-Flop and did not bet
Seat 5: lipesticky folded on the Pre-Flop and did not bet
Seat 7: MaximumP did not show and won 33000.00

Game Hand #2023396747 - Tournament #31174407 - Holdem (No Limit) - Level 9 (2500.00/5000.00)- 2024/02/10 21:14:14 UTC
Table '61' 8-max Seat #1 is the button
Seat 1: D.Babahhh (234028.00)
Seat 2: JustGuessing74 (544675.00)
Seat 3: Sugvant (129832.00)
Seat 4: YngScrpynHngry (164550.00)
Seat 5: lipesticky (131575.00)
Seat 6: cglock (281818.00)
Seat 7: MaximumP (272410.00)
Seat 8: GoToWin88 (92519.00)
D.Babahhh posts ante 750.00
JustGuessing74 posts ante 750.00
Sugvant posts ante 750.00
YngScrpynHngry posts ante 750.00
lipesticky posts ante 750.00
cglock posts ante 750.00
MaximumP posts ante 750.00
GoToWin88 posts ante 750.00
JustGuessing74 posts the small blind 2500.00
Sugvant posts the big blind 5000.00
*** HOLE CARDS ***
Main pot 6000.00
Dealt to lipesticky [5d 6d]
YngScrpynHngry raises 11000.00 to 11000.00
lipesticky folds
cglock folds
MaximumP folds
GoToWin88 folds
D.Babahhh folds
JustGuessing74 folds
Sugvant calls 6000.00
*** FLOP *** [9d Tc Ts]
Main pot 30500.00
Sugvant checks
YngScrpynHngry checks
*** TURN *** [9d Tc Ts] [4s]
Main pot 30500.00
Sugvant checks
YngScrpynHngry checks
*** RIVER *** [9d Tc Ts 4s] [Ks]
Main pot 30500.00
Sugvant checks
YngScrpynHngry checks
*** SHOW DOWN ***
Main pot 30500.00
Sugvant shows [As 4d] (two pair, Tens and Fours [Ts Tc 4s 4d As])
YngScrpynHngry shows [Ad Ah] (two pair, Aces and Tens [Ah Ad Ts Tc Ks])
YngScrpynHngry collected 30500.00 from main pot
*** SUMMARY ***
Total pot 30500.00
Board [9d Tc Ts 4s Ks]
Seat 1: D.Babahhh (button) folded on the Pre-Flop
Seat 2: JustGuessing74 (small blind) folded on the Pre-Flop
Seat 3: Sugvant (big blind) showed [As 4d] and lost with two pair, Tens and Fours [Ts Tc 4s 4d As]
Seat 4: YngScrpynHngry showed [Ad Ah] and won 30500.00 with two pair, Aces and Tens [Ah Ad Ts Tc Ks]
Seat 5: lipesticky folded on the Pre-Flop and did not bet
Seat 6: cglock folded on the Pre-Flop and did not bet
Seat 7: MaximumP folded on the Pre-Flop and did not bet
Seat 8: GoToWin88 folded on the Pre-Flop and did not bet

Game Hand #2023397672 - Tournament #31174407 - Holdem (No Limit) - Level 9 (2500.00/5000.00)- 2024/02/10 21:15:12 UTC
Table '61' 8-max Seat #2 is the button
Seat 1: D.Babahhh (233278.00)
Seat 2: JustGuessing74 (541425.00)
Seat 3: Sugvant (118082.00)
Seat 4: YngScrpynHngry (183300.00)
Seat 5: lipesticky (130825.00)
Seat 6: cglock (281068.00)
Seat 7: MaximumP (271660.00)
Seat 8: GoToWin88 (91769.00)
D.Babahhh posts ante 750.00
JustGuessing74 posts ante 750.00
Sugvant posts ante 750.00
YngScrpynHngry posts ante 750.00
lipesticky posts ante 750.00
cglock posts ante 750.00
MaximumP posts ante 750.00
GoToWin88 posts ante 750.00
Sugvant posts the small blind 2500.00
YngScrpynHngry posts the big blind 5000.00
*** HOLE CARDS ***
Main pot 6000.00
Dealt to lipesticky [4s 6c]
lipesticky folds
cglock folds
MaximumP folds
GoToWin88 folds
D.Babahhh folds
JustGuessing74 raises 11000.00 to 11000.00
Sugvant folds
YngScrpynHngry calls 6000.00
*** FLOP *** [As 3c Qh]
Main pot 30500.00
YngScrpynHngry checks
JustGuessing74 bets 15250.00
YngScrpynHngry folds
Uncalled bet (15250.00) returned to JustGuessing74
JustGuessing74 does not show
*** SUMMARY ***
Total pot 30500.00
Board [As 3c Qh]
Seat 1: D.Babahhh folded on the Pre-Flop and did not bet
Seat 2: JustGuessing74 did not show and won 30500.00
Seat 3: Sugvant (small blind) folded on the Pre-Flop
Seat 4: YngScrpynHngry (big blind) folded on the Flop
Seat 5: lipesticky folded on the Pre-Flop and did not bet
Seat 6: cglock folded on the Pre-Flop and did not bet
Seat 7: MaximumP folded on the Pre-Flop and did not bet
Seat 8: GoToWin88 folded on the Pre-Flop and did not bet

Game Hand #2023398383 - Tournament #31174407 - Holdem (No Limit) - Level 9 (2500.00/5000.00)- 2024/02/10 21:15:54 UTC
Table '61' 8-max Seat #3 is the button
Seat 1: D.Babahhh (232528.00)
Seat 2: JustGuessing74 (560175.00)
Seat 3: Sugvant (114832.00)
Seat 4: YngScrpynHngry (171550.00)
Seat 5: lipesticky (130075.00)
Seat 6: cglock (280318.00)
Seat 7: MaximumP (270910.00)
Seat 8: GoToWin88 (91019.00)
D.Babahhh posts ante 750.00
JustGuessing74 posts ante 750.00
Sugvant posts ante 750.00
YngScrpynHngry posts ante 750.00
lipesticky posts ante 750.00
cglock posts ante 750.00
MaximumP posts ante 750.00
GoToWin88 posts ante 750.00
YngScrpynHngry posts the small blind 2500.00
lipesticky posts the big blind 5000.00
*** HOLE CARDS ***
Main pot 6000.00
Dealt to lipesticky [8s 4c]
cglock folds
MaximumP folds
GoToWin88 folds
D.Babahhh raises 12500.00 to 12500.00
JustGuessing74 folds
Sugvant folds
YngScrpynHngry folds
lipesticky folds
Uncalled bet (7500.00) returned to D.Babahhh
D.Babahhh does not show
*** SUMMARY ***
Total pot 18500.00
Seat 1: D.Babahhh did not show and won 18500.00
Seat 2: JustGuessing74 folded on the Pre-Flop and did not bet
Seat 3: Sugvant (button) folded on the Pre-Flop
Seat 4: YngScrpynHngry (small blind) folded on the Pre-Flop
Seat 5: lipesticky (big blind) folded on the Pre-Flop
Seat 6: cglock folded on the Pre-Flop and did not bet
Seat 7: MaximumP folded on the Pre-Flop and did not bet
Seat 8: GoToWin88 folded on the Pre-Flop and did not bet

Game Hand #2023398910 - Tournament #31174407 - Holdem (No Limit) - Level 9 (2500.00/5000.00)- 2024/02/10 21:16:29 UTC
Table '61' 8-max Seat #4 is the button
Seat 2: JustGuessing74 (559425.00)
Seat 4: YngScrpynHngry (168300.00)
Seat 5: lipesticky (124325.00)
Seat 6: cglock (279568.00)
Seat 7: MaximumP (270160.00)
Seat 8: GoToWin88 (90269.00)
JustGuessing74 posts ante 750.00
YngScrpynHngry posts ante 750.00
lipesticky posts ante 750.00
cglock posts ante 750.00
MaximumP posts ante 750.00
GoToWin88 posts ante 750.00
lipesticky posts the small blind 2500.00
cglock posts the big blind 5000.00
*** HOLE CARDS ***
Main pot 4500.00
Dealt to lipesticky [Kc As]
MaximumP folds
GoToWin88 folds
JustGuessing74 raises 11000.00 to 11000.00
YngScrpynHngry folds
lipesticky raises 121075.00 to 123575.00 and is all-in
cglock folds
JustGuessing74 calls 112575.00
*** FLOP *** [9s 8s 5c]
Main pot 256650.00
*** TURN *** [9s 8s 5c] [9d]
Main pot 256650.00
*** RIVER *** [9s 8s 5c 9d] [6s]
Main pot 256650.00
*** SHOW DOWN ***
Main pot 256650.00
JustGuessing74 shows [9h 9c] (four of a kind, Four Nines [9s 9h 9d 9c 8s])
lipesticky shows [Kc As] (a pair of Nines [9s 9d As Kc 8s])
JustGuessing74 collected 256650.00 from main pot
*** SUMMARY ***
Total pot 256650.00
Board [9s 8s 5c 9d 6s]
Seat 2: JustGuessing74 showed [9h 9c] and won 256650.00 with four of a kind, Four Nines [9s 9h 9d 9c 8s]
Seat 4: YngScrpynHngry (button) folded on the Pre-Flop
Seat 5: lipesticky (small blind) showed [Kc As] and lost with a pair of Nines [9s 9d As Kc 8s]
Seat 6: cglock (big blind) folded on the Pre-Flop
Seat 7: MaximumP folded on the Pre-Flop and did not bet
Seat 8: GoToWin88 folded on the Pre-Flop and did not bet

