Game Hand #2021218907 - Tournament #31162106 - Holdem (No Limit) - Level 4 (1000.00/2000.00)- 2024/02/08 16:52:35 UTC
Table '38' 8-max Seat #3 is the button
Seat 1: HCPOKER (126110.00)
Seat 2: lipesticky (100000.00)
Seat 3: DrunkFckr (113910.00)
Seat 4: BETTERCALLGAUX (84937.00)
Seat 5: tomalamorangos (135968.00)
Seat 6: zikurubu (96400.00)
Seat 7: Deathcuddle (153201.00)
Seat 8: HearMeRoar (101850.00)
HCPOKER posts ante 300.00
lipesticky posts ante 300.00
DrunkFckr posts ante 300.00
BETTERCALLGAUX posts ante 300.00
tomalamorangos posts ante 300.00
zikurubu posts ante 300.00
Deathcuddle posts ante 300.00
HearMeRoar posts ante 300.00
BETTERCALLGAUX posts the small blind 1000.00
tomalamorangos posts the big blind 2000.00
*** HOLE CARDS ***
Main pot 2400.00
Dealt to lipesticky [3h Tc]
zikurubu folds
Deathcuddle folds
HearMeRoar folds
HCPOKER folds
lipesticky folds
DrunkFckr folds
BETTERCALLGAUX raises 6000.00 to 7000.00
tomalamorangos folds
Uncalled bet (5000.00) returned to BETTERCALLGAUX
BETTERCALLGAUX does not show
*** SUMMARY ***
Total pot 6400.00
Seat 1: HCPOKER folded on the Pre-Flop and did not bet
Seat 2: lipesticky folded on the Pre-Flop and did not bet
Seat 3: DrunkFckr (button) folded on the Pre-Flop
Seat 4: BETTERCALLGAUX did not show and won 6400.00
Seat 5: tomalamorangos (big blind) folded on the Pre-Flop
Seat 6: zikurubu folded on the Pre-Flop and did not bet
Seat 7: Deathcuddle folded on the Pre-Flop and did not bet
Seat 8: HearMeRoar folded on the Pre-Flop and did not bet

Game Hand #2021219341 - Tournament #31162106 - Holdem (No Limit) - Level 4 (1000.00/2000.00)- 2024/02/08 16:53:13 UTC
Table '38' 8-max Seat #4 is the button
Seat 1: HCPOKER (125810.00)
Seat 2: lipesticky (99700.00)
Seat 3: DrunkFckr (113610.00)
Seat 4: BETTERCALLGAUX (89037.00)
Seat 5: tomalamorangos (133668.00)
Seat 6: zikurubu (96100.00)
Seat 7: Deathcuddle (152901.00)
Seat 8: HearMeRoar (101550.00)
HCPOKER posts ante 300.00
lipesticky posts ante 300.00
DrunkFckr posts ante 300.00
BETTERCALLGAUX posts ante 300.00
tomalamorangos posts ante 300.00
zikurubu posts ante 300.00
Deathcuddle posts ante 300.00
HearMeRoar posts ante 300.00
tomalamorangos posts the small blind 1000.00
zikurubu posts the big blind 2000.00
*** HOLE CARDS ***
Main pot 2400.00
Dealt to lipesticky [2c 8c]
Deathcuddle folds
HearMeRoar folds
HCPOKER folds
lipesticky folds
DrunkFckr folds
BETTERCALLGAUX folds
tomalamorangos raises 6000.00 to 7000.00
zikurubu raises 13200.00 to 15200.00
tomalamorangos calls 8200.00
*** FLOP *** [Tc Ac 4c]
Main pot 32800.00
tomalamorangos checks
zikurubu bets 8200.00
tomalamorangos calls 8200.00
*** TURN *** [Tc Ac 4c] [3c]
Main pot 49200.00
tomalamorangos checks
zikurubu checks
*** RIVER *** [Tc Ac 4c 3c] [Kc]
Main pot 49200.00
tomalamorangos bets 16236.00
zikurubu raises 56472.00 to 56472.00
tomalamorangos calls 40236.00
*** SHOW DOWN ***
Main pot 162144.00
tomalamorangos shows [Qd Jc] (a flush, Ace high [Ac Kc Jc Tc 4c])
zikurubu shows [Qc Qs] (a flush, Ace high [Ac Kc Qc Tc 4c])
zikurubu collected 162144.00 from main pot
*** SUMMARY ***
Total pot 162144.00
Board [Tc Ac 4c 3c Kc]
Seat 1: HCPOKER folded on the Pre-Flop and did not bet
Seat 2: lipesticky folded on the Pre-Flop and did not bet
Seat 3: DrunkFckr folded on the Pre-Flop and did not bet
Seat 4: BETTERCALLGAUX (button) folded on the Pre-Flop
Seat 5: tomalamorangos (small blind) showed [Qd Jc] and lost with a flush, Ace high [Ac Kc Jc Tc 4c]
Seat 6: zikurubu (big blind) showed [Qc Qs] and won 162144.00 with a flush, Ace high [Ac Kc Qc Tc 4c]
Seat 7: Deathcuddle folded on the Pre-Flop and did not bet
Seat 8: HearMeRoar folded on the Pre-Flop and did not bet

Game Hand #2021220271 - Tournament #31162106 - Holdem (No Limit) - Level 4 (1000.00/2000.00)- 2024/02/08 16:54:33 UTC
Table '38' 8-max Seat #5 is the button
Seat 1: HCPOKER (125510.00)
Seat 2: lipesticky (99400.00)
Seat 3: DrunkFckr (113310.00)
Seat 4: BETTERCALLGAUX (88737.00)
Seat 5: tomalamorangos (53496.00)
Seat 6: zikurubu (178072.00)
Seat 7: Deathcuddle (152601.00)
Seat 8: HearMeRoar (101250.00)
HCPOKER posts ante 300.00
lipesticky posts ante 300.00
DrunkFckr posts ante 300.00
BETTERCALLGAUX posts ante 300.00
tomalamorangos posts ante 300.00
zikurubu posts ante 300.00
Deathcuddle posts ante 300.00
HearMeRoar posts ante 300.00
zikurubu posts the small blind 1000.00
Deathcuddle posts the big blind 2000.00
*** HOLE CARDS ***
Main pot 2400.00
Dealt to lipesticky [4h Qh]
HearMeRoar raises 4000.00 to 4000.00
HCPOKER folds
lipesticky folds
DrunkFckr folds
BETTERCALLGAUX calls 4000.00
tomalamorangos folds
zikurubu folds
Deathcuddle calls 2000.00
*** FLOP *** [3d Qc Kc]
Main pot 15400.00
Deathcuddle checks
HearMeRoar bets 5082.00
BETTERCALLGAUX folds
Deathcuddle calls 5082.00
*** TURN *** [3d Qc Kc] [9s]
Main pot 25564.00
Deathcuddle checks
HearMeRoar bets 20451.00
Deathcuddle folds
Uncalled bet (20451.00) returned to HearMeRoar
HearMeRoar does not show
*** SUMMARY ***
Total pot 25564.00
Board [3d Qc Kc 9s]
Seat 1: HCPOKER folded on the Pre-Flop and did not bet
Seat 2: lipesticky folded on the Pre-Flop and did not bet
Seat 3: DrunkFckr folded on the Pre-Flop and did not bet
Seat 4: BETTERCALLGAUX folded on the Flop
Seat 5: tomalamorangos (button) folded on the Pre-Flop
Seat 6: zikurubu (small blind) folded on the Pre-Flop
Seat 7: Deathcuddle (big blind) folded on the Turn
Seat 8: HearMeRoar did not show and won 25564.00

Game Hand #2021223218 - Tournament #31162106 - Holdem (No Limit) - Level 4 (1000.00/2000.00)- 2024/02/08 17:01:55 UTC
Table '38' 8-max Seat #6 is the button
Seat 1: HCPOKER (125210.00)
Seat 2: lipesticky (99100.00)
Seat 3: DrunkFckr (113010.00)
Seat 4: BETTERCALLGAUX (84437.00)
Seat 5: tomalamorangos (53196.00)
Seat 6: zikurubu (176772.00)
Seat 7: Deathcuddle (143219.00)
Seat 8: HearMeRoar (117432.00)
HCPOKER posts ante 300.00
lipesticky posts ante 300.00
DrunkFckr posts ante 300.00
BETTERCALLGAUX posts ante 300.00
tomalamorangos posts ante 300.00
zikurubu posts ante 300.00
Deathcuddle posts ante 300.00
HearMeRoar posts ante 300.00
Deathcuddle posts the small blind 1000.00
HearMeRoar posts the big blind 2000.00
*** HOLE CARDS ***
Main pot 2400.00
Dealt to lipesticky [2d Ac]
HCPOKER folds
lipesticky folds
DrunkFckr folds
BETTERCALLGAUX folds
tomalamorangos folds
zikurubu folds
Deathcuddle raises 3000.00 to 4000.00
HearMeRoar raises 11000.00 to 13000.00
Deathcuddle folds
Uncalled bet (9000.00) returned to HearMeRoar
HearMeRoar does not show
*** SUMMARY ***
Total pot 10400.00
Seat 1: HCPOKER folded on the Pre-Flop and did not bet
Seat 2: lipesticky folded on the Pre-Flop and did not bet
Seat 3: DrunkFckr folded on the Pre-Flop and did not bet
Seat 4: BETTERCALLGAUX folded on the Pre-Flop and did not bet
Seat 5: tomalamorangos folded on the Pre-Flop and did not bet
Seat 6: zikurubu (button) folded on the Pre-Flop
Seat 7: Deathcuddle (small blind) folded on the Pre-Flop
Seat 8: HearMeRoar did not show and won 10400.00

Game Hand #2021225100 - Tournament #31162106 - Holdem (No Limit) - Level 4 (1000.00/2000.00)- 2024/02/08 17:04:34 UTC
Table '38' 8-max Seat #7 is the button
Seat 1: HCPOKER (124910.00)
Seat 2: lipesticky (98800.00)
Seat 3: DrunkFckr (112710.00)
Seat 4: BETTERCALLGAUX (84137.00)
Seat 5: tomalamorangos (52896.00)
Seat 6: zikurubu (176472.00) is sitting out
Seat 7: Deathcuddle (138919.00)
Seat 8: HearMeRoar (123532.00)
HCPOKER posts ante 300.00
lipesticky posts ante 300.00
DrunkFckr posts ante 300.00
BETTERCALLGAUX posts ante 300.00
tomalamorangos posts ante 300.00
zikurubu posts ante 300.00
Deathcuddle posts ante 300.00
HearMeRoar posts ante 300.00
HearMeRoar posts the small blind 1000.00
HCPOKER posts the big blind 2000.00
*** HOLE CARDS ***
Main pot 2400.00
Dealt to lipesticky [5h Js]
lipesticky folds
DrunkFckr folds
BETTERCALLGAUX folds
tomalamorangos raises 4200.00 to 4200.00
zikurubu folds
Deathcuddle folds
HearMeRoar folds
HCPOKER calls 2200.00
*** FLOP *** [9s 5c Ts]
Main pot 11800.00
HCPOKER checks
tomalamorangos checks
*** TURN *** [9s 5c Ts] [4d]
Main pot 11800.00
HCPOKER checks
tomalamorangos checks
*** RIVER *** [9s 5c Ts 4d] [Th]
Main pot 11800.00
HCPOKER bets 4000.00
tomalamorangos calls 4000.00
*** SHOW DOWN ***
Main pot 19800.00
HCPOKER shows [9h 4h] (two pair, Tens and Nines [Ts Th 9s 9h 5c])
tomalamorangos shows [Qc Ad] (a pair of Tens [Ts Th Ad Qc 9s])
HCPOKER collected 19800.00 from main pot
*** SUMMARY ***
Total pot 19800.00
Board [9s 5c Ts 4d Th]
Seat 1: HCPOKER (big blind) showed [9h 4h] and won 19800.00 with two pair, Tens and Nines [Ts Th 9s 9h 5c]
Seat 2: lipesticky folded on the Pre-Flop and did not bet
Seat 3: DrunkFckr folded on the Pre-Flop and did not bet
Seat 4: BETTERCALLGAUX folded on the Pre-Flop and did not bet
Seat 5: tomalamorangos showed [Qc Ad] and lost with a pair of Tens [Ts Th Ad Qc 9s]
Seat 6: zikurubu folded on the Pre-Flop and did not bet
Seat 7: Deathcuddle (button) folded on the Pre-Flop
Seat 8: HearMeRoar (small blind) folded on the Pre-Flop

Game Hand #2021226033 - Tournament #31162106 - Holdem (No Limit) - Level 4 (1000.00/2000.00)- 2024/02/08 17:05:40 UTC
Table '38' 8-max Seat #8 is the button
Seat 1: HCPOKER (136210.00)
Seat 2: lipesticky (98500.00)
Seat 3: DrunkFckr (112410.00)
Seat 4: BETTERCALLGAUX (83837.00)
Seat 5: tomalamorangos (44396.00)
Seat 6: zikurubu (176172.00) is sitting out
Seat 7: Deathcuddle (138619.00)
Seat 8: HearMeRoar (122232.00)
HCPOKER posts ante 300.00
lipesticky posts ante 300.00
DrunkFckr posts ante 300.00
BETTERCALLGAUX posts ante 300.00
tomalamorangos posts ante 300.00
zikurubu posts ante 300.00
Deathcuddle posts ante 300.00
HearMeRoar posts ante 300.00
HCPOKER posts the small blind 1000.00
lipesticky posts the big blind 2000.00
*** HOLE CARDS ***
Main pot 2400.00
Dealt to lipesticky [Qh 6h]
DrunkFckr folds
BETTERCALLGAUX folds
tomalamorangos folds
zikurubu folds
Deathcuddle raises 6000.00 to 6000.00
HearMeRoar folds
HCPOKER folds
lipesticky calls 4000.00
*** FLOP *** [8s As 9h]
Main pot 15400.00
lipesticky checks
Deathcuddle bets 4850.00
lipesticky folds
Uncalled bet (4850.00) returned to Deathcuddle
Deathcuddle does not show
*** SUMMARY ***
Total pot 15400.00
Board [8s As 9h]
Seat 1: HCPOKER (small blind) folded on the Pre-Flop
Seat 2: lipesticky (big blind) folded on the Flop
Seat 3: DrunkFckr folded on the Pre-Flop and did not bet
Seat 4: BETTERCALLGAUX folded on the Pre-Flop and did not bet
Seat 5: tomalamorangos folded on the Pre-Flop and did not bet
Seat 6: zikurubu folded on the Pre-Flop and did not bet
Seat 7: Deathcuddle did not show and won 15400.00
Seat 8: HearMeRoar (button) folded on the Pre-Flop

Game Hand #2021226675 - Tournament #31162106 - Holdem (No Limit) - Level 4 (1000.00/2000.00)- 2024/02/08 17:06:26 UTC
Table '38' 8-max Seat #1 is the button
Seat 1: HCPOKER (134910.00)
Seat 2: lipesticky (92200.00)
Seat 3: DrunkFckr (112110.00)
Seat 4: BETTERCALLGAUX (83537.00)
Seat 5: tomalamorangos (44096.00)
Seat 6: zikurubu (175872.00) is sitting out
Seat 7: Deathcuddle (147719.00)
Seat 8: HearMeRoar (121932.00)
HCPOKER posts ante 300.00
lipesticky posts ante 300.00
DrunkFckr posts ante 300.00
BETTERCALLGAUX posts ante 300.00
tomalamorangos posts ante 300.00
zikurubu posts ante 300.00
Deathcuddle posts ante 300.00
HearMeRoar posts ante 300.00
lipesticky posts the small blind 1000.00
DrunkFckr posts the big blind 2000.00
*** HOLE CARDS ***
Main pot 2400.00
Dealt to lipesticky [Th 7s]
BETTERCALLGAUX folds
tomalamorangos folds
zikurubu folds
Deathcuddle raises 6000.00 to 6000.00
HearMeRoar folds
HCPOKER folds
lipesticky folds
DrunkFckr folds
Uncalled bet (4000.00) returned to Deathcuddle
Deathcuddle does not show
*** SUMMARY ***
Total pot 7400.00
Seat 1: HCPOKER (button) folded on the Pre-Flop
Seat 2: lipesticky (small blind) folded on the Pre-Flop
Seat 3: DrunkFckr (big blind) folded on the Pre-Flop
Seat 4: BETTERCALLGAUX folded on the Pre-Flop and did not bet
Seat 5: tomalamorangos folded on the Pre-Flop and did not bet
Seat 6: zikurubu folded on the Pre-Flop and did not bet
Seat 7: Deathcuddle did not show and won 7400.00
Seat 8: HearMeRoar folded on the Pre-Flop and did not bet

Game Hand #2021227502 - Tournament #31162106 - Holdem (No Limit) - Level 4 (1000.00/2000.00)- 2024/02/08 17:07:23 UTC
Table '38' 8-max Seat #2 is the button
Seat 1: HCPOKER (134610.00)
Seat 2: lipesticky (90900.00)
Seat 3: DrunkFckr (109810.00)
Seat 4: BETTERCALLGAUX (83237.00)
Seat 5: tomalamorangos (43796.00)
Seat 6: zikurubu (175572.00) is sitting out
Seat 7: Deathcuddle (152819.00)
Seat 8: HearMeRoar (121632.00)
HCPOKER posts ante 300.00
lipesticky posts ante 300.00
DrunkFckr posts ante 300.00
BETTERCALLGAUX posts ante 300.00
tomalamorangos posts ante 300.00
zikurubu posts ante 300.00
Deathcuddle posts ante 300.00
HearMeRoar posts ante 300.00
DrunkFckr posts the small blind 1000.00
BETTERCALLGAUX posts the big blind 2000.00
*** HOLE CARDS ***
Main pot 2400.00
Dealt to lipesticky [Ad Qc]
tomalamorangos folds
zikurubu folds
Deathcuddle raises 6000.00 to 6000.00
HearMeRoar folds
HCPOKER folds
lipesticky raises 18000.00 to 18000.00
DrunkFckr folds
BETTERCALLGAUX folds
Deathcuddle folds
Uncalled bet (12000.00) returned to lipesticky
lipesticky does not show
*** SUMMARY ***
Total pot 17400.00
Seat 1: HCPOKER folded on the Pre-Flop and did not bet
Seat 2: lipesticky did not show and won 17400.00
Seat 3: DrunkFckr (small blind) folded on the Pre-Flop
Seat 4: BETTERCALLGAUX (big blind) folded on the Pre-Flop
Seat 5: tomalamorangos folded on the Pre-Flop and did not bet
Seat 6: zikurubu folded on the Pre-Flop and did not bet
Seat 7: Deathcuddle folded on the Pre-Flop and did not bet
Seat 8: HearMeRoar folded on the Pre-Flop and did not bet

Game Hand #2021228473 - Tournament #31162106 - Holdem (No Limit) - Level 4 (1000.00/2000.00)- 2024/02/08 17:08:28 UTC
Table '38' 8-max Seat #3 is the button
Seat 1: HCPOKER (134310.00)
Seat 2: lipesticky (102000.00)
Seat 3: DrunkFckr (108510.00)
Seat 4: BETTERCALLGAUX (80937.00)
Seat 5: tomalamorangos (43496.00)
Seat 6: zikurubu (175272.00)
Seat 7: Deathcuddle (146519.00)
Seat 8: HearMeRoar (121332.00)
HCPOKER posts ante 300.00
lipesticky posts ante 300.00
DrunkFckr posts ante 300.00
BETTERCALLGAUX posts ante 300.00
tomalamorangos posts ante 300.00
zikurubu posts ante 300.00
Deathcuddle posts ante 300.00
HearMeRoar posts ante 300.00
BETTERCALLGAUX posts the small blind 1000.00
tomalamorangos posts the big blind 2000.00
*** HOLE CARDS ***
Main pot 2400.00
Dealt to lipesticky [Kh Ad]
zikurubu folds
Deathcuddle folds
HearMeRoar folds
HCPOKER folds
lipesticky raises 4200.00 to 4200.00
DrunkFckr raises 13800.00 to 13800.00
BETTERCALLGAUX folds
tomalamorangos folds
lipesticky raises 97500.00 to 101700.00 and is all-in
DrunkFckr calls 87900.00
*** FLOP *** [Td Tc Kd]
Main pot 208800.00
*** TURN *** [Td Tc Kd] [Qs]
Main pot 208800.00
*** RIVER *** [Td Tc Kd Qs] [8d]
Main pot 208800.00
*** SHOW DOWN ***
Main pot 208800.00
lipesticky shows [Kh Ad] (two pair, Kings and Tens [Kh Kd Td Tc Ad])
DrunkFckr shows [Jh Js] (two pair, Jacks and Tens [Js Jh Td Tc Kd])
lipesticky collected 208800.00 from main pot
*** SUMMARY ***
Total pot 208800.00
Board [Td Tc Kd Qs 8d]
Seat 1: HCPOKER folded on the Pre-Flop and did not bet
Seat 2: lipesticky showed [Kh Ad] and won 208800.00 with two pair, Kings and Tens [Kh Kd Td Tc Ad]
Seat 3: DrunkFckr (button) showed [Jh Js] and lost with two pair, Jacks and Tens [Js Jh Td Tc Kd]
Seat 4: BETTERCALLGAUX (small blind) folded on the Pre-Flop
Seat 5: tomalamorangos (big blind) folded on the Pre-Flop
Seat 6: zikurubu folded on the Pre-Flop and did not bet
Seat 7: Deathcuddle folded on the Pre-Flop and did not bet
Seat 8: HearMeRoar folded on the Pre-Flop and did not bet

Game Hand #2021229694 - Tournament #31162106 - Holdem (No Limit) - Level 4 (1000.00/2000.00)- 2024/02/08 17:09:50 UTC
Table '38' 8-max Seat #4 is the button
Seat 1: HCPOKER (134010.00)
Seat 2: lipesticky (208800.00)
Seat 3: DrunkFckr (6510.00)
Seat 4: BETTERCALLGAUX (79637.00)
Seat 5: tomalamorangos (41196.00)
Seat 6: zikurubu (174972.00)
Seat 7: Deathcuddle (146219.00)
Seat 8: HearMeRoar (121032.00)
HCPOKER posts ante 300.00
lipesticky posts ante 300.00
DrunkFckr posts ante 300.00
BETTERCALLGAUX posts ante 300.00
tomalamorangos posts ante 300.00
zikurubu posts ante 300.00
Deathcuddle posts ante 300.00
HearMeRoar posts ante 300.00
tomalamorangos posts the small blind 1000.00
zikurubu posts the big blind 2000.00
*** HOLE CARDS ***
Main pot 2400.00
Dealt to lipesticky [3s 8h]
Deathcuddle folds
HearMeRoar folds
HCPOKER raises 4000.00 to 4000.00
lipesticky folds
DrunkFckr folds
BETTERCALLGAUX folds
tomalamorangos folds
zikurubu calls 2000.00
*** FLOP *** [3c Jc Ah]
Main pot 11400.00
zikurubu checks
HCPOKER bets 3000.00
zikurubu calls 3000.00
*** TURN *** [3c Jc Ah] [Kc]
Main pot 17400.00
zikurubu checks
HCPOKER bets 14528.00
zikurubu calls 14528.00
*** RIVER *** [3c Jc Ah Kc] [7c]
Main pot 46456.00
zikurubu checks
HCPOKER checks
*** SHOW DOWN ***
Main pot 46456.00
HCPOKER shows [4s 4c] (a flush, King high [Kc Jc 7c 4c 3c])
zikurubu shows [Tc Jd] (a flush, King high [Kc Jc Tc 7c 3c])
zikurubu collected 46456.00 from main pot
*** SUMMARY ***
Total pot 46456.00
Board [3c Jc Ah Kc 7c]
Seat 1: HCPOKER showed [4s 4c] and lost with a flush, King high [Kc Jc 7c 4c 3c]
Seat 2: lipesticky folded on the Pre-Flop and did not bet
Seat 3: DrunkFckr folded on the Pre-Flop and did not bet
Seat 4: BETTERCALLGAUX (button) folded on the Pre-Flop
Seat 5: tomalamorangos (small blind) folded on the Pre-Flop
Seat 6: zikurubu (big blind) showed [Tc Jd] and won 46456.00 with a flush, King high [Kc Jc Tc 7c 3c]
Seat 7: Deathcuddle folded on the Pre-Flop and did not bet
Seat 8: HearMeRoar folded on the Pre-Flop and did not bet

Game Hand #2021230575 - Tournament #31162106 - Holdem (No Limit) - Level 5 (1250.00/2500.00)- 2024/02/08 17:10:47 UTC
Table '38' 8-max Seat #5 is the button
Seat 1: HCPOKER (112182.00)
Seat 2: lipesticky (208500.00)
Seat 3: DrunkFckr (6210.00) is sitting out
Seat 4: BETTERCALLGAUX (79337.00)
Seat 5: tomalamorangos (39896.00)
Seat 6: zikurubu (199600.00)
Seat 7: Deathcuddle (145919.00)
Seat 8: HearMeRoar (120732.00)
HCPOKER posts ante 350.00
lipesticky posts ante 350.00
DrunkFckr posts ante 350.00
BETTERCALLGAUX posts ante 350.00
tomalamorangos posts ante 350.00
zikurubu posts ante 350.00
Deathcuddle posts ante 350.00
HearMeRoar posts ante 350.00
zikurubu posts the small blind 1250.00
Deathcuddle posts the big blind 2500.00
*** HOLE CARDS ***
Main pot 2800.00
Dealt to lipesticky [Td 5d]
HearMeRoar folds
HCPOKER folds
lipesticky folds
DrunkFckr folds
BETTERCALLGAUX folds
tomalamorangos folds
zikurubu raises 5000.00 to 6250.00
Deathcuddle raises 18750.00 to 21250.00
zikurubu raises 35000.00 to 41250.00
Deathcuddle raises 124319.00 to 145569.00 and is all-in
zikurubu calls 104319.00
*** FLOP *** [8h As Tc]
Main pot 293938.00
*** TURN *** [8h As Tc] [Ah]
Main pot 293938.00
*** RIVER *** [8h As Tc Ah] [6c]
Main pot 293938.00
*** SHOW DOWN ***
Main pot 293938.00
zikurubu shows [Qd Qc] (two pair, Aces and Queens [As Ah Qd Qc Tc])
Deathcuddle shows [7c 7h] (two pair, Aces and Sevens [As Ah 7h 7c Tc])
zikurubu collected 293938.00 from main pot
*** SUMMARY ***
Total pot 293938.00
Board [8h As Tc Ah 6c]
Seat 1: HCPOKER folded on the Pre-Flop and did not bet
Seat 2: lipesticky folded on the Pre-Flop and did not bet
Seat 3: DrunkFckr folded on the Pre-Flop and did not bet
Seat 4: BETTERCALLGAUX folded on the Pre-Flop and did not bet
Seat 5: tomalamorangos (button) folded on the Pre-Flop
Seat 6: zikurubu (small blind) showed [Qd Qc] and won 293938.00 with two pair, Aces and Queens [As Ah Qd Qc Tc]
Seat 7: Deathcuddle (big blind) showed [7c 7h] and lost with two pair, Aces and Sevens [As Ah 7h 7c Tc]
Seat 8: HearMeRoar folded on the Pre-Flop and did not bet

Game Hand #2021231461 - Tournament #31162106 - Holdem (No Limit) - Level 5 (1250.00/2500.00)- 2024/02/08 17:11:43 UTC
Table '38' 8-max Seat #6 is the button
Seat 1: HCPOKER (111832.00)
Seat 2: lipesticky (208150.00)
Seat 3: DrunkFckr (5860.00) is sitting out
Seat 4: BETTERCALLGAUX (78987.00)
Seat 5: tomalamorangos (39546.00)
Seat 6: zikurubu (347619.00)
Seat 8: HearMeRoar (120382.00)
HCPOKER posts ante 350.00
lipesticky posts ante 350.00
DrunkFckr posts ante 350.00
BETTERCALLGAUX posts ante 350.00
tomalamorangos posts ante 350.00
zikurubu posts ante 350.00
HearMeRoar posts ante 350.00
HearMeRoar posts the big blind 2500.00
*** HOLE CARDS ***
Main pot 2450.00
Dealt to lipesticky [Qs Js]
HCPOKER folds
lipesticky raises 5250.00 to 5250.00
DrunkFckr folds
BETTERCALLGAUX folds
tomalamorangos folds
zikurubu raises 8000.00 to 8000.00
HearMeRoar folds
lipesticky calls 2750.00
*** FLOP *** [Ts Kc 5s]
Main pot 20950.00
lipesticky checks
zikurubu bets 5238.00
lipesticky raises 22522.00 to 22522.00
zikurubu folds
Uncalled bet (17284.00) returned to lipesticky
lipesticky does not show
*** SUMMARY ***
Total pot 31426.00
Board [Ts Kc 5s]
Seat 1: HCPOKER folded on the Pre-Flop and did not bet
Seat 2: lipesticky did not show and won 31426.00
Seat 3: DrunkFckr folded on the Pre-Flop and did not bet
Seat 4: BETTERCALLGAUX folded on the Pre-Flop and did not bet
Seat 5: tomalamorangos folded on the Pre-Flop and did not bet
Seat 6: zikurubu (button) folded on the Flop
Seat 8: HearMeRoar (big blind) folded on the Pre-Flop

Game Hand #2021232573 - Tournament #31162106 - Holdem (No Limit) - Level 5 (1250.00/2500.00)- 2024/02/08 17:12:57 UTC
Table '38' 8-max Seat #7 is the button
Seat 1: HCPOKER (111482.00)
Seat 2: lipesticky (225988.00)
Seat 3: DrunkFckr (5510.00) is sitting out
Seat 4: BETTERCALLGAUX (78637.00)
Seat 5: tomalamorangos (39196.00)
Seat 6: zikurubu (334031.00)
Seat 7: blackspider1 will be allowed to play after the button
Seat 8: HearMeRoar (117532.00)
HCPOKER posts ante 350.00
lipesticky posts ante 350.00
DrunkFckr posts ante 350.00
BETTERCALLGAUX posts ante 350.00
tomalamorangos posts ante 350.00
zikurubu posts ante 350.00
HearMeRoar posts ante 350.00
HearMeRoar posts the small blind 1250.00
HCPOKER posts the big blind 2500.00
*** HOLE CARDS ***
Main pot 2450.00
Dealt to lipesticky [5c 9h]
lipesticky folds
DrunkFckr folds
BETTERCALLGAUX folds
tomalamorangos folds
zikurubu raises 5000.00 to 5000.00
HearMeRoar calls 3750.00
HCPOKER folds
*** FLOP *** [Tc Jh 3d]
Main pot 14950.00
HearMeRoar checks
zikurubu bets 3738.00
HearMeRoar calls 3738.00
*** TURN *** [Tc Jh 3d] [Qs]
Main pot 22426.00
HearMeRoar checks
zikurubu checks
*** RIVER *** [Tc Jh 3d Qs] [Kc]
Main pot 22426.00
HearMeRoar checks
zikurubu checks
*** SHOW DOWN ***
Main pot 22426.00
zikurubu shows [6c Jc] (a pair of Jacks [Jh Jc Kc Qs Tc])
HearMeRoar shows [Ts Kh] (two pair, Kings and Tens [Kh Kc Ts Tc Qs])
HearMeRoar collected 22426.00 from main pot
*** SUMMARY ***
Total pot 22426.00
Board [Tc Jh 3d Qs Kc]
Seat 1: HCPOKER (big blind) folded on the Pre-Flop
Seat 2: lipesticky folded on the Pre-Flop and did not bet
Seat 3: DrunkFckr folded on the Pre-Flop and did not bet
Seat 4: BETTERCALLGAUX folded on the Pre-Flop and did not bet
Seat 5: tomalamorangos folded on the Pre-Flop and did not bet
Seat 6: zikurubu showed [6c Jc] and lost with a pair of Jacks [Jh Jc Kc Qs Tc]
Seat 8: HearMeRoar (small blind) showed [Ts Kh] and won 22426.00 with two pair, Kings and Tens [Kh Kc Ts Tc Qs]

Game Hand #2021234078 - Tournament #31162106 - Holdem (No Limit) - Level 5 (1250.00/2500.00)- 2024/02/08 17:14:33 UTC
Table '38' 8-max Seat #8 is the button
Seat 1: HCPOKER (108632.00)
Seat 2: lipesticky (225638.00)
Seat 3: DrunkFckr (5160.00) is sitting out
Seat 5: tomalamorangos (38846.00)
Seat 6: zikurubu (324943.00)
Seat 7: blackspider1 (257817.00)
Seat 8: HearMeRoar (130870.00)
HCPOKER posts ante 350.00
lipesticky posts ante 350.00
DrunkFckr posts ante 350.00
tomalamorangos posts ante 350.00
zikurubu posts ante 350.00
blackspider1 posts ante 350.00
HearMeRoar posts ante 350.00
HCPOKER posts the small blind 1250.00
lipesticky posts the big blind 2500.00
*** HOLE CARDS ***
Main pot 2450.00
Dealt to lipesticky [6c Qh]
DrunkFckr folds
tomalamorangos folds
zikurubu folds
blackspider1 folds
HearMeRoar raises 5000.00 to 5000.00
HCPOKER folds
lipesticky calls 2500.00
*** FLOP *** [5s Qd 8d]
Main pot 13700.00
lipesticky checks
HearMeRoar bets 9710.00
lipesticky calls 9710.00
*** TURN *** [5s Qd 8d] [Ah]
Main pot 33120.00
lipesticky checks
HearMeRoar bets 20716.00
lipesticky calls 20716.00
*** RIVER *** [5s Qd 8d Ah] [4c]
Main pot 74552.00
lipesticky checks
HearMeRoar checks
*** SHOW DOWN ***
Main pot 74552.00
lipesticky shows [6c Qh] (a pair of Queens [Qh Qd Ah 8d 6c])
HearMeRoar shows [Ks 9c] (a high card, Ace high [Ah Ks Qd 9c 8d])
lipesticky collected 74552.00 from main pot
*** SUMMARY ***
Total pot 74552.00
Board [5s Qd 8d Ah 4c]
Seat 1: HCPOKER (small blind) folded on the Pre-Flop
Seat 2: lipesticky (big blind) showed [6c Qh] and won 74552.00 with a pair of Queens [Qh Qd Ah 8d 6c]
Seat 3: DrunkFckr folded on the Pre-Flop and did not bet
Seat 5: tomalamorangos folded on the Pre-Flop and did not bet
Seat 6: zikurubu folded on the Pre-Flop and did not bet
Seat 7: blackspider1 folded on the Pre-Flop and did not bet
Seat 8: HearMeRoar (button) showed [Ks 9c] and lost with a high card, Ace high [Ah Ks Qd 9c 8d]

Game Hand #2021235504 - Tournament #31162106 - Holdem (No Limit) - Level 5 (1250.00/2500.00)- 2024/02/08 17:16:06 UTC
Table '38' 8-max Seat #1 is the button
Seat 1: HCPOKER (107032.00)
Seat 2: lipesticky (264414.00)
Seat 3: DrunkFckr (4810.00) is sitting out
Seat 5: tomalamorangos (38496.00)
Seat 6: zikurubu (324593.00)
Seat 7: blackspider1 (257467.00)
Seat 8: HearMeRoar (95094.00)
HCPOKER posts ante 350.00
lipesticky posts ante 350.00
DrunkFckr posts ante 350.00
tomalamorangos posts ante 350.00
zikurubu posts ante 350.00
blackspider1 posts ante 350.00
HearMeRoar posts ante 350.00
lipesticky posts the small blind 1250.00
DrunkFckr posts the big blind 2500.00
*** HOLE CARDS ***
Main pot 2450.00
Dealt to lipesticky [2c Jh]
tomalamorangos folds
zikurubu folds
blackspider1 raises 5000.00 to 5000.00
HearMeRoar folds
HCPOKER calls 5000.00
lipesticky folds
DrunkFckr folds
*** FLOP *** [9h 3h As]
Main pot 16200.00
blackspider1 checks
HCPOKER checks
*** TURN *** [9h 3h As] [4c]
Main pot 16200.00
blackspider1 checks
HCPOKER checks
*** RIVER *** [9h 3h As 4c] [9c]
Main pot 16200.00
blackspider1 checks
HCPOKER checks
*** SHOW DOWN ***
Main pot 16200.00
HCPOKER shows [Ts Kd] (a pair of Nines [9h 9c As Kd Ts])
blackspider1 shows [8s 7s] (a pair of Nines [9h 9c As 8s 7s])
HCPOKER collected 16200.00 from main pot
*** SUMMARY ***
Total pot 16200.00
Board [9h 3h As 4c 9c]
Seat 1: HCPOKER (button) showed [Ts Kd] and won 16200.00 with a pair of Nines [9h 9c As Kd Ts] with the kicker King
Seat 2: lipesticky (small blind) folded on the Pre-Flop
Seat 3: DrunkFckr (big blind) folded on the Pre-Flop
Seat 5: tomalamorangos folded on the Pre-Flop and did not bet
Seat 6: zikurubu folded on the Pre-Flop and did not bet
Seat 7: blackspider1 showed [8s 7s] and lost with a pair of Nines [9h 9c As 8s 7s]
Seat 8: HearMeRoar folded on the Pre-Flop and did not bet

Game Hand #2021236427 - Tournament #31162106 - Holdem (No Limit) - Level 5 (1250.00/2500.00)- 2024/02/08 17:17:06 UTC
Table '38' 8-max Seat #2 is the button
Seat 1: HCPOKER (117882.00)
Seat 2: lipesticky (262814.00)
Seat 3: DrunkFckr (1960.00) is sitting out
Seat 4: Teobaldo (110565.00)
Seat 5: tomalamorangos (38146.00)
Seat 6: zikurubu (324243.00)
Seat 7: blackspider1 (252117.00)
Seat 8: HearMeRoar (94744.00)
HCPOKER posts ante 350.00
lipesticky posts ante 350.00
DrunkFckr posts ante 350.00
Teobaldo posts ante 350.00
tomalamorangos posts ante 350.00
zikurubu posts ante 350.00
blackspider1 posts ante 350.00
HearMeRoar posts ante 350.00
DrunkFckr posts the small blind 1250.00
Teobaldo posts the big blind 2500.00
*** HOLE CARDS ***
Main pot 2800.00
Dealt to lipesticky [9d 7d]
tomalamorangos folds
zikurubu folds
blackspider1 folds
HearMeRoar raises 5000.00 to 5000.00
HCPOKER folds
lipesticky calls 5000.00
DrunkFckr folds
Teobaldo folds
*** FLOP *** [Jd 4s Qc]
Main pot 16550.00
HearMeRoar checks
lipesticky bets 4212.00
HearMeRoar raises 12174.00 to 12174.00
lipesticky folds
Uncalled bet (7962.00) returned to HearMeRoar
HearMeRoar does not show
*** SUMMARY ***
Total pot 24974.00
Board [Jd 4s Qc]
Seat 1: HCPOKER folded on the Pre-Flop and did not bet
Seat 2: lipesticky (button) folded on the Flop
Seat 3: DrunkFckr (small blind) folded on the Pre-Flop
Seat 4: Teobaldo (big blind) folded on the Pre-Flop
Seat 5: tomalamorangos folded on the Pre-Flop and did not bet
Seat 6: zikurubu folded on the Pre-Flop and did not bet
Seat 7: blackspider1 folded on the Pre-Flop and did not bet
Seat 8: HearMeRoar did not show and won 24974.00

Game Hand #2021237769 - Tournament #31162106 - Holdem (No Limit) - Level 5 (1250.00/2500.00)- 2024/02/08 17:18:32 UTC
Table '38' 8-max Seat #3 is the button
Seat 1: HCPOKER (117532.00)
Seat 2: lipesticky (253252.00)
Seat 3: DrunkFckr (360.00) is sitting out
Seat 4: Teobaldo (107715.00)
Seat 5: tomalamorangos (37796.00)
Seat 6: zikurubu (323893.00)
Seat 7: blackspider1 (251767.00)
Seat 8: HearMeRoar (110156.00)
HCPOKER posts ante 350.00
lipesticky posts ante 350.00
DrunkFckr posts ante 350.00
Teobaldo posts ante 350.00
tomalamorangos posts ante 350.00
zikurubu posts ante 350.00
blackspider1 posts ante 350.00
HearMeRoar posts ante 350.00
Teobaldo posts the small blind 1250.00
tomalamorangos posts the big blind 2500.00
*** HOLE CARDS ***
Main pot 2800.00
Dealt to lipesticky [5h 4s]
zikurubu folds
blackspider1 folds
HearMeRoar folds
HCPOKER raises 5000.00 to 5000.00
lipesticky folds
DrunkFckr folds
Teobaldo folds
tomalamorangos calls 2500.00
*** FLOP *** [2c 3h 3s]
Main pot 14050.00
tomalamorangos checks
HCPOKER bets 5000.00
tomalamorangos folds
Uncalled bet (5000.00) returned to HCPOKER
HCPOKER does not show
*** SUMMARY ***
Total pot 14050.00
Board [2c 3h 3s]
Seat 1: HCPOKER did not show and won 14050.00
Seat 2: lipesticky folded on the Pre-Flop and did not bet
Seat 3: DrunkFckr (button) folded on the Pre-Flop
Seat 4: Teobaldo (small blind) folded on the Pre-Flop
Seat 5: tomalamorangos (big blind) folded on the Flop
Seat 6: zikurubu folded on the Pre-Flop and did not bet
Seat 7: blackspider1 folded on the Pre-Flop and did not bet
Seat 8: HearMeRoar folded on the Pre-Flop and did not bet

Game Hand #2021238398 - Tournament #31162106 - Holdem (No Limit) - Level 5 (1250.00/2500.00)- 2024/02/08 17:19:13 UTC
Table '38' 8-max Seat #4 is the button
Seat 1: HCPOKER (126232.00)
Seat 2: lipesticky (252902.00)
Seat 3: DrunkFckr (10.00) is sitting out
Seat 4: Teobaldo (106115.00)
Seat 5: tomalamorangos (32446.00)
Seat 6: zikurubu (323543.00)
Seat 7: blackspider1 (251417.00)
Seat 8: HearMeRoar (109806.00)
HCPOKER posts ante 350.00
lipesticky posts ante 350.00
DrunkFckr posts ante 10.00 and is all-in
Teobaldo posts ante 350.00
tomalamorangos posts ante 350.00
zikurubu posts ante 350.00
blackspider1 posts ante 350.00
HearMeRoar posts ante 350.00
tomalamorangos posts the small blind 1250.00
zikurubu posts the big blind 2500.00
*** HOLE CARDS ***
Main pot 80.00
Side pot(1) 2380.00
Dealt to lipesticky [6h 6c]
blackspider1 folds
HearMeRoar folds
HCPOKER folds
lipesticky raises 5250.00 to 5250.00
Teobaldo calls 5250.00
tomalamorangos raises 30846.00 to 32096.00 and is all-in
zikurubu folds
lipesticky raises 247302.00 to 252552.00 and is all-in
Teobaldo folds
Uncalled bet (220456.00) returned to lipesticky
*** FLOP *** [2s 5c 5s]
Main pot 80.00
Side pot(1) 74322.00
*** TURN *** [2s 5c 5s] [Td]
Main pot 80.00
Side pot(1) 74322.00
*** RIVER *** [2s 5c 5s Td] [5h]
Main pot 80.00
Side pot(1) 74322.00
*** SHOW DOWN ***
Main pot 80.00
Side pot(1) 74322.00
lipesticky shows [6h 6c] (a full house, Fives full of Sixs [5s 5h 5c 6h 6c])
DrunkFckr shows [Ts 8h] (a full house, Fives full of Tens [5s 5h 5c Ts Td])
tomalamorangos shows [Qd Jd] (three of a kind, Set of Fives [5s 5h 5c Qd Jd])
DrunkFckr collected 80.00 from main pot
lipesticky collected 74322.00 from side pot-1
*** SUMMARY ***
Total pot 74402.00
Board [2s 5c 5s Td 5h]
Seat 1: HCPOKER folded on the Pre-Flop and did not bet
Seat 2: lipesticky showed [6h 6c] and won 74322.00 with a full house, Fives full of Sixs [5s 5h 5c 6h 6c]
Seat 3: DrunkFckr showed [Ts 8h] and won 80.00 with a full house, Fives full of Tens [5s 5h 5c Ts Td]
Seat 4: Teobaldo (button) folded on the Pre-Flop
Seat 5: tomalamorangos (small blind) showed [Qd Jd] and lost with three of a kind, Set of Fives [5s 5h 5c Qd Jd]
Seat 6: zikurubu (big blind) folded on the Pre-Flop
Seat 7: blackspider1 folded on the Pre-Flop and did not bet
Seat 8: HearMeRoar folded on the Pre-Flop and did not bet

Game Hand #2021239436 - Tournament #31162106 - Holdem (No Limit) - Level 5 (1250.00/2500.00)- 2024/02/08 17:20:21 UTC
Table '38' 8-max Seat #5 is the button
Seat 1: HCPOKER (125882.00)
Seat 2: lipesticky (294778.00)
Seat 3: DrunkFckr (80.00) is sitting out
Seat 4: Teobaldo (100515.00)
Seat 6: zikurubu (320693.00)
Seat 7: blackspider1 (251067.00)
Seat 8: HearMeRoar (109456.00)
HCPOKER posts ante 350.00
lipesticky posts ante 350.00
DrunkFckr posts ante 80.00 and is all-in
Teobaldo posts ante 350.00
zikurubu posts ante 350.00
blackspider1 posts ante 350.00
HearMeRoar posts ante 350.00
zikurubu posts the small blind 1250.00
blackspider1 posts the big blind 2500.00
*** HOLE CARDS ***
Main pot 560.00
Side pot(1) 1620.00
Dealt to lipesticky [Td As]
HearMeRoar folds
HCPOKER folds
lipesticky raises 5250.00 to 5250.00
Teobaldo raises 19000.00 to 19000.00
zikurubu folds
blackspider1 folds
lipesticky calls 13750.00
*** FLOP *** [5d 8s Jd]
Main pot 560.00
Side pot(1) 43370.00
lipesticky checks
Teobaldo bets 10983.00
lipesticky folds
Uncalled bet (10983.00) returned to Teobaldo
*** TURN *** [5d 8s Jd] [Qd]
Main pot 560.00
Side pot(1) 43370.00
*** RIVER *** [5d 8s Jd Qd] [Ah]
Main pot 560.00
Side pot(1) 43370.00
*** SHOW DOWN ***
Main pot 560.00
Side pot(1) 43370.00
DrunkFckr shows [8d Ad] (a flush, Ace high [Ad Qd Jd 8d 5d])
Teobaldo shows [Ts Tc] (a pair of Tens [Ts Tc Ah Qd Jd])
DrunkFckr collected 560.00 from main pot
Teobaldo collected 43370.00 from side pot-1
*** SUMMARY ***
Total pot 43930.00
Board [5d 8s Jd Qd Ah]
Seat 1: HCPOKER folded on the Pre-Flop and did not bet
Seat 2: lipesticky folded on the Flop
Seat 3: DrunkFckr showed [8d Ad] and won 560.00 with a flush, Ace high [Ad Qd Jd 8d 5d]
Seat 4: Teobaldo showed [Ts Tc] and won 43370.00 with a pair of Tens [Ts Tc Ah Qd Jd]
Seat 6: zikurubu (small blind) folded on the Pre-Flop
Seat 7: blackspider1 (big blind) folded on the Pre-Flop
Seat 8: HearMeRoar folded on the Pre-Flop and did not bet

Game Hand #2021240358 - Tournament #31162106 - Holdem (No Limit) - Level 5 (1250.00/2500.00)- 2024/02/08 17:21:21 UTC
Table '38' 8-max Seat #6 is the button
Seat 1: HCPOKER (125532.00)
Seat 2: lipesticky (275428.00)
Seat 3: DrunkFckr (560.00) is sitting out
Seat 4: Teobaldo (124535.00)
Seat 5: Gilbertogyn (100000.00)
Seat 6: zikurubu (319093.00)
Seat 7: blackspider1 (248217.00)
Seat 8: HearMeRoar (109106.00)
HCPOKER posts ante 350.00
lipesticky posts ante 350.00
DrunkFckr posts ante 350.00
Teobaldo posts ante 350.00
Gilbertogyn posts ante 350.00
zikurubu posts ante 350.00
blackspider1 posts ante 350.00
HearMeRoar posts ante 350.00
blackspider1 posts the small blind 1250.00
HearMeRoar posts the big blind 2500.00
*** HOLE CARDS ***
Main pot 2800.00
Dealt to lipesticky [Qs Kd]
HCPOKER folds
lipesticky raises 5000.00 to 5000.00
DrunkFckr folds
Teobaldo calls 5000.00
Gilbertogyn folds
zikurubu folds
blackspider1 raises 23750.00 to 25000.00
HearMeRoar folds
lipesticky folds
Teobaldo folds
Uncalled bet (20000.00) returned to blackspider1
blackspider1 does not show
*** SUMMARY ***
Total pot 20300.00
Seat 1: HCPOKER folded on the Pre-Flop and did not bet
Seat 2: lipesticky folded on the Pre-Flop and did not bet
Seat 3: DrunkFckr folded on the Pre-Flop and did not bet
Seat 4: Teobaldo folded on the Pre-Flop and did not bet
Seat 5: Gilbertogyn folded on the Pre-Flop and did not bet
Seat 6: zikurubu (button) folded on the Pre-Flop
Seat 7: blackspider1 did not show and won 20300.00
Seat 8: HearMeRoar (big blind) folded on the Pre-Flop

Game Hand #2021241232 - Tournament #31162106 - Holdem (No Limit) - Level 5 (1250.00/2500.00)- 2024/02/08 17:22:18 UTC
Table '38' 8-max Seat #7 is the button
Seat 1: HCPOKER (125182.00)
Seat 2: lipesticky (270078.00)
Seat 3: DrunkFckr (210.00) is sitting out
Seat 4: Teobaldo (119185.00)
Seat 5: Gilbertogyn (99650.00)
Seat 6: zikurubu (318743.00)
Seat 7: blackspider1 (263167.00)
Seat 8: HearMeRoar (106256.00)
HCPOKER posts ante 350.00
lipesticky posts ante 350.00
DrunkFckr posts ante 210.00 and is all-in
Teobaldo posts ante 350.00
Gilbertogyn posts ante 350.00
zikurubu posts ante 350.00
blackspider1 posts ante 350.00
HearMeRoar posts ante 350.00
HearMeRoar posts the small blind 1250.00
HCPOKER posts the big blind 2500.00
*** HOLE CARDS ***
Main pot 1680.00
Side pot(1) 980.00
Dealt to lipesticky [Ts 6c]
lipesticky folds
Teobaldo folds
Gilbertogyn raises 5000.00 to 5000.00
zikurubu folds
blackspider1 folds
HearMeRoar folds
HCPOKER calls 2500.00
*** FLOP *** [4c Tc 8d]
Main pot 1680.00
Side pot(1) 12230.00
HCPOKER checks
Gilbertogyn bets 10433.00
HCPOKER calls 10433.00
*** TURN *** [4c Tc 8d] [Jd]
Main pot 1680.00
Side pot(1) 33096.00
HCPOKER checks
Gilbertogyn checks
*** RIVER *** [4c Tc 8d Jd] [Jh]
Main pot 1680.00
Side pot(1) 33096.00
HCPOKER bets 109399.00 and is all-in
Gilbertogyn folds
Uncalled bet (109399.00) returned to HCPOKER
*** SHOW DOWN ***
Main pot 1680.00
Side pot(1) 33096.00
HCPOKER shows [Js 8s] (a full house, Jacks full of Eights [Js Jh Jd 8s 8d])
DrunkFckr shows [3s 4h] (two pair, Jacks and Fours [Jh Jd 4h 4c Tc])
HCPOKER collected 1680.00 from main pot
HCPOKER collected 33096.00 from side pot-1
*** SUMMARY ***
Total pot 34776.00
Board [4c Tc 8d Jd Jh]
Seat 1: HCPOKER (big blind) showed [Js 8s] and won 34776.00 with a full house, Jacks full of Eights [Js Jh Jd 8s 8d]
Seat 2: lipesticky folded on the Pre-Flop and did not bet
Seat 3: DrunkFckr showed [3s 4h] and lost with two pair, Jacks and Fours [Jh Jd 4h 4c Tc]
Seat 4: Teobaldo folded on the Pre-Flop and did not bet
Seat 5: Gilbertogyn folded on the River
Seat 6: zikurubu folded on the Pre-Flop and did not bet
Seat 7: blackspider1 (button) folded on the Pre-Flop
Seat 8: HearMeRoar (small blind) folded on the Pre-Flop

Game Hand #2021242737 - Tournament #31162106 - Holdem (No Limit) - Level 6 (1500.00/3000.00)- 2024/02/08 17:23:57 UTC
Table '38' 8-max Seat #8 is the button
Seat 1: HCPOKER (144175.00)
Seat 2: lipesticky (269728.00)
Seat 4: Teobaldo (118835.00)
Seat 5: Gilbertogyn (83867.00)
Seat 6: zikurubu (318393.00)
Seat 7: blackspider1 (262817.00)
Seat 8: HearMeRoar (104656.00)
HCPOKER posts ante 450.00
lipesticky posts ante 450.00
Teobaldo posts ante 450.00
Gilbertogyn posts ante 450.00
zikurubu posts ante 450.00
blackspider1 posts ante 450.00
HearMeRoar posts ante 450.00
HCPOKER posts the small blind 1500.00
lipesticky posts the big blind 3000.00
*** HOLE CARDS ***
Main pot 3150.00
Dealt to lipesticky [6s 8d]
Teobaldo folds
Gilbertogyn folds
zikurubu folds
blackspider1 raises 6000.00 to 6000.00
HearMeRoar calls 6000.00
HCPOKER folds
lipesticky calls 3000.00
*** FLOP *** [Jd Qh 6h]
Main pot 22650.00
lipesticky checks
blackspider1 checks
HearMeRoar checks
*** TURN *** [Jd Qh 6h] [8c]
Main pot 22650.00
lipesticky checks
blackspider1 checks
HearMeRoar checks
*** RIVER *** [Jd Qh 6h 8c] [Td]
Main pot 22650.00
lipesticky bets 7475.00
blackspider1 calls 7475.00
HearMeRoar folds
*** SHOW DOWN ***
Main pot 37600.00
lipesticky shows [6s 8d] (two pair, Eights and Sixs [8d 8c 6s 6h Qh])
blackspider1 shows [9d 9c] (a straight, Queen high [Qh Jd Td 9d 8c])
blackspider1 collected 37600.00 from main pot
*** SUMMARY ***
Total pot 37600.00
Board [Jd Qh 6h 8c Td]
Seat 1: HCPOKER (small blind) folded on the Pre-Flop
Seat 2: lipesticky (big blind) showed [6s 8d] and lost with two pair, Eights and Sixs [8d 8c 6s 6h Qh]
Seat 4: Teobaldo folded on the Pre-Flop and did not bet
Seat 5: Gilbertogyn folded on the Pre-Flop and did not bet
Seat 6: zikurubu folded on the Pre-Flop and did not bet
Seat 7: blackspider1 showed [9d 9c] and won 37600.00 with a straight, Queen high [Qh Jd Td 9d 8c]
Seat 8: HearMeRoar (button) folded on the River

Game Hand #2021244528 - Tournament #31162106 - Holdem (No Limit) - Level 6 (1500.00/3000.00)- 2024/02/08 17:25:55 UTC
Table '38' 8-max Seat #1 is the button
Seat 1: HCPOKER (142225.00)
Seat 2: lipesticky (255803.00)
Seat 3: Werd711 (127168.00)
Seat 4: Teobaldo (118385.00)
Seat 5: Gilbertogyn (83417.00)
Seat 6: zikurubu (317943.00)
Seat 7: blackspider1 (286492.00)
Seat 8: HearMeRoar (98206.00)
HCPOKER posts ante 450.00
lipesticky posts ante 450.00
Werd711 posts ante 450.00
Teobaldo posts ante 450.00
Gilbertogyn posts ante 450.00
zikurubu posts ante 450.00
blackspider1 posts ante 450.00
HearMeRoar posts ante 450.00
lipesticky posts the small blind 1500.00
Werd711 posts the big blind 3000.00
*** HOLE CARDS ***
Main pot 3600.00
Dealt to lipesticky [7c Ac]
Teobaldo raises 6000.00 to 6000.00
Gilbertogyn folds
zikurubu folds
blackspider1 calls 6000.00
HearMeRoar raises 97756.00 to 97756.00 and is all-in
HCPOKER folds
lipesticky folds
Werd711 folds
Teobaldo raises 111935.00 to 117935.00 and is all-in
blackspider1 folds
Uncalled bet (20179.00) returned to Teobaldo
*** FLOP *** [9s 3s Qs]
Main pot 209612.00
*** TURN *** [9s 3s Qs] [6h]
Main pot 209612.00
*** RIVER *** [9s 3s Qs 6h] [Jh]
Main pot 209612.00
*** SHOW DOWN ***
Main pot 209612.00
Teobaldo shows [Ad Kh] (a high card, Ace high [Ad Kh Qs Jh 9s])
HearMeRoar shows [Qc As] (a pair of Queens [Qs Qc As Jh 9s])
HearMeRoar collected 209612.00 from main pot
*** SUMMARY ***
Total pot 209612.00
Board [9s 3s Qs 6h Jh]
Seat 1: HCPOKER (button) folded on the Pre-Flop
Seat 2: lipesticky (small blind) folded on the Pre-Flop
Seat 3: Werd711 (big blind) folded on the Pre-Flop
Seat 4: Teobaldo showed [Ad Kh] and lost with a high card, Ace high [Ad Kh Qs Jh 9s]
Seat 5: Gilbertogyn folded on the Pre-Flop and did not bet
Seat 6: zikurubu folded on the Pre-Flop and did not bet
Seat 7: blackspider1 folded on the Pre-Flop and did not bet
Seat 8: HearMeRoar showed [Qc As] and won 209612.00 with a pair of Queens [Qs Qc As Jh 9s]

Game Hand #2021245459 - Tournament #31162106 - Holdem (No Limit) - Level 6 (1500.00/3000.00)- 2024/02/08 17:26:53 UTC
Table '38' 8-max Seat #2 is the button
Seat 1: HCPOKER (141775.00)
Seat 2: lipesticky (253853.00)
Seat 3: Werd711 (123718.00)
Seat 4: Teobaldo (20179.00)
Seat 5: Gilbertogyn (82967.00)
Seat 6: zikurubu (317493.00)
Seat 7: blackspider1 (280042.00)
Seat 8: HearMeRoar (209612.00)
HCPOKER posts ante 450.00
lipesticky posts ante 450.00
Werd711 posts ante 450.00
Teobaldo posts ante 450.00
Gilbertogyn posts ante 450.00
zikurubu posts ante 450.00
blackspider1 posts ante 450.00
HearMeRoar posts ante 450.00
Werd711 posts the small blind 1500.00
Teobaldo posts the big blind 3000.00
*** HOLE CARDS ***
Main pot 3600.00
Dealt to lipesticky [Ac 9s]
Gilbertogyn folds
zikurubu raises 6000.00 to 6000.00
blackspider1 folds
HearMeRoar folds
HCPOKER calls 6000.00
lipesticky calls 6000.00
Werd711 calls 4500.00
Teobaldo raises 6000.00 to 9000.00
zikurubu calls 3000.00
HCPOKER folds
lipesticky calls 3000.00
Werd711 calls 3000.00
*** FLOP *** [5d 3s 8s]
Main pot 45600.00
Werd711 checks
Teobaldo checks
zikurubu bets 11400.00
lipesticky folds
Werd711 folds
Teobaldo folds
Uncalled bet (11400.00) returned to zikurubu
zikurubu shows [8c -]
*** SUMMARY ***
Total pot 45600.00
Board [5d 3s 8s]
Seat 1: HCPOKER folded on the Pre-Flop and did not bet
Seat 2: lipesticky (button) folded on the Flop
Seat 3: Werd711 (small blind) folded on the Flop
Seat 4: Teobaldo (big blind) folded on the Flop
Seat 5: Gilbertogyn folded on the Pre-Flop and did not bet
Seat 6: zikurubu showed [8c -] and won 45600.00
Seat 7: blackspider1 folded on the Pre-Flop and did not bet
Seat 8: HearMeRoar folded on the Pre-Flop and did not bet

Game Hand #2021246886 - Tournament #31162106 - Holdem (No Limit) - Level 6 (1500.00/3000.00)- 2024/02/08 17:28:23 UTC
Table '38' 8-max Seat #3 is the button
Seat 1: HCPOKER (135325.00)
Seat 2: lipesticky (244403.00)
Seat 3: Werd711 (114268.00)
Seat 4: Teobaldo (10729.00)
Seat 5: Gilbertogyn (82517.00)
Seat 6: zikurubu (353643.00)
Seat 7: blackspider1 (279592.00)
Seat 8: HearMeRoar (209162.00)
HCPOKER posts ante 450.00
lipesticky posts ante 450.00
Werd711 posts ante 450.00
Teobaldo posts ante 450.00
Gilbertogyn posts ante 450.00
zikurubu posts ante 450.00
blackspider1 posts ante 450.00
HearMeRoar posts ante 450.00
Teobaldo posts the small blind 1500.00
Gilbertogyn posts the big blind 3000.00
*** HOLE CARDS ***
Main pot 3600.00
Dealt to lipesticky [5h 3d]
zikurubu folds
blackspider1 folds
HearMeRoar folds
HCPOKER folds
lipesticky folds
Werd711 folds
Teobaldo folds
Gilbertogyn does not show
*** SUMMARY ***
Total pot 8100.00
Seat 1: HCPOKER folded on the Pre-Flop and did not bet
Seat 2: lipesticky folded on the Pre-Flop and did not bet
Seat 3: Werd711 (button) folded on the Pre-Flop
Seat 4: Teobaldo (small blind) folded on the Pre-Flop
Seat 5: Gilbertogyn did not show and won 8100.00
Seat 6: zikurubu folded on the Pre-Flop and did not bet
Seat 7: blackspider1 folded on the Pre-Flop and did not bet
Seat 8: HearMeRoar folded on the Pre-Flop and did not bet

Game Hand #2021247327 - Tournament #31162106 - Holdem (No Limit) - Level 6 (1500.00/3000.00)- 2024/02/08 17:28:51 UTC
Table '38' 8-max Seat #4 is the button
Seat 1: HCPOKER (134875.00)
Seat 2: lipesticky (243953.00)
Seat 3: Werd711 (113818.00)
Seat 4: Teobaldo (8779.00)
Seat 5: Gilbertogyn (87167.00)
Seat 6: zikurubu (353193.00)
Seat 7: blackspider1 (279142.00)
Seat 8: HearMeRoar (208712.00)
HCPOKER posts ante 450.00
lipesticky posts ante 450.00
Werd711 posts ante 450.00
Teobaldo posts ante 450.00
Gilbertogyn posts ante 450.00
zikurubu posts ante 450.00
blackspider1 posts ante 450.00
HearMeRoar posts ante 450.00
Gilbertogyn posts the small blind 1500.00
zikurubu posts the big blind 3000.00
*** HOLE CARDS ***
Main pot 3600.00
Dealt to lipesticky [Qd Js]
blackspider1 raises 6000.00 to 6000.00
HearMeRoar folds
HCPOKER folds
lipesticky folds
Werd711 folds
Teobaldo folds
Gilbertogyn folds
zikurubu calls 3000.00
*** FLOP *** [2c 2d Tc]
Main pot 17100.00
zikurubu checks
blackspider1 bets 5643.00
zikurubu folds
Uncalled bet (5643.00) returned to blackspider1
blackspider1 does not show
*** SUMMARY ***
Total pot 17100.00
Board [2c 2d Tc]
Seat 1: HCPOKER folded on the Pre-Flop and did not bet
Seat 2: lipesticky folded on the Pre-Flop and did not bet
Seat 3: Werd711 folded on the Pre-Flop and did not bet
Seat 4: Teobaldo (button) folded on the Pre-Flop
Seat 5: Gilbertogyn (small blind) folded on the Pre-Flop
Seat 6: zikurubu (big blind) folded on the Flop
Seat 7: blackspider1 did not show and won 17100.00
Seat 8: HearMeRoar folded on the Pre-Flop and did not bet

Game Hand #2021248023 - Tournament #31162106 - Holdem (No Limit) - Level 6 (1500.00/3000.00)- 2024/02/08 17:29:36 UTC
Table '38' 8-max Seat #5 is the button
Seat 1: HCPOKER (134425.00)
Seat 2: lipesticky (243503.00)
Seat 3: Werd711 (113368.00)
Seat 4: Teobaldo (8329.00)
Seat 5: Gilbertogyn (85217.00)
Seat 6: zikurubu (346743.00)
Seat 7: blackspider1 (289792.00)
Seat 8: HearMeRoar (208262.00)
HCPOKER posts ante 450.00
lipesticky posts ante 450.00
Werd711 posts ante 450.00
Teobaldo posts ante 450.00
Gilbertogyn posts ante 450.00
zikurubu posts ante 450.00
blackspider1 posts ante 450.00
HearMeRoar posts ante 450.00
zikurubu posts the small blind 1500.00
blackspider1 posts the big blind 3000.00
*** HOLE CARDS ***
Main pot 3600.00
Dealt to lipesticky [9h As]
HearMeRoar folds
HCPOKER folds
lipesticky calls 3000.00
Werd711 folds
Teobaldo calls 3000.00
Gilbertogyn calls 3000.00
zikurubu calls 1500.00
blackspider1 checks
*** FLOP *** [Ts 7c 8c]
Main pot 18600.00
zikurubu checks
blackspider1 checks
lipesticky checks
Teobaldo checks
Gilbertogyn checks
*** TURN *** [Ts 7c 8c] [Kd]
Main pot 18600.00
zikurubu checks
blackspider1 checks
lipesticky bets 6138.00
Teobaldo folds
Gilbertogyn calls 6138.00
zikurubu folds
blackspider1 folds
*** RIVER *** [Ts 7c 8c Kd] [Qs]
Main pot 30876.00
lipesticky checks
Gilbertogyn checks
*** SHOW DOWN ***
Main pot 30876.00
lipesticky shows [9h As] (a high card, Ace high [As Kd Qs Ts 9h])
Gilbertogyn shows [Kc 5d] (a pair of Kings [Kd Kc Qs Ts 8c])
Gilbertogyn collected 30876.00 from main pot
*** SUMMARY ***
Total pot 30876.00
Board [Ts 7c 8c Kd Qs]
Seat 1: HCPOKER folded on the Pre-Flop and did not bet
Seat 2: lipesticky showed [9h As] and lost with a high card, Ace high [As Kd Qs Ts 9h]
Seat 3: Werd711 folded on the Pre-Flop and did not bet
Seat 4: Teobaldo folded on the Turn
Seat 5: Gilbertogyn (button) showed [Kc 5d] and won 30876.00 with a pair of Kings [Kd Kc Qs Ts 8c]
Seat 6: zikurubu (small blind) folded on the Turn
Seat 7: blackspider1 (big blind) folded on the Turn
Seat 8: HearMeRoar folded on the Pre-Flop and did not bet

Game Hand #2021250512 - Tournament #31162106 - Holdem (No Limit) - Level 6 (1500.00/3000.00)- 2024/02/08 17:32:05 UTC
Table '38' 8-max Seat #6 is the button
Seat 1: HCPOKER (133975.00)
Seat 2: lipesticky (233915.00)
Seat 3: Werd711 (112918.00)
Seat 4: Teobaldo (4879.00)
Seat 5: Gilbertogyn (106505.00)
Seat 6: zikurubu (343293.00)
Seat 7: blackspider1 (286342.00)
Seat 8: HearMeRoar (207812.00)
HCPOKER posts ante 450.00
lipesticky posts ante 450.00
Werd711 posts ante 450.00
Teobaldo posts ante 450.00
Gilbertogyn posts ante 450.00
zikurubu posts ante 450.00
blackspider1 posts ante 450.00
HearMeRoar posts ante 450.00
blackspider1 posts the small blind 1500.00
HearMeRoar posts the big blind 3000.00
*** HOLE CARDS ***
Main pot 3600.00
Dealt to lipesticky [Qc Ad]
HCPOKER folds
lipesticky raises 6300.00 to 6300.00
Werd711 folds
Teobaldo folds
Gilbertogyn raises 21000.00 to 21000.00
zikurubu folds
blackspider1 folds
HearMeRoar folds
lipesticky calls 14700.00
*** FLOP *** [9s 8s Ts]
Main pot 50100.00
lipesticky checks
Gilbertogyn checks
*** TURN *** [9s 8s Ts] [Qs]
Main pot 50100.00
lipesticky checks
Gilbertogyn bets 25050.00
lipesticky calls 25050.00
*** RIVER *** [9s 8s Ts Qs] [7c]
Main pot 100200.00
lipesticky checks
Gilbertogyn bets 60005.00 and is all-in
lipesticky calls 60005.00
*** SHOW DOWN ***
Main pot 220210.00
lipesticky shows [Qc Ad] (a pair of Queens [Qs Qc Ad Ts 9s])
Gilbertogyn shows [Ah Ks] (a flush, King high [Ks Qs Ts 9s 8s])
Gilbertogyn collected 220210.00 from main pot
*** SUMMARY ***
Total pot 220210.00
Board [9s 8s Ts Qs 7c]
Seat 1: HCPOKER folded on the Pre-Flop and did not bet
Seat 2: lipesticky showed [Qc Ad] and lost with a pair of Queens [Qs Qc Ad Ts 9s]
Seat 3: Werd711 folded on the Pre-Flop and did not bet
Seat 4: Teobaldo folded on the Pre-Flop and did not bet
Seat 5: Gilbertogyn showed [Ah Ks] and won 220210.00 with a flush, King high [Ks Qs Ts 9s 8s]
Seat 6: zikurubu (button) folded on the Pre-Flop
Seat 7: blackspider1 (small blind) folded on the Pre-Flop
Seat 8: HearMeRoar (big blind) folded on the Pre-Flop

Game Hand #2021252749 - Tournament #31162106 - Holdem (No Limit) - Level 6 (1500.00/3000.00)- 2024/02/08 17:34:22 UTC
Table '38' 8-max Seat #7 is the button
Seat 1: HCPOKER (133525.00)
Seat 2: lipesticky (127410.00)
Seat 3: Werd711 (112468.00)
Seat 4: Teobaldo (4429.00)
Seat 5: Gilbertogyn (220210.00)
Seat 6: zikurubu (342843.00)
Seat 7: blackspider1 (284392.00)
Seat 8: HearMeRoar (204362.00)
HCPOKER posts ante 450.00
lipesticky posts ante 450.00
Werd711 posts ante 450.00
Teobaldo posts ante 450.00
Gilbertogyn posts ante 450.00
zikurubu posts ante 450.00
blackspider1 posts ante 450.00
HearMeRoar posts ante 450.00
HearMeRoar posts the small blind 1500.00
HCPOKER posts the big blind 3000.00
*** HOLE CARDS ***
Main pot 3600.00
Dealt to lipesticky [2s 8c]
lipesticky folds
Werd711 folds
Teobaldo raises 3979.00 to 3979.00 and is all-in
Gilbertogyn raises 20037.00 to 20037.00
zikurubu folds
blackspider1 folds
HearMeRoar raises 202412.00 to 203912.00 and is all-in
HCPOKER folds
Gilbertogyn folds
Uncalled bet (215991.00) returned to HearMeRoar
*** FLOP *** [Ah Jc 5d]
Main pot 18537.00
*** TURN *** [Ah Jc 5d] [Ks]
Main pot 18537.00
*** RIVER *** [Ah Jc 5d Ks] [8s]
Main pot 18537.00
*** SHOW DOWN ***
Main pot 18537.00
Teobaldo shows [Kc 5h] (two pair, Kings and Fives [Ks Kc 5h 5d Ah])
HearMeRoar shows [Qd As] (a pair of Aces [As Ah Ks Qd Jc])
Teobaldo collected 18537.00 from main pot
*** SUMMARY ***
Total pot 34595.00
Board [Ah Jc 5d Ks 8s]
Seat 1: HCPOKER (big blind) folded on the Pre-Flop
Seat 2: lipesticky folded on the Pre-Flop and did not bet
Seat 3: Werd711 folded on the Pre-Flop and did not bet
Seat 4: Teobaldo showed [Kc 5h] and won 18537.00 with two pair, Kings and Fives [Ks Kc 5h 5d Ah]
Seat 5: Gilbertogyn folded on the Pre-Flop and did not bet
Seat 6: zikurubu folded on the Pre-Flop and did not bet
Seat 7: blackspider1 (button) folded on the Pre-Flop
Seat 8: HearMeRoar (small blind) showed [Qd As] and won 16058.00 with a pair of Aces [As Ah Ks Qd Jc]

Game Hand #2021253549 - Tournament #31162106 - Holdem (No Limit) - Level 7 (1750.00/3500.00)- 2024/02/08 17:35:12 UTC
Table '38' 8-max Seat #8 is the button
Seat 1: HCPOKER (130075.00)
Seat 2: lipesticky (126960.00)
Seat 3: Werd711 (112018.00)
Seat 4: Teobaldo (18537.00)
Seat 5: Gilbertogyn (199723.00)
Seat 6: zikurubu (342393.00)
Seat 7: blackspider1 (283942.00)
Seat 8: HearMeRoar (215991.00)
HCPOKER posts ante 500.00
lipesticky posts ante 500.00
Werd711 posts ante 500.00
Teobaldo posts ante 500.00
Gilbertogyn posts ante 500.00
zikurubu posts ante 500.00
blackspider1 posts ante 500.00
HearMeRoar posts ante 500.00
HCPOKER posts the small blind 1750.00
lipesticky posts the big blind 3500.00
*** HOLE CARDS ***
Main pot 4000.00
Dealt to lipesticky [8d 2s]
Werd711 folds
Teobaldo folds
Gilbertogyn folds
zikurubu raises 7000.00 to 7000.00
blackspider1 folds
HearMeRoar folds
HCPOKER folds
lipesticky folds
Uncalled bet (3500.00) returned to zikurubu
zikurubu does not show
*** SUMMARY ***
Total pot 12750.00
Seat 1: HCPOKER (small blind) folded on the Pre-Flop
Seat 2: lipesticky (big blind) folded on the Pre-Flop
Seat 3: Werd711 folded on the Pre-Flop and did not bet
Seat 4: Teobaldo folded on the Pre-Flop and did not bet
Seat 5: Gilbertogyn folded on the Pre-Flop and did not bet
Seat 6: zikurubu did not show and won 12750.00
Seat 7: blackspider1 folded on the Pre-Flop and did not bet
Seat 8: HearMeRoar (button) folded on the Pre-Flop

Game Hand #2021253973 - Tournament #31162106 - Holdem (No Limit) - Level 7 (1750.00/3500.00)- 2024/02/08 17:35:37 UTC
Table '38' 8-max Seat #1 is the button
Seat 1: HCPOKER (127825.00)
Seat 2: lipesticky (122960.00)
Seat 3: Werd711 (111518.00)
Seat 4: Teobaldo (18037.00)
Seat 5: Gilbertogyn (199223.00)
Seat 6: zikurubu (351143.00)
Seat 7: blackspider1 (283442.00)
Seat 8: HearMeRoar (215491.00)
HCPOKER posts ante 500.00
lipesticky posts ante 500.00
Werd711 posts ante 500.00
Teobaldo posts ante 500.00
Gilbertogyn posts ante 500.00
zikurubu posts ante 500.00
blackspider1 posts ante 500.00
HearMeRoar posts ante 500.00
lipesticky posts the small blind 1750.00
Werd711 posts the big blind 3500.00
*** HOLE CARDS ***
Main pot 4000.00
Dealt to lipesticky [2h 3c]
Teobaldo raises 17537.00 to 17537.00 and is all-in
Gilbertogyn raises 31574.00 to 31574.00
zikurubu folds
blackspider1 folds
HearMeRoar folds
HCPOKER folds
lipesticky folds
Werd711 folds
Uncalled bet (14037.00) returned to Gilbertogyn
*** FLOP *** [5h 3d 3s]
Main pot 44324.00
*** TURN *** [5h 3d 3s] [8s]
Main pot 44324.00
*** RIVER *** [5h 3d 3s 8s] [8c]
Main pot 44324.00
*** SHOW DOWN ***
Main pot 44324.00
Teobaldo shows [Ks Ac] (two pair, Eights and Threes [8s 8c 3s 3d Ac])
Gilbertogyn shows [6d 6c] (two pair, Eights and Sixs [8s 8c 6d 6c 5h])
Gilbertogyn collected 44324.00 from main pot
*** SUMMARY ***
Total pot 44324.00
Board [5h 3d 3s 8s 8c]
Seat 1: HCPOKER (button) folded on the Pre-Flop
Seat 2: lipesticky (small blind) folded on the Pre-Flop
Seat 3: Werd711 (big blind) folded on the Pre-Flop
Seat 4: Teobaldo showed [Ks Ac] and lost with two pair, Eights and Threes [8s 8c 3s 3d Ac]
Seat 5: Gilbertogyn showed [6d 6c] and won 44324.00 with two pair, Eights and Sixs [8s 8c 6d 6c 5h]
Seat 6: zikurubu folded on the Pre-Flop and did not bet
Seat 7: blackspider1 folded on the Pre-Flop and did not bet
Seat 8: HearMeRoar folded on the Pre-Flop and did not bet

Game Hand #2021254498 - Tournament #31162106 - Holdem (No Limit) - Level 7 (1750.00/3500.00)- 2024/02/08 17:36:08 UTC
Table '38' 8-max Seat #2 is the button
Seat 1: HCPOKER (127325.00)
Seat 2: lipesticky (120710.00)
Seat 3: Werd711 (107518.00)
Seat 4: lazylogic (100000.00)
Seat 5: Gilbertogyn (225510.00)
Seat 6: zikurubu (350643.00)
Seat 7: blackspider1 (282942.00)
Seat 8: HearMeRoar (214991.00)
HCPOKER posts ante 500.00
lipesticky posts ante 500.00
Werd711 posts ante 500.00
lazylogic posts ante 500.00
Gilbertogyn posts ante 500.00
zikurubu posts ante 500.00
blackspider1 posts ante 500.00
HearMeRoar posts ante 500.00
Werd711 posts the small blind 1750.00
lazylogic posts the big blind 3500.00
*** HOLE CARDS ***
Main pot 4000.00
Dealt to lipesticky [4s 5s]
Gilbertogyn folds
zikurubu folds
blackspider1 folds
HearMeRoar folds
HCPOKER raises 7000.00 to 7000.00
lipesticky calls 7000.00
Werd711 folds
lazylogic folds
*** FLOP *** [7d As 8c]
Main pot 23250.00
HCPOKER checks
lipesticky checks
*** TURN *** [7d As 8c] [Jc]
Main pot 23250.00
HCPOKER bets 28538.00
lipesticky folds
Uncalled bet (28538.00) returned to HCPOKER
HCPOKER does not show
*** SUMMARY ***
Total pot 23250.00
Board [7d As 8c Jc]
Seat 1: HCPOKER did not show and won 23250.00
Seat 2: lipesticky (button) folded on the Turn
Seat 3: Werd711 (small blind) folded on the Pre-Flop
Seat 4: lazylogic (big blind) folded on the Pre-Flop
Seat 5: Gilbertogyn folded on the Pre-Flop and did not bet
Seat 6: zikurubu folded on the Pre-Flop and did not bet
Seat 7: blackspider1 folded on the Pre-Flop and did not bet
Seat 8: HearMeRoar folded on the Pre-Flop and did not bet

Game Hand #2021255992 - Tournament #31162106 - Holdem (No Limit) - Level 7 (1750.00/3500.00)- 2024/02/08 17:37:40 UTC
Table '38' 8-max Seat #3 is the button
Seat 1: HCPOKER (143075.00)
Seat 2: lipesticky (113210.00)
Seat 3: Werd711 (105268.00)
Seat 4: lazylogic (96000.00)
Seat 5: Gilbertogyn (225010.00)
Seat 6: zikurubu (350143.00)
Seat 7: blackspider1 (282442.00)
Seat 8: HearMeRoar (214491.00)
HCPOKER posts ante 500.00
lipesticky posts ante 500.00
Werd711 posts ante 500.00
lazylogic posts ante 500.00
Gilbertogyn posts ante 500.00
zikurubu posts ante 500.00
blackspider1 posts ante 500.00
HearMeRoar posts ante 500.00
lazylogic posts the small blind 1750.00
Gilbertogyn posts the big blind 3500.00
*** HOLE CARDS ***
Main pot 4000.00
Dealt to lipesticky [Kh Ah]
zikurubu raises 7000.00 to 7000.00
blackspider1 folds
HearMeRoar folds
HCPOKER calls 7000.00
lipesticky folds
Werd711 folds
lazylogic folds
Gilbertogyn calls 3500.00
*** FLOP *** [8h 2h 3d]
Main pot 26750.00
Gilbertogyn checks
zikurubu checks
HCPOKER bets 7000.00
Gilbertogyn folds
zikurubu calls 7000.00
*** TURN *** [8h 2h 3d] [4h]
Main pot 40750.00
zikurubu checks
HCPOKER bets 29340.00
zikurubu folds
Uncalled bet (29340.00) returned to HCPOKER
HCPOKER does not show
*** SUMMARY ***
Total pot 40750.00
Board [8h 2h 3d 4h]
Seat 1: HCPOKER did not show and won 40750.00
Seat 2: lipesticky folded on the Pre-Flop and did not bet
Seat 3: Werd711 (button) folded on the Pre-Flop
Seat 4: lazylogic (small blind) folded on the Pre-Flop
Seat 5: Gilbertogyn (big blind) folded on the Flop
Seat 6: zikurubu folded on the Turn
Seat 7: blackspider1 folded on the Pre-Flop and did not bet
Seat 8: HearMeRoar folded on the Pre-Flop and did not bet

Game Hand #2021257166 - Tournament #31162106 - Holdem (No Limit) - Level 7 (1750.00/3500.00)- 2024/02/08 17:38:50 UTC
Table '38' 8-max Seat #4 is the button
Seat 1: HCPOKER (169325.00)
Seat 2: lipesticky (112710.00)
Seat 3: Werd711 (104768.00)
Seat 4: lazylogic (93750.00)
Seat 5: Gilbertogyn (217510.00)
Seat 6: zikurubu (335643.00)
Seat 7: blackspider1 (281942.00)
Seat 8: HearMeRoar (213991.00)
HCPOKER posts ante 500.00
lipesticky posts ante 500.00
Werd711 posts ante 500.00
lazylogic posts ante 500.00
Gilbertogyn posts ante 500.00
zikurubu posts ante 500.00
blackspider1 posts ante 500.00
HearMeRoar posts ante 500.00
Gilbertogyn posts the small blind 1750.00
zikurubu posts the big blind 3500.00
*** HOLE CARDS ***
Main pot 4000.00
Dealt to lipesticky [4d 4c]
blackspider1 raises 7000.00 to 7000.00
HearMeRoar raises 21000.00 to 21000.00
HCPOKER folds
lipesticky folds
Werd711 folds
lazylogic folds
Gilbertogyn folds
zikurubu folds
blackspider1 folds
Uncalled bet (14000.00) returned to HearMeRoar
HearMeRoar does not show
*** SUMMARY ***
Total pot 23250.00
Seat 1: HCPOKER folded on the Pre-Flop and did not bet
Seat 2: lipesticky folded on the Pre-Flop and did not bet
Seat 3: Werd711 folded on the Pre-Flop and did not bet
Seat 4: lazylogic (button) folded on the Pre-Flop
Seat 5: Gilbertogyn (small blind) folded on the Pre-Flop
Seat 6: zikurubu (big blind) folded on the Pre-Flop
Seat 7: blackspider1 folded on the Pre-Flop and did not bet
Seat 8: HearMeRoar did not show and won 23250.00

Game Hand #2021257750 - Tournament #31162106 - Holdem (No Limit) - Level 7 (1750.00/3500.00)- 2024/02/08 17:39:24 UTC
Table '38' 8-max Seat #5 is the button
Seat 1: HCPOKER (168825.00)
Seat 2: lipesticky (112210.00)
Seat 3: Werd711 (104268.00)
Seat 4: lazylogic (93250.00)
Seat 5: Gilbertogyn (215260.00)
Seat 6: zikurubu (331643.00)
Seat 7: blackspider1 (274442.00)
Seat 8: HearMeRoar (229741.00)
HCPOKER posts ante 500.00
lipesticky posts ante 500.00
Werd711 posts ante 500.00
lazylogic posts ante 500.00
Gilbertogyn posts ante 500.00
zikurubu posts ante 500.00
blackspider1 posts ante 500.00
HearMeRoar posts ante 500.00
zikurubu posts the small blind 1750.00
blackspider1 posts the big blind 3500.00
*** HOLE CARDS ***
Main pot 4000.00
Dealt to lipesticky [3h 3d]
HearMeRoar folds
HCPOKER raises 7000.00 to 7000.00
lipesticky folds
Werd711 folds
lazylogic folds
Gilbertogyn folds
zikurubu folds
blackspider1 folds
Uncalled bet (3500.00) returned to HCPOKER
HCPOKER does not show
*** SUMMARY ***
Total pot 12750.00
Seat 1: HCPOKER did not show and won 12750.00
Seat 2: lipesticky folded on the Pre-Flop and did not bet
Seat 3: Werd711 folded on the Pre-Flop and did not bet
Seat 4: lazylogic folded on the Pre-Flop and did not bet
Seat 5: Gilbertogyn (button) folded on the Pre-Flop
Seat 6: zikurubu (small blind) folded on the Pre-Flop
Seat 7: blackspider1 (big blind) folded on the Pre-Flop
Seat 8: HearMeRoar folded on the Pre-Flop and did not bet

Game Hand #2021258217 - Tournament #31162106 - Holdem (No Limit) - Level 7 (1750.00/3500.00)- 2024/02/08 17:39:52 UTC
Table '38' 8-max Seat #6 is the button
Seat 1: HCPOKER (177575.00)
Seat 2: lipesticky (111710.00)
Seat 3: Werd711 (103768.00)
Seat 4: lazylogic (92750.00)
Seat 5: Gilbertogyn (214760.00)
Seat 6: zikurubu (329393.00)
Seat 7: blackspider1 (270442.00)
Seat 8: HearMeRoar (229241.00)
HCPOKER posts ante 500.00
lipesticky posts ante 500.00
Werd711 posts ante 500.00
lazylogic posts ante 500.00
Gilbertogyn posts ante 500.00
zikurubu posts ante 500.00
blackspider1 posts ante 500.00
HearMeRoar posts ante 500.00
blackspider1 posts the small blind 1750.00
HearMeRoar posts the big blind 3500.00
*** HOLE CARDS ***
Main pot 4000.00
Dealt to lipesticky [5d 7d]
HCPOKER folds
lipesticky folds
Werd711 folds
lazylogic folds
Gilbertogyn folds
zikurubu folds
blackspider1 folds
HearMeRoar does not show
*** SUMMARY ***
Total pot 9250.00
Seat 1: HCPOKER folded on the Pre-Flop and did not bet
Seat 2: lipesticky folded on the Pre-Flop and did not bet
Seat 3: Werd711 folded on the Pre-Flop and did not bet
Seat 4: lazylogic folded on the Pre-Flop and did not bet
Seat 5: Gilbertogyn folded on the Pre-Flop and did not bet
Seat 6: zikurubu (button) folded on the Pre-Flop
Seat 7: blackspider1 (small blind) folded on the Pre-Flop
Seat 8: HearMeRoar did not show and won 9250.00

Game Hand #2021258685 - Tournament #31162106 - Holdem (No Limit) - Level 7 (1750.00/3500.00)- 2024/02/08 17:40:19 UTC
Table '38' 8-max Seat #7 is the button
Seat 1: HCPOKER (177075.00)
Seat 2: lipesticky (111210.00)
Seat 3: Werd711 (103268.00)
Seat 4: lazylogic (92250.00)
Seat 5: Gilbertogyn (214260.00)
Seat 6: zikurubu (328893.00)
Seat 7: blackspider1 (268192.00)
Seat 8: HearMeRoar (234491.00)
HCPOKER posts ante 500.00
lipesticky posts ante 500.00
Werd711 posts ante 500.00
lazylogic posts ante 500.00
Gilbertogyn posts ante 500.00
zikurubu posts ante 500.00
blackspider1 posts ante 500.00
HearMeRoar posts ante 500.00
HearMeRoar posts the small blind 1750.00
HCPOKER posts the big blind 3500.00
*** HOLE CARDS ***
Main pot 4000.00
Dealt to lipesticky [7c 7s]
lipesticky raises 7000.00 to 7000.00
Werd711 folds
lazylogic folds
Gilbertogyn folds
zikurubu raises 19250.00 to 19250.00
blackspider1 folds
HearMeRoar folds
HCPOKER folds
lipesticky folds
Uncalled bet (12250.00) returned to zikurubu
zikurubu does not show
*** SUMMARY ***
Total pot 23250.00
Seat 1: HCPOKER (big blind) folded on the Pre-Flop
Seat 2: lipesticky folded on the Pre-Flop and did not bet
Seat 3: Werd711 folded on the Pre-Flop and did not bet
Seat 4: lazylogic folded on the Pre-Flop and did not bet
Seat 5: Gilbertogyn folded on the Pre-Flop and did not bet
Seat 6: zikurubu did not show and won 23250.00
Seat 7: blackspider1 (button) folded on the Pre-Flop
Seat 8: HearMeRoar (small blind) folded on the Pre-Flop

Game Hand #2021259551 - Tournament #31162106 - Holdem (No Limit) - Level 7 (1750.00/3500.00)- 2024/02/08 17:41:10 UTC
Table '38' 8-max Seat #8 is the button
Seat 1: HCPOKER (173075.00)
Seat 2: lipesticky (103710.00)
Seat 3: Werd711 (102768.00)
Seat 4: lazylogic (91750.00)
Seat 5: Gilbertogyn (213760.00)
Seat 6: zikurubu (344643.00)
Seat 7: blackspider1 (267692.00)
Seat 8: HearMeRoar (232241.00)
HCPOKER posts ante 500.00
lipesticky posts ante 500.00
Werd711 posts ante 500.00
lazylogic posts ante 500.00
Gilbertogyn posts ante 500.00
zikurubu posts ante 500.00
blackspider1 posts ante 500.00
HearMeRoar posts ante 500.00
HCPOKER posts the small blind 1750.00
lipesticky posts the big blind 3500.00
*** HOLE CARDS ***
Main pot 4000.00
Dealt to lipesticky [Qh Js]
Werd711 folds
lazylogic folds
Gilbertogyn raises 7000.00 to 7000.00
zikurubu folds
blackspider1 folds
HearMeRoar folds
HCPOKER folds
lipesticky folds
Uncalled bet (3500.00) returned to Gilbertogyn
Gilbertogyn does not show
*** SUMMARY ***
Total pot 12750.00
Seat 1: HCPOKER (small blind) folded on the Pre-Flop
Seat 2: lipesticky (big blind) folded on the Pre-Flop
Seat 3: Werd711 folded on the Pre-Flop and did not bet
Seat 4: lazylogic folded on the Pre-Flop and did not bet
Seat 5: Gilbertogyn did not show and won 12750.00
Seat 6: zikurubu folded on the Pre-Flop and did not bet
Seat 7: blackspider1 folded on the Pre-Flop and did not bet
Seat 8: HearMeRoar (button) folded on the Pre-Flop

Game Hand #2021260477 - Tournament #31162106 - Holdem (No Limit) - Level 7 (1750.00/3500.00)- 2024/02/08 17:42:05 UTC
Table '38' 8-max Seat #1 is the button
Seat 1: HCPOKER (170825.00)
Seat 2: lipesticky (99710.00) is sitting out
Seat 3: Werd711 (102268.00)
Seat 4: lazylogic (91250.00)
Seat 5: Gilbertogyn (222510.00)
Seat 6: zikurubu (344143.00)
Seat 7: blackspider1 (267192.00)
Seat 8: HearMeRoar (231741.00)
HCPOKER posts ante 500.00
lipesticky posts ante 500.00
Werd711 posts ante 500.00
lazylogic posts ante 500.00
Gilbertogyn posts ante 500.00
zikurubu posts ante 500.00
blackspider1 posts ante 500.00
HearMeRoar posts ante 500.00
lipesticky posts the small blind 1750.00
Werd711 posts the big blind 3500.00
*** HOLE CARDS ***
Main pot 4000.00
Dealt to lipesticky [3h 6c]
lazylogic raises 7000.00 to 7000.00
Gilbertogyn folds
zikurubu folds
blackspider1 folds
HearMeRoar folds
HCPOKER folds
lipesticky folds
Werd711 folds
Uncalled bet (3500.00) returned to lazylogic
lazylogic does not show
*** SUMMARY ***
Total pot 12750.00
Seat 1: HCPOKER (button) folded on the Pre-Flop
Seat 2: lipesticky (small blind) folded on the Pre-Flop
Seat 3: Werd711 (big blind) folded on the Pre-Flop
Seat 4: lazylogic did not show and won 12750.00
Seat 5: Gilbertogyn folded on the Pre-Flop and did not bet
Seat 6: zikurubu folded on the Pre-Flop and did not bet
Seat 7: blackspider1 folded on the Pre-Flop and did not bet
Seat 8: HearMeRoar folded on the Pre-Flop and did not bet

Game Hand #2021261272 - Tournament #31162106 - Holdem (No Limit) - Level 7 (1750.00/3500.00)- 2024/02/08 17:42:53 UTC
Table '38' 8-max Seat #2 is the button
Seat 1: HCPOKER (170325.00)
Seat 2: lipesticky (97460.00)
Seat 3: Werd711 (98268.00)
Seat 4: lazylogic (100000.00)
Seat 5: Gilbertogyn (222010.00)
Seat 6: zikurubu (343643.00)
Seat 7: blackspider1 (266692.00)
Seat 8: HearMeRoar (231241.00)
HCPOKER posts ante 500.00
lipesticky posts ante 500.00
Werd711 posts ante 500.00
lazylogic posts ante 500.00
Gilbertogyn posts ante 500.00
zikurubu posts ante 500.00
blackspider1 posts ante 500.00
HearMeRoar posts ante 500.00
Werd711 posts the small blind 1750.00
lazylogic posts the big blind 3500.00
*** HOLE CARDS ***
Main pot 4000.00
Dealt to lipesticky [Ah 5d]
Gilbertogyn folds
zikurubu folds
blackspider1 folds
HearMeRoar folds
HCPOKER folds
lipesticky raises 8050.00 to 8050.00
Werd711 folds
lazylogic raises 96000.00 to 99500.00 and is all-in
lipesticky folds
Uncalled bet (91450.00) returned to lazylogic
lazylogic does not show
*** SUMMARY ***
Total pot 21850.00
Seat 1: HCPOKER folded on the Pre-Flop and did not bet
Seat 2: lipesticky (button) folded on the Pre-Flop
Seat 3: Werd711 (small blind) folded on the Pre-Flop
Seat 4: lazylogic did not show and won 21850.00
Seat 5: Gilbertogyn folded on the Pre-Flop and did not bet
Seat 6: zikurubu folded on the Pre-Flop and did not bet
Seat 7: blackspider1 folded on the Pre-Flop and did not bet
Seat 8: HearMeRoar folded on the Pre-Flop and did not bet

Game Hand #2021261917 - Tournament #31162106 - Holdem (No Limit) - Level 7 (1750.00/3500.00)- 2024/02/08 17:43:31 UTC
Table '38' 8-max Seat #3 is the button
Seat 1: HCPOKER (169825.00)
Seat 2: lipesticky (88910.00)
Seat 3: Werd711 (96018.00)
Seat 4: lazylogic (113300.00)
Seat 5: Gilbertogyn (221510.00)
Seat 6: zikurubu (343143.00)
Seat 7: blackspider1 (266192.00)
Seat 8: HearMeRoar (230741.00)
HCPOKER posts ante 500.00
lipesticky posts ante 500.00
Werd711 posts ante 500.00
lazylogic posts ante 500.00
Gilbertogyn posts ante 500.00
zikurubu posts ante 500.00
blackspider1 posts ante 500.00
HearMeRoar posts ante 500.00
lazylogic posts the small blind 1750.00
Gilbertogyn posts the big blind 3500.00
*** HOLE CARDS ***
Main pot 4000.00
Dealt to lipesticky [9h As]
zikurubu raises 7000.00 to 7000.00
blackspider1 folds
HearMeRoar folds
HCPOKER folds
lipesticky folds
Werd711 folds
lazylogic folds
Gilbertogyn calls 3500.00
*** FLOP *** [7s 3c 2s]
Main pot 19750.00
Gilbertogyn checks
zikurubu checks
*** TURN *** [7s 3c 2s] [5h]
Main pot 19750.00
Gilbertogyn bets 19750.00
zikurubu folds
Uncalled bet (19750.00) returned to Gilbertogyn
Gilbertogyn does not show
*** SUMMARY ***
Total pot 19750.00
Board [7s 3c 2s 5h]
Seat 1: HCPOKER folded on the Pre-Flop and did not bet
Seat 2: lipesticky folded on the Pre-Flop and did not bet
Seat 3: Werd711 (button) folded on the Pre-Flop
Seat 4: lazylogic (small blind) folded on the Pre-Flop
Seat 5: Gilbertogyn did not show and won 19750.00
Seat 6: zikurubu folded on the Turn
Seat 7: blackspider1 folded on the Pre-Flop and did not bet
Seat 8: HearMeRoar folded on the Pre-Flop and did not bet

Game Hand #2021262846 - Tournament #31162106 - Holdem (No Limit) - Level 7 (1750.00/3500.00)- 2024/02/08 17:44:30 UTC
Table '38' 8-max Seat #4 is the button
Seat 1: HCPOKER (169325.00)
Seat 2: lipesticky (88410.00)
Seat 3: Werd711 (95518.00)
Seat 4: lazylogic (111050.00)
Seat 5: Gilbertogyn (233760.00)
Seat 6: zikurubu (335643.00)
Seat 7: blackspider1 (265692.00)
Seat 8: HearMeRoar (230241.00)
HCPOKER posts ante 500.00
lipesticky posts ante 500.00
Werd711 posts ante 500.00
lazylogic posts ante 500.00
Gilbertogyn posts ante 500.00
zikurubu posts ante 500.00
blackspider1 posts ante 500.00
HearMeRoar posts ante 500.00
Gilbertogyn posts the small blind 1750.00
zikurubu posts the big blind 3500.00
*** HOLE CARDS ***
Main pot 4000.00
Dealt to lipesticky [3d Kd]
blackspider1 folds
HearMeRoar folds
HCPOKER folds
lipesticky folds
Werd711 folds
lazylogic folds
Gilbertogyn calls 1750.00
zikurubu checks
*** FLOP *** [9s 6s 7h]
Main pot 11000.00
Gilbertogyn checks
zikurubu bets 3500.00
Gilbertogyn calls 3500.00
*** TURN *** [9s 6s 7h] [7d]
Main pot 18000.00
Gilbertogyn checks
zikurubu checks
*** RIVER *** [9s 6s 7h 7d] [8s]
Main pot 18000.00
Gilbertogyn checks
zikurubu checks
*** SHOW DOWN ***
Main pot 18000.00
Gilbertogyn shows [Jh 5d] (a straight, Nine high [9s 8s 7h 6s 5d])
zikurubu shows [Qd 8c] (two pair, Eights and Sevens [8s 8c 7h 7d Qd])
Gilbertogyn collected 18000.00 from main pot
*** SUMMARY ***
Total pot 18000.00
Board [9s 6s 7h 7d 8s]
Seat 1: HCPOKER folded on the Pre-Flop and did not bet
Seat 2: lipesticky folded on the Pre-Flop and did not bet
Seat 3: Werd711 folded on the Pre-Flop and did not bet
Seat 4: lazylogic (button) folded on the Pre-Flop
Seat 5: Gilbertogyn (small blind) showed [Jh 5d] and won 18000.00 with a straight, Nine high [9s 8s 7h 6s 5d]
Seat 6: zikurubu (big blind) showed [Qd 8c] and lost with two pair, Eights and Sevens [8s 8c 7h 7d Qd]
Seat 7: blackspider1 folded on the Pre-Flop and did not bet
Seat 8: HearMeRoar folded on the Pre-Flop and did not bet

Game Hand #2021264199 - Tournament #31162106 - Holdem (No Limit) - Level 7 (1750.00/3500.00)- 2024/02/08 17:45:52 UTC
Table '38' 8-max Seat #5 is the button
Seat 1: HCPOKER (168825.00)
Seat 2: lipesticky (87910.00)
Seat 3: Werd711 (95018.00)
Seat 4: lazylogic (110550.00)
Seat 5: Gilbertogyn (244260.00)
Seat 6: zikurubu (328143.00)
Seat 7: blackspider1 (265192.00)
Seat 8: HearMeRoar (229741.00)
HCPOKER posts ante 500.00
lipesticky posts ante 500.00
Werd711 posts ante 500.00
lazylogic posts ante 500.00
Gilbertogyn posts ante 500.00
zikurubu posts ante 500.00
blackspider1 posts ante 500.00
HearMeRoar posts ante 500.00
zikurubu posts the small blind 1750.00
blackspider1 posts the big blind 3500.00
*** HOLE CARDS ***
Main pot 4000.00
Dealt to lipesticky [9s Th]
HearMeRoar folds
HCPOKER folds
lipesticky folds
Werd711 folds
lazylogic folds
Gilbertogyn raises 7000.00 to 7000.00
zikurubu folds
blackspider1 calls 3500.00
*** FLOP *** [Ts Td Jd]
Main pot 19750.00
blackspider1 checks
Gilbertogyn bets 3500.00
blackspider1 folds
Uncalled bet (3500.00) returned to Gilbertogyn
Gilbertogyn does not show
*** SUMMARY ***
Total pot 19750.00
Board [Ts Td Jd]
Seat 1: HCPOKER folded on the Pre-Flop and did not bet
Seat 2: lipesticky folded on the Pre-Flop and did not bet
Seat 3: Werd711 folded on the Pre-Flop and did not bet
Seat 4: lazylogic folded on the Pre-Flop and did not bet
Seat 5: Gilbertogyn did not show and won 19750.00
Seat 6: zikurubu (small blind) folded on the Pre-Flop
Seat 7: blackspider1 (big blind) folded on the Flop
Seat 8: HearMeRoar folded on the Pre-Flop and did not bet

Game Hand #2021265173 - Tournament #31162106 - Holdem (No Limit) - Level 8 (2000.00/4000.00)- 2024/02/08 17:46:51 UTC
Table '38' 8-max Seat #6 is the button
Seat 1: HCPOKER (168325.00)
Seat 2: lipesticky (87410.00)
Seat 3: Werd711 (94518.00)
Seat 4: lazylogic (110050.00)
Seat 5: Gilbertogyn (256510.00)
Seat 6: zikurubu (325893.00)
Seat 7: blackspider1 (257692.00)
Seat 8: HearMeRoar (229241.00)
HCPOKER posts ante 600.00
lipesticky posts ante 600.00
Werd711 posts ante 600.00
lazylogic posts ante 600.00
Gilbertogyn posts ante 600.00
zikurubu posts ante 600.00
blackspider1 posts ante 600.00
HearMeRoar posts ante 600.00
blackspider1 posts the small blind 2000.00
HearMeRoar posts the big blind 4000.00
*** HOLE CARDS ***
Main pot 4800.00
Dealt to lipesticky [9c 8d]
HCPOKER folds
lipesticky folds
Werd711 folds
lazylogic folds
Gilbertogyn raises 8000.00 to 8000.00
zikurubu folds
blackspider1 calls 6000.00
HearMeRoar folds
*** FLOP *** [5c 6c 2d]
Main pot 24800.00
blackspider1 checks
Gilbertogyn checks
*** TURN *** [5c 6c 2d] [8c]
Main pot 24800.00
blackspider1 bets 20584.00
Gilbertogyn calls 20584.00
*** RIVER *** [5c 6c 2d 8c] [6s]
Main pot 65968.00
blackspider1 bets 65560.00
Gilbertogyn calls 65560.00
*** SHOW DOWN ***
Main pot 197088.00
Gilbertogyn shows [5s Ac] (two pair, Sixs and Fives [6s 6c 5s 5c Ac])
blackspider1 shows [6d Kc] (three of a kind, Set of Sixs [6s 6d 6c Kc 8c])
blackspider1 collected 197088.00 from main pot
*** SUMMARY ***
Total pot 197088.00
Board [5c 6c 2d 8c 6s]
Seat 1: HCPOKER folded on the Pre-Flop and did not bet
Seat 2: lipesticky folded on the Pre-Flop and did not bet
Seat 3: Werd711 folded on the Pre-Flop and did not bet
Seat 4: lazylogic folded on the Pre-Flop and did not bet
Seat 5: Gilbertogyn showed [5s Ac] and lost with two pair, Sixs and Fives [6s 6c 5s 5c Ac]
Seat 6: zikurubu (button) folded on the Pre-Flop
Seat 7: blackspider1 (small blind) showed [6d Kc] and won 197088.00 with three of a kind, Set of Sixs [6s 6d 6c Kc 8c]
Seat 8: HearMeRoar (big blind) folded on the Pre-Flop

Game Hand #2021267388 - Tournament #31162106 - Holdem (No Limit) - Level 8 (2000.00/4000.00)- 2024/02/08 17:49:04 UTC
Table '38' 8-max Seat #7 is the button
Seat 1: HCPOKER (167725.00)
Seat 2: lipesticky (86810.00)
Seat 3: Werd711 (93918.00)
Seat 4: lazylogic (109450.00)
Seat 5: Gilbertogyn (161766.00)
Seat 6: zikurubu (325293.00)
Seat 7: blackspider1 (360036.00)
HCPOKER posts ante 600.00
lipesticky posts ante 600.00
Werd711 posts ante 600.00
lazylogic posts ante 600.00
Gilbertogyn posts ante 600.00
zikurubu posts ante 600.00
blackspider1 posts ante 600.00
HCPOKER posts the big blind 4000.00
*** HOLE CARDS ***
Main pot 4200.00
Dealt to lipesticky [8s As]
lipesticky raises 8400.00 to 8400.00
Werd711 folds
lazylogic folds
Gilbertogyn folds
zikurubu folds
blackspider1 folds
HCPOKER calls 4400.00
*** FLOP *** [3d 2d Ks]
Main pot 21000.00
HCPOKER checks
lipesticky bets 4930.00
HCPOKER calls 4930.00
*** TURN *** [3d 2d Ks] [Qh]
Main pot 30860.00
HCPOKER checks
lipesticky bets 24368.00
HCPOKER calls 24368.00
*** RIVER *** [3d 2d Ks Qh] [Kh]
Main pot 79596.00
HCPOKER checks
lipesticky checks
*** SHOW DOWN ***
Main pot 79596.00
HCPOKER shows [Td Ad] (a pair of Kings [Ks Kh Ad Qh Td])
lipesticky shows [8s As] (a pair of Kings [Ks Kh As Qh 8s])
HCPOKER collected 79596.00 from main pot
*** SUMMARY ***
Total pot 79596.00
Board [3d 2d Ks Qh Kh]
Seat 1: HCPOKER (big blind) showed [Td Ad] and won 79596.00 with a pair of Kings [Ks Kh Ad Qh Td] with the kicker Ten
Seat 2: lipesticky showed [8s As] and lost with a pair of Kings [Ks Kh As Qh 8s]
Seat 3: Werd711 folded on the Pre-Flop and did not bet
Seat 4: lazylogic folded on the Pre-Flop and did not bet
Seat 5: Gilbertogyn folded on the Pre-Flop and did not bet
Seat 6: zikurubu folded on the Pre-Flop and did not bet
Seat 7: blackspider1 (button) folded on the Pre-Flop

Game Hand #2021268821 - Tournament #31162106 - Holdem (No Limit) - Level 8 (2000.00/4000.00)- 2024/02/08 17:50:32 UTC
Table '38' 8-max Seat #8 is the button
Seat 1: HCPOKER (209023.00)
Seat 2: lipesticky (48512.00)
Seat 3: Werd711 (93318.00)
Seat 4: lazylogic (108850.00)
Seat 5: Gilbertogyn (161166.00)
Seat 6: zikurubu (324693.00)
Seat 7: blackspider1 (359436.00)
HCPOKER posts ante 600.00
lipesticky posts ante 600.00
Werd711 posts ante 600.00
lazylogic posts ante 600.00
Gilbertogyn posts ante 600.00
zikurubu posts ante 600.00
blackspider1 posts ante 600.00
HCPOKER posts the small blind 2000.00
lipesticky posts the big blind 4000.00
*** HOLE CARDS ***
Main pot 4200.00
Dealt to lipesticky [8h 5s]
Werd711 folds
lazylogic folds
Gilbertogyn folds
zikurubu folds
blackspider1 raises 8000.00 to 8000.00
HCPOKER folds
lipesticky calls 4000.00
*** FLOP *** [2c 3h 2h]
Main pot 22200.00
lipesticky checks
blackspider1 checks
*** TURN *** [2c 3h 2h] [9s]
Main pot 22200.00
lipesticky checks
blackspider1 checks
*** RIVER *** [2c 3h 2h 9s] [Ac]
Main pot 22200.00
lipesticky checks
blackspider1 bets 18426.00
lipesticky folds
Uncalled bet (18426.00) returned to blackspider1
blackspider1 does not show
*** SUMMARY ***
Total pot 22200.00
Board [2c 3h 2h 9s Ac]
Seat 1: HCPOKER (small blind) folded on the Pre-Flop
Seat 2: lipesticky (big blind) folded on the River
Seat 3: Werd711 folded on the Pre-Flop and did not bet
Seat 4: lazylogic folded on the Pre-Flop and did not bet
Seat 5: Gilbertogyn folded on the Pre-Flop and did not bet
Seat 6: zikurubu folded on the Pre-Flop and did not bet
Seat 7: blackspider1 did not show and won 22200.00

Game Hand #2021270169 - Tournament #31162106 - Holdem (No Limit) - Level 8 (2000.00/4000.00)- 2024/02/08 17:51:55 UTC
Table '38' 8-max Seat #1 is the button
Seat 1: HCPOKER (206423.00)
Seat 2: lipesticky (39912.00)
Seat 3: Werd711 (92718.00)
Seat 4: lazylogic (108250.00)
Seat 5: Gilbertogyn (160566.00)
Seat 6: zikurubu (324093.00)
Seat 7: blackspider1 (373036.00)
Seat 8: jaimeflorian (417803.00)
HCPOKER posts ante 600.00
lipesticky posts ante 600.00
Werd711 posts ante 600.00
lazylogic posts ante 600.00
Gilbertogyn posts ante 600.00
zikurubu posts ante 600.00
blackspider1 posts ante 600.00
jaimeflorian posts ante 600.00
lipesticky posts the small blind 2000.00
Werd711 posts the big blind 4000.00
*** HOLE CARDS ***
Main pot 4800.00
Dealt to lipesticky [2c Th]
lazylogic folds
Gilbertogyn folds
zikurubu folds
blackspider1 folds
jaimeflorian raises 8000.00 to 8000.00
HCPOKER folds
lipesticky folds
Werd711 calls 4000.00
*** FLOP *** [As 4c 4s]
Main pot 22800.00
Werd711 checks
jaimeflorian bets 5524.00
Werd711 folds
Uncalled bet (5524.00) returned to jaimeflorian
jaimeflorian does not show
*** SUMMARY ***
Total pot 22800.00
Board [As 4c 4s]
Seat 1: HCPOKER (button) folded on the Pre-Flop
Seat 2: lipesticky (small blind) folded on the Pre-Flop
Seat 3: Werd711 (big blind) folded on the Flop
Seat 4: lazylogic folded on the Pre-Flop and did not bet
Seat 5: Gilbertogyn folded on the Pre-Flop and did not bet
Seat 6: zikurubu folded on the Pre-Flop and did not bet
Seat 7: blackspider1 folded on the Pre-Flop and did not bet
Seat 8: jaimeflorian did not show and won 22800.00

Game Hand #2021270987 - Tournament #31162106 - Holdem (No Limit) - Level 8 (2000.00/4000.00)- 2024/02/08 17:52:48 UTC
Table '38' 8-max Seat #2 is the button
Seat 1: HCPOKER (205823.00)
Seat 2: lipesticky (37312.00)
Seat 3: Werd711 (84118.00)
Seat 4: lazylogic (107650.00)
Seat 5: Gilbertogyn (159966.00)
Seat 6: zikurubu (323493.00)
Seat 7: blackspider1 (372436.00)
Seat 8: jaimeflorian (432003.00)
HCPOKER posts ante 600.00
lipesticky posts ante 600.00
Werd711 posts ante 600.00
lazylogic posts ante 600.00
Gilbertogyn posts ante 600.00
zikurubu posts ante 600.00
blackspider1 posts ante 600.00
jaimeflorian posts ante 600.00
Werd711 posts the small blind 2000.00
lazylogic posts the big blind 4000.00
*** HOLE CARDS ***
Main pot 4800.00
Dealt to lipesticky [Ac 8d]
Gilbertogyn folds
zikurubu raises 8000.00 to 8000.00
blackspider1 folds
jaimeflorian folds
HCPOKER folds
lipesticky folds
Werd711 folds
lazylogic calls 4000.00
*** FLOP *** [3s Ad 7h]
Main pot 22800.00
lazylogic checks
zikurubu checks
*** TURN *** [3s Ad 7h] [5d]
Main pot 22800.00
lazylogic bets 18240.00
zikurubu folds
Uncalled bet (18240.00) returned to lazylogic
lazylogic does not show
*** SUMMARY ***
Total pot 22800.00
Board [3s Ad 7h 5d]
Seat 1: HCPOKER folded on the Pre-Flop and did not bet
Seat 2: lipesticky (button) folded on the Pre-Flop
Seat 3: Werd711 (small blind) folded on the Pre-Flop
Seat 4: lazylogic did not show and won 22800.00
Seat 5: Gilbertogyn folded on the Pre-Flop and did not bet
Seat 6: zikurubu folded on the Turn
Seat 7: blackspider1 folded on the Pre-Flop and did not bet
Seat 8: jaimeflorian folded on the Pre-Flop and did not bet

Game Hand #2021271836 - Tournament #31162106 - Holdem (No Limit) - Level 8 (2000.00/4000.00)- 2024/02/08 17:53:40 UTC
Table '38' 8-max Seat #3 is the button
Seat 1: HCPOKER (205223.00)
Seat 2: lipesticky (36712.00)
Seat 3: Werd711 (81518.00)
Seat 4: lazylogic (121850.00)
Seat 5: Gilbertogyn (159366.00)
Seat 6: zikurubu (314893.00)
Seat 7: blackspider1 (371836.00)
Seat 8: jaimeflorian (431403.00)
HCPOKER posts ante 600.00
lipesticky posts ante 600.00
Werd711 posts ante 600.00
lazylogic posts ante 600.00
Gilbertogyn posts ante 600.00
zikurubu posts ante 600.00
blackspider1 posts ante 600.00
jaimeflorian posts ante 600.00
lazylogic posts the small blind 2000.00
Gilbertogyn posts the big blind 4000.00
*** HOLE CARDS ***
Main pot 4800.00
Dealt to lipesticky [Tc 5c]
zikurubu folds
blackspider1 folds
jaimeflorian raises 8000.00 to 8000.00
HCPOKER folds
lipesticky folds
Werd711 folds
lazylogic folds
Gilbertogyn calls 4000.00
*** FLOP *** [Jh Qs 5h]
Main pot 22800.00
Gilbertogyn checks
jaimeflorian bets 7524.00
Gilbertogyn raises 27910.00 to 27910.00
jaimeflorian calls 20386.00
*** TURN *** [Jh Qs 5h] [Kc]
Main pot 78620.00
Gilbertogyn checks
jaimeflorian checks
*** RIVER *** [Jh Qs 5h Kc] [3s]
Main pot 78620.00
Gilbertogyn bets 39310.00
jaimeflorian calls 39310.00
*** SHOW DOWN ***
Main pot 157240.00
Gilbertogyn shows [Qh Ad] (a pair of Queens [Qs Qh Ad Kc Jh])
jaimeflorian shows [As Qd] (a pair of Queens [Qs Qd As Kc Jh])
jaimeflorian collected 78620.00 from main pot
Gilbertogyn collected 78620.00 from main pot
*** SUMMARY ***
Total pot 157240.00
Board [Jh Qs 5h Kc 3s]
Seat 1: HCPOKER folded on the Pre-Flop and did not bet
Seat 2: lipesticky folded on the Pre-Flop and did not bet
Seat 3: Werd711 (button) folded on the Pre-Flop
Seat 4: lazylogic (small blind) folded on the Pre-Flop
Seat 5: Gilbertogyn (big blind) showed [Qh Ad] and won 78620.00 with a pair of Queens [Qs Qh Ad Kc Jh]
Seat 6: zikurubu folded on the Pre-Flop and did not bet
Seat 7: blackspider1 folded on the Pre-Flop and did not bet
Seat 8: jaimeflorian showed [As Qd] and won 78620.00 with a pair of Queens [Qs Qd As Kc Jh]

Game Hand #2021275417 - Tournament #31162106 - Holdem (No Limit) - Level 8 (2000.00/4000.00)- 2024/02/08 18:00:56 UTC
Table '38' 8-max Seat #4 is the button
Seat 1: HCPOKER (204623.00)
Seat 2: lipesticky (36112.00)
Seat 3: Werd711 (80918.00)
Seat 4: lazylogic (119250.00)
Seat 5: Gilbertogyn (162166.00)
Seat 6: zikurubu (314293.00)
Seat 7: blackspider1 (371236.00)
Seat 8: jaimeflorian (434203.00)
HCPOKER posts ante 600.00
lipesticky posts ante 600.00
Werd711 posts ante 600.00
lazylogic posts ante 600.00
Gilbertogyn posts ante 600.00
zikurubu posts ante 600.00
blackspider1 posts ante 600.00
jaimeflorian posts ante 600.00
Gilbertogyn posts the small blind 2000.00
zikurubu posts the big blind 4000.00
*** HOLE CARDS ***
Main pot 4800.00
Dealt to lipesticky [6d Qd]
blackspider1 raises 8000.00 to 8000.00
jaimeflorian folds
HCPOKER calls 8000.00
lipesticky folds
Werd711 folds
lazylogic folds
Gilbertogyn folds
zikurubu folds
*** FLOP *** [Kc 5h 3h]
Main pot 26800.00
blackspider1 checks
HCPOKER bets 8000.00
blackspider1 folds
Uncalled bet (8000.00) returned to HCPOKER
HCPOKER does not show
*** SUMMARY ***
Total pot 26800.00
Board [Kc 5h 3h]
Seat 1: HCPOKER did not show and won 26800.00
Seat 2: lipesticky folded on the Pre-Flop and did not bet
Seat 3: Werd711 folded on the Pre-Flop and did not bet
Seat 4: lazylogic (button) folded on the Pre-Flop
Seat 5: Gilbertogyn (small blind) folded on the Pre-Flop
Seat 6: zikurubu (big blind) folded on the Pre-Flop
Seat 7: blackspider1 folded on the Flop
Seat 8: jaimeflorian folded on the Pre-Flop and did not bet

Game Hand #2021276489 - Tournament #31162106 - Holdem (No Limit) - Level 8 (2000.00/4000.00)- 2024/02/08 18:02:07 UTC
Table '38' 8-max Seat #5 is the button
Seat 1: HCPOKER (222823.00)
Seat 2: lipesticky (35512.00)
Seat 3: Werd711 (80318.00)
Seat 4: lazylogic (118650.00)
Seat 5: Gilbertogyn (159566.00)
Seat 6: zikurubu (309693.00)
Seat 7: blackspider1 (362636.00)
Seat 8: jaimeflorian (433603.00)
HCPOKER posts ante 600.00
lipesticky posts ante 600.00
Werd711 posts ante 600.00
lazylogic posts ante 600.00
Gilbertogyn posts ante 600.00
zikurubu posts ante 600.00
blackspider1 posts ante 600.00
jaimeflorian posts ante 600.00
zikurubu posts the small blind 2000.00
blackspider1 posts the big blind 4000.00
*** HOLE CARDS ***
Main pot 4800.00
Dealt to lipesticky [3s Kc]
jaimeflorian raises 8000.00 to 8000.00
HCPOKER folds
lipesticky folds
Werd711 folds
lazylogic folds
Gilbertogyn folds
zikurubu folds
blackspider1 calls 4000.00
*** FLOP *** [Ah 6d 9h]
Main pot 22800.00
blackspider1 checks
jaimeflorian bets 7524.00
blackspider1 calls 7524.00
*** TURN *** [Ah 6d 9h] [8s]
Main pot 37848.00
blackspider1 checks
jaimeflorian bets 20816.00
blackspider1 raises 58530.00 to 58530.00
jaimeflorian folds
Uncalled bet (37714.00) returned to blackspider1
blackspider1 does not show
*** SUMMARY ***
Total pot 79480.00
Board [Ah 6d 9h 8s]
Seat 1: HCPOKER folded on the Pre-Flop and did not bet
Seat 2: lipesticky folded on the Pre-Flop and did not bet
Seat 3: Werd711 folded on the Pre-Flop and did not bet
Seat 4: lazylogic folded on the Pre-Flop and did not bet
Seat 5: Gilbertogyn (button) folded on the Pre-Flop
Seat 6: zikurubu (small blind) folded on the Pre-Flop
Seat 7: blackspider1 did not show and won 79480.00
Seat 8: jaimeflorian folded on the Turn

Game Hand #2021277828 - Tournament #31162106 - Holdem (No Limit) - Level 8 (2000.00/4000.00)- 2024/02/08 18:03:37 UTC
Table '38' 8-max Seat #6 is the button
Seat 1: HCPOKER (222223.00)
Seat 2: lipesticky (34912.00)
Seat 3: Werd711 (79718.00)
Seat 4: lazylogic (118050.00)
Seat 5: Gilbertogyn (158966.00)
Seat 6: zikurubu (307093.00)
Seat 7: blackspider1 (405176.00)
Seat 8: jaimeflorian (396663.00)
HCPOKER posts ante 600.00
lipesticky posts ante 600.00
Werd711 posts ante 600.00
lazylogic posts ante 600.00
Gilbertogyn posts ante 600.00
zikurubu posts ante 600.00
blackspider1 posts ante 600.00
jaimeflorian posts ante 600.00
blackspider1 posts the small blind 2000.00
jaimeflorian posts the big blind 4000.00
*** HOLE CARDS ***
Main pot 4800.00
Dealt to lipesticky [Qs 2s]
HCPOKER folds
lipesticky folds
Werd711 folds
lazylogic raises 8000.00 to 8000.00
Gilbertogyn raises 24000.00 to 24000.00
zikurubu folds
blackspider1 folds
jaimeflorian folds
lazylogic raises 109450.00 to 117450.00 and is all-in
Gilbertogyn folds
Uncalled bet (93450.00) returned to lazylogic
lazylogic does not show
*** SUMMARY ***
Total pot 58800.00
Seat 1: HCPOKER folded on the Pre-Flop and did not bet
Seat 2: lipesticky folded on the Pre-Flop and did not bet
Seat 3: Werd711 folded on the Pre-Flop and did not bet
Seat 4: lazylogic did not show and won 58800.00
Seat 5: Gilbertogyn folded on the Pre-Flop and did not bet
Seat 6: zikurubu (button) folded on the Pre-Flop
Seat 7: blackspider1 (small blind) folded on the Pre-Flop
Seat 8: jaimeflorian (big blind) folded on the Pre-Flop

Game Hand #2021278391 - Tournament #31162106 - Holdem (No Limit) - Level 8 (2000.00/4000.00)- 2024/02/08 18:04:15 UTC
Table '38' 8-max Seat #7 is the button
Seat 1: HCPOKER (221623.00)
Seat 2: lipesticky (34312.00)
Seat 3: Werd711 (79118.00)
Seat 4: lazylogic (152250.00)
Seat 5: Gilbertogyn (134366.00)
Seat 6: zikurubu (306493.00)
Seat 7: blackspider1 (402576.00)
Seat 8: jaimeflorian (392063.00)
HCPOKER posts ante 600.00
lipesticky posts ante 600.00
Werd711 posts ante 600.00
lazylogic posts ante 600.00
Gilbertogyn posts ante 600.00
zikurubu posts ante 600.00
blackspider1 posts ante 600.00
jaimeflorian posts ante 600.00
jaimeflorian posts the small blind 2000.00
HCPOKER posts the big blind 4000.00
*** HOLE CARDS ***
Main pot 4800.00
Dealt to lipesticky [Kh 9s]
lipesticky folds
Werd711 folds
lazylogic folds
Gilbertogyn raises 8000.00 to 8000.00
zikurubu folds
blackspider1 calls 8000.00
jaimeflorian folds
HCPOKER folds
*** FLOP *** [Ac 6c Qh]
Main pot 26800.00
Gilbertogyn checks
blackspider1 checks
*** TURN *** [Ac 6c Qh] [Ks]
Main pot 26800.00
Gilbertogyn checks
blackspider1 checks
*** RIVER *** [Ac 6c Qh Ks] [Ts]
Main pot 26800.00
Gilbertogyn bets 20100.00
blackspider1 folds
Uncalled bet (20100.00) returned to Gilbertogyn
Gilbertogyn does not show
*** SUMMARY ***
Total pot 26800.00
Board [Ac 6c Qh Ks Ts]
Seat 1: HCPOKER (big blind) folded on the Pre-Flop
Seat 2: lipesticky folded on the Pre-Flop and did not bet
Seat 3: Werd711 folded on the Pre-Flop and did not bet
Seat 4: lazylogic folded on the Pre-Flop and did not bet
Seat 5: Gilbertogyn did not show and won 26800.00
Seat 6: zikurubu folded on the Pre-Flop and did not bet
Seat 7: blackspider1 (button) folded on the River
Seat 8: jaimeflorian (small blind) folded on the Pre-Flop

Game Hand #2021279571 - Tournament #31162106 - Holdem (No Limit) - Level 9 (2500.00/5000.00)- 2024/02/08 18:05:31 UTC
Table '38' 8-max Seat #8 is the button
Seat 2: lipesticky (33712.00)
Seat 3: Werd711 (78518.00)
Seat 4: lazylogic (151650.00)
Seat 5: Gilbertogyn (152566.00)
Seat 6: zikurubu (305893.00)
Seat 7: blackspider1 (393976.00)
Seat 8: jaimeflorian (389463.00)
lipesticky posts ante 750.00
Werd711 posts ante 750.00
lazylogic posts ante 750.00
Gilbertogyn posts ante 750.00
zikurubu posts ante 750.00
blackspider1 posts ante 750.00
jaimeflorian posts ante 750.00
lipesticky posts the big blind 5000.00
*** HOLE CARDS ***
Main pot 5250.00
Dealt to lipesticky [Th 6h]
Werd711 calls 5000.00
lazylogic folds
Gilbertogyn folds
zikurubu folds
blackspider1 folds
jaimeflorian raises 10000.00 to 10000.00
lipesticky folds
Werd711 calls 5000.00
*** FLOP *** [4c Ad 8s]
Main pot 30250.00
Werd711 checks
jaimeflorian bets 9983.00
Werd711 raises 19966.00 to 19966.00
jaimeflorian folds
Uncalled bet (9983.00) returned to Werd711
Werd711 does not show
*** SUMMARY ***
Total pot 50216.00
Board [4c Ad 8s]
Seat 2: lipesticky (big blind) folded on the Pre-Flop
Seat 3: Werd711 did not show and won 50216.00
Seat 4: lazylogic folded on the Pre-Flop and did not bet
Seat 5: Gilbertogyn folded on the Pre-Flop and did not bet
Seat 6: zikurubu folded on the Pre-Flop and did not bet
Seat 7: blackspider1 folded on the Pre-Flop and did not bet
Seat 8: jaimeflorian (button) folded on the Flop

Game Hand #2021280455 - Tournament #31162106 - Holdem (No Limit) - Level 9 (2500.00/5000.00)- 2024/02/08 18:06:21 UTC
Table '38' 8-max Seat #1 is the button
Seat 2: lipesticky (27962.00)
Seat 3: Werd711 (108001.00)
Seat 4: lazylogic (150900.00)
Seat 5: Gilbertogyn (151816.00)
Seat 6: zikurubu (305143.00)
Seat 7: blackspider1 (393226.00)
Seat 8: jaimeflorian (368730.00)
lipesticky posts ante 750.00
Werd711 posts ante 750.00
lazylogic posts ante 750.00
Gilbertogyn posts ante 750.00
zikurubu posts ante 750.00
blackspider1 posts ante 750.00
jaimeflorian posts ante 750.00
lipesticky posts the small blind 2500.00
Werd711 posts the big blind 5000.00
*** HOLE CARDS ***
Main pot 5250.00
Dealt to lipesticky [9s 3h]
lazylogic raises 10000.00 to 10000.00
Gilbertogyn folds
zikurubu folds
blackspider1 folds
jaimeflorian raises 31375.00 to 31375.00
lipesticky folds
Werd711 folds
lazylogic folds
Uncalled bet (21375.00) returned to jaimeflorian
jaimeflorian does not show
*** SUMMARY ***
Total pot 32750.00
Seat 2: lipesticky (small blind) folded on the Pre-Flop
Seat 3: Werd711 (big blind) folded on the Pre-Flop
Seat 4: lazylogic folded on the Pre-Flop and did not bet
Seat 5: Gilbertogyn folded on the Pre-Flop and did not bet
Seat 6: zikurubu folded on the Pre-Flop and did not bet
Seat 7: blackspider1 folded on the Pre-Flop and did not bet
Seat 8: jaimeflorian did not show and won 32750.00

Game Hand #2021281151 - Tournament #31162106 - Holdem (No Limit) - Level 9 (2500.00/5000.00)- 2024/02/08 18:07:05 UTC
Table '38' 8-max Seat #2 is the button
Seat 1: KennyPowers22 (96350.00)
Seat 2: lipesticky (24712.00)
Seat 3: Werd711 (102251.00)
Seat 4: lazylogic (140150.00)
Seat 5: Gilbertogyn (151066.00)
Seat 6: zikurubu (304393.00)
Seat 7: blackspider1 (392476.00)
Seat 8: jaimeflorian (390730.00)
KennyPowers22 posts ante 750.00
lipesticky posts ante 750.00
Werd711 posts ante 750.00
lazylogic posts ante 750.00
Gilbertogyn posts ante 750.00
zikurubu posts ante 750.00
blackspider1 posts ante 750.00
jaimeflorian posts ante 750.00
Werd711 posts the small blind 2500.00
lazylogic posts the big blind 5000.00
*** HOLE CARDS ***
Main pot 6000.00
Dealt to lipesticky [4s 5d]
Gilbertogyn folds
zikurubu folds
blackspider1 folds
jaimeflorian folds
KennyPowers22 folds
lipesticky folds
Werd711 calls 2500.00
lazylogic checks
*** FLOP *** [Ts Jd 9d]
Main pot 16000.00
Werd711 checks
lazylogic checks
*** TURN *** [Ts Jd 9d] [Ks]
Main pot 16000.00
Werd711 checks
lazylogic checks
*** RIVER *** [Ts Jd 9d Ks] [2c]
Main pot 16000.00
Werd711 bets 5000.00
lazylogic folds
Uncalled bet (5000.00) returned to Werd711
Werd711 does not show
*** SUMMARY ***
Total pot 16000.00
Board [Ts Jd 9d Ks 2c]
Seat 1: KennyPowers22 folded on the Pre-Flop and did not bet
Seat 2: lipesticky (button) folded on the Pre-Flop
Seat 3: Werd711 did not show and won 16000.00
Seat 4: lazylogic (big blind) folded on the River
Seat 5: Gilbertogyn folded on the Pre-Flop and did not bet
Seat 6: zikurubu folded on the Pre-Flop and did not bet
Seat 7: blackspider1 folded on the Pre-Flop and did not bet
Seat 8: jaimeflorian folded on the Pre-Flop and did not bet

Game Hand #2021282949 - Tournament #31162106 - Holdem (No Limit) - Level 9 (2500.00/5000.00)- 2024/02/08 18:08:53 UTC
Table '38' 8-max Seat #3 is the button
Seat 1: KennyPowers22 (95600.00)
Seat 2: lipesticky (23962.00)
Seat 3: Werd711 (112501.00)
Seat 4: lazylogic (134400.00)
Seat 5: Gilbertogyn (150316.00)
Seat 6: zikurubu (303643.00)
Seat 7: blackspider1 (391726.00)
Seat 8: jaimeflorian (389980.00)
KennyPowers22 posts ante 750.00
lipesticky posts ante 750.00
Werd711 posts ante 750.00
lazylogic posts ante 750.00
Gilbertogyn posts ante 750.00
zikurubu posts ante 750.00
blackspider1 posts ante 750.00
jaimeflorian posts ante 750.00
lazylogic posts the small blind 2500.00
Gilbertogyn posts the big blind 5000.00
*** HOLE CARDS ***
Main pot 6000.00
Dealt to lipesticky [4c 8c]
zikurubu folds
blackspider1 folds
jaimeflorian folds
KennyPowers22 raises 10000.00 to 10000.00
lipesticky folds
Werd711 folds
lazylogic raises 131150.00 to 133650.00 and is all-in
Gilbertogyn folds
KennyPowers22 folds
Uncalled bet (123650.00) returned to lazylogic
lazylogic does not show
*** SUMMARY ***
Total pot 31000.00
Seat 1: KennyPowers22 folded on the Pre-Flop and did not bet
Seat 2: lipesticky folded on the Pre-Flop and did not bet
Seat 3: Werd711 (button) folded on the Pre-Flop
Seat 4: lazylogic did not show and won 31000.00
Seat 5: Gilbertogyn (big blind) folded on the Pre-Flop
Seat 6: zikurubu folded on the Pre-Flop and did not bet
Seat 7: blackspider1 folded on the Pre-Flop and did not bet
Seat 8: jaimeflorian folded on the Pre-Flop and did not bet

Game Hand #2021284127 - Tournament #31162106 - Holdem (No Limit) - Level 9 (2500.00/5000.00)- 2024/02/08 18:10:07 UTC
Table '38' 8-max Seat #4 is the button
Seat 1: KennyPowers22 (84850.00)
Seat 2: lipesticky (23212.00)
Seat 3: Werd711 (111751.00)
Seat 4: lazylogic (154650.00)
Seat 5: Gilbertogyn (144566.00)
Seat 6: zikurubu (302893.00)
Seat 7: blackspider1 (390976.00)
Seat 8: jaimeflorian (389230.00)
KennyPowers22 posts ante 750.00
lipesticky posts ante 750.00
Werd711 posts ante 750.00
lazylogic posts ante 750.00
Gilbertogyn posts ante 750.00
zikurubu posts ante 750.00
blackspider1 posts ante 750.00
jaimeflorian posts ante 750.00
Gilbertogyn posts the small blind 2500.00
zikurubu posts the big blind 5000.00
*** HOLE CARDS ***
Main pot 6000.00
Dealt to lipesticky [Kh Ad]
blackspider1 folds
jaimeflorian folds
KennyPowers22 raises 10500.00 to 10500.00
lipesticky raises 22462.00 to 22462.00 and is all-in
Werd711 folds
lazylogic folds
Gilbertogyn raises 44424.00 to 46924.00
zikurubu folds
KennyPowers22 raises 73600.00 to 84100.00 and is all-in
Gilbertogyn calls 37176.00
*** FLOP *** [3d 9s Ah]
Main pot 78386.00
Side pot(1) 123276.00
*** TURN *** [3d 9s Ah] [9c]
Main pot 78386.00
Side pot(1) 123276.00
*** RIVER *** [3d 9s Ah 9c] [6c]
Main pot 78386.00
Side pot(1) 123276.00
*** SHOW DOWN ***
Main pot 78386.00
Side pot(1) 123276.00
KennyPowers22 shows [Jh Js] (two pair, Jacks and Nines [Js Jh 9s 9c Ah])
lipesticky shows [Kh Ad] (two pair, Aces and Nines [Ah Ad 9s 9c Kh])
Gilbertogyn shows [Kd Th] (a pair of Nines [9s 9c Ah Kd Th])
lipesticky collected 78386.00 from main pot
KennyPowers22 collected 123276.00 from side pot-1
*** SUMMARY ***
Total pot 201662.00
Board [3d 9s Ah 9c 6c]
Seat 1: KennyPowers22 showed [Jh Js] and won 123276.00 with two pair, Jacks and Nines [Js Jh 9s 9c Ah]
Seat 2: lipesticky showed [Kh Ad] and won 78386.00 with two pair, Aces and Nines [Ah Ad 9s 9c Kh]
Seat 3: Werd711 folded on the Pre-Flop and did not bet
Seat 4: lazylogic (button) folded on the Pre-Flop
Seat 5: Gilbertogyn (small blind) showed [Kd Th] and lost with a pair of Nines [9s 9c Ah Kd Th]
Seat 6: zikurubu (big blind) folded on the Pre-Flop
Seat 7: blackspider1 folded on the Pre-Flop and did not bet
Seat 8: jaimeflorian folded on the Pre-Flop and did not bet

Game Hand #2021285270 - Tournament #31162106 - Holdem (No Limit) - Level 9 (2500.00/5000.00)- 2024/02/08 18:11:16 UTC
Table '38' 8-max Seat #5 is the button
Seat 1: KennyPowers22 (123276.00)
Seat 2: lipesticky (78386.00)
Seat 3: Werd711 (111001.00)
Seat 4: lazylogic (153900.00)
Seat 5: Gilbertogyn (59716.00)
Seat 6: zikurubu (297143.00)
Seat 7: blackspider1 (390226.00)
Seat 8: jaimeflorian (388480.00)
KennyPowers22 posts ante 750.00
lipesticky posts ante 750.00
Werd711 posts ante 750.00
lazylogic posts ante 750.00
Gilbertogyn posts ante 750.00
zikurubu posts ante 750.00
blackspider1 posts ante 750.00
jaimeflorian posts ante 750.00
zikurubu posts the small blind 2500.00
blackspider1 posts the big blind 5000.00
*** HOLE CARDS ***
Main pot 6000.00
Dealt to lipesticky [4c 2h]
jaimeflorian folds
KennyPowers22 folds
lipesticky folds
Werd711 folds
lazylogic folds
Gilbertogyn folds
zikurubu raises 10500.00 to 13000.00
blackspider1 raises 30000.00 to 35000.00
zikurubu folds
Uncalled bet (22000.00) returned to blackspider1
blackspider1 does not show
*** SUMMARY ***
Total pot 32000.00
Seat 1: KennyPowers22 folded on the Pre-Flop and did not bet
Seat 2: lipesticky folded on the Pre-Flop and did not bet
Seat 3: Werd711 folded on the Pre-Flop and did not bet
Seat 4: lazylogic folded on the Pre-Flop and did not bet
Seat 5: Gilbertogyn (button) folded on the Pre-Flop
Seat 6: zikurubu (small blind) folded on the Pre-Flop
Seat 7: blackspider1 did not show and won 32000.00
Seat 8: jaimeflorian folded on the Pre-Flop and did not bet

Game Hand #2021285923 - Tournament #31162106 - Holdem (No Limit) - Level 9 (2500.00/5000.00)- 2024/02/08 18:11:57 UTC
Table '38' 8-max Seat #6 is the button
Seat 1: KennyPowers22 (122526.00)
Seat 2: lipesticky (77636.00)
Seat 3: Werd711 (110251.00)
Seat 4: lazylogic (153150.00)
Seat 5: Gilbertogyn (58966.00)
Seat 6: zikurubu (283393.00)
Seat 7: blackspider1 (408476.00)
Seat 8: jaimeflorian (387730.00)
KennyPowers22 posts ante 750.00
lipesticky posts ante 750.00
Werd711 posts ante 750.00
lazylogic posts ante 750.00
Gilbertogyn posts ante 750.00
zikurubu posts ante 750.00
blackspider1 posts ante 750.00
jaimeflorian posts ante 750.00
blackspider1 posts the small blind 2500.00
jaimeflorian posts the big blind 5000.00
*** HOLE CARDS ***
Main pot 6000.00
Dealt to lipesticky [Qs As]
KennyPowers22 folds
lipesticky raises 10000.00 to 10000.00
Werd711 calls 10000.00
lazylogic raises 152400.00 to 152400.00 and is all-in
Gilbertogyn calls 58216.00 and is all-in
zikurubu folds
blackspider1 folds
jaimeflorian folds
lipesticky calls 66886.00 and is all-in
Werd711 calls 99501.00 and is all-in
Uncalled bet (42899.00) returned to lazylogic
*** FLOP *** [Th 4h 6h]
Main pot 246364.00
Side pot(1) 56010.00
Side pot(2) 65230.00
*** TURN *** [Th 4h 6h] [6c]
Main pot 246364.00
Side pot(1) 56010.00
Side pot(2) 65230.00
*** RIVER *** [Th 4h 6h 6c] [6s]
Main pot 246364.00
Side pot(1) 56010.00
Side pot(2) 65230.00
*** SHOW DOWN ***
Main pot 246364.00
Side pot(1) 56010.00
Side pot(2) 65230.00
lipesticky shows [Qs As] (three of a kind, Set of Sixs [6s 6h 6c As Qs])
Werd711 shows [Jh Ad] (three of a kind, Set of Sixs [6s 6h 6c Ad Jh])
lazylogic shows [Qh Kd] (three of a kind, Set of Sixs [6s 6h 6c Kd Qh])
Gilbertogyn shows [Ah Kc] (three of a kind, Set of Sixs [6s 6h 6c Ah Kc])
Gilbertogyn collected 246364.00 from main pot
lipesticky collected 56010.00 from side pot-1
Werd711 collected 65230.00 from side pot-2
*** SUMMARY ***
Total pot 367604.00
Board [Th 4h 6h 6c 6s]
Seat 1: KennyPowers22 folded on the Pre-Flop and did not bet
Seat 2: lipesticky showed [Qs As] and won 56010.00 with three of a kind, Set of Sixs [6s 6h 6c As Qs] with the kicker Queen
Seat 3: Werd711 showed [Jh Ad] and won 65230.00 with three of a kind, Set of Sixs [6s 6h 6c Ad Jh] with the kicker Ace
Seat 4: lazylogic showed [Qh Kd] and lost with three of a kind, Set of Sixs [6s 6h 6c Kd Qh]
Seat 5: Gilbertogyn showed [Ah Kc] and won 246364.00 with three of a kind, Set of Sixs [6s 6h 6c Ah Kc] with the kicker King
Seat 6: zikurubu (button) folded on the Pre-Flop
Seat 7: blackspider1 (small blind) folded on the Pre-Flop
Seat 8: jaimeflorian (big blind) folded on the Pre-Flop

Game Hand #2021286878 - Tournament #31162106 - Holdem (No Limit) - Level 9 (2500.00/5000.00)- 2024/02/08 18:12:56 UTC
Table '38' 8-max Seat #7 is the button
Seat 1: KennyPowers22 (121776.00)
Seat 2: lipesticky (56010.00)
Seat 3: Werd711 (65230.00)
Seat 4: lazylogic (42899.00)
Seat 5: Gilbertogyn (246364.00)
Seat 6: zikurubu (282643.00)
Seat 7: blackspider1 (405226.00)
Seat 8: jaimeflorian (381980.00)
KennyPowers22 posts ante 750.00
lipesticky posts ante 750.00
Werd711 posts ante 750.00
lazylogic posts ante 750.00
Gilbertogyn posts ante 750.00
zikurubu posts ante 750.00
blackspider1 posts ante 750.00
jaimeflorian posts ante 750.00
jaimeflorian posts the small blind 2500.00
KennyPowers22 posts the big blind 5000.00
*** HOLE CARDS ***
Main pot 6000.00
Dealt to lipesticky [7h 5d]
lipesticky folds
Werd711 folds
lazylogic folds
Gilbertogyn folds
zikurubu folds
blackspider1 raises 10000.00 to 10000.00
jaimeflorian folds
KennyPowers22 raises 30000.00 to 35000.00
blackspider1 raises 394476.00 to 404476.00 and is all-in
KennyPowers22 calls 86026.00 and is all-in
Uncalled bet (283450.00) returned to blackspider1
*** FLOP *** [Jd 2d Ac]
Main pot 250552.00
*** TURN *** [Jd 2d Ac] [6h]
Main pot 250552.00
*** RIVER *** [Jd 2d Ac 6h] [3s]
Main pot 250552.00
*** SHOW DOWN ***
Main pot 250552.00
KennyPowers22 shows [Ts Td] (a pair of Tens [Ts Td Ac Jd 6h])
blackspider1 shows [Jh Th] (a pair of Jacks [Jh Jd Ac Th 6h])
blackspider1 collected 250552.00 from main pot
*** SUMMARY ***
Total pot 250552.00
Board [Jd 2d Ac 6h 3s]
Seat 1: KennyPowers22 (big blind) showed [Ts Td] and lost with a pair of Tens [Ts Td Ac Jd 6h]
Seat 2: lipesticky folded on the Pre-Flop and did not bet
Seat 3: Werd711 folded on the Pre-Flop and did not bet
Seat 4: lazylogic folded on the Pre-Flop and did not bet
Seat 5: Gilbertogyn folded on the Pre-Flop and did not bet
Seat 6: zikurubu folded on the Pre-Flop and did not bet
Seat 7: blackspider1 (button) showed [Jh Th] and won 250552.00 with a pair of Jacks [Jh Jd Ac Th 6h]
Seat 8: jaimeflorian (small blind) folded on the Pre-Flop

Game Hand #2021287681 - Tournament #31162106 - Holdem (No Limit) - Level 9 (2500.00/5000.00)- 2024/02/08 18:13:46 UTC
Table '38' 8-max Seat #8 is the button
Seat 2: lipesticky (55260.00)
Seat 3: Werd711 (64480.00)
Seat 4: lazylogic (42149.00)
Seat 5: Gilbertogyn (245614.00)
Seat 6: zikurubu (281893.00)
Seat 7: blackspider1 (534002.00)
Seat 8: jaimeflorian (378730.00)
lipesticky posts ante 750.00
Werd711 posts ante 750.00
lazylogic posts ante 750.00
Gilbertogyn posts ante 750.00
zikurubu posts ante 750.00
blackspider1 posts ante 750.00
jaimeflorian posts ante 750.00
lipesticky posts the big blind 5000.00
*** HOLE CARDS ***
Main pot 5250.00
Dealt to lipesticky [Jc 2d]
Werd711 folds
lazylogic folds
Gilbertogyn folds
zikurubu folds
blackspider1 raises 10000.00 to 10000.00
jaimeflorian folds
lipesticky folds
Uncalled bet (5000.00) returned to blackspider1
blackspider1 does not show
*** SUMMARY ***
Total pot 15250.00
Seat 2: lipesticky (big blind) folded on the Pre-Flop
Seat 3: Werd711 folded on the Pre-Flop and did not bet
Seat 4: lazylogic folded on the Pre-Flop and did not bet
Seat 5: Gilbertogyn folded on the Pre-Flop and did not bet
Seat 6: zikurubu folded on the Pre-Flop and did not bet
Seat 7: blackspider1 did not show and won 15250.00
Seat 8: jaimeflorian (button) folded on the Pre-Flop

Game Hand #2021288376 - Tournament #31162106 - Holdem (No Limit) - Level 9 (2500.00/5000.00)- 2024/02/08 18:14:30 UTC
Table '38' 8-max Seat #1 is the button
Seat 1: Dimasever will be allowed to play after the button
Seat 2: lipesticky (49510.00)
Seat 3: Werd711 (63730.00)
Seat 4: lazylogic (41399.00)
Seat 5: Gilbertogyn (244864.00)
Seat 6: zikurubu (281143.00)
Seat 7: blackspider1 (543502.00)
Seat 8: jaimeflorian (377980.00)
lipesticky posts ante 750.00
Werd711 posts ante 750.00
lazylogic posts ante 750.00
Gilbertogyn posts ante 750.00
zikurubu posts ante 750.00
blackspider1 posts ante 750.00
jaimeflorian posts ante 750.00
lipesticky posts the small blind 2500.00
Werd711 posts the big blind 5000.00
*** HOLE CARDS ***
Main pot 5250.00
Dealt to lipesticky [2c Kc]
lazylogic folds
Gilbertogyn folds
zikurubu folds
blackspider1 folds
jaimeflorian folds
lipesticky raises 46260.00 to 48760.00 and is all-in
Werd711 calls 43760.00
*** FLOP *** [Js 2s Kd]
Main pot 102770.00
*** TURN *** [Js 2s Kd] [9h]
Main pot 102770.00
*** RIVER *** [Js 2s Kd 9h] [7h]
Main pot 102770.00
*** SHOW DOWN ***
Main pot 102770.00
lipesticky shows [2c Kc] (two pair, Kings and Deuces [Kd Kc 2s 2c Js])
Werd711 shows [As 4d] (a high card, Ace high [As Kd Js 9h 7h])
lipesticky collected 102770.00 from main pot
*** SUMMARY ***
Total pot 102770.00
Board [Js 2s Kd 9h 7h]
Seat 2: lipesticky (small blind) showed [2c Kc] and won 102770.00 with two pair, Kings and Deuces [Kd Kc 2s 2c Js]
Seat 3: Werd711 (big blind) showed [As 4d] and lost with a high card, Ace high [As Kd Js 9h 7h]
Seat 4: lazylogic folded on the Pre-Flop and did not bet
Seat 5: Gilbertogyn folded on the Pre-Flop and did not bet
Seat 6: zikurubu folded on the Pre-Flop and did not bet
Seat 7: blackspider1 folded on the Pre-Flop and did not bet
Seat 8: jaimeflorian folded on the Pre-Flop and did not bet

Game Hand #2021289167 - Tournament #31162106 - Holdem (No Limit) - Level 9 (2500.00/5000.00)- 2024/02/08 18:15:18 UTC
Table '38' 8-max Seat #2 is the button
Seat 1: Dimasever (1141735.00)
Seat 2: lipesticky (102770.00)
Seat 3: Werd711 (14220.00)
Seat 4: lazylogic (40649.00)
Seat 5: Gilbertogyn (244114.00)
Seat 6: zikurubu (280393.00)
Seat 7: blackspider1 (542752.00)
Seat 8: jaimeflorian (377230.00)
Dimasever posts ante 750.00
lipesticky posts ante 750.00
Werd711 posts ante 750.00
lazylogic posts ante 750.00
Gilbertogyn posts ante 750.00
zikurubu posts ante 750.00
blackspider1 posts ante 750.00
jaimeflorian posts ante 750.00
Werd711 posts the small blind 2500.00
lazylogic posts the big blind 5000.00
*** HOLE CARDS ***
Main pot 6000.00
Dealt to lipesticky [2s 7d]
Gilbertogyn folds
zikurubu raises 10000.00 to 10000.00
blackspider1 folds
jaimeflorian calls 10000.00
Dimasever folds
lipesticky folds
Werd711 raises 10970.00 to 13470.00 and is all-in
lazylogic folds
zikurubu calls 3470.00
jaimeflorian calls 3470.00
*** FLOP *** [5s 3s Ah]
Main pot 51410.00
zikurubu bets 12853.00
jaimeflorian calls 12853.00
*** TURN *** [5s 3s Ah] [6d]
Main pot 51410.00
Side pot(1) 25706.00
zikurubu checks
jaimeflorian bets 42414.00
zikurubu folds
Uncalled bet (42414.00) returned to jaimeflorian
*** RIVER *** [5s 3s Ah 6d] [5c]
Main pot 51410.00
Side pot(1) 25706.00
*** SHOW DOWN ***
Main pot 51410.00
Side pot(1) 25706.00
Werd711 shows [5d Ac] (a full house, Fives full of Aces [5s 5d 5c Ah Ac])
jaimeflorian shows [2d 2c] (two pair, Fives and Deuces [5s 5c 2d 2c Ah])
Werd711 collected 51410.00 from main pot
jaimeflorian collected 25706.00 from side pot-1
*** SUMMARY ***
Total pot 77116.00
Board [5s 3s Ah 6d 5c]
Seat 1: Dimasever folded on the Pre-Flop and did not bet
Seat 2: lipesticky (button) folded on the Pre-Flop
Seat 3: Werd711 (small blind) showed [5d Ac] and won 51410.00 with a full house, Fives full of Aces [5s 5d 5c Ah Ac]
Seat 4: lazylogic (big blind) folded on the Pre-Flop
Seat 5: Gilbertogyn folded on the Pre-Flop and did not bet
Seat 6: zikurubu folded on the Turn
Seat 7: blackspider1 folded on the Pre-Flop and did not bet
Seat 8: jaimeflorian showed [2d 2c] and won 25706.00 with two pair, Fives and Deuces [5s 5c 2d 2c Ah]

Game Hand #2021290337 - Tournament #31162106 - Holdem (No Limit) - Level 10 (3000.00/6000.00)- 2024/02/08 18:16:33 UTC
Table '38' 8-max Seat #3 is the button
Seat 1: Dimasever (1140985.00)
Seat 2: lipesticky (102020.00)
Seat 3: Werd711 (51410.00)
Seat 4: lazylogic (34899.00)
Seat 5: Gilbertogyn (243364.00)
Seat 6: zikurubu (253320.00)
Seat 7: blackspider1 (542002.00)
Seat 8: jaimeflorian (375863.00)
Dimasever posts ante 900.00
lipesticky posts ante 900.00
Werd711 posts ante 900.00
lazylogic posts ante 900.00
Gilbertogyn posts ante 900.00
zikurubu posts ante 900.00
blackspider1 posts ante 900.00
jaimeflorian posts ante 900.00
lazylogic posts the small blind 3000.00
Gilbertogyn posts the big blind 6000.00
*** HOLE CARDS ***
Main pot 7200.00
Dealt to lipesticky [Ad Qh]
zikurubu raises 12000.00 to 12000.00
blackspider1 folds
jaimeflorian folds
Dimasever folds
lipesticky raises 101120.00 to 101120.00 and is all-in
Werd711 folds
lazylogic folds
Gilbertogyn folds
zikurubu calls 89120.00
*** FLOP *** [7c 8s 6s]
Main pot 218440.00
*** TURN *** [7c 8s 6s] [7h]
Main pot 218440.00
*** RIVER *** [7c 8s 6s 7h] [4d]
Main pot 218440.00
*** SHOW DOWN ***
Main pot 218440.00
lipesticky shows [Ad Qh] (a pair of Sevens [7h 7c Ad Qh 8s])
zikurubu shows [9c Ac] (a pair of Sevens [7h 7c Ac 9c 8s])
lipesticky collected 218440.00 from main pot
*** SUMMARY ***
Total pot 218440.00
Board [7c 8s 6s 7h 4d]
Seat 1: Dimasever folded on the Pre-Flop and did not bet
Seat 2: lipesticky showed [Ad Qh] and won 218440.00 with a pair of Sevens [7h 7c Ad Qh 8s] with the kicker Queen
Seat 3: Werd711 (button) folded on the Pre-Flop
Seat 4: lazylogic (small blind) folded on the Pre-Flop
Seat 5: Gilbertogyn (big blind) folded on the Pre-Flop
Seat 6: zikurubu showed [9c Ac] and lost with a pair of Sevens [7h 7c Ac 9c 8s]
Seat 7: blackspider1 folded on the Pre-Flop and did not bet
Seat 8: jaimeflorian folded on the Pre-Flop and did not bet

Game Hand #2021291259 - Tournament #31162106 - Holdem (No Limit) - Level 10 (3000.00/6000.00)- 2024/02/08 18:17:30 UTC
Table '38' 8-max Seat #4 is the button
Seat 1: Dimasever (1140085.00)
Seat 2: lipesticky (218440.00)
Seat 3: Werd711 (50510.00)
Seat 4: lazylogic (30999.00)
Seat 5: Gilbertogyn (236464.00)
Seat 6: zikurubu (151300.00)
Seat 7: blackspider1 (541102.00)
Seat 8: jaimeflorian (374963.00)
Dimasever posts ante 900.00
lipesticky posts ante 900.00
Werd711 posts ante 900.00
lazylogic posts ante 900.00
Gilbertogyn posts ante 900.00
zikurubu posts ante 900.00
blackspider1 posts ante 900.00
jaimeflorian posts ante 900.00
Gilbertogyn posts the small blind 3000.00
zikurubu posts the big blind 6000.00
*** HOLE CARDS ***
Main pot 7200.00
Dealt to lipesticky [Qd 5c]
blackspider1 raises 12000.00 to 12000.00
jaimeflorian folds
Dimasever raises 32100.00 to 32100.00
lipesticky folds
Werd711 folds
lazylogic calls 30099.00 and is all-in
Gilbertogyn folds
zikurubu folds
blackspider1 calls 20100.00
*** FLOP *** [Ac 6d Js]
Main pot 106497.00
Side pot(1) 4002.00
blackspider1 checks
Dimasever bets 27625.00
blackspider1 folds
Uncalled bet (27625.00) returned to Dimasever
*** TURN *** [Ac 6d Js] [Jc]
Main pot 106497.00
Side pot(1) 4002.00
*** RIVER *** [Ac 6d Js Jc] [5h]
Main pot 106497.00
Side pot(1) 4002.00
*** SHOW DOWN ***
Main pot 106497.00
Side pot(1) 4002.00
Dimasever shows [Ad Th] (two pair, Aces and Jacks [Ad Ac Js Jc Th])
lazylogic shows [8d 8c] (two pair, Jacks and Eights [Js Jc 8d 8c Ac])
Dimasever collected 106497.00 from main pot
Dimasever collected 4002.00 from side pot-1
*** SUMMARY ***
Total pot 110499.00
Board [Ac 6d Js Jc 5h]
Seat 1: Dimasever showed [Ad Th] and won 110499.00 with two pair, Aces and Jacks [Ad Ac Js Jc Th]
Seat 2: lipesticky folded on the Pre-Flop and did not bet
Seat 3: Werd711 folded on the Pre-Flop and did not bet
Seat 4: lazylogic (button) showed [8d 8c] and lost with two pair, Jacks and Eights [Js Jc 8d 8c Ac]
Seat 5: Gilbertogyn (small blind) folded on the Pre-Flop
Seat 6: zikurubu (big blind) folded on the Pre-Flop
Seat 7: blackspider1 folded on the Flop
Seat 8: jaimeflorian folded on the Pre-Flop and did not bet

Game Hand #2021292356 - Tournament #31162106 - Holdem (No Limit) - Level 10 (3000.00/6000.00)- 2024/02/08 18:18:38 UTC
Table '38' 8-max Seat #5 is the button
Seat 1: Dimasever (1217584.00)
Seat 2: lipesticky (217540.00)
Seat 3: Werd711 (49610.00)
Seat 5: Gilbertogyn (232564.00)
Seat 6: zikurubu (144400.00)
Seat 7: blackspider1 (508102.00)
Seat 8: jaimeflorian (374063.00)
Dimasever posts ante 900.00
lipesticky posts ante 900.00
Werd711 posts ante 900.00
Gilbertogyn posts ante 900.00
zikurubu posts ante 900.00
blackspider1 posts ante 900.00
jaimeflorian posts ante 900.00
zikurubu posts the small blind 3000.00
blackspider1 posts the big blind 6000.00
*** HOLE CARDS ***
Main pot 6300.00
Dealt to lipesticky [3s Js]
jaimeflorian folds
Dimasever raises 16650.00 to 16650.00
lipesticky folds
Werd711 folds
Gilbertogyn folds
zikurubu folds
blackspider1 calls 10650.00
*** FLOP *** [Tc Kc Ks]
Main pot 42600.00
blackspider1 checks
Dimasever bets 21300.00
blackspider1 folds
Uncalled bet (21300.00) returned to Dimasever
Dimasever does not show
*** SUMMARY ***
Total pot 42600.00
Board [Tc Kc Ks]
Seat 1: Dimasever did not show and won 42600.00
Seat 2: lipesticky folded on the Pre-Flop and did not bet
Seat 3: Werd711 folded on the Pre-Flop and did not bet
Seat 5: Gilbertogyn (button) folded on the Pre-Flop
Seat 6: zikurubu (small blind) folded on the Pre-Flop
Seat 7: blackspider1 (big blind) folded on the Flop
Seat 8: jaimeflorian folded on the Pre-Flop and did not bet

Game Hand #2021293136 - Tournament #31162106 - Holdem (No Limit) - Level 10 (3000.00/6000.00)- 2024/02/08 18:19:26 UTC
Table '38' 8-max Seat #6 is the button
Seat 1: Dimasever (1242634.00)
Seat 2: lipesticky (216640.00)
Seat 3: Werd711 (48710.00)
Seat 5: Gilbertogyn (231664.00)
Seat 6: zikurubu (140500.00)
Seat 7: blackspider1 (490552.00)
Seat 8: jaimeflorian (373163.00)
Dimasever posts ante 900.00
lipesticky posts ante 900.00
Werd711 posts ante 900.00
Gilbertogyn posts ante 900.00
zikurubu posts ante 900.00
blackspider1 posts ante 900.00
jaimeflorian posts ante 900.00
blackspider1 posts the small blind 3000.00
jaimeflorian posts the big blind 6000.00
*** HOLE CARDS ***
Main pot 6300.00
Dealt to lipesticky [7h Ah]
Dimasever folds
lipesticky raises 12600.00 to 12600.00
Werd711 folds
Gilbertogyn folds
zikurubu raises 139600.00 to 139600.00 and is all-in
blackspider1 folds
jaimeflorian folds
lipesticky folds
Uncalled bet (127000.00) returned to zikurubu
zikurubu does not show
*** SUMMARY ***
Total pot 40500.00
Seat 1: Dimasever folded on the Pre-Flop and did not bet
Seat 2: lipesticky folded on the Pre-Flop and did not bet
Seat 3: Werd711 folded on the Pre-Flop and did not bet
Seat 5: Gilbertogyn folded on the Pre-Flop and did not bet
Seat 6: zikurubu did not show and won 40500.00
Seat 7: blackspider1 (small blind) folded on the Pre-Flop
Seat 8: jaimeflorian (big blind) folded on the Pre-Flop

Game Hand #2021293898 - Tournament #31162106 - Holdem (No Limit) - Level 10 (3000.00/6000.00)- 2024/02/08 18:20:15 UTC
Table '38' 8-max Seat #7 is the button
Seat 1: Dimasever (1241734.00)
Seat 2: lipesticky (203140.00)
Seat 3: Werd711 (47810.00)
Seat 4: moditwig (836611.00)
Seat 5: Gilbertogyn (230764.00)
Seat 6: zikurubu (167500.00)
Seat 7: blackspider1 (486652.00)
Seat 8: jaimeflorian (366263.00)
Dimasever posts ante 900.00
lipesticky posts ante 900.00
Werd711 posts ante 900.00
moditwig posts ante 900.00
Gilbertogyn posts ante 900.00
zikurubu posts ante 900.00
blackspider1 posts ante 900.00
jaimeflorian posts ante 900.00
jaimeflorian posts the small blind 3000.00
Dimasever posts the big blind 6000.00
*** HOLE CARDS ***
Main pot 7200.00
Dealt to lipesticky [6d Kh]
lipesticky folds
Werd711 folds
moditwig folds
Gilbertogyn folds
zikurubu folds
blackspider1 raises 12000.00 to 12000.00
jaimeflorian folds
Dimasever raises 23100.00 to 29100.00
blackspider1 folds
Uncalled bet (17100.00) returned to Dimasever
Dimasever does not show
*** SUMMARY ***
Total pot 34200.00
Seat 1: Dimasever did not show and won 34200.00
Seat 2: lipesticky folded on the Pre-Flop and did not bet
Seat 3: Werd711 folded on the Pre-Flop and did not bet
Seat 4: moditwig folded on the Pre-Flop and did not bet
Seat 5: Gilbertogyn folded on the Pre-Flop and did not bet
Seat 6: zikurubu folded on the Pre-Flop and did not bet
Seat 7: blackspider1 (button) folded on the Pre-Flop
Seat 8: jaimeflorian (small blind) folded on the Pre-Flop

Game Hand #2021294724 - Tournament #31162106 - Holdem (No Limit) - Level 10 (3000.00/6000.00)- 2024/02/08 18:21:09 UTC
Table '38' 8-max Seat #8 is the button
Seat 1: Dimasever (1263034.00)
Seat 2: lipesticky (202240.00)
Seat 3: Werd711 (46910.00)
Seat 4: moditwig (835711.00)
Seat 5: Gilbertogyn (229864.00)
Seat 6: zikurubu (166600.00)
Seat 7: blackspider1 (473752.00)
Seat 8: jaimeflorian (362363.00)
Dimasever posts ante 900.00
lipesticky posts ante 900.00
Werd711 posts ante 900.00
moditwig posts ante 900.00
Gilbertogyn posts ante 900.00
zikurubu posts ante 900.00
blackspider1 posts ante 900.00
jaimeflorian posts ante 900.00
Dimasever posts the small blind 3000.00
lipesticky posts the big blind 6000.00
*** HOLE CARDS ***
Main pot 7200.00
Dealt to lipesticky [Kd 3s]
Werd711 folds
moditwig folds
Gilbertogyn raises 12000.00 to 12000.00
zikurubu folds
blackspider1 folds
jaimeflorian raises 38100.00 to 38100.00
Dimasever folds
lipesticky folds
Gilbertogyn raises 216964.00 to 228964.00 and is all-in
jaimeflorian calls 190864.00
*** FLOP *** [6s Ac Jh]
Main pot 474128.00
*** TURN *** [6s Ac Jh] [8d]
Main pot 474128.00
*** RIVER *** [6s Ac Jh 8d] [Tc]
Main pot 474128.00
*** SHOW DOWN ***
Main pot 474128.00
Gilbertogyn shows [8c 8s] (three of a kind, Set of Eights [8s 8d 8c Ac Jh])
jaimeflorian shows [Kc Kh] (a pair of Kings [Kh Kc Ac Jh Tc])
Gilbertogyn collected 474128.00 from main pot
*** SUMMARY ***
Total pot 474128.00
Board [6s Ac Jh 8d Tc]
Seat 1: Dimasever (small blind) folded on the Pre-Flop
Seat 2: lipesticky (big blind) folded on the Pre-Flop
Seat 3: Werd711 folded on the Pre-Flop and did not bet
Seat 4: moditwig folded on the Pre-Flop and did not bet
Seat 5: Gilbertogyn showed [8c 8s] and won 474128.00 with three of a kind, Set of Eights [8s 8d 8c Ac Jh]
Seat 6: zikurubu folded on the Pre-Flop and did not bet
Seat 7: blackspider1 folded on the Pre-Flop and did not bet
Seat 8: jaimeflorian (button) showed [Kc Kh] and lost with a pair of Kings [Kh Kc Ac Jh Tc]

