Game Hand #2025334468 - Tournament #31082331 - Holdem (No Limit) - Level 10 (3000.00/6000.00)- 2024/02/12 18:12:00 UTC
Table '17' 8-max Seat #2 is the button
Seat 1: OmniVoid (401390.00)
Seat 2: phxphil602 (249900.00)
Seat 3: NotaDe20 (287887.00)
Seat 4: Paracetamol500 (104063.00)
Seat 5: kiminius (113791.00)
Seat 6: BAKMAN5 (232760.00)
Seat 7: ALVORNOMAPAA (295134.00)
Seat 8: lipesticky (527100.00)
OmniVoid posts ante 900.00
phxphil602 posts ante 900.00
NotaDe20 posts ante 900.00
Paracetamol500 posts ante 900.00
kiminius posts ante 900.00
BAKMAN5 posts ante 900.00
ALVORNOMAPAA posts ante 900.00
lipesticky posts ante 900.00
NotaDe20 posts the small blind 3000.00
Paracetamol500 posts the big blind 6000.00
*** HOLE CARDS ***
Main pot 7200.00
Dealt to lipesticky [Td Kc]
kiminius folds
BAKMAN5 folds
ALVORNOMAPAA raises 12000.00 to 12000.00
lipesticky folds
OmniVoid folds
phxphil602 folds
NotaDe20 folds
Paracetamol500 raises 97163.00 to 103163.00 and is all-in
ALVORNOMAPAA folds
Uncalled bet (91163.00) returned to Paracetamol500
Paracetamol500 does not show
*** SUMMARY ***
Total pot 34200.00
Seat 1: OmniVoid folded on the Pre-Flop and did not bet
Seat 2: phxphil602 (button) folded on the Pre-Flop
Seat 3: NotaDe20 (small blind) folded on the Pre-Flop
Seat 4: Paracetamol500 did not show and won 34200.00
Seat 5: kiminius folded on the Pre-Flop and did not bet
Seat 6: BAKMAN5 folded on the Pre-Flop and did not bet
Seat 7: ALVORNOMAPAA folded on the Pre-Flop and did not bet
Seat 8: lipesticky folded on the Pre-Flop and did not bet

Game Hand #2025335157 - Tournament #31082331 - Holdem (No Limit) - Level 10 (3000.00/6000.00)- 2024/02/12 18:12:49 UTC
Table '17' 8-max Seat #3 is the button
Seat 1: OmniVoid (400490.00)
Seat 2: phxphil602 (249000.00)
Seat 3: NotaDe20 (283987.00)
Seat 4: Paracetamol500 (125363.00)
Seat 5: kiminius (112891.00)
Seat 6: BAKMAN5 (231860.00)
Seat 7: ALVORNOMAPAA (282234.00)
Seat 8: lipesticky (526200.00)
OmniVoid posts ante 900.00
phxphil602 posts ante 900.00
NotaDe20 posts ante 900.00
Paracetamol500 posts ante 900.00
kiminius posts ante 900.00
BAKMAN5 posts ante 900.00
ALVORNOMAPAA posts ante 900.00
lipesticky posts ante 900.00
Paracetamol500 posts the small blind 3000.00
kiminius posts the big blind 6000.00
*** HOLE CARDS ***
Main pot 7200.00
Dealt to lipesticky [Ks 5c]
BAKMAN5 folds
ALVORNOMAPAA folds
lipesticky folds
OmniVoid folds
phxphil602 folds
NotaDe20 folds
Paracetamol500 raises 121463.00 to 124463.00 and is all-in
kiminius folds
Uncalled bet (118463.00) returned to Paracetamol500
Paracetamol500 does not show
*** SUMMARY ***
Total pot 19200.00
Seat 1: OmniVoid folded on the Pre-Flop and did not bet
Seat 2: phxphil602 folded on the Pre-Flop and did not bet
Seat 3: NotaDe20 (button) folded on the Pre-Flop
Seat 4: Paracetamol500 did not show and won 19200.00
Seat 5: kiminius (big blind) folded on the Pre-Flop
Seat 6: BAKMAN5 folded on the Pre-Flop and did not bet
Seat 7: ALVORNOMAPAA folded on the Pre-Flop and did not bet
Seat 8: lipesticky folded on the Pre-Flop and did not bet

Game Hand #2025335859 - Tournament #31082331 - Holdem (No Limit) - Level 10 (3000.00/6000.00)- 2024/02/12 18:13:37 UTC
Table '17' 8-max Seat #4 is the button
Seat 1: OmniVoid (399590.00)
Seat 2: phxphil602 (248100.00)
Seat 3: NotaDe20 (283087.00)
Seat 4: Paracetamol500 (137663.00)
Seat 5: kiminius (105991.00)
Seat 6: BAKMAN5 (230960.00)
Seat 7: ALVORNOMAPAA (281334.00)
Seat 8: lipesticky (525300.00)
OmniVoid posts ante 900.00
phxphil602 posts ante 900.00
NotaDe20 posts ante 900.00
Paracetamol500 posts ante 900.00
kiminius posts ante 900.00
BAKMAN5 posts ante 900.00
ALVORNOMAPAA posts ante 900.00
lipesticky posts ante 900.00
kiminius posts the small blind 3000.00
BAKMAN5 posts the big blind 6000.00
*** HOLE CARDS ***
Main pot 7200.00
Dealt to lipesticky [Ks 9c]
ALVORNOMAPAA folds
lipesticky folds
OmniVoid folds
phxphil602 folds
NotaDe20 folds
Paracetamol500 folds
kiminius calls 3000.00
BAKMAN5 checks
*** FLOP *** [Ad 4h 7c]
Main pot 19200.00
kiminius checks
BAKMAN5 checks
*** TURN *** [Ad 4h 7c] [3c]
Main pot 19200.00
kiminius checks
BAKMAN5 checks
*** RIVER *** [Ad 4h 7c 3c] [7s]
Main pot 19200.00
kiminius checks
BAKMAN5 checks
*** SHOW DOWN ***
Main pot 19200.00
kiminius shows [2s Kc] (a pair of Sevens [7s 7c Ad Kc 4h])
BAKMAN5 shows [6c 9s] (a pair of Sevens [7s 7c Ad 9s 6c])
kiminius collected 19200.00 from main pot
*** SUMMARY ***
Total pot 19200.00
Board [Ad 4h 7c 3c 7s]
Seat 1: OmniVoid folded on the Pre-Flop and did not bet
Seat 2: phxphil602 folded on the Pre-Flop and did not bet
Seat 3: NotaDe20 folded on the Pre-Flop and did not bet
Seat 4: Paracetamol500 (button) folded on the Pre-Flop
Seat 5: kiminius (small blind) showed [2s Kc] and won 19200.00 with a pair of Sevens [7s 7c Ad Kc 4h] with the kicker King
Seat 6: BAKMAN5 (big blind) showed [6c 9s] and lost with a pair of Sevens [7s 7c Ad 9s 6c]
Seat 7: ALVORNOMAPAA folded on the Pre-Flop and did not bet
Seat 8: lipesticky folded on the Pre-Flop and did not bet

Game Hand #2025337028 - Tournament #31082331 - Holdem (No Limit) - Level 10 (3000.00/6000.00)- 2024/02/12 18:14:57 UTC
Table '17' 8-max Seat #5 is the button
Seat 1: OmniVoid (398690.00)
Seat 2: phxphil602 (247200.00)
Seat 3: NotaDe20 (282187.00)
Seat 4: Paracetamol500 (136763.00)
Seat 5: kiminius (118291.00)
Seat 6: BAKMAN5 (224060.00)
Seat 7: ALVORNOMAPAA (280434.00)
Seat 8: lipesticky (524400.00)
OmniVoid posts ante 900.00
phxphil602 posts ante 900.00
NotaDe20 posts ante 900.00
Paracetamol500 posts ante 900.00
kiminius posts ante 900.00
BAKMAN5 posts ante 900.00
ALVORNOMAPAA posts ante 900.00
lipesticky posts ante 900.00
BAKMAN5 posts the small blind 3000.00
ALVORNOMAPAA posts the big blind 6000.00
*** HOLE CARDS ***
Main pot 7200.00
Dealt to lipesticky [9h 2s]
lipesticky folds
OmniVoid raises 12000.00 to 12000.00
phxphil602 calls 12000.00
NotaDe20 folds
Paracetamol500 folds
kiminius raises 117391.00 to 117391.00 and is all-in
BAKMAN5 raises 220160.00 to 223160.00 and is all-in
ALVORNOMAPAA folds
OmniVoid folds
phxphil602 folds
Uncalled bet (105769.00) returned to BAKMAN5
*** FLOP *** [Qh 6s Qd]
Main pot 271982.00
*** TURN *** [Qh 6s Qd] [Kc]
Main pot 271982.00
*** RIVER *** [Qh 6s Qd Kc] [8s]
Main pot 271982.00
*** SHOW DOWN ***
Main pot 271982.00
kiminius shows [Th Ts] (two pair, Queens and Tens [Qh Qd Ts Th Kc])
BAKMAN5 shows [As Kd] (two pair, Kings and Queens [Kd Kc Qh Qd As])
BAKMAN5 collected 271982.00 from main pot
*** SUMMARY ***
Total pot 271982.00
Board [Qh 6s Qd Kc 8s]
Seat 1: OmniVoid folded on the Pre-Flop and did not bet
Seat 2: phxphil602 folded on the Pre-Flop and did not bet
Seat 3: NotaDe20 folded on the Pre-Flop and did not bet
Seat 4: Paracetamol500 folded on the Pre-Flop and did not bet
Seat 5: kiminius (button) showed [Th Ts] and lost with two pair, Queens and Tens [Qh Qd Ts Th Kc]
Seat 6: BAKMAN5 (small blind) showed [As Kd] and won 271982.00 with two pair, Kings and Queens [Kd Kc Qh Qd As]
Seat 7: ALVORNOMAPAA (big blind) folded on the Pre-Flop
Seat 8: lipesticky folded on the Pre-Flop and did not bet

Game Hand #2025338640 - Tournament #31082331 - Holdem (No Limit) - Level 10 (3000.00/6000.00)- 2024/02/12 18:16:46 UTC
Table '17' 8-max Seat #6 is the button
Seat 1: OmniVoid (385790.00)
Seat 2: phxphil602 (234300.00)
Seat 3: NotaDe20 (281287.00)
Seat 4: Paracetamol500 (135863.00)
Seat 6: BAKMAN5 (377751.00)
Seat 7: ALVORNOMAPAA (273534.00)
Seat 8: lipesticky (523500.00)
OmniVoid posts ante 900.00
phxphil602 posts ante 900.00
NotaDe20 posts ante 900.00
Paracetamol500 posts ante 900.00
BAKMAN5 posts ante 900.00
ALVORNOMAPAA posts ante 900.00
lipesticky posts ante 900.00
ALVORNOMAPAA posts the small blind 3000.00
lipesticky posts the big blind 6000.00
*** HOLE CARDS ***
Main pot 6300.00
Dealt to lipesticky [Th 9h]
OmniVoid raises 12000.00 to 12000.00
phxphil602 folds
NotaDe20 folds
Paracetamol500 folds
BAKMAN5 folds
ALVORNOMAPAA raises 45000.00 to 48000.00
lipesticky folds
OmniVoid folds
Uncalled bet (36000.00) returned to ALVORNOMAPAA
ALVORNOMAPAA does not show
*** SUMMARY ***
Total pot 36300.00
Seat 1: OmniVoid folded on the Pre-Flop and did not bet
Seat 2: phxphil602 folded on the Pre-Flop and did not bet
Seat 3: NotaDe20 folded on the Pre-Flop and did not bet
Seat 4: Paracetamol500 folded on the Pre-Flop and did not bet
Seat 6: BAKMAN5 (button) folded on the Pre-Flop
Seat 7: ALVORNOMAPAA did not show and won 36300.00
Seat 8: lipesticky (big blind) folded on the Pre-Flop

Game Hand #2025339717 - Tournament #31082331 - Holdem (No Limit) - Level 10 (3000.00/6000.00)- 2024/02/12 18:18:00 UTC
Table '17' 8-max Seat #7 is the button
Seat 1: OmniVoid (372890.00)
Seat 2: phxphil602 (233400.00)
Seat 3: NotaDe20 (280387.00)
Seat 4: Paracetamol500 (134963.00)
Seat 5: pepelapoo (459629.00)
Seat 6: BAKMAN5 (376851.00)
Seat 7: ALVORNOMAPAA (296934.00)
Seat 8: lipesticky (516600.00)
OmniVoid posts ante 900.00
phxphil602 posts ante 900.00
NotaDe20 posts ante 900.00
Paracetamol500 posts ante 900.00
pepelapoo posts ante 900.00
BAKMAN5 posts ante 900.00
ALVORNOMAPAA posts ante 900.00
lipesticky posts ante 900.00
lipesticky posts the small blind 3000.00
OmniVoid posts the big blind 6000.00
*** HOLE CARDS ***
Main pot 7200.00
Dealt to lipesticky [Tc As]
phxphil602 folds
NotaDe20 folds
Paracetamol500 folds
pepelapoo folds
BAKMAN5 raises 13800.00 to 13800.00
ALVORNOMAPAA folds
lipesticky raises 48000.00 to 51000.00
OmniVoid folds
BAKMAN5 folds
Uncalled bet (37200.00) returned to lipesticky
lipesticky does not show
*** SUMMARY ***
Total pot 40800.00
Seat 1: OmniVoid (big blind) folded on the Pre-Flop
Seat 2: phxphil602 folded on the Pre-Flop and did not bet
Seat 3: NotaDe20 folded on the Pre-Flop and did not bet
Seat 4: Paracetamol500 folded on the Pre-Flop and did not bet
Seat 5: pepelapoo folded on the Pre-Flop and did not bet
Seat 6: BAKMAN5 folded on the Pre-Flop and did not bet
Seat 7: ALVORNOMAPAA (button) folded on the Pre-Flop
Seat 8: lipesticky did not show and won 40800.00

Game Hand #2025340769 - Tournament #31082331 - Holdem (No Limit) - Level 10 (3000.00/6000.00)- 2024/02/12 18:19:09 UTC
Table '17' 8-max Seat #8 is the button
Seat 1: OmniVoid (365990.00)
Seat 2: phxphil602 (232500.00)
Seat 3: NotaDe20 (279487.00)
Seat 4: Paracetamol500 (134063.00)
Seat 5: pepelapoo (458729.00)
Seat 6: BAKMAN5 (362151.00)
Seat 7: ALVORNOMAPAA (296034.00)
Seat 8: lipesticky (542700.00)
OmniVoid posts ante 900.00
phxphil602 posts ante 900.00
NotaDe20 posts ante 900.00
Paracetamol500 posts ante 900.00
pepelapoo posts ante 900.00
BAKMAN5 posts ante 900.00
ALVORNOMAPAA posts ante 900.00
lipesticky posts ante 900.00
OmniVoid posts the small blind 3000.00
phxphil602 posts the big blind 6000.00
*** HOLE CARDS ***
Main pot 7200.00
Dealt to lipesticky [3c 7c]
NotaDe20 folds
Paracetamol500 folds
pepelapoo folds
BAKMAN5 raises 13800.00 to 13800.00
ALVORNOMAPAA folds
lipesticky folds
OmniVoid raises 52200.00 to 55200.00
phxphil602 folds
BAKMAN5 calls 41400.00
*** FLOP *** [8d 5h Js]
Main pot 123600.00
OmniVoid checks
BAKMAN5 checks
*** TURN *** [8d 5h Js] [Th]
Main pot 123600.00
OmniVoid checks
BAKMAN5 checks
*** RIVER *** [8d 5h Js Th] [Kd]
Main pot 123600.00
OmniVoid checks
BAKMAN5 bets 37788.00
OmniVoid calls 37788.00
*** SHOW DOWN ***
Main pot 199176.00
OmniVoid shows [5s 4s] (a pair of Fives [5s 5h Kd Js Th])
BAKMAN5 shows [Qc Ah] (a straight, Ace high [Ah Kd Qc Js Th])
BAKMAN5 collected 199176.00 from main pot
*** SUMMARY ***
Total pot 199176.00
Board [8d 5h Js Th Kd]
Seat 1: OmniVoid (small blind) showed [5s 4s] and lost with a pair of Fives [5s 5h Kd Js Th]
Seat 2: phxphil602 (big blind) folded on the Pre-Flop
Seat 3: NotaDe20 folded on the Pre-Flop and did not bet
Seat 4: Paracetamol500 folded on the Pre-Flop and did not bet
Seat 5: pepelapoo folded on the Pre-Flop and did not bet
Seat 6: BAKMAN5 showed [Qc Ah] and won 199176.00 with a straight, Ace high [Ah Kd Qc Js Th]
Seat 7: ALVORNOMAPAA folded on the Pre-Flop and did not bet
Seat 8: lipesticky (button) folded on the Pre-Flop

