Game Hand #2020240007 - Tournament #31155888 - Holdem (No Limit) - Level 4 (1000.00/2000.00)- 2024/02/07 17:06:57 UTC
Table '44' 8-max Seat #5 is the button
Seat 1: 1wombat (112898.00)
Seat 2: aviciistomach (112000.00)
Seat 3: optimusdawg (70231.00)
Seat 4: lipesticky (267612.00)
Seat 5: jckurasan (46900.00)
Seat 7: Born2er (137825.00)
Seat 8: KingKulina (91100.00)
1wombat posts ante 300.00
aviciistomach posts ante 300.00
optimusdawg posts ante 300.00
lipesticky posts ante 300.00
jckurasan posts ante 300.00
Born2er posts ante 300.00
KingKulina posts ante 300.00
Born2er posts the small blind 1000.00
KingKulina posts the big blind 2000.00
*** HOLE CARDS ***
Main pot 2100.00
Dealt to lipesticky [2c 4s]
1wombat folds
aviciistomach folds
optimusdawg folds
lipesticky folds
jckurasan raises 4000.00 to 4000.00
Born2er folds
KingKulina raises 88800.00 to 90800.00 and is all-in
jckurasan folds
Uncalled bet (86800.00) returned to KingKulina
KingKulina does not show
*** SUMMARY ***
Total pot 11100.00
Seat 1: 1wombat folded on the Pre-Flop and did not bet
Seat 2: aviciistomach folded on the Pre-Flop and did not bet
Seat 3: optimusdawg folded on the Pre-Flop and did not bet
Seat 4: lipesticky folded on the Pre-Flop and did not bet
Seat 5: jckurasan (button) folded on the Pre-Flop
Seat 7: Born2er (small blind) folded on the Pre-Flop
Seat 8: KingKulina did not show and won 11100.00

Game Hand #2020240337 - Tournament #31155888 - Holdem (No Limit) - Level 4 (1000.00/2000.00)- 2024/02/07 17:07:24 UTC
Table '44' 8-max Seat #7 is the button
Seat 1: 1wombat (112598.00)
Seat 2: aviciistomach (111700.00)
Seat 3: optimusdawg (69931.00)
Seat 4: lipesticky (267312.00)
Seat 5: jckurasan (42600.00)
Seat 6: VVsMolly (100000.00)
Seat 7: Born2er (136525.00)
Seat 8: KingKulina (97900.00)
1wombat posts ante 300.00
aviciistomach posts ante 300.00
optimusdawg posts ante 300.00
lipesticky posts ante 300.00
jckurasan posts ante 300.00
VVsMolly posts ante 300.00
Born2er posts ante 300.00
KingKulina posts ante 300.00
KingKulina posts the small blind 1000.00
1wombat posts the big blind 2000.00
*** HOLE CARDS ***
Main pot 2400.00
Dealt to lipesticky [7h 4h]
aviciistomach raises 4400.00 to 4400.00
optimusdawg folds
lipesticky folds
jckurasan folds
VVsMolly folds
Born2er folds
KingKulina folds
1wombat calls 2400.00
*** FLOP *** [8d 2c 7d]
Main pot 12200.00
1wombat checks
aviciistomach bets 4026.00
1wombat raises 13052.00 to 13052.00
aviciistomach calls 9026.00
*** TURN *** [8d 2c 7d] [4c]
Main pot 38304.00
1wombat bets 23067.00
aviciistomach calls 23067.00
*** RIVER *** [8d 2c 7d 4c] [3c]
Main pot 84438.00
1wombat checks
aviciistomach bets 70881.00 and is all-in
1wombat folds
Uncalled bet (70881.00) returned to aviciistomach
aviciistomach does not show
*** SUMMARY ***
Total pot 84438.00
Board [8d 2c 7d 4c 3c]
Seat 1: 1wombat (big blind) folded on the River
Seat 2: aviciistomach did not show and won 84438.00
Seat 3: optimusdawg folded on the Pre-Flop and did not bet
Seat 4: lipesticky folded on the Pre-Flop and did not bet
Seat 5: jckurasan folded on the Pre-Flop and did not bet
Seat 6: VVsMolly folded on the Pre-Flop and did not bet
Seat 7: Born2er (button) folded on the Pre-Flop
Seat 8: KingKulina (small blind) folded on the Pre-Flop

Game Hand #2020242386 - Tournament #31155888 - Holdem (No Limit) - Level 4 (1000.00/2000.00)- 2024/02/07 17:09:58 UTC
Table '44' 8-max Seat #8 is the button
Seat 1: 1wombat (71779.00)
Seat 2: aviciistomach (155319.00)
Seat 3: optimusdawg (69631.00)
Seat 4: lipesticky (267012.00)
Seat 5: jckurasan (42300.00)
Seat 6: VVsMolly (99700.00)
Seat 7: Born2er (136225.00)
Seat 8: KingKulina (96600.00)
1wombat posts ante 300.00
aviciistomach posts ante 300.00
optimusdawg posts ante 300.00
lipesticky posts ante 300.00
jckurasan posts ante 300.00
VVsMolly posts ante 300.00
Born2er posts ante 300.00
KingKulina posts ante 300.00
1wombat posts the small blind 1000.00
aviciistomach posts the big blind 2000.00
*** HOLE CARDS ***
Main pot 2400.00
Dealt to lipesticky [9c Ac]
optimusdawg folds
lipesticky raises 4200.00 to 4200.00
jckurasan folds
VVsMolly raises 12000.00 to 12000.00
Born2er folds
KingKulina calls 12000.00
1wombat folds
aviciistomach folds
lipesticky calls 7800.00
*** FLOP *** [Ad 7d 5s]
Main pot 41400.00
lipesticky checks
VVsMolly checks
KingKulina checks
*** TURN *** [Ad 7d 5s] [As]
Main pot 41400.00
lipesticky checks
VVsMolly bets 26770.00
KingKulina folds
lipesticky calls 26770.00
*** RIVER *** [Ad 7d 5s As] [Ah]
Main pot 94940.00
lipesticky checks
VVsMolly bets 60630.00 and is all-in
lipesticky calls 60630.00
*** SHOW DOWN ***
Main pot 216200.00
lipesticky shows [9c Ac] (four of a kind, Four Aces [As Ah Ad Ac 9c])
VVsMolly shows [Js Jh] (a full house, Aces full of Jacks [As Ah Ad Js Jh])
lipesticky collected 216200.00 from main pot
*** SUMMARY ***
Total pot 216200.00
Board [Ad 7d 5s As Ah]
Seat 1: 1wombat (small blind) folded on the Pre-Flop
Seat 2: aviciistomach (big blind) folded on the Pre-Flop
Seat 3: optimusdawg folded on the Pre-Flop and did not bet
Seat 4: lipesticky showed [9c Ac] and won 216200.00 with four of a kind, Four Aces [As Ah Ad Ac 9c]
Seat 5: jckurasan folded on the Pre-Flop and did not bet
Seat 6: VVsMolly showed [Js Jh] and lost with a full house, Aces full of Jacks [As Ah Ad Js Jh]
Seat 7: Born2er folded on the Pre-Flop and did not bet
Seat 8: KingKulina (button) folded on the Turn

Game Hand #2020245061 - Tournament #31155888 - Holdem (No Limit) - Level 5 (1250.00/2500.00)- 2024/02/07 17:13:14 UTC
Table '44' 8-max Seat #1 is the button
Seat 1: 1wombat (70479.00)
Seat 2: aviciistomach (153019.00)
Seat 3: optimusdawg (69331.00)
Seat 4: lipesticky (383512.00)
Seat 5: jckurasan (42000.00)
Seat 7: Born2er (135925.00)
Seat 8: KingKulina (84300.00)
1wombat posts ante 350.00
aviciistomach posts ante 350.00
optimusdawg posts ante 350.00
lipesticky posts ante 350.00
jckurasan posts ante 350.00
Born2er posts ante 350.00
KingKulina posts ante 350.00
aviciistomach posts the small blind 1250.00
optimusdawg posts the big blind 2500.00
*** HOLE CARDS ***
Main pot 2450.00
Dealt to lipesticky [7d 8s]
lipesticky folds
jckurasan folds
Born2er folds
KingKulina folds
1wombat raises 5000.00 to 5000.00
aviciistomach raises 151419.00 to 152669.00 and is all-in
optimusdawg folds
1wombat folds
Uncalled bet (147669.00) returned to aviciistomach
aviciistomach does not show
*** SUMMARY ***
Total pot 14950.00
Seat 1: 1wombat (button) folded on the Pre-Flop
Seat 2: aviciistomach did not show and won 14950.00
Seat 3: optimusdawg (big blind) folded on the Pre-Flop
Seat 4: lipesticky folded on the Pre-Flop and did not bet
Seat 5: jckurasan folded on the Pre-Flop and did not bet
Seat 7: Born2er folded on the Pre-Flop and did not bet
Seat 8: KingKulina folded on the Pre-Flop and did not bet

Game Hand #2020245717 - Tournament #31155888 - Holdem (No Limit) - Level 5 (1250.00/2500.00)- 2024/02/07 17:14:04 UTC
Table '44' 8-max Seat #2 is the button
Seat 1: 1wombat (65129.00)
Seat 2: aviciistomach (162619.00)
Seat 3: optimusdawg (66481.00)
Seat 4: lipesticky (383162.00)
Seat 5: jckurasan (41650.00)
Seat 6: VVsMolly (100000.00)
Seat 7: Born2er (135575.00)
Seat 8: KingKulina (83950.00)
1wombat posts ante 350.00
aviciistomach posts ante 350.00
optimusdawg posts ante 350.00
lipesticky posts ante 350.00
jckurasan posts ante 350.00
VVsMolly posts ante 350.00
Born2er posts ante 350.00
KingKulina posts ante 350.00
optimusdawg posts the small blind 1250.00
lipesticky posts the big blind 2500.00
*** HOLE CARDS ***
Main pot 2800.00
Dealt to lipesticky [Td 3d]
jckurasan folds
VVsMolly folds
Born2er raises 5700.00 to 5700.00
KingKulina folds
1wombat folds
aviciistomach folds
optimusdawg folds
lipesticky calls 3200.00
*** FLOP *** [7c Tc Jc]
Main pot 15450.00
lipesticky checks
Born2er bets 5400.00
lipesticky calls 5400.00
*** TURN *** [7c Tc Jc] [Th]
Main pot 26250.00
lipesticky checks
Born2er checks
*** RIVER *** [7c Tc Jc Th] [Jd]
Main pot 26250.00
lipesticky bets 14438.00
Born2er folds
Uncalled bet (14438.00) returned to lipesticky
lipesticky does not show
*** SUMMARY ***
Total pot 26250.00
Board [7c Tc Jc Th Jd]
Seat 1: 1wombat folded on the Pre-Flop and did not bet
Seat 2: aviciistomach (button) folded on the Pre-Flop
Seat 3: optimusdawg (small blind) folded on the Pre-Flop
Seat 4: lipesticky did not show and won 26250.00
Seat 5: jckurasan folded on the Pre-Flop and did not bet
Seat 6: VVsMolly folded on the Pre-Flop and did not bet
Seat 7: Born2er folded on the River
Seat 8: KingKulina folded on the Pre-Flop and did not bet

Game Hand #2020246968 - Tournament #31155888 - Holdem (No Limit) - Level 5 (1250.00/2500.00)- 2024/02/07 17:15:34 UTC
Table '44' 8-max Seat #3 is the button
Seat 1: 1wombat (64779.00)
Seat 2: aviciistomach (162269.00)
Seat 3: optimusdawg (64881.00)
Seat 4: lipesticky (397962.00)
Seat 5: jckurasan (41300.00)
Seat 6: VVsMolly (99650.00)
Seat 7: Born2er (124125.00)
Seat 8: KingKulina (83600.00)
1wombat posts ante 350.00
aviciistomach posts ante 350.00
optimusdawg posts ante 350.00
lipesticky posts ante 350.00
jckurasan posts ante 350.00
VVsMolly posts ante 350.00
Born2er posts ante 350.00
KingKulina posts ante 350.00
lipesticky posts the small blind 1250.00
jckurasan posts the big blind 2500.00
*** HOLE CARDS ***
Main pot 2800.00
Dealt to lipesticky [6s 5c]
VVsMolly folds
Born2er folds
KingKulina folds
1wombat folds
aviciistomach folds
optimusdawg raises 5000.00 to 5000.00
lipesticky folds
jckurasan calls 2500.00
*** FLOP *** [7c 8s 2s]
Main pot 14050.00
jckurasan checks
optimusdawg bets 4637.00
jckurasan calls 4637.00
*** TURN *** [7c 8s 2s] [Qh]
Main pot 23324.00
jckurasan checks
optimusdawg checks
*** RIVER *** [7c 8s 2s Qh] [Jc]
Main pot 23324.00
jckurasan checks
optimusdawg checks
*** SHOW DOWN ***
Main pot 23324.00
optimusdawg shows [7s 9s] (a pair of Sevens [7s 7c Qh Jc 9s])
jckurasan shows [7d 2d] (two pair, Sevens and Deuces [7d 7c 2s 2d Qh])
jckurasan collected 23324.00 from main pot
*** SUMMARY ***
Total pot 23324.00
Board [7c 8s 2s Qh Jc]
Seat 1: 1wombat folded on the Pre-Flop and did not bet
Seat 2: aviciistomach folded on the Pre-Flop and did not bet
Seat 3: optimusdawg (button) showed [7s 9s] and lost with a pair of Sevens [7s 7c Qh Jc 9s]
Seat 4: lipesticky (small blind) folded on the Pre-Flop
Seat 5: jckurasan (big blind) showed [7d 2d] and won 23324.00 with two pair, Sevens and Deuces [7d 7c 2s 2d Qh]
Seat 6: VVsMolly folded on the Pre-Flop and did not bet
Seat 7: Born2er folded on the Pre-Flop and did not bet
Seat 8: KingKulina folded on the Pre-Flop and did not bet

Game Hand #2020249536 - Tournament #31155888 - Holdem (No Limit) - Level 5 (1250.00/2500.00)- 2024/02/07 17:18:39 UTC
Table '44' 8-max Seat #4 is the button
Seat 1: 1wombat (64429.00)
Seat 2: aviciistomach (161919.00)
Seat 3: optimusdawg (54894.00)
Seat 4: lipesticky (396362.00)
Seat 5: jckurasan (54637.00)
Seat 6: VVsMolly (99300.00)
Seat 7: Born2er (123775.00)
Seat 8: KingKulina (83250.00)
1wombat posts ante 350.00
aviciistomach posts ante 350.00
optimusdawg posts ante 350.00
lipesticky posts ante 350.00
jckurasan posts ante 350.00
VVsMolly posts ante 350.00
Born2er posts ante 350.00
KingKulina posts ante 350.00
jckurasan posts the small blind 1250.00
VVsMolly posts the big blind 2500.00
*** HOLE CARDS ***
Main pot 2800.00
Dealt to lipesticky [7d 7c]
Born2er folds
KingKulina folds
1wombat folds
aviciistomach folds
optimusdawg raises 5000.00 to 5000.00
lipesticky raises 12500.00 to 12500.00
jckurasan folds
VVsMolly folds
optimusdawg raises 49544.00 to 54544.00 and is all-in
lipesticky calls 42044.00
*** FLOP *** [2d Qh 6s]
Main pot 115638.00
*** TURN *** [2d Qh 6s] [Kc]
Main pot 115638.00
*** RIVER *** [2d Qh 6s Kc] [3s]
Main pot 115638.00
*** SHOW DOWN ***
Main pot 115638.00
optimusdawg shows [As 8s] (a high card, Ace high [As Kc Qh 8s 6s])
lipesticky shows [7d 7c] (a pair of Sevens [7d 7c Kc Qh 6s])
lipesticky collected 115638.00 from main pot
*** SUMMARY ***
Total pot 115638.00
Board [2d Qh 6s Kc 3s]
Seat 1: 1wombat folded on the Pre-Flop and did not bet
Seat 2: aviciistomach folded on the Pre-Flop and did not bet
Seat 3: optimusdawg showed [As 8s] and lost with a high card, Ace high [As Kc Qh 8s 6s]
Seat 4: lipesticky (button) showed [7d 7c] and won 115638.00 with a pair of Sevens [7d 7c Kc Qh 6s]
Seat 5: jckurasan (small blind) folded on the Pre-Flop
Seat 6: VVsMolly (big blind) folded on the Pre-Flop
Seat 7: Born2er folded on the Pre-Flop and did not bet
Seat 8: KingKulina folded on the Pre-Flop and did not bet

Game Hand #2020250303 - Tournament #31155888 - Holdem (No Limit) - Level 5 (1250.00/2500.00)- 2024/02/07 17:19:35 UTC
Table '44' 8-max Seat #5 is the button
Seat 1: 1wombat (64079.00)
Seat 2: aviciistomach (161569.00)
Seat 4: lipesticky (457106.00)
Seat 5: jckurasan (53037.00)
Seat 6: VVsMolly (96450.00)
Seat 7: Born2er (123425.00)
1wombat posts ante 350.00
aviciistomach posts ante 350.00
lipesticky posts ante 350.00
jckurasan posts ante 350.00
VVsMolly posts ante 350.00
Born2er posts ante 350.00
VVsMolly posts the small blind 1250.00
Born2er posts the big blind 2500.00
*** HOLE CARDS ***
Main pot 2100.00
Dealt to lipesticky [3c 8c]
1wombat raises 5000.00 to 5000.00
aviciistomach folds
lipesticky folds
jckurasan folds
VVsMolly folds
Born2er calls 2500.00
*** FLOP *** [Kc 2d Ks]
Main pot 13350.00
Born2er bets 6675.00
1wombat calls 6675.00
*** TURN *** [Kc 2d Ks] [Jh]
Main pot 26700.00
Born2er bets 20025.00
1wombat calls 20025.00
*** RIVER *** [Kc 2d Ks Jh] [8d]
Main pot 66750.00
Born2er bets 91375.00 and is all-in
1wombat calls 32029.00 and is all-in
Uncalled bet (59346.00) returned to Born2er
*** SHOW DOWN ***
Main pot 130808.00
1wombat shows [Ac Kd] (three of a kind, Set of Kings [Ks Kd Kc Ac Jh])
Born2er shows [Kh 3h] (three of a kind, Set of Kings [Ks Kh Kc Jh 8d])
1wombat collected 130808.00 from main pot
*** SUMMARY ***
Total pot 130808.00
Board [Kc 2d Ks Jh 8d]
Seat 1: 1wombat showed [Ac Kd] and won 130808.00 with three of a kind, Set of Kings [Ks Kd Kc Ac Jh] with the kicker Ace
Seat 2: aviciistomach folded on the Pre-Flop and did not bet
Seat 4: lipesticky folded on the Pre-Flop and did not bet
Seat 5: jckurasan (button) folded on the Pre-Flop
Seat 6: VVsMolly (small blind) folded on the Pre-Flop
Seat 7: Born2er (big blind) showed [Kh 3h] and lost with three of a kind, Set of Kings [Ks Kh Kc Jh 8d]

Game Hand #2020251260 - Tournament #31155888 - Holdem (No Limit) - Level 5 (1250.00/2500.00)- 2024/02/07 17:20:46 UTC
Table '44' 8-max Seat #6 is the button
Seat 1: 1wombat (130808.00)
Seat 2: aviciistomach (161219.00)
Seat 3: 20Lavar (212339.00)
Seat 4: lipesticky (456756.00)
Seat 5: jckurasan (52687.00)
Seat 6: VVsMolly (94850.00)
Seat 7: Born2er (59346.00)
1wombat posts ante 350.00
aviciistomach posts ante 350.00
20Lavar posts ante 350.00
lipesticky posts ante 350.00
jckurasan posts ante 350.00
VVsMolly posts ante 350.00
Born2er posts ante 350.00
Born2er posts the small blind 1250.00
1wombat posts the big blind 2500.00
*** HOLE CARDS ***
Main pot 2450.00
Dealt to lipesticky [Jd 8c]
aviciistomach folds
20Lavar folds
lipesticky folds
jckurasan folds
VVsMolly folds
Born2er raises 5750.00 to 7000.00
1wombat calls 4500.00
*** FLOP *** [Qc 8s 2s]
Main pot 16450.00
Born2er bets 4113.00
1wombat calls 4113.00
*** TURN *** [Qc 8s 2s] [5c]
Main pot 24676.00
Born2er bets 18507.00
1wombat raises 119345.00 to 119345.00 and is all-in
Born2er calls 29376.00 and is all-in
Uncalled bet (71462.00) returned to 1wombat
*** RIVER *** [Qc 8s 2s 5c] [Ah]
Main pot 120442.00
*** SHOW DOWN ***
Main pot 120442.00
1wombat shows [3s Qs] (a pair of Queens [Qs Qc Ah 8s 5c])
Born2er shows [Ks Qh] (a pair of Queens [Qh Qc Ah Ks 8s])
Born2er collected 120442.00 from main pot
*** SUMMARY ***
Total pot 120442.00
Board [Qc 8s 2s 5c Ah]
Seat 1: 1wombat (big blind) showed [3s Qs] and lost with a pair of Queens [Qs Qc Ah 8s 5c]
Seat 2: aviciistomach folded on the Pre-Flop and did not bet
Seat 3: 20Lavar folded on the Pre-Flop and did not bet
Seat 4: lipesticky folded on the Pre-Flop and did not bet
Seat 5: jckurasan folded on the Pre-Flop and did not bet
Seat 6: VVsMolly (button) folded on the Pre-Flop
Seat 7: Born2er (small blind) showed [Ks Qh] and won 120442.00 with a pair of Queens [Qh Qc Ah Ks 8s] with the kicker King

Game Hand #2020252329 - Tournament #31155888 - Holdem (No Limit) - Level 5 (1250.00/2500.00)- 2024/02/07 17:22:01 UTC
Table '44' 8-max Seat #7 is the button
Seat 1: 1wombat (71462.00)
Seat 2: aviciistomach (160869.00)
Seat 3: 20Lavar (211989.00)
Seat 4: lipesticky (456406.00)
Seat 5: jckurasan (52337.00)
Seat 6: VVsMolly (94500.00)
Seat 7: Born2er (120442.00)
Seat 8: Sindebi will be allowed to play after the button
1wombat posts ante 350.00
aviciistomach posts ante 350.00
20Lavar posts ante 350.00
lipesticky posts ante 350.00
jckurasan posts ante 350.00
VVsMolly posts ante 350.00
Born2er posts ante 350.00
1wombat posts the small blind 1250.00
aviciistomach posts the big blind 2500.00
*** HOLE CARDS ***
Main pot 2450.00
Dealt to lipesticky [3d Qc]
20Lavar folds
lipesticky folds
jckurasan folds
VVsMolly folds
Born2er raises 5700.00 to 5700.00
1wombat folds
aviciistomach calls 3200.00
*** FLOP *** [Td Tc Ad]
Main pot 15100.00
aviciistomach checks
Born2er bets 5000.00
aviciistomach folds
Uncalled bet (5000.00) returned to Born2er
Born2er does not show
*** SUMMARY ***
Total pot 15100.00
Board [Td Tc Ad]
Seat 1: 1wombat (small blind) folded on the Pre-Flop
Seat 2: aviciistomach (big blind) folded on the Flop
Seat 3: 20Lavar folded on the Pre-Flop and did not bet
Seat 4: lipesticky folded on the Pre-Flop and did not bet
Seat 5: jckurasan folded on the Pre-Flop and did not bet
Seat 6: VVsMolly folded on the Pre-Flop and did not bet
Seat 7: Born2er did not show and won 15100.00

Game Hand #2020253341 - Tournament #31155888 - Holdem (No Limit) - Level 6 (1500.00/3000.00)- 2024/02/07 17:23:13 UTC
Table '44' 8-max Seat #1 is the button
Seat 1: 1wombat (69862.00)
Seat 2: aviciistomach (154819.00)
Seat 3: 20Lavar (211639.00)
Seat 4: lipesticky (456056.00)
Seat 5: jckurasan (51987.00)
Seat 6: VVsMolly (94150.00)
Seat 7: Born2er (129492.00)
Seat 8: Sindebi (100000.00)
1wombat posts ante 450.00
aviciistomach posts ante 450.00
20Lavar posts ante 450.00
lipesticky posts ante 450.00
jckurasan posts ante 450.00
VVsMolly posts ante 450.00
Born2er posts ante 450.00
Sindebi posts ante 450.00
aviciistomach posts the small blind 1500.00
20Lavar posts the big blind 3000.00
*** HOLE CARDS ***
Main pot 3600.00
Dealt to lipesticky [4s 2h]
lipesticky folds
jckurasan folds
VVsMolly raises 6000.00 to 6000.00
Born2er calls 6000.00
Sindebi folds
1wombat folds
aviciistomach folds
20Lavar calls 3000.00
*** FLOP *** [9s As 4d]
Main pot 23100.00
20Lavar checks
VVsMolly bets 5775.00
Born2er folds
20Lavar folds
Uncalled bet (5775.00) returned to VVsMolly
VVsMolly does not show
*** SUMMARY ***
Total pot 23100.00
Board [9s As 4d]
Seat 1: 1wombat (button) folded on the Pre-Flop
Seat 2: aviciistomach (small blind) folded on the Pre-Flop
Seat 3: 20Lavar (big blind) folded on the Flop
Seat 4: lipesticky folded on the Pre-Flop and did not bet
Seat 5: jckurasan folded on the Pre-Flop and did not bet
Seat 6: VVsMolly did not show and won 23100.00
Seat 7: Born2er folded on the Flop
Seat 8: Sindebi folded on the Pre-Flop and did not bet

Game Hand #2020254362 - Tournament #31155888 - Holdem (No Limit) - Level 6 (1500.00/3000.00)- 2024/02/07 17:24:28 UTC
Table '44' 8-max Seat #2 is the button
Seat 1: 1wombat (69412.00)
Seat 2: aviciistomach (152869.00)
Seat 3: 20Lavar (205189.00)
Seat 4: lipesticky (455606.00)
Seat 5: jckurasan (51537.00)
Seat 6: VVsMolly (110800.00)
Seat 7: Born2er (123042.00)
Seat 8: Sindebi (99550.00)
1wombat posts ante 450.00
aviciistomach posts ante 450.00
20Lavar posts ante 450.00
lipesticky posts ante 450.00
jckurasan posts ante 450.00
VVsMolly posts ante 450.00
Born2er posts ante 450.00
Sindebi posts ante 450.00
20Lavar posts the small blind 1500.00
lipesticky posts the big blind 3000.00
*** HOLE CARDS ***
Main pot 3600.00
Dealt to lipesticky [Tc Td]
jckurasan calls 3000.00
VVsMolly folds
Born2er folds
Sindebi folds
1wombat folds
aviciistomach folds
20Lavar calls 1500.00
lipesticky raises 10500.00 to 13500.00
jckurasan raises 48087.00 to 51087.00 and is all-in
20Lavar folds
lipesticky calls 37587.00
*** FLOP *** [4c 2h 2d]
Main pot 108774.00
*** TURN *** [4c 2h 2d] [3d]
Main pot 108774.00
*** RIVER *** [4c 2h 2d 3d] [2c]
Main pot 108774.00
*** SHOW DOWN ***
Main pot 108774.00
lipesticky shows [Tc Td] (a full house, Deuces full of Tens [2h 2d 2c Td Tc])
jckurasan shows [5s 5d] (a full house, Deuces full of Fives [2h 2d 2c 5s 5d])
lipesticky collected 108774.00 from main pot
*** SUMMARY ***
Total pot 108774.00
Board [4c 2h 2d 3d 2c]
Seat 1: 1wombat folded on the Pre-Flop and did not bet
Seat 2: aviciistomach (button) folded on the Pre-Flop
Seat 3: 20Lavar (small blind) folded on the Pre-Flop
Seat 4: lipesticky (big blind) showed [Tc Td] and won 108774.00 with a full house, Deuces full of Tens [2h 2d 2c Td Tc]
Seat 5: jckurasan showed [5s 5d] and lost with a full house, Deuces full of Fives [2h 2d 2c 5s 5d]
Seat 6: VVsMolly folded on the Pre-Flop and did not bet
Seat 7: Born2er folded on the Pre-Flop and did not bet
Seat 8: Sindebi folded on the Pre-Flop and did not bet

Game Hand #2020255346 - Tournament #31155888 - Holdem (No Limit) - Level 6 (1500.00/3000.00)- 2024/02/07 17:25:38 UTC
Table '44' 8-max Seat #3 is the button
Seat 1: 1wombat (68962.00)
Seat 2: aviciistomach (152419.00)
Seat 3: 20Lavar (201739.00)
Seat 4: lipesticky (512843.00)
Seat 6: VVsMolly (110350.00)
Seat 7: Born2er (122592.00)
Seat 8: Sindebi (99100.00)
1wombat posts ante 450.00
aviciistomach posts ante 450.00
20Lavar posts ante 450.00
lipesticky posts ante 450.00
VVsMolly posts ante 450.00
Born2er posts ante 450.00
Sindebi posts ante 450.00
lipesticky posts the small blind 1500.00
VVsMolly posts the big blind 3000.00
*** HOLE CARDS ***
Main pot 3150.00
Dealt to lipesticky [Jc 2d]
Born2er folds
Sindebi folds
1wombat folds
aviciistomach folds
20Lavar raises 6300.00 to 6300.00
lipesticky folds
VVsMolly folds
Uncalled bet (3300.00) returned to 20Lavar
20Lavar does not show
*** SUMMARY ***
Total pot 10650.00
Seat 1: 1wombat folded on the Pre-Flop and did not bet
Seat 2: aviciistomach folded on the Pre-Flop and did not bet
Seat 3: 20Lavar did not show and won 10650.00
Seat 4: lipesticky (small blind) folded on the Pre-Flop
Seat 6: VVsMolly (big blind) folded on the Pre-Flop
Seat 7: Born2er folded on the Pre-Flop and did not bet
Seat 8: Sindebi folded on the Pre-Flop and did not bet

Game Hand #2020255847 - Tournament #31155888 - Holdem (No Limit) - Level 6 (1500.00/3000.00)- 2024/02/07 17:26:14 UTC
Table '44' 8-max Seat #4 is the button
Seat 1: 1wombat (68512.00)
Seat 2: aviciistomach (151969.00)
Seat 3: 20Lavar (208939.00)
Seat 4: lipesticky (510893.00)
Seat 5: chugalug14 will be allowed to play after the button
Seat 6: VVsMolly (106900.00)
Seat 7: Born2er (122142.00)
Seat 8: Sindebi (98650.00)
1wombat posts ante 450.00
aviciistomach posts ante 450.00
20Lavar posts ante 450.00
lipesticky posts ante 450.00
VVsMolly posts ante 450.00
Born2er posts ante 450.00
Sindebi posts ante 450.00
VVsMolly posts the small blind 1500.00
Born2er posts the big blind 3000.00
*** HOLE CARDS ***
Main pot 3150.00
Dealt to lipesticky [9h 6s]
Sindebi folds
1wombat folds
aviciistomach folds
20Lavar raises 6300.00 to 6300.00
lipesticky folds
VVsMolly folds
Born2er raises 22000.00 to 25000.00
20Lavar raises 202189.00 to 208489.00 and is all-in
Born2er calls 96692.00 and is all-in
Uncalled bet (86797.00) returned to 20Lavar
*** FLOP *** [8c 2c 3s]
Main pot 248034.00
*** TURN *** [8c 2c 3s] [7c]
Main pot 248034.00
*** RIVER *** [8c 2c 3s 7c] [7h]
Main pot 248034.00
*** SHOW DOWN ***
Main pot 248034.00
20Lavar shows [Jc Js] (two pair, Jacks and Sevens [Js Jc 7h 7c 8c])
Born2er shows [Ts Tc] (two pair, Tens and Sevens [Ts Tc 7h 7c 8c])
20Lavar collected 248034.00 from main pot
*** SUMMARY ***
Total pot 248034.00
Board [8c 2c 3s 7c 7h]
Seat 1: 1wombat folded on the Pre-Flop and did not bet
Seat 2: aviciistomach folded on the Pre-Flop and did not bet
Seat 3: 20Lavar showed [Jc Js] and won 248034.00 with two pair, Jacks and Sevens [Js Jc 7h 7c 8c]
Seat 4: lipesticky (button) folded on the Pre-Flop
Seat 6: VVsMolly (small blind) folded on the Pre-Flop
Seat 7: Born2er (big blind) showed [Ts Tc] and lost with two pair, Tens and Sevens [Ts Tc 7h 7c 8c]
Seat 8: Sindebi folded on the Pre-Flop and did not bet

Game Hand #2020256661 - Tournament #31155888 - Holdem (No Limit) - Level 6 (1500.00/3000.00)- 2024/02/07 17:27:15 UTC
Table '44' 8-max Seat #6 is the button
Seat 1: 1wombat (68062.00)
Seat 2: aviciistomach (151519.00)
Seat 3: 20Lavar (334831.00)
Seat 4: lipesticky (510443.00)
Seat 5: chugalug14 (100000.00)
Seat 6: VVsMolly (104950.00)
Seat 8: Sindebi (98200.00)
1wombat posts ante 450.00
aviciistomach posts ante 450.00
20Lavar posts ante 450.00
lipesticky posts ante 450.00
chugalug14 posts ante 450.00
VVsMolly posts ante 450.00
Sindebi posts ante 450.00
Sindebi posts the big blind 3000.00
*** HOLE CARDS ***
Main pot 3150.00
Dealt to lipesticky [Jc 9c]
1wombat folds
aviciistomach folds
20Lavar raises 6300.00 to 6300.00
lipesticky calls 6300.00
chugalug14 folds
VVsMolly folds
Sindebi calls 3300.00
*** FLOP *** [8d Kd 7d]
Main pot 22050.00
Sindebi checks
20Lavar checks
lipesticky bets 5777.00
Sindebi raises 14554.00 to 14554.00
20Lavar folds
lipesticky folds
Uncalled bet (8777.00) returned to Sindebi
Sindebi does not show
*** SUMMARY ***
Total pot 33604.00
Board [8d Kd 7d]
Seat 1: 1wombat folded on the Pre-Flop and did not bet
Seat 2: aviciistomach folded on the Pre-Flop and did not bet
Seat 3: 20Lavar folded on the Flop
Seat 4: lipesticky folded on the Flop
Seat 5: chugalug14 folded on the Pre-Flop and did not bet
Seat 6: VVsMolly (button) folded on the Pre-Flop
Seat 8: Sindebi did not show and won 33604.00

Game Hand #2020257974 - Tournament #31155888 - Holdem (No Limit) - Level 6 (1500.00/3000.00)- 2024/02/07 17:28:49 UTC
Table '44' 8-max Seat #7 is the button
Seat 1: 1wombat (67612.00)
Seat 2: aviciistomach (151069.00)
Seat 3: 20Lavar (328081.00)
Seat 4: lipesticky (497916.00)
Seat 5: chugalug14 (99550.00)
Seat 6: VVsMolly (104500.00)
Seat 7: RNigro41 will be allowed to play after the button
Seat 8: Sindebi (119277.00)
1wombat posts ante 450.00
aviciistomach posts ante 450.00
20Lavar posts ante 450.00
lipesticky posts ante 450.00
chugalug14 posts ante 450.00
VVsMolly posts ante 450.00
Sindebi posts ante 450.00
Sindebi posts the small blind 1500.00
1wombat posts the big blind 3000.00
*** HOLE CARDS ***
Main pot 3150.00
Dealt to lipesticky [Kh 4d]
aviciistomach folds
20Lavar raises 6300.00 to 6300.00
lipesticky folds
chugalug14 folds
VVsMolly folds
Sindebi folds
1wombat folds
Uncalled bet (3300.00) returned to 20Lavar
20Lavar does not show
*** SUMMARY ***
Total pot 10650.00
Seat 1: 1wombat (big blind) folded on the Pre-Flop
Seat 2: aviciistomach folded on the Pre-Flop and did not bet
Seat 3: 20Lavar did not show and won 10650.00
Seat 4: lipesticky folded on the Pre-Flop and did not bet
Seat 5: chugalug14 folded on the Pre-Flop and did not bet
Seat 6: VVsMolly folded on the Pre-Flop and did not bet
Seat 8: Sindebi (small blind) folded on the Pre-Flop

Game Hand #2020258275 - Tournament #31155888 - Holdem (No Limit) - Level 6 (1500.00/3000.00)- 2024/02/07 17:29:10 UTC
Table '44' 8-max Seat #8 is the button
Seat 1: 1wombat (64162.00)
Seat 2: aviciistomach (150619.00)
Seat 3: 20Lavar (335281.00)
Seat 4: lipesticky (497466.00)
Seat 5: chugalug14 (99100.00)
Seat 6: VVsMolly (104050.00)
Seat 7: RNigro41 (128232.00)
Seat 8: Sindebi (117327.00)
1wombat posts ante 450.00
aviciistomach posts ante 450.00
20Lavar posts ante 450.00
lipesticky posts ante 450.00
chugalug14 posts ante 450.00
VVsMolly posts ante 450.00
RNigro41 posts ante 450.00
Sindebi posts ante 450.00
1wombat posts the small blind 1500.00
aviciistomach posts the big blind 3000.00
*** HOLE CARDS ***
Main pot 3600.00
Dealt to lipesticky [7c Kh]
20Lavar raises 6300.00 to 6300.00
lipesticky folds
chugalug14 folds
VVsMolly folds
RNigro41 raises 18000.00 to 18000.00
Sindebi folds
1wombat folds
aviciistomach folds
20Lavar folds
Uncalled bet (11700.00) returned to RNigro41
RNigro41 does not show
*** SUMMARY ***
Total pot 20700.00
Seat 1: 1wombat (small blind) folded on the Pre-Flop
Seat 2: aviciistomach (big blind) folded on the Pre-Flop
Seat 3: 20Lavar folded on the Pre-Flop and did not bet
Seat 4: lipesticky folded on the Pre-Flop and did not bet
Seat 5: chugalug14 folded on the Pre-Flop and did not bet
Seat 6: VVsMolly folded on the Pre-Flop and did not bet
Seat 7: RNigro41 did not show and won 20700.00
Seat 8: Sindebi (button) folded on the Pre-Flop

Game Hand #2020259522 - Tournament #31155888 - Holdem (No Limit) - Level 6 (1500.00/3000.00)- 2024/02/07 17:30:38 UTC
Table '44' 8-max Seat #2 is the button
Seat 1: 1wombat (69862.00)
Seat 2: aviciistomach (145219.00)
Seat 3: 20Lavar (325081.00)
Seat 4: lipesticky (496566.00) is sitting out
Seat 5: chugalug14 (98200.00)
Seat 6: VVsMolly (103150.00)
Seat 7: RNigro41 (141732.00)
Seat 8: Sindebi (116427.00)
1wombat posts ante 450.00
aviciistomach posts ante 450.00
20Lavar posts ante 450.00
lipesticky posts ante 450.00
chugalug14 posts ante 450.00
VVsMolly posts ante 450.00
RNigro41 posts ante 450.00
Sindebi posts ante 450.00
20Lavar posts the small blind 1500.00
lipesticky posts the big blind 3000.00
*** HOLE CARDS ***
Main pot 3600.00
Dealt to lipesticky [2s 7c]
chugalug14 folds
VVsMolly folds
RNigro41 folds
Sindebi folds
1wombat folds
aviciistomach raises 6000.00 to 6000.00
20Lavar raises 25500.00 to 27000.00
lipesticky folds
aviciistomach calls 21000.00
*** FLOP *** [8h 8s 4h]
Main pot 60600.00
20Lavar bets 19392.00
aviciistomach calls 19392.00
*** TURN *** [8h 8s 4h] [Qh]
Main pot 99384.00
20Lavar checks
aviciistomach checks
*** RIVER *** [8h 8s 4h Qh] [Kc]
Main pot 99384.00
20Lavar bets 124230.00
aviciistomach calls 98377.00 and is all-in
Uncalled bet (25853.00) returned to 20Lavar
*** SHOW DOWN ***
Main pot 296138.00
aviciistomach shows [Qs 8c] (a full house, Eights full of Queens [8s 8h 8c Qs Qh])
20Lavar shows [As Js] (a pair of Eights [8s 8h As Kc Qh])
aviciistomach collected 296138.00 from main pot
*** SUMMARY ***
Total pot 296138.00
Board [8h 8s 4h Qh Kc]
Seat 1: 1wombat folded on the Pre-Flop and did not bet
Seat 2: aviciistomach (button) showed [Qs 8c] and won 296138.00 with a full house, Eights full of Queens [8s 8h 8c Qs Qh]
Seat 3: 20Lavar (small blind) showed [As Js] and lost with a pair of Eights [8s 8h As Kc Qh]
Seat 4: lipesticky (big blind) folded on the Pre-Flop
Seat 5: chugalug14 folded on the Pre-Flop and did not bet
Seat 6: VVsMolly folded on the Pre-Flop and did not bet
Seat 7: RNigro41 folded on the Pre-Flop and did not bet
Seat 8: Sindebi folded on the Pre-Flop and did not bet

Game Hand #2020260951 - Tournament #31155888 - Holdem (No Limit) - Level 6 (1500.00/3000.00)- 2024/02/07 17:32:15 UTC
Table '44' 8-max Seat #3 is the button
Seat 1: 1wombat (69412.00)
Seat 2: aviciistomach (296138.00)
Seat 3: 20Lavar (179862.00)
Seat 4: lipesticky (493116.00)
Seat 5: chugalug14 (97750.00)
Seat 6: VVsMolly (102700.00)
Seat 7: RNigro41 (141282.00)
Seat 8: Sindebi (115977.00)
1wombat posts ante 450.00
aviciistomach posts ante 450.00
20Lavar posts ante 450.00
lipesticky posts ante 450.00
chugalug14 posts ante 450.00
VVsMolly posts ante 450.00
RNigro41 posts ante 450.00
Sindebi posts ante 450.00
lipesticky posts the small blind 1500.00
chugalug14 posts the big blind 3000.00
*** HOLE CARDS ***
Main pot 3600.00
Dealt to lipesticky [Jh 2s]
VVsMolly folds
RNigro41 folds
Sindebi folds
1wombat folds
aviciistomach raises 6600.00 to 6600.00
20Lavar folds
lipesticky folds
chugalug14 folds
Uncalled bet (3600.00) returned to aviciistomach
aviciistomach does not show
*** SUMMARY ***
Total pot 11100.00
Seat 1: 1wombat folded on the Pre-Flop and did not bet
Seat 2: aviciistomach did not show and won 11100.00
Seat 3: 20Lavar (button) folded on the Pre-Flop
Seat 4: lipesticky (small blind) folded on the Pre-Flop
Seat 5: chugalug14 (big blind) folded on the Pre-Flop
Seat 6: VVsMolly folded on the Pre-Flop and did not bet
Seat 7: RNigro41 folded on the Pre-Flop and did not bet
Seat 8: Sindebi folded on the Pre-Flop and did not bet

Game Hand #2020261325 - Tournament #31155888 - Holdem (No Limit) - Level 6 (1500.00/3000.00)- 2024/02/07 17:32:40 UTC
Table '44' 8-max Seat #4 is the button
Seat 1: 1wombat (68962.00)
Seat 2: aviciistomach (303788.00)
Seat 3: 20Lavar (179412.00)
Seat 4: lipesticky (491166.00)
Seat 5: chugalug14 (94300.00)
Seat 6: VVsMolly (102250.00)
Seat 7: RNigro41 (140832.00)
Seat 8: Sindebi (115527.00)
1wombat posts ante 450.00
aviciistomach posts ante 450.00
20Lavar posts ante 450.00
lipesticky posts ante 450.00
chugalug14 posts ante 450.00
VVsMolly posts ante 450.00
RNigro41 posts ante 450.00
Sindebi posts ante 450.00
chugalug14 posts the small blind 1500.00
VVsMolly posts the big blind 3000.00
*** HOLE CARDS ***
Main pot 3600.00
Dealt to lipesticky [Ad 3h]
RNigro41 folds
Sindebi raises 6600.00 to 6600.00
1wombat folds
aviciistomach calls 6600.00
20Lavar folds
lipesticky folds
chugalug14 folds
VVsMolly folds
*** FLOP *** [4c 7d Ts]
Main pot 21300.00
Sindebi checks
aviciistomach checks
*** TURN *** [4c 7d Ts] [Th]
Main pot 21300.00
Sindebi bets 13632.00
aviciistomach calls 13632.00
*** RIVER *** [4c 7d Ts Th] [8h]
Main pot 48564.00
Sindebi bets 36423.00
aviciistomach raises 188186.00 to 188186.00
Sindebi calls 58422.00 and is all-in
Uncalled bet (93341.00) returned to aviciistomach
*** SHOW DOWN ***
Main pot 238254.00
aviciistomach shows [9h Ah] (a pair of Tens [Ts Th Ah 9h 8h])
Sindebi shows [Js Jh] (two pair, Jacks and Tens [Js Jh Ts Th 8h])
Sindebi collected 238254.00 from main pot
*** SUMMARY ***
Total pot 238254.00
Board [4c 7d Ts Th 8h]
Seat 1: 1wombat folded on the Pre-Flop and did not bet
Seat 2: aviciistomach showed [9h Ah] and lost with a pair of Tens [Ts Th Ah 9h 8h]
Seat 3: 20Lavar folded on the Pre-Flop and did not bet
Seat 4: lipesticky (button) folded on the Pre-Flop
Seat 5: chugalug14 (small blind) folded on the Pre-Flop
Seat 6: VVsMolly (big blind) folded on the Pre-Flop
Seat 7: RNigro41 folded on the Pre-Flop and did not bet
Seat 8: Sindebi showed [Js Jh] and won 238254.00 with two pair, Jacks and Tens [Js Jh Ts Th 8h]

Game Hand #2020262624 - Tournament #31155888 - Holdem (No Limit) - Level 6 (1500.00/3000.00)- 2024/02/07 17:34:08 UTC
Table '44' 8-max Seat #5 is the button
Seat 1: 1wombat (68512.00)
Seat 2: aviciistomach (188261.00)
Seat 3: 20Lavar (178962.00)
Seat 4: lipesticky (490716.00)
Seat 5: chugalug14 (92350.00)
Seat 6: VVsMolly (98800.00)
Seat 7: RNigro41 (140382.00)
Seat 8: Sindebi (238254.00)
1wombat posts ante 450.00
aviciistomach posts ante 450.00
20Lavar posts ante 450.00
lipesticky posts ante 450.00
chugalug14 posts ante 450.00
VVsMolly posts ante 450.00
RNigro41 posts ante 450.00
Sindebi posts ante 450.00
VVsMolly posts the small blind 1500.00
RNigro41 posts the big blind 3000.00
*** HOLE CARDS ***
Main pot 3600.00
Dealt to lipesticky [Jd 7s]
Sindebi folds
1wombat folds
aviciistomach folds
20Lavar folds
lipesticky folds
chugalug14 raises 6000.00 to 6000.00
VVsMolly raises 22500.00 to 24000.00
RNigro41 folds
chugalug14 raises 85900.00 to 91900.00 and is all-in
VVsMolly folds
Uncalled bet (67900.00) returned to chugalug14
chugalug14 does not show
*** SUMMARY ***
Total pot 54600.00
Seat 1: 1wombat folded on the Pre-Flop and did not bet
Seat 2: aviciistomach folded on the Pre-Flop and did not bet
Seat 3: 20Lavar folded on the Pre-Flop and did not bet
Seat 4: lipesticky folded on the Pre-Flop and did not bet
Seat 5: chugalug14 did not show and won 54600.00
Seat 6: VVsMolly (small blind) folded on the Pre-Flop
Seat 7: RNigro41 (big blind) folded on the Pre-Flop
Seat 8: Sindebi folded on the Pre-Flop and did not bet

Game Hand #2020263417 - Tournament #31155888 - Holdem (No Limit) - Level 7 (1750.00/3500.00)- 2024/02/07 17:35:01 UTC
Table '44' 8-max Seat #6 is the button
Seat 1: 1wombat (68062.00)
Seat 2: aviciistomach (187811.00)
Seat 3: 20Lavar (178512.00)
Seat 4: lipesticky (490266.00)
Seat 5: chugalug14 (122500.00)
Seat 6: VVsMolly (74350.00)
Seat 7: RNigro41 (136932.00)
Seat 8: Sindebi (237804.00)
1wombat posts ante 500.00
aviciistomach posts ante 500.00
20Lavar posts ante 500.00
lipesticky posts ante 500.00
chugalug14 posts ante 500.00
VVsMolly posts ante 500.00
RNigro41 posts ante 500.00
Sindebi posts ante 500.00
RNigro41 posts the small blind 1750.00
Sindebi posts the big blind 3500.00
*** HOLE CARDS ***
Main pot 4000.00
Dealt to lipesticky [Js Qh]
1wombat folds
aviciistomach folds
20Lavar folds
lipesticky raises 7350.00 to 7350.00
chugalug14 folds
VVsMolly folds
RNigro41 folds
Sindebi calls 3850.00
*** FLOP *** [Ad 8c Th]
Main pot 20450.00
Sindebi checks
lipesticky bets 6749.00
Sindebi folds
Uncalled bet (6749.00) returned to lipesticky
lipesticky does not show
*** SUMMARY ***
Total pot 20450.00
Board [Ad 8c Th]
Seat 1: 1wombat folded on the Pre-Flop and did not bet
Seat 2: aviciistomach folded on the Pre-Flop and did not bet
Seat 3: 20Lavar folded on the Pre-Flop and did not bet
Seat 4: lipesticky did not show and won 20450.00
Seat 5: chugalug14 folded on the Pre-Flop and did not bet
Seat 6: VVsMolly (button) folded on the Pre-Flop
Seat 7: RNigro41 (small blind) folded on the Pre-Flop
Seat 8: Sindebi (big blind) folded on the Flop

Game Hand #2020264100 - Tournament #31155888 - Holdem (No Limit) - Level 7 (1750.00/3500.00)- 2024/02/07 17:35:48 UTC
Table '44' 8-max Seat #7 is the button
Seat 1: 1wombat (67562.00)
Seat 2: aviciistomach (187311.00)
Seat 3: 20Lavar (178012.00)
Seat 4: lipesticky (502866.00)
Seat 5: chugalug14 (122000.00)
Seat 6: VVsMolly (73850.00)
Seat 7: RNigro41 (134682.00)
Seat 8: Sindebi (229954.00)
1wombat posts ante 500.00
aviciistomach posts ante 500.00
20Lavar posts ante 500.00
lipesticky posts ante 500.00
chugalug14 posts ante 500.00
VVsMolly posts ante 500.00
RNigro41 posts ante 500.00
Sindebi posts ante 500.00
Sindebi posts the small blind 1750.00
1wombat posts the big blind 3500.00
*** HOLE CARDS ***
Main pot 4000.00
Dealt to lipesticky [4s 3c]
aviciistomach raises 7700.00 to 7700.00
20Lavar folds
lipesticky folds
chugalug14 folds
VVsMolly raises 17500.00 to 17500.00
RNigro41 calls 17500.00
Sindebi folds
1wombat folds
aviciistomach raises 179111.00 to 186811.00 and is all-in
VVsMolly folds
RNigro41 calls 116682.00 and is all-in
Uncalled bet (52629.00) returned to aviciistomach
*** FLOP *** [3s Th Jc]
Main pot 295114.00
*** TURN *** [3s Th Jc] [Ks]
Main pot 295114.00
*** RIVER *** [3s Th Jc Ks] [Tc]
Main pot 295114.00
*** SHOW DOWN ***
Main pot 295114.00
aviciistomach shows [Qh Qc] (two pair, Queens and Tens [Qh Qc Th Tc Ks])
RNigro41 shows [Ad Jd] (two pair, Jacks and Tens [Jd Jc Th Tc Ad])
aviciistomach collected 295114.00 from main pot
*** SUMMARY ***
Total pot 295114.00
Board [3s Th Jc Ks Tc]
Seat 1: 1wombat (big blind) folded on the Pre-Flop
Seat 2: aviciistomach showed [Qh Qc] and won 295114.00 with two pair, Queens and Tens [Qh Qc Th Tc Ks]
Seat 3: 20Lavar folded on the Pre-Flop and did not bet
Seat 4: lipesticky folded on the Pre-Flop and did not bet
Seat 5: chugalug14 folded on the Pre-Flop and did not bet
Seat 6: VVsMolly folded on the Pre-Flop and did not bet
Seat 7: RNigro41 (button) showed [Ad Jd] and lost with two pair, Jacks and Tens [Jd Jc Th Tc Ad]
Seat 8: Sindebi (small blind) folded on the Pre-Flop

Game Hand #2020265087 - Tournament #31155888 - Holdem (No Limit) - Level 7 (1750.00/3500.00)- 2024/02/07 17:36:56 UTC
Table '44' 8-max Seat #8 is the button
Seat 1: 1wombat (63562.00)
Seat 2: aviciistomach (347743.00)
Seat 3: 20Lavar (177512.00)
Seat 4: lipesticky (502366.00)
Seat 5: chugalug14 (121500.00)
Seat 6: VVsMolly (55850.00)
Seat 8: Sindebi (227704.00)
1wombat posts ante 500.00
aviciistomach posts ante 500.00
20Lavar posts ante 500.00
lipesticky posts ante 500.00
chugalug14 posts ante 500.00
VVsMolly posts ante 500.00
Sindebi posts ante 500.00
1wombat posts the small blind 1750.00
aviciistomach posts the big blind 3500.00
*** HOLE CARDS ***
Main pot 3500.00
Dealt to lipesticky [9d 2h]
20Lavar folds
lipesticky folds
chugalug14 folds
VVsMolly folds
Sindebi folds
1wombat raises 61312.00 to 63062.00 and is all-in
aviciistomach folds
Uncalled bet (59562.00) returned to 1wombat
1wombat does not show
*** SUMMARY ***
Total pot 10500.00
Seat 1: 1wombat did not show and won 10500.00
Seat 2: aviciistomach (big blind) folded on the Pre-Flop
Seat 3: 20Lavar folded on the Pre-Flop and did not bet
Seat 4: lipesticky folded on the Pre-Flop and did not bet
Seat 5: chugalug14 folded on the Pre-Flop and did not bet
Seat 6: VVsMolly folded on the Pre-Flop and did not bet
Seat 8: Sindebi (button) folded on the Pre-Flop

Game Hand #2020265978 - Tournament #31155888 - Holdem (No Limit) - Level 7 (1750.00/3500.00)- 2024/02/07 17:37:57 UTC
Table '44' 8-max Seat #1 is the button
Seat 1: 1wombat (70062.00)
Seat 2: aviciistomach (343743.00)
Seat 3: 20Lavar (177012.00)
Seat 4: lipesticky (501866.00)
Seat 5: chugalug14 (121000.00)
Seat 6: VVsMolly (55350.00)
Seat 7: RNigro41 (100000.00)
Seat 8: Sindebi (227204.00)
1wombat posts ante 500.00
aviciistomach posts ante 500.00
20Lavar posts ante 500.00
lipesticky posts ante 500.00
chugalug14 posts ante 500.00
VVsMolly posts ante 500.00
RNigro41 posts ante 500.00
Sindebi posts ante 500.00
aviciistomach posts the small blind 1750.00
20Lavar posts the big blind 3500.00
*** HOLE CARDS ***
Main pot 4000.00
Dealt to lipesticky [6h 6s]
lipesticky raises 7350.00 to 7350.00
chugalug14 folds
VVsMolly folds
RNigro41 folds
Sindebi calls 7350.00
1wombat folds
aviciistomach folds
20Lavar calls 3850.00
*** FLOP *** [Kh 7h Ts]
Main pot 27800.00
20Lavar checks
lipesticky checks
Sindebi bets 9174.00
20Lavar calls 9174.00
lipesticky folds
*** TURN *** [Kh 7h Ts] [Ah]
Main pot 46148.00
20Lavar checks
Sindebi checks
*** RIVER *** [Kh 7h Ts Ah] [9h]
Main pot 46148.00
20Lavar checks
Sindebi bets 34611.00
20Lavar folds
Uncalled bet (34611.00) returned to Sindebi
Sindebi does not show
*** SUMMARY ***
Total pot 46148.00
Board [Kh 7h Ts Ah 9h]
Seat 1: 1wombat (button) folded on the Pre-Flop
Seat 2: aviciistomach (small blind) folded on the Pre-Flop
Seat 3: 20Lavar (big blind) folded on the River
Seat 4: lipesticky folded on the Flop
Seat 5: chugalug14 folded on the Pre-Flop and did not bet
Seat 6: VVsMolly folded on the Pre-Flop and did not bet
Seat 7: RNigro41 folded on the Pre-Flop and did not bet
Seat 8: Sindebi did not show and won 46148.00

Game Hand #2020268083 - Tournament #31155888 - Holdem (No Limit) - Level 7 (1750.00/3500.00)- 2024/02/07 17:40:21 UTC
Table '44' 8-max Seat #2 is the button
Seat 1: 1wombat (69562.00)
Seat 2: aviciistomach (341493.00)
Seat 3: 20Lavar (159988.00)
Seat 4: lipesticky (494016.00)
Seat 5: chugalug14 (120500.00)
Seat 6: VVsMolly (54850.00)
Seat 7: RNigro41 (99500.00)
Seat 8: Sindebi (256328.00)
1wombat posts ante 500.00
aviciistomach posts ante 500.00
20Lavar posts ante 500.00
lipesticky posts ante 500.00
chugalug14 posts ante 500.00
VVsMolly posts ante 500.00
RNigro41 posts ante 500.00
Sindebi posts ante 500.00
20Lavar posts the small blind 1750.00
lipesticky posts the big blind 3500.00
*** HOLE CARDS ***
Main pot 4000.00
Dealt to lipesticky [Ad 4h]
chugalug14 folds
VVsMolly folds
RNigro41 folds
Sindebi folds
1wombat folds
aviciistomach folds
20Lavar calls 1750.00
lipesticky checks
*** FLOP *** [Kh Ac 9d]
Main pot 11000.00
20Lavar bets 3850.00
lipesticky calls 3850.00
*** TURN *** [Kh Ac 9d] [3s]
Main pot 18700.00
20Lavar bets 12035.00
lipesticky calls 12035.00
*** RIVER *** [Kh Ac 9d 3s] [6d]
Main pot 42770.00
20Lavar checks
lipesticky bets 28228.00
20Lavar folds
Uncalled bet (28228.00) returned to lipesticky
lipesticky does not show
*** SUMMARY ***
Total pot 42770.00
Board [Kh Ac 9d 3s 6d]
Seat 1: 1wombat folded on the Pre-Flop and did not bet
Seat 2: aviciistomach (button) folded on the Pre-Flop
Seat 3: 20Lavar (small blind) folded on the River
Seat 4: lipesticky did not show and won 42770.00
Seat 5: chugalug14 folded on the Pre-Flop and did not bet
Seat 6: VVsMolly folded on the Pre-Flop and did not bet
Seat 7: RNigro41 folded on the Pre-Flop and did not bet
Seat 8: Sindebi folded on the Pre-Flop and did not bet

Game Hand #2020270080 - Tournament #31155888 - Holdem (No Limit) - Level 7 (1750.00/3500.00)- 2024/02/07 17:42:35 UTC
Table '44' 8-max Seat #3 is the button
Seat 1: 1wombat (69062.00)
Seat 2: aviciistomach (340993.00)
Seat 3: 20Lavar (140103.00)
Seat 4: lipesticky (516901.00)
Seat 5: chugalug14 (120000.00)
Seat 6: VVsMolly (54350.00)
Seat 7: RNigro41 (99000.00)
Seat 8: Sindebi (255828.00)
1wombat posts ante 500.00
aviciistomach posts ante 500.00
20Lavar posts ante 500.00
lipesticky posts ante 500.00
chugalug14 posts ante 500.00
VVsMolly posts ante 500.00
RNigro41 posts ante 500.00
Sindebi posts ante 500.00
lipesticky posts the small blind 1750.00
chugalug14 posts the big blind 3500.00
*** HOLE CARDS ***
Main pot 4000.00
Dealt to lipesticky [Td Jd]
VVsMolly folds
RNigro41 folds
Sindebi folds
1wombat folds
aviciistomach folds
20Lavar raises 7350.00 to 7350.00
lipesticky raises 510138.00 to 511888.00
chugalug14 folds
20Lavar folds
Uncalled bet (504538.00) returned to lipesticky
lipesticky does not show
*** SUMMARY ***
Total pot 22200.00
Seat 1: 1wombat folded on the Pre-Flop and did not bet
Seat 2: aviciistomach folded on the Pre-Flop and did not bet
Seat 3: 20Lavar (button) folded on the Pre-Flop
Seat 4: lipesticky did not show and won 22200.00
Seat 5: chugalug14 (big blind) folded on the Pre-Flop
Seat 6: VVsMolly folded on the Pre-Flop and did not bet
Seat 7: RNigro41 folded on the Pre-Flop and did not bet
Seat 8: Sindebi folded on the Pre-Flop and did not bet

Game Hand #2020270825 - Tournament #31155888 - Holdem (No Limit) - Level 7 (1750.00/3500.00)- 2024/02/07 17:43:25 UTC
Table '44' 8-max Seat #4 is the button
Seat 1: 1wombat (68562.00)
Seat 2: aviciistomach (340493.00)
Seat 3: 20Lavar (132253.00)
Seat 4: lipesticky (531251.00)
Seat 5: chugalug14 (116000.00)
Seat 6: VVsMolly (53850.00)
Seat 7: RNigro41 (98500.00)
Seat 8: Sindebi (255328.00)
1wombat posts ante 500.00
aviciistomach posts ante 500.00
20Lavar posts ante 500.00
lipesticky posts ante 500.00
chugalug14 posts ante 500.00
VVsMolly posts ante 500.00
RNigro41 posts ante 500.00
Sindebi posts ante 500.00
chugalug14 posts the small blind 1750.00
VVsMolly posts the big blind 3500.00
*** HOLE CARDS ***
Main pot 4000.00
Dealt to lipesticky [Kh 8h]
RNigro41 raises 7700.00 to 7700.00
Sindebi folds
1wombat folds
aviciistomach folds
20Lavar folds
lipesticky calls 7700.00
chugalug14 folds
VVsMolly folds
*** FLOP *** [3s Th 6d]
Main pot 24650.00
RNigro41 checks
lipesticky checks
*** TURN *** [3s Th 6d] [5d]
Main pot 24650.00
RNigro41 checks
lipesticky checks
*** RIVER *** [3s Th 6d 5d] [Jd]
Main pot 24650.00
RNigro41 checks
lipesticky bets 16269.00
RNigro41 folds
Uncalled bet (16269.00) returned to lipesticky
lipesticky does not show
*** SUMMARY ***
Total pot 24650.00
Board [3s Th 6d 5d Jd]
Seat 1: 1wombat folded on the Pre-Flop and did not bet
Seat 2: aviciistomach folded on the Pre-Flop and did not bet
Seat 3: 20Lavar folded on the Pre-Flop and did not bet
Seat 4: lipesticky did not show and won 24650.00
Seat 5: chugalug14 (small blind) folded on the Pre-Flop
Seat 6: VVsMolly (big blind) folded on the Pre-Flop
Seat 7: RNigro41 folded on the River
Seat 8: Sindebi folded on the Pre-Flop and did not bet

Game Hand #2020272613 - Tournament #31155888 - Holdem (No Limit) - Level 7 (1750.00/3500.00)- 2024/02/07 17:45:23 UTC
Table '44' 8-max Seat #5 is the button
Seat 1: 1wombat (68062.00)
Seat 2: aviciistomach (339993.00)
Seat 3: 20Lavar (131753.00)
Seat 4: lipesticky (547701.00)
Seat 5: chugalug14 (113750.00)
Seat 6: VVsMolly (49850.00)
Seat 7: RNigro41 (90300.00)
Seat 8: Sindebi (254828.00)
1wombat posts ante 500.00
aviciistomach posts ante 500.00
20Lavar posts ante 500.00
lipesticky posts ante 500.00
chugalug14 posts ante 500.00
VVsMolly posts ante 500.00
RNigro41 posts ante 500.00
Sindebi posts ante 500.00
VVsMolly posts the small blind 1750.00
RNigro41 posts the big blind 3500.00
*** HOLE CARDS ***
Main pot 4000.00
Dealt to lipesticky [5h 8d]
Sindebi folds
1wombat folds
aviciistomach folds
20Lavar raises 7350.00 to 7350.00
lipesticky folds
chugalug14 folds
VVsMolly folds
RNigro41 folds
Uncalled bet (3850.00) returned to 20Lavar
20Lavar does not show
*** SUMMARY ***
Total pot 12750.00
Seat 1: 1wombat folded on the Pre-Flop and did not bet
Seat 2: aviciistomach folded on the Pre-Flop and did not bet
Seat 3: 20Lavar did not show and won 12750.00
Seat 4: lipesticky folded on the Pre-Flop and did not bet
Seat 5: chugalug14 (button) folded on the Pre-Flop
Seat 6: VVsMolly (small blind) folded on the Pre-Flop
Seat 7: RNigro41 (big blind) folded on the Pre-Flop
Seat 8: Sindebi folded on the Pre-Flop and did not bet

Game Hand #2020273120 - Tournament #31155888 - Holdem (No Limit) - Level 7 (1750.00/3500.00)- 2024/02/07 17:45:55 UTC
Table '44' 8-max Seat #6 is the button
Seat 1: 1wombat (67562.00)
Seat 2: aviciistomach (339493.00)
Seat 3: 20Lavar (140503.00)
Seat 4: lipesticky (547201.00)
Seat 5: chugalug14 (113250.00)
Seat 6: VVsMolly (47600.00)
Seat 7: RNigro41 (86300.00)
Seat 8: Sindebi (254328.00)
1wombat posts ante 500.00
aviciistomach posts ante 500.00
20Lavar posts ante 500.00
lipesticky posts ante 500.00
chugalug14 posts ante 500.00
VVsMolly posts ante 500.00
RNigro41 posts ante 500.00
Sindebi posts ante 500.00
RNigro41 posts the small blind 1750.00
Sindebi posts the big blind 3500.00
*** HOLE CARDS ***
Main pot 4000.00
Dealt to lipesticky [2c 4d]
1wombat folds
aviciistomach folds
20Lavar folds
lipesticky folds
chugalug14 folds
VVsMolly raises 47100.00 to 47100.00 and is all-in
RNigro41 raises 84050.00 to 85800.00 and is all-in
Sindebi folds
Uncalled bet (38700.00) returned to RNigro41
*** FLOP *** [Ah 5c 9c]
Main pot 101700.00
*** TURN *** [Ah 5c 9c] [Jd]
Main pot 101700.00
*** RIVER *** [Ah 5c 9c Jd] [Tc]
Main pot 101700.00
*** SHOW DOWN ***
Main pot 101700.00
VVsMolly shows [9s Ac] (two pair, Aces and Nines [Ah Ac 9s 9c Jd])
RNigro41 shows [8s 7d] (a straight, Jack high [Jd Tc 9c 8s 7d])
RNigro41 collected 101700.00 from main pot
*** SUMMARY ***
Total pot 101700.00
Board [Ah 5c 9c Jd Tc]
Seat 1: 1wombat folded on the Pre-Flop and did not bet
Seat 2: aviciistomach folded on the Pre-Flop and did not bet
Seat 3: 20Lavar folded on the Pre-Flop and did not bet
Seat 4: lipesticky folded on the Pre-Flop and did not bet
Seat 5: chugalug14 folded on the Pre-Flop and did not bet
Seat 6: VVsMolly (button) showed [9s Ac] and lost with two pair, Aces and Nines [Ah Ac 9s 9c Jd]
Seat 7: RNigro41 (small blind) showed [8s 7d] and won 101700.00 with a straight, Jack high [Jd Tc 9c 8s 7d]
Seat 8: Sindebi (big blind) folded on the Pre-Flop

Game Hand #2020274137 - Tournament #31155888 - Holdem (No Limit) - Level 8 (2000.00/4000.00)- 2024/02/07 17:47:00 UTC
Table '44' 8-max Seat #7 is the button
Seat 1: 1wombat (67062.00)
Seat 2: aviciistomach (338993.00)
Seat 3: 20Lavar (140003.00)
Seat 4: lipesticky (546701.00)
Seat 5: chugalug14 (112750.00)
Seat 7: RNigro41 (140400.00)
Seat 8: Sindebi (250328.00)
1wombat posts ante 600.00
aviciistomach posts ante 600.00
20Lavar posts ante 600.00
lipesticky posts ante 600.00
chugalug14 posts ante 600.00
RNigro41 posts ante 600.00
Sindebi posts ante 600.00
Sindebi posts the small blind 2000.00
1wombat posts the big blind 4000.00
*** HOLE CARDS ***
Main pot 4200.00
Dealt to lipesticky [5h 6s]
aviciistomach folds
20Lavar raises 8400.00 to 8400.00
lipesticky folds
chugalug14 folds
RNigro41 folds
Sindebi folds
1wombat calls 4400.00
*** FLOP *** [Ks 9d 8d]
Main pot 23000.00
1wombat checks
20Lavar bets 5750.00
1wombat folds
Uncalled bet (5750.00) returned to 20Lavar
20Lavar does not show
*** SUMMARY ***
Total pot 23000.00
Board [Ks 9d 8d]
Seat 1: 1wombat (big blind) folded on the Flop
Seat 2: aviciistomach folded on the Pre-Flop and did not bet
Seat 3: 20Lavar did not show and won 23000.00
Seat 4: lipesticky folded on the Pre-Flop and did not bet
Seat 5: chugalug14 folded on the Pre-Flop and did not bet
Seat 7: RNigro41 (button) folded on the Pre-Flop
Seat 8: Sindebi (small blind) folded on the Pre-Flop

Game Hand #2020274952 - Tournament #31155888 - Holdem (No Limit) - Level 8 (2000.00/4000.00)- 2024/02/07 17:47:53 UTC
Table '44' 8-max Seat #8 is the button
Seat 1: 1wombat (58062.00)
Seat 2: aviciistomach (338393.00)
Seat 3: 20Lavar (154003.00)
Seat 4: lipesticky (546101.00)
Seat 5: chugalug14 (112150.00)
Seat 6: mattylew9 (100000.00)
Seat 7: RNigro41 (139800.00)
Seat 8: Sindebi (247728.00)
1wombat posts ante 600.00
aviciistomach posts ante 600.00
20Lavar posts ante 600.00
lipesticky posts ante 600.00
chugalug14 posts ante 600.00
mattylew9 posts ante 600.00
RNigro41 posts ante 600.00
Sindebi posts ante 600.00
1wombat posts the small blind 2000.00
aviciistomach posts the big blind 4000.00
*** HOLE CARDS ***
Main pot 4800.00
Dealt to lipesticky [2h Td]
20Lavar folds
lipesticky folds
chugalug14 raises 8000.00 to 8000.00
mattylew9 folds
RNigro41 folds
Sindebi folds
1wombat folds
aviciistomach folds
Uncalled bet (4000.00) returned to chugalug14
chugalug14 does not show
*** SUMMARY ***
Total pot 14800.00
Seat 1: 1wombat (small blind) folded on the Pre-Flop
Seat 2: aviciistomach (big blind) folded on the Pre-Flop
Seat 3: 20Lavar folded on the Pre-Flop and did not bet
Seat 4: lipesticky folded on the Pre-Flop and did not bet
Seat 5: chugalug14 did not show and won 14800.00
Seat 6: mattylew9 folded on the Pre-Flop and did not bet
Seat 7: RNigro41 folded on the Pre-Flop and did not bet
Seat 8: Sindebi (button) folded on the Pre-Flop

Game Hand #2020275657 - Tournament #31155888 - Holdem (No Limit) - Level 8 (2000.00/4000.00)- 2024/02/07 17:48:40 UTC
Table '44' 8-max Seat #1 is the button
Seat 1: 1wombat (55462.00)
Seat 2: aviciistomach (333793.00)
Seat 3: 20Lavar (153403.00)
Seat 4: lipesticky (545501.00)
Seat 5: chugalug14 (122350.00)
Seat 6: mattylew9 (99400.00)
Seat 7: RNigro41 (139200.00)
Seat 8: Sindebi (247128.00)
1wombat posts ante 600.00
aviciistomach posts ante 600.00
20Lavar posts ante 600.00
lipesticky posts ante 600.00
chugalug14 posts ante 600.00
mattylew9 posts ante 600.00
RNigro41 posts ante 600.00
Sindebi posts ante 600.00
aviciistomach posts the small blind 2000.00
20Lavar posts the big blind 4000.00
*** HOLE CARDS ***
Main pot 4800.00
Dealt to lipesticky [Kh 9s]
lipesticky folds
chugalug14 folds
mattylew9 folds
RNigro41 folds
Sindebi folds
1wombat folds
aviciistomach folds
20Lavar does not show
*** SUMMARY ***
Total pot 10800.00
Seat 1: 1wombat (button) folded on the Pre-Flop
Seat 2: aviciistomach (small blind) folded on the Pre-Flop
Seat 3: 20Lavar did not show and won 10800.00
Seat 4: lipesticky folded on the Pre-Flop and did not bet
Seat 5: chugalug14 folded on the Pre-Flop and did not bet
Seat 6: mattylew9 folded on the Pre-Flop and did not bet
Seat 7: RNigro41 folded on the Pre-Flop and did not bet
Seat 8: Sindebi folded on the Pre-Flop and did not bet

Game Hand #2020276155 - Tournament #31155888 - Holdem (No Limit) - Level 8 (2000.00/4000.00)- 2024/02/07 17:49:13 UTC
Table '44' 8-max Seat #2 is the button
Seat 1: 1wombat (54862.00)
Seat 2: aviciistomach (331193.00)
Seat 3: 20Lavar (159603.00)
Seat 4: lipesticky (544901.00)
Seat 5: chugalug14 (121750.00)
Seat 6: mattylew9 (98800.00)
Seat 7: RNigro41 (138600.00)
Seat 8: Sindebi (246528.00)
1wombat posts ante 600.00
aviciistomach posts ante 600.00
20Lavar posts ante 600.00
lipesticky posts ante 600.00
chugalug14 posts ante 600.00
mattylew9 posts ante 600.00
RNigro41 posts ante 600.00
Sindebi posts ante 600.00
20Lavar posts the small blind 2000.00
lipesticky posts the big blind 4000.00
*** HOLE CARDS ***
Main pot 4800.00
Dealt to lipesticky [9h Ah]
chugalug14 folds
mattylew9 folds
RNigro41 folds
Sindebi folds
1wombat folds
aviciistomach raises 8800.00 to 8800.00
20Lavar folds
lipesticky calls 4800.00
*** FLOP *** [Jd 6s 3d]
Main pot 24400.00
lipesticky checks
aviciistomach bets 8052.00
lipesticky folds
Uncalled bet (8052.00) returned to aviciistomach
aviciistomach does not show
*** SUMMARY ***
Total pot 24400.00
Board [Jd 6s 3d]
Seat 1: 1wombat folded on the Pre-Flop and did not bet
Seat 2: aviciistomach did not show and won 24400.00
Seat 3: 20Lavar (small blind) folded on the Pre-Flop
Seat 4: lipesticky (big blind) folded on the Flop
Seat 5: chugalug14 folded on the Pre-Flop and did not bet
Seat 6: mattylew9 folded on the Pre-Flop and did not bet
Seat 7: RNigro41 folded on the Pre-Flop and did not bet
Seat 8: Sindebi folded on the Pre-Flop and did not bet

Game Hand #2020277771 - Tournament #31155888 - Holdem (No Limit) - Level 8 (2000.00/4000.00)- 2024/02/07 17:50:58 UTC
Table '44' 8-max Seat #3 is the button
Seat 1: 1wombat (54262.00)
Seat 2: aviciistomach (346193.00)
Seat 3: 20Lavar (157003.00)
Seat 4: lipesticky (535501.00)
Seat 5: chugalug14 (121150.00)
Seat 6: mattylew9 (98200.00)
Seat 7: RNigro41 (138000.00)
Seat 8: Sindebi (245928.00)
1wombat posts ante 600.00
aviciistomach posts ante 600.00
20Lavar posts ante 600.00
lipesticky posts ante 600.00
chugalug14 posts ante 600.00
mattylew9 posts ante 600.00
RNigro41 posts ante 600.00
Sindebi posts ante 600.00
lipesticky posts the small blind 2000.00
chugalug14 posts the big blind 4000.00
*** HOLE CARDS ***
Main pot 4800.00
Dealt to lipesticky [Ts 3s]
mattylew9 folds
RNigro41 raises 8800.00 to 8800.00
Sindebi folds
1wombat folds
aviciistomach folds
20Lavar folds
lipesticky folds
chugalug14 folds
Uncalled bet (4800.00) returned to RNigro41
RNigro41 does not show
*** SUMMARY ***
Total pot 14800.00
Seat 1: 1wombat folded on the Pre-Flop and did not bet
Seat 2: aviciistomach folded on the Pre-Flop and did not bet
Seat 3: 20Lavar (button) folded on the Pre-Flop
Seat 4: lipesticky (small blind) folded on the Pre-Flop
Seat 5: chugalug14 (big blind) folded on the Pre-Flop
Seat 6: mattylew9 folded on the Pre-Flop and did not bet
Seat 7: RNigro41 did not show and won 14800.00
Seat 8: Sindebi folded on the Pre-Flop and did not bet

Game Hand #2020278339 - Tournament #31155888 - Holdem (No Limit) - Level 8 (2000.00/4000.00)- 2024/02/07 17:51:36 UTC
Table '44' 8-max Seat #4 is the button
Seat 1: 1wombat (53662.00)
Seat 2: aviciistomach (345593.00)
Seat 3: 20Lavar (156403.00)
Seat 4: lipesticky (532901.00)
Seat 5: chugalug14 (116550.00)
Seat 6: mattylew9 (97600.00)
Seat 7: RNigro41 (148200.00)
Seat 8: Sindebi (245328.00)
1wombat posts ante 600.00
aviciistomach posts ante 600.00
20Lavar posts ante 600.00
lipesticky posts ante 600.00
chugalug14 posts ante 600.00
mattylew9 posts ante 600.00
RNigro41 posts ante 600.00
Sindebi posts ante 600.00
chugalug14 posts the small blind 2000.00
mattylew9 posts the big blind 4000.00
*** HOLE CARDS ***
Main pot 4800.00
Dealt to lipesticky [Kh Jd]
RNigro41 folds
Sindebi folds
1wombat folds
aviciistomach folds
20Lavar folds
lipesticky raises 9200.00 to 9200.00
chugalug14 folds
mattylew9 folds
Uncalled bet (5200.00) returned to lipesticky
lipesticky does not show
*** SUMMARY ***
Total pot 14800.00
Seat 1: 1wombat folded on the Pre-Flop and did not bet
Seat 2: aviciistomach folded on the Pre-Flop and did not bet
Seat 3: 20Lavar folded on the Pre-Flop and did not bet
Seat 4: lipesticky did not show and won 14800.00
Seat 5: chugalug14 (small blind) folded on the Pre-Flop
Seat 6: mattylew9 (big blind) folded on the Pre-Flop
Seat 7: RNigro41 folded on the Pre-Flop and did not bet
Seat 8: Sindebi folded on the Pre-Flop and did not bet

Game Hand #2020278900 - Tournament #31155888 - Holdem (No Limit) - Level 8 (2000.00/4000.00)- 2024/02/07 17:52:13 UTC
Table '44' 8-max Seat #5 is the button
Seat 1: 1wombat (53062.00)
Seat 2: aviciistomach (344993.00)
Seat 3: 20Lavar (155803.00)
Seat 4: lipesticky (543101.00)
Seat 5: chugalug14 (113950.00)
Seat 6: mattylew9 (93000.00)
Seat 7: RNigro41 (147600.00)
Seat 8: Sindebi (244728.00)
1wombat posts ante 600.00
aviciistomach posts ante 600.00
20Lavar posts ante 600.00
lipesticky posts ante 600.00
chugalug14 posts ante 600.00
mattylew9 posts ante 600.00
RNigro41 posts ante 600.00
Sindebi posts ante 600.00
mattylew9 posts the small blind 2000.00
RNigro41 posts the big blind 4000.00
*** HOLE CARDS ***
Main pot 4800.00
Dealt to lipesticky [Jd As]
Sindebi folds
1wombat folds
aviciistomach folds
20Lavar folds
lipesticky raises 8400.00 to 8400.00
chugalug14 folds
mattylew9 folds
RNigro41 calls 4400.00
*** FLOP *** [5d Kh Ks]
Main pot 23600.00
RNigro41 checks
lipesticky bets 5788.00
RNigro41 calls 5788.00
*** TURN *** [5d Kh Ks] [Ah]
Main pot 35176.00
RNigro41 checks
lipesticky bets 43970.00
RNigro41 folds
Uncalled bet (43970.00) returned to lipesticky
lipesticky does not show
*** SUMMARY ***
Total pot 35176.00
Board [5d Kh Ks Ah]
Seat 1: 1wombat folded on the Pre-Flop and did not bet
Seat 2: aviciistomach folded on the Pre-Flop and did not bet
Seat 3: 20Lavar folded on the Pre-Flop and did not bet
Seat 4: lipesticky did not show and won 35176.00
Seat 5: chugalug14 (button) folded on the Pre-Flop
Seat 6: mattylew9 (small blind) folded on the Pre-Flop
Seat 7: RNigro41 (big blind) folded on the Turn
Seat 8: Sindebi folded on the Pre-Flop and did not bet

Game Hand #2020280196 - Tournament #31155888 - Holdem (No Limit) - Level 8 (2000.00/4000.00)- 2024/02/07 17:53:37 UTC
Table '44' 8-max Seat #6 is the button
Seat 1: 1wombat (52462.00)
Seat 2: aviciistomach (344393.00)
Seat 3: 20Lavar (155203.00)
Seat 4: lipesticky (563489.00)
Seat 5: chugalug14 (113350.00)
Seat 6: mattylew9 (90400.00)
Seat 7: RNigro41 (132812.00)
Seat 8: Sindebi (244128.00)
1wombat posts ante 600.00
aviciistomach posts ante 600.00
20Lavar posts ante 600.00
lipesticky posts ante 600.00
chugalug14 posts ante 600.00
mattylew9 posts ante 600.00
RNigro41 posts ante 600.00
Sindebi posts ante 600.00
RNigro41 posts the small blind 2000.00
Sindebi posts the big blind 4000.00
*** HOLE CARDS ***
Main pot 4800.00
Dealt to lipesticky [Kc Td]
1wombat raises 51862.00 to 51862.00 and is all-in
aviciistomach folds
20Lavar folds
lipesticky folds
chugalug14 raises 112750.00 to 112750.00 and is all-in
mattylew9 folds
RNigro41 folds
Sindebi folds
Uncalled bet (60888.00) returned to chugalug14
*** FLOP *** [2h 6d Qc]
Main pot 114524.00
*** TURN *** [2h 6d Qc] [9h]
Main pot 114524.00
*** RIVER *** [2h 6d Qc 9h] [5s]
Main pot 114524.00
*** SHOW DOWN ***
Main pot 114524.00
1wombat shows [Qs Qd] (three of a kind, Set of Queens [Qs Qd Qc 9h 6d])
chugalug14 shows [7s 7c] (a pair of Sevens [7s 7c Qc 9h 6d])
1wombat collected 114524.00 from main pot
*** SUMMARY ***
Total pot 114524.00
Board [2h 6d Qc 9h 5s]
Seat 1: 1wombat showed [Qs Qd] and won 114524.00 with three of a kind, Set of Queens [Qs Qd Qc 9h 6d]
Seat 2: aviciistomach folded on the Pre-Flop and did not bet
Seat 3: 20Lavar folded on the Pre-Flop and did not bet
Seat 4: lipesticky folded on the Pre-Flop and did not bet
Seat 5: chugalug14 showed [7s 7c] and lost with a pair of Sevens [7s 7c Qc 9h 6d]
Seat 6: mattylew9 (button) folded on the Pre-Flop
Seat 7: RNigro41 (small blind) folded on the Pre-Flop
Seat 8: Sindebi (big blind) folded on the Pre-Flop

Game Hand #2020281238 - Tournament #31155888 - Holdem (No Limit) - Level 8 (2000.00/4000.00)- 2024/02/07 17:54:48 UTC
Table '44' 8-max Seat #7 is the button
Seat 1: 1wombat (114524.00)
Seat 2: aviciistomach (343793.00)
Seat 3: 20Lavar (154603.00)
Seat 4: lipesticky (562889.00)
Seat 5: chugalug14 (60888.00)
Seat 6: mattylew9 (89800.00)
Seat 7: RNigro41 (130212.00)
Seat 8: Sindebi (239528.00)
1wombat posts ante 600.00
aviciistomach posts ante 600.00
20Lavar posts ante 600.00
lipesticky posts ante 600.00
chugalug14 posts ante 600.00
mattylew9 posts ante 600.00
RNigro41 posts ante 600.00
Sindebi posts ante 600.00
Sindebi posts the small blind 2000.00
1wombat posts the big blind 4000.00
*** HOLE CARDS ***
Main pot 4800.00
Dealt to lipesticky [Th Ks]
aviciistomach folds
20Lavar folds
lipesticky raises 8400.00 to 8400.00
chugalug14 folds
mattylew9 folds
RNigro41 raises 28800.00 to 28800.00
Sindebi folds
1wombat folds
lipesticky folds
Uncalled bet (20400.00) returned to RNigro41
RNigro41 does not show
*** SUMMARY ***
Total pot 27600.00
Seat 1: 1wombat (big blind) folded on the Pre-Flop
Seat 2: aviciistomach folded on the Pre-Flop and did not bet
Seat 3: 20Lavar folded on the Pre-Flop and did not bet
Seat 4: lipesticky folded on the Pre-Flop and did not bet
Seat 5: chugalug14 folded on the Pre-Flop and did not bet
Seat 6: mattylew9 folded on the Pre-Flop and did not bet
Seat 7: RNigro41 did not show and won 27600.00
Seat 8: Sindebi (small blind) folded on the Pre-Flop

Game Hand #2020284187 - Tournament #31155888 - Holdem (No Limit) - Level 8 (2000.00/4000.00)- 2024/02/07 18:01:42 UTC
Table '44' 8-max Seat #8 is the button
Seat 1: 1wombat (109924.00)
Seat 2: aviciistomach (343193.00)
Seat 3: 20Lavar (154003.00)
Seat 4: lipesticky (553889.00)
Seat 5: chugalug14 (60288.00)
Seat 6: mattylew9 (89200.00)
Seat 7: RNigro41 (148812.00)
Seat 8: Sindebi (236928.00)
1wombat posts ante 600.00
aviciistomach posts ante 600.00
20Lavar posts ante 600.00
lipesticky posts ante 600.00
chugalug14 posts ante 600.00
mattylew9 posts ante 600.00
RNigro41 posts ante 600.00
Sindebi posts ante 600.00
1wombat posts the small blind 2000.00
aviciistomach posts the big blind 4000.00
*** HOLE CARDS ***
Main pot 4800.00
Dealt to lipesticky [Td 4h]
20Lavar folds
lipesticky folds
chugalug14 folds
mattylew9 folds
RNigro41 raises 8800.00 to 8800.00
Sindebi folds
1wombat folds
aviciistomach calls 4800.00
*** FLOP *** [5c 9h Qh]
Main pot 24400.00
aviciistomach checks
RNigro41 bets 8052.00
aviciistomach calls 8052.00
*** TURN *** [5c 9h Qh] [Qd]
Main pot 40504.00
aviciistomach checks
RNigro41 checks
*** RIVER *** [5c 9h Qh Qd] [Tc]
Main pot 40504.00
aviciistomach checks
RNigro41 checks
*** SHOW DOWN ***
Main pot 40504.00
aviciistomach shows [Kc 5d] (two pair, Queens and Fives [Qh Qd 5d 5c Kc])
RNigro41 shows [Ah 5h] (two pair, Queens and Fives [Qh Qd 5h 5c Ah])
RNigro41 collected 40504.00 from main pot
*** SUMMARY ***
Total pot 40504.00
Board [5c 9h Qh Qd Tc]
Seat 1: 1wombat (small blind) folded on the Pre-Flop
Seat 2: aviciistomach (big blind) showed [Kc 5d] and lost with two pair, Queens and Fives [Qh Qd 5d 5c Kc]
Seat 3: 20Lavar folded on the Pre-Flop and did not bet
Seat 4: lipesticky folded on the Pre-Flop and did not bet
Seat 5: chugalug14 folded on the Pre-Flop and did not bet
Seat 6: mattylew9 folded on the Pre-Flop and did not bet
Seat 7: RNigro41 showed [Ah 5h] and won 40504.00 with two pair, Queens and Fives [Qh Qd 5h 5c Ah] with the kicker Ace
Seat 8: Sindebi (button) folded on the Pre-Flop

Game Hand #2020285712 - Tournament #31155888 - Holdem (No Limit) - Level 8 (2000.00/4000.00)- 2024/02/07 18:03:31 UTC
Table '44' 8-max Seat #1 is the button
Seat 1: 1wombat (107324.00)
Seat 2: aviciistomach (325741.00)
Seat 3: 20Lavar (153403.00)
Seat 4: lipesticky (553289.00)
Seat 5: chugalug14 (59688.00)
Seat 6: mattylew9 (88600.00)
Seat 7: RNigro41 (171864.00)
Seat 8: Sindebi (236328.00)
1wombat posts ante 600.00
aviciistomach posts ante 600.00
20Lavar posts ante 600.00
lipesticky posts ante 600.00
chugalug14 posts ante 600.00
mattylew9 posts ante 600.00
RNigro41 posts ante 600.00
Sindebi posts ante 600.00
aviciistomach posts the small blind 2000.00
20Lavar posts the big blind 4000.00
*** HOLE CARDS ***
Main pot 4800.00
Dealt to lipesticky [6s 9c]
lipesticky folds
chugalug14 folds
mattylew9 folds
RNigro41 folds
Sindebi raises 8000.00 to 8000.00
1wombat folds
aviciistomach folds
20Lavar calls 4000.00
*** FLOP *** [5h 2s Qc]
Main pot 22800.00
20Lavar checks
Sindebi bets 8000.00
20Lavar calls 8000.00
*** TURN *** [5h 2s Qc] [6h]
Main pot 38800.00
20Lavar checks
Sindebi checks
*** RIVER *** [5h 2s Qc 6h] [4h]
Main pot 38800.00
20Lavar checks
Sindebi bets 29100.00
20Lavar raises 136803.00 to 136803.00 and is all-in
Sindebi folds
Uncalled bet (107703.00) returned to 20Lavar
20Lavar does not show
*** SUMMARY ***
Total pot 97000.00
Board [5h 2s Qc 6h 4h]
Seat 1: 1wombat (button) folded on the Pre-Flop
Seat 2: aviciistomach (small blind) folded on the Pre-Flop
Seat 3: 20Lavar did not show and won 97000.00
Seat 4: lipesticky folded on the Pre-Flop and did not bet
Seat 5: chugalug14 folded on the Pre-Flop and did not bet
Seat 6: mattylew9 folded on the Pre-Flop and did not bet
Seat 7: RNigro41 folded on the Pre-Flop and did not bet
Seat 8: Sindebi folded on the River

Game Hand #2020287564 - Tournament #31155888 - Holdem (No Limit) - Level 9 (2500.00/5000.00)- 2024/02/07 18:05:42 UTC
Table '44' 8-max Seat #2 is the button
Seat 1: 1wombat (106724.00)
Seat 2: aviciistomach (323141.00)
Seat 3: 20Lavar (204703.00)
Seat 4: lipesticky (552689.00)
Seat 5: chugalug14 (59088.00)
Seat 6: mattylew9 (88000.00)
Seat 7: RNigro41 (171264.00)
Seat 8: Sindebi (190628.00)
1wombat posts ante 750.00
aviciistomach posts ante 750.00
20Lavar posts ante 750.00
lipesticky posts ante 750.00
chugalug14 posts ante 750.00
mattylew9 posts ante 750.00
RNigro41 posts ante 750.00
Sindebi posts ante 750.00
20Lavar posts the small blind 2500.00
lipesticky posts the big blind 5000.00
*** HOLE CARDS ***
Main pot 6000.00
Dealt to lipesticky [Kh Qc]
chugalug14 folds
mattylew9 folds
RNigro41 raises 11000.00 to 11000.00
Sindebi folds
1wombat folds
aviciistomach calls 11000.00
20Lavar folds
lipesticky calls 6000.00
*** FLOP *** [7s 8c Ks]
Main pot 41500.00
lipesticky checks
RNigro41 bets 18695.00
aviciistomach calls 18695.00
lipesticky raises 52390.00 to 52390.00
RNigro41 raises 140819.00 to 159514.00 and is all-in
aviciistomach folds
lipesticky calls 107124.00
*** TURN *** [7s 8c Ks] [2d]
Main pot 379223.00
*** RIVER *** [7s 8c Ks 2d] [3s]
Main pot 379223.00
*** SHOW DOWN ***
Main pot 379223.00
lipesticky shows [Kh Qc] (a pair of Kings [Ks Kh Qc 8c 7s])
RNigro41 shows [Js Ts] (a flush, King high [Ks Js Ts 7s 3s])
RNigro41 collected 379223.00 from main pot
*** SUMMARY ***
Total pot 379223.00
Board [7s 8c Ks 2d 3s]
Seat 1: 1wombat folded on the Pre-Flop and did not bet
Seat 2: aviciistomach (button) folded on the Flop
Seat 3: 20Lavar (small blind) folded on the Pre-Flop
Seat 4: lipesticky (big blind) showed [Kh Qc] and lost with a pair of Kings [Ks Kh Qc 8c 7s]
Seat 5: chugalug14 folded on the Pre-Flop and did not bet
Seat 6: mattylew9 folded on the Pre-Flop and did not bet
Seat 7: RNigro41 showed [Js Ts] and won 379223.00 with a flush, King high [Ks Js Ts 7s 3s]
Seat 8: Sindebi folded on the Pre-Flop and did not bet

Game Hand #2020288772 - Tournament #31155888 - Holdem (No Limit) - Level 9 (2500.00/5000.00)- 2024/02/07 18:07:01 UTC
Table '44' 8-max Seat #3 is the button
Seat 1: 1wombat (105974.00)
Seat 2: aviciistomach (292696.00)
Seat 3: 20Lavar (201453.00)
Seat 4: lipesticky (381425.00)
Seat 5: chugalug14 (58338.00)
Seat 6: mattylew9 (87250.00)
Seat 7: RNigro41 (379223.00)
Seat 8: Sindebi (189878.00)
1wombat posts ante 750.00
aviciistomach posts ante 750.00
20Lavar posts ante 750.00
lipesticky posts ante 750.00
chugalug14 posts ante 750.00
mattylew9 posts ante 750.00
RNigro41 posts ante 750.00
Sindebi posts ante 750.00
lipesticky posts the small blind 2500.00
chugalug14 posts the big blind 5000.00
*** HOLE CARDS ***
Main pot 6000.00
Dealt to lipesticky [4c Jc]
mattylew9 folds
RNigro41 raises 11000.00 to 11000.00
Sindebi folds
1wombat folds
aviciistomach calls 11000.00
20Lavar folds
lipesticky folds
chugalug14 folds
*** FLOP *** [5c 3h 7h]
Main pot 35500.00
RNigro41 checks
aviciistomach bets 11715.00
RNigro41 folds
Uncalled bet (11715.00) returned to aviciistomach
aviciistomach does not show
*** SUMMARY ***
Total pot 35500.00
Board [5c 3h 7h]
Seat 1: 1wombat folded on the Pre-Flop and did not bet
Seat 2: aviciistomach did not show and won 35500.00
Seat 3: 20Lavar (button) folded on the Pre-Flop
Seat 4: lipesticky (small blind) folded on the Pre-Flop
Seat 5: chugalug14 (big blind) folded on the Pre-Flop
Seat 6: mattylew9 folded on the Pre-Flop and did not bet
Seat 7: RNigro41 folded on the Flop
Seat 8: Sindebi folded on the Pre-Flop and did not bet

Game Hand #2020290031 - Tournament #31155888 - Holdem (No Limit) - Level 9 (2500.00/5000.00)- 2024/02/07 18:08:27 UTC
Table '44' 8-max Seat #4 is the button
Seat 1: 1wombat (105224.00)
Seat 2: aviciistomach (316446.00)
Seat 3: 20Lavar (200703.00)
Seat 4: lipesticky (378175.00)
Seat 5: chugalug14 (52588.00)
Seat 6: mattylew9 (86500.00)
Seat 7: RNigro41 (367473.00)
Seat 8: Sindebi (189128.00)
1wombat posts ante 750.00
aviciistomach posts ante 750.00
20Lavar posts ante 750.00
lipesticky posts ante 750.00
chugalug14 posts ante 750.00
mattylew9 posts ante 750.00
RNigro41 posts ante 750.00
Sindebi posts ante 750.00
chugalug14 posts the small blind 2500.00
mattylew9 posts the big blind 5000.00
*** HOLE CARDS ***
Main pot 6000.00
Dealt to lipesticky [7c 5d]
RNigro41 folds
Sindebi folds
1wombat folds
aviciistomach folds
20Lavar folds
lipesticky folds
chugalug14 folds
mattylew9 does not show
*** SUMMARY ***
Total pot 13500.00
Seat 1: 1wombat folded on the Pre-Flop and did not bet
Seat 2: aviciistomach folded on the Pre-Flop and did not bet
Seat 3: 20Lavar folded on the Pre-Flop and did not bet
Seat 4: lipesticky (button) folded on the Pre-Flop
Seat 5: chugalug14 (small blind) folded on the Pre-Flop
Seat 6: mattylew9 did not show and won 13500.00
Seat 7: RNigro41 folded on the Pre-Flop and did not bet
Seat 8: Sindebi folded on the Pre-Flop and did not bet

Game Hand #2020290646 - Tournament #31155888 - Holdem (No Limit) - Level 9 (2500.00/5000.00)- 2024/02/07 18:09:09 UTC
Table '44' 8-max Seat #5 is the button
Seat 1: 1wombat (104474.00)
Seat 2: aviciistomach (315696.00)
Seat 3: 20Lavar (199953.00)
Seat 4: lipesticky (377425.00)
Seat 5: chugalug14 (49338.00)
Seat 6: mattylew9 (94250.00)
Seat 7: RNigro41 (366723.00)
Seat 8: Sindebi (188378.00)
1wombat posts ante 750.00
aviciistomach posts ante 750.00
20Lavar posts ante 750.00
lipesticky posts ante 750.00
chugalug14 posts ante 750.00
mattylew9 posts ante 750.00
RNigro41 posts ante 750.00
Sindebi posts ante 750.00
mattylew9 posts the small blind 2500.00
RNigro41 posts the big blind 5000.00
*** HOLE CARDS ***
Main pot 6000.00
Dealt to lipesticky [6c Tc]
Sindebi folds
1wombat folds
aviciistomach folds
20Lavar folds
lipesticky raises 10500.00 to 10500.00
chugalug14 folds
mattylew9 raises 91000.00 to 93500.00 and is all-in
RNigro41 folds
lipesticky folds
Uncalled bet (83000.00) returned to mattylew9
mattylew9 does not show
*** SUMMARY ***
Total pot 32000.00
Seat 1: 1wombat folded on the Pre-Flop and did not bet
Seat 2: aviciistomach folded on the Pre-Flop and did not bet
Seat 3: 20Lavar folded on the Pre-Flop and did not bet
Seat 4: lipesticky folded on the Pre-Flop and did not bet
Seat 5: chugalug14 (button) folded on the Pre-Flop
Seat 6: mattylew9 did not show and won 32000.00
Seat 7: RNigro41 (big blind) folded on the Pre-Flop
Seat 8: Sindebi folded on the Pre-Flop and did not bet

Game Hand #2020291423 - Tournament #31155888 - Holdem (No Limit) - Level 9 (2500.00/5000.00)- 2024/02/07 18:10:00 UTC
Table '44' 8-max Seat #6 is the button
Seat 1: 1wombat (103724.00)
Seat 2: aviciistomach (314946.00)
Seat 3: 20Lavar (199203.00)
Seat 4: lipesticky (366175.00)
Seat 5: chugalug14 (48588.00)
Seat 6: mattylew9 (115000.00)
Seat 7: RNigro41 (360973.00)
Seat 8: Sindebi (187628.00)
1wombat posts ante 750.00
aviciistomach posts ante 750.00
20Lavar posts ante 750.00
lipesticky posts ante 750.00
chugalug14 posts ante 750.00
mattylew9 posts ante 750.00
RNigro41 posts ante 750.00
Sindebi posts ante 750.00
RNigro41 posts the small blind 2500.00
Sindebi posts the big blind 5000.00
*** HOLE CARDS ***
Main pot 6000.00
Dealt to lipesticky [Ts 8h]
1wombat folds
aviciistomach folds
20Lavar folds
lipesticky folds
chugalug14 folds
mattylew9 folds
RNigro41 folds
Sindebi does not show
*** SUMMARY ***
Total pot 13500.00
Seat 1: 1wombat folded on the Pre-Flop and did not bet
Seat 2: aviciistomach folded on the Pre-Flop and did not bet
Seat 3: 20Lavar folded on the Pre-Flop and did not bet
Seat 4: lipesticky folded on the Pre-Flop and did not bet
Seat 5: chugalug14 folded on the Pre-Flop and did not bet
Seat 6: mattylew9 (button) folded on the Pre-Flop
Seat 7: RNigro41 (small blind) folded on the Pre-Flop
Seat 8: Sindebi did not show and won 13500.00

Game Hand #2020292131 - Tournament #31155888 - Holdem (No Limit) - Level 9 (2500.00/5000.00)- 2024/02/07 18:10:46 UTC
Table '44' 8-max Seat #7 is the button
Seat 1: 1wombat (102974.00)
Seat 2: aviciistomach (314196.00)
Seat 3: 20Lavar (198453.00)
Seat 4: lipesticky (365425.00)
Seat 5: chugalug14 (47838.00)
Seat 6: mattylew9 (114250.00)
Seat 7: RNigro41 (357723.00)
Seat 8: Sindebi (195378.00)
1wombat posts ante 750.00
aviciistomach posts ante 750.00
20Lavar posts ante 750.00
lipesticky posts ante 750.00
chugalug14 posts ante 750.00
mattylew9 posts ante 750.00
RNigro41 posts ante 750.00
Sindebi posts ante 750.00
Sindebi posts the small blind 2500.00
1wombat posts the big blind 5000.00
*** HOLE CARDS ***
Main pot 6000.00
Dealt to lipesticky [7d Jh]
aviciistomach raises 11000.00 to 11000.00
20Lavar folds
lipesticky folds
chugalug14 folds
mattylew9 folds
RNigro41 folds
Sindebi folds
1wombat folds
Uncalled bet (6000.00) returned to aviciistomach
aviciistomach does not show
*** SUMMARY ***
Total pot 18500.00
Seat 1: 1wombat (big blind) folded on the Pre-Flop
Seat 2: aviciistomach did not show and won 18500.00
Seat 3: 20Lavar folded on the Pre-Flop and did not bet
Seat 4: lipesticky folded on the Pre-Flop and did not bet
Seat 5: chugalug14 folded on the Pre-Flop and did not bet
Seat 6: mattylew9 folded on the Pre-Flop and did not bet
Seat 7: RNigro41 (button) folded on the Pre-Flop
Seat 8: Sindebi (small blind) folded on the Pre-Flop

Game Hand #2020292638 - Tournament #31155888 - Holdem (No Limit) - Level 9 (2500.00/5000.00)- 2024/02/07 18:11:18 UTC
Table '44' 8-max Seat #8 is the button
Seat 1: 1wombat (97224.00)
Seat 2: aviciistomach (326946.00)
Seat 3: 20Lavar (197703.00)
Seat 4: lipesticky (364675.00)
Seat 5: chugalug14 (47088.00)
Seat 6: mattylew9 (113500.00)
Seat 7: RNigro41 (356973.00)
Seat 8: Sindebi (192128.00)
1wombat posts ante 750.00
aviciistomach posts ante 750.00
20Lavar posts ante 750.00
lipesticky posts ante 750.00
chugalug14 posts ante 750.00
mattylew9 posts ante 750.00
RNigro41 posts ante 750.00
Sindebi posts ante 750.00
1wombat posts the small blind 2500.00
aviciistomach posts the big blind 5000.00
*** HOLE CARDS ***
Main pot 6000.00
Dealt to lipesticky [Jh 7h]
20Lavar raises 10500.00 to 10500.00
lipesticky folds
chugalug14 raises 46338.00 to 46338.00 and is all-in
mattylew9 folds
RNigro41 folds
Sindebi folds
1wombat folds
aviciistomach raises 321196.00 to 326196.00 and is all-in
20Lavar calls 186453.00 and is all-in
Uncalled bet (129243.00) returned to aviciistomach
*** FLOP *** [3h 8d Ad]
Main pot 147514.00
Side pot(1) 301230.00
*** TURN *** [3h 8d Ad] [8s]
Main pot 147514.00
Side pot(1) 301230.00
*** RIVER *** [3h 8d Ad 8s] [6h]
Main pot 147514.00
Side pot(1) 301230.00
*** SHOW DOWN ***
Main pot 147514.00
Side pot(1) 301230.00
aviciistomach shows [Js Qd] (a pair of Eights [8s 8d Ad Qd Js])
20Lavar shows [Ah 9h] (two pair, Aces and Eights [Ah Ad 8s 8d 9h])
chugalug14 shows [Qs Ac] (two pair, Aces and Eights [Ad Ac 8s 8d Qs])
chugalug14 collected 147514.00 from main pot
20Lavar collected 301230.00 from side pot-1
*** SUMMARY ***
Total pot 448744.00
Board [3h 8d Ad 8s 6h]
Seat 1: 1wombat (small blind) folded on the Pre-Flop
Seat 2: aviciistomach (big blind) showed [Js Qd] and lost with a pair of Eights [8s 8d Ad Qd Js]
Seat 3: 20Lavar showed [Ah 9h] and won 301230.00 with two pair, Aces and Eights [Ah Ad 8s 8d 9h]
Seat 4: lipesticky folded on the Pre-Flop and did not bet
Seat 5: chugalug14 showed [Qs Ac] and won 147514.00 with two pair, Aces and Eights [Ad Ac 8s 8d Qs] with the kicker Queen
Seat 6: mattylew9 folded on the Pre-Flop and did not bet
Seat 7: RNigro41 folded on the Pre-Flop and did not bet
Seat 8: Sindebi (button) folded on the Pre-Flop

Game Hand #2020293395 - Tournament #31155888 - Holdem (No Limit) - Level 9 (2500.00/5000.00)- 2024/02/07 18:12:10 UTC
Table '44' 8-max Seat #1 is the button
Seat 1: 1wombat (93974.00)
Seat 2: aviciistomach (129243.00)
Seat 3: 20Lavar (301230.00)
Seat 4: lipesticky (363925.00)
Seat 5: chugalug14 (147514.00)
Seat 6: mattylew9 (112750.00)
Seat 7: RNigro41 (356223.00)
Seat 8: Sindebi (191378.00)
1wombat posts ante 750.00
aviciistomach posts ante 750.00
20Lavar posts ante 750.00
lipesticky posts ante 750.00
chugalug14 posts ante 750.00
mattylew9 posts ante 750.00
RNigro41 posts ante 750.00
Sindebi posts ante 750.00
aviciistomach posts the small blind 2500.00
20Lavar posts the big blind 5000.00
*** HOLE CARDS ***
Main pot 6000.00
Dealt to lipesticky [4h 8h]
lipesticky folds
chugalug14 folds
mattylew9 folds
RNigro41 folds
Sindebi folds
1wombat folds
aviciistomach calls 2500.00
20Lavar checks
*** FLOP *** [7d Td 6d]
Main pot 16000.00
aviciistomach checks
20Lavar checks
*** TURN *** [7d Td 6d] [8c]
Main pot 16000.00
aviciistomach bets 10000.00
20Lavar folds
Uncalled bet (10000.00) returned to aviciistomach
aviciistomach does not show
*** SUMMARY ***
Total pot 16000.00
Board [7d Td 6d 8c]
Seat 1: 1wombat (button) folded on the Pre-Flop
Seat 2: aviciistomach did not show and won 16000.00
Seat 3: 20Lavar (big blind) folded on the Turn
Seat 4: lipesticky folded on the Pre-Flop and did not bet
Seat 5: chugalug14 folded on the Pre-Flop and did not bet
Seat 6: mattylew9 folded on the Pre-Flop and did not bet
Seat 7: RNigro41 folded on the Pre-Flop and did not bet
Seat 8: Sindebi folded on the Pre-Flop and did not bet

Game Hand #2020294226 - Tournament #31155888 - Holdem (No Limit) - Level 9 (2500.00/5000.00)- 2024/02/07 18:13:08 UTC
Table '44' 8-max Seat #2 is the button
Seat 1: 1wombat (93224.00)
Seat 2: aviciistomach (139493.00)
Seat 3: 20Lavar (295480.00)
Seat 4: lipesticky (363175.00)
Seat 5: chugalug14 (146764.00)
Seat 6: mattylew9 (112000.00)
Seat 7: RNigro41 (355473.00)
Seat 8: Sindebi (190628.00)
1wombat posts ante 750.00
aviciistomach posts ante 750.00
20Lavar posts ante 750.00
lipesticky posts ante 750.00
chugalug14 posts ante 750.00
mattylew9 posts ante 750.00
RNigro41 posts ante 750.00
Sindebi posts ante 750.00
20Lavar posts the small blind 2500.00
lipesticky posts the big blind 5000.00
*** HOLE CARDS ***
Main pot 6000.00
Dealt to lipesticky [7c Ks]
chugalug14 folds
mattylew9 folds
RNigro41 folds
Sindebi raises 10000.00 to 10000.00
1wombat folds
aviciistomach folds
20Lavar calls 7500.00
lipesticky calls 5000.00
*** FLOP *** [Kd Qs 5d]
Main pot 36000.00
20Lavar checks
lipesticky checks
Sindebi checks
*** TURN *** [Kd Qs 5d] [Jd]
Main pot 36000.00
20Lavar bets 28080.00
lipesticky folds
Sindebi folds
Uncalled bet (28080.00) returned to 20Lavar
20Lavar does not show
*** SUMMARY ***
Total pot 36000.00
Board [Kd Qs 5d Jd]
Seat 1: 1wombat folded on the Pre-Flop and did not bet
Seat 2: aviciistomach (button) folded on the Pre-Flop
Seat 3: 20Lavar did not show and won 36000.00
Seat 4: lipesticky (big blind) folded on the Turn
Seat 5: chugalug14 folded on the Pre-Flop and did not bet
Seat 6: mattylew9 folded on the Pre-Flop and did not bet
Seat 7: RNigro41 folded on the Pre-Flop and did not bet
Seat 8: Sindebi folded on the Turn

Game Hand #2020295708 - Tournament #31155888 - Holdem (No Limit) - Level 9 (2500.00/5000.00)- 2024/02/07 18:14:50 UTC
Table '44' 8-max Seat #3 is the button
Seat 1: 1wombat (92474.00)
Seat 2: aviciistomach (138743.00)
Seat 3: 20Lavar (320730.00)
Seat 4: lipesticky (352425.00)
Seat 5: chugalug14 (146014.00)
Seat 6: mattylew9 (111250.00)
Seat 7: RNigro41 (354723.00)
Seat 8: Sindebi (179878.00)
1wombat posts ante 750.00
aviciistomach posts ante 750.00
20Lavar posts ante 750.00
lipesticky posts ante 750.00
chugalug14 posts ante 750.00
mattylew9 posts ante 750.00
RNigro41 posts ante 750.00
Sindebi posts ante 750.00
lipesticky posts the small blind 2500.00
chugalug14 posts the big blind 5000.00
*** HOLE CARDS ***
Main pot 6000.00
Dealt to lipesticky [7d 9h]
mattylew9 raises 10500.00 to 10500.00
RNigro41 folds
Sindebi folds
1wombat raises 91724.00 to 91724.00 and is all-in
aviciistomach folds
20Lavar folds
lipesticky folds
chugalug14 raises 140264.00 to 145264.00 and is all-in
mattylew9 folds
Uncalled bet (53540.00) returned to chugalug14
*** FLOP *** [Ac Jd 8h]
Main pot 202448.00
*** TURN *** [Ac Jd 8h] [5s]
Main pot 202448.00
*** RIVER *** [Ac Jd 8h 5s] [8s]
Main pot 202448.00
*** SHOW DOWN ***
Main pot 202448.00
1wombat shows [Th Ts] (two pair, Tens and Eights [Ts Th 8s 8h Ac])
chugalug14 shows [Qs Qc] (two pair, Queens and Eights [Qs Qc 8s 8h Ac])
chugalug14 collected 202448.00 from main pot
*** SUMMARY ***
Total pot 202448.00
Board [Ac Jd 8h 5s 8s]
Seat 1: 1wombat showed [Th Ts] and lost with two pair, Tens and Eights [Ts Th 8s 8h Ac]
Seat 2: aviciistomach folded on the Pre-Flop and did not bet
Seat 3: 20Lavar (button) folded on the Pre-Flop
Seat 4: lipesticky (small blind) folded on the Pre-Flop
Seat 5: chugalug14 (big blind) showed [Qs Qc] and won 202448.00 with two pair, Queens and Eights [Qs Qc 8s 8h Ac]
Seat 6: mattylew9 folded on the Pre-Flop and did not bet
Seat 7: RNigro41 folded on the Pre-Flop and did not bet
Seat 8: Sindebi folded on the Pre-Flop and did not bet

Game Hand #2020296973 - Tournament #31155888 - Holdem (No Limit) - Level 9 (2500.00/5000.00)- 2024/02/07 18:16:17 UTC
Table '44' 8-max Seat #4 is the button
Seat 2: aviciistomach (137993.00)
Seat 3: 20Lavar (319980.00)
Seat 4: lipesticky (349175.00)
Seat 5: chugalug14 (255988.00)
Seat 6: mattylew9 (100000.00)
Seat 7: RNigro41 (353973.00)
Seat 8: Sindebi (179128.00)
aviciistomach posts ante 750.00
20Lavar posts ante 750.00
lipesticky posts ante 750.00
chugalug14 posts ante 750.00
mattylew9 posts ante 750.00
RNigro41 posts ante 750.00
Sindebi posts ante 750.00
chugalug14 posts the small blind 2500.00
mattylew9 posts the big blind 5000.00
*** HOLE CARDS ***
Main pot 5250.00
Dealt to lipesticky [Jd 7c]
RNigro41 folds
Sindebi folds
aviciistomach folds
20Lavar folds
lipesticky raises 11500.00 to 11500.00
chugalug14 calls 9000.00
mattylew9 folds
*** FLOP *** [4c 8d Ks]
Main pot 33250.00
chugalug14 checks
lipesticky checks
*** TURN *** [4c 8d Ks] [2c]
Main pot 33250.00
chugalug14 bets 16625.00
lipesticky folds
Uncalled bet (16625.00) returned to chugalug14
chugalug14 does not show
*** SUMMARY ***
Total pot 33250.00
Board [4c 8d Ks 2c]
Seat 2: aviciistomach folded on the Pre-Flop and did not bet
Seat 3: 20Lavar folded on the Pre-Flop and did not bet
Seat 4: lipesticky (button) folded on the Turn
Seat 5: chugalug14 did not show and won 33250.00
Seat 6: mattylew9 (big blind) folded on the Pre-Flop
Seat 7: RNigro41 folded on the Pre-Flop and did not bet
Seat 8: Sindebi folded on the Pre-Flop and did not bet

Game Hand #2020301304 - Tournament #31155888 - Holdem (No Limit) - Level 10 (3000.00/6000.00)- 2024/02/07 18:18:04 UTC
Table '44' 8-max Seat #5 is the button
Seat 2: aviciistomach (137243.00)
Seat 3: 20Lavar (319230.00)
Seat 4: lipesticky (336925.00)
Seat 5: chugalug14 (276988.00)
Seat 6: mattylew9 (94250.00)
Seat 7: RNigro41 (353223.00)
Seat 8: Sindebi (178378.00)
aviciistomach posts ante 900.00
20Lavar posts ante 900.00
lipesticky posts ante 900.00
chugalug14 posts ante 900.00
mattylew9 posts ante 900.00
RNigro41 posts ante 900.00
Sindebi posts ante 900.00
mattylew9 posts the small blind 3000.00
RNigro41 posts the big blind 6000.00
*** HOLE CARDS ***
Main pot 6300.00
Dealt to lipesticky [Ah 4d]
Sindebi raises 12000.00 to 12000.00
aviciistomach calls 12000.00
20Lavar folds
lipesticky folds
chugalug14 folds
mattylew9 calls 9000.00
RNigro41 folds
*** FLOP *** [4c 7d 6h]
Main pot 48300.00
mattylew9 checks
Sindebi bets 12000.00
aviciistomach calls 12000.00
mattylew9 folds
*** TURN *** [4c 7d 6h] [6s]
Main pot 72300.00
Sindebi checks
aviciistomach checks
*** RIVER *** [4c 7d 6h 6s] [4h]
Main pot 72300.00
Sindebi bets 54225.00
aviciistomach folds
Uncalled bet (54225.00) returned to Sindebi
Sindebi does not show
*** SUMMARY ***
Total pot 72300.00
Board [4c 7d 6h 6s 4h]
Seat 2: aviciistomach folded on the River
Seat 3: 20Lavar folded on the Pre-Flop and did not bet
Seat 4: lipesticky folded on the Pre-Flop and did not bet
Seat 5: chugalug14 (button) folded on the Pre-Flop
Seat 6: mattylew9 (small blind) folded on the Flop
Seat 7: RNigro41 (big blind) folded on the Pre-Flop
Seat 8: Sindebi did not show and won 72300.00

Game Hand #2020307115 - Tournament #31155888 - Holdem (No Limit) - Level 10 (3000.00/6000.00)- 2024/02/07 18:19:48 UTC
Table '44' 8-max Seat #6 is the button
Seat 1: Tac2533 (100000.00)
Seat 2: aviciistomach (112343.00)
Seat 3: 20Lavar (318330.00)
Seat 4: lipesticky (336025.00)
Seat 5: chugalug14 (276088.00)
Seat 6: mattylew9 (81350.00)
Seat 7: RNigro41 (346323.00)
Seat 8: Sindebi (225778.00)
Tac2533 posts ante 900.00
aviciistomach posts ante 900.00
20Lavar posts ante 900.00
lipesticky posts ante 900.00
chugalug14 posts ante 900.00
mattylew9 posts ante 900.00
RNigro41 posts ante 900.00
Sindebi posts ante 900.00
RNigro41 posts the small blind 3000.00
Sindebi posts the big blind 6000.00
*** HOLE CARDS ***
Main pot 7200.00
Dealt to lipesticky [Qd 3c]
Tac2533 folds
aviciistomach folds
20Lavar folds
lipesticky folds
chugalug14 folds
mattylew9 folds
RNigro41 folds
Sindebi does not show
*** SUMMARY ***
Total pot 16200.00
Seat 1: Tac2533 folded on the Pre-Flop and did not bet
Seat 2: aviciistomach folded on the Pre-Flop and did not bet
Seat 3: 20Lavar folded on the Pre-Flop and did not bet
Seat 4: lipesticky folded on the Pre-Flop and did not bet
Seat 5: chugalug14 folded on the Pre-Flop and did not bet
Seat 6: mattylew9 (button) folded on the Pre-Flop
Seat 7: RNigro41 (small blind) folded on the Pre-Flop
Seat 8: Sindebi did not show and won 16200.00

Game Hand #2020307516 - Tournament #31155888 - Holdem (No Limit) - Level 10 (3000.00/6000.00)- 2024/02/07 18:20:16 UTC
Table '44' 8-max Seat #7 is the button
Seat 1: Tac2533 (99100.00)
Seat 2: aviciistomach (111443.00)
Seat 3: 20Lavar (317430.00)
Seat 4: lipesticky (335125.00)
Seat 5: chugalug14 (275188.00)
Seat 6: mattylew9 (80450.00)
Seat 7: RNigro41 (342423.00)
Seat 8: Sindebi (235078.00)
Tac2533 posts ante 900.00
aviciistomach posts ante 900.00
20Lavar posts ante 900.00
lipesticky posts ante 900.00
chugalug14 posts ante 900.00
mattylew9 posts ante 900.00
RNigro41 posts ante 900.00
Sindebi posts ante 900.00
Sindebi posts the small blind 3000.00
Tac2533 posts the big blind 6000.00
*** HOLE CARDS ***
Main pot 7200.00
Dealt to lipesticky [6c Qd]
aviciistomach folds
20Lavar raises 12600.00 to 12600.00
lipesticky folds
chugalug14 folds
mattylew9 folds
RNigro41 folds
Sindebi raises 42000.00 to 45000.00
Tac2533 folds
20Lavar folds
Uncalled bet (32400.00) returned to Sindebi
Sindebi does not show
*** SUMMARY ***
Total pot 38400.00
Seat 1: Tac2533 (big blind) folded on the Pre-Flop
Seat 2: aviciistomach folded on the Pre-Flop and did not bet
Seat 3: 20Lavar folded on the Pre-Flop and did not bet
Seat 4: lipesticky folded on the Pre-Flop and did not bet
Seat 5: chugalug14 folded on the Pre-Flop and did not bet
Seat 6: mattylew9 folded on the Pre-Flop and did not bet
Seat 7: RNigro41 (button) folded on the Pre-Flop
Seat 8: Sindebi did not show and won 38400.00

Game Hand #2020308576 - Tournament #31155888 - Holdem (No Limit) - Level 10 (3000.00/6000.00)- 2024/02/07 18:21:28 UTC
Table '44' 8-max Seat #8 is the button
Seat 1: Tac2533 (92200.00)
Seat 2: aviciistomach (110543.00)
Seat 3: 20Lavar (303930.00)
Seat 4: lipesticky (334225.00)
Seat 5: chugalug14 (274288.00)
Seat 6: mattylew9 (79550.00)
Seat 7: RNigro41 (341523.00)
Seat 8: Sindebi (259978.00)
Tac2533 posts ante 900.00
aviciistomach posts ante 900.00
20Lavar posts ante 900.00
lipesticky posts ante 900.00
chugalug14 posts ante 900.00
mattylew9 posts ante 900.00
RNigro41 posts ante 900.00
Sindebi posts ante 900.00
Tac2533 posts the small blind 3000.00
aviciistomach posts the big blind 6000.00
*** HOLE CARDS ***
Main pot 7200.00
Dealt to lipesticky [2h 3d]
20Lavar folds
lipesticky folds
chugalug14 folds
mattylew9 folds
RNigro41 raises 13200.00 to 13200.00
Sindebi folds
Tac2533 raises 88300.00 to 91300.00 and is all-in
aviciistomach folds
RNigro41 calls 78100.00
*** FLOP *** [2d 4s 5d]
Main pot 195800.00
*** TURN *** [2d 4s 5d] [8c]
Main pot 195800.00
*** RIVER *** [2d 4s 5d 8c] [2c]
Main pot 195800.00
*** SHOW DOWN ***
Main pot 195800.00
Tac2533 shows [Jc 9s] (a pair of Deuces [2d 2c Jc 9s 8c])
RNigro41 shows [5h 5s] (a full house, Fives full of Deuces [5s 5h 5d 2d 2c])
RNigro41 collected 195800.00 from main pot
*** SUMMARY ***
Total pot 195800.00
Board [2d 4s 5d 8c 2c]
Seat 1: Tac2533 (small blind) showed [Jc 9s] and lost with a pair of Deuces [2d 2c Jc 9s 8c]
Seat 2: aviciistomach (big blind) folded on the Pre-Flop
Seat 3: 20Lavar folded on the Pre-Flop and did not bet
Seat 4: lipesticky folded on the Pre-Flop and did not bet
Seat 5: chugalug14 folded on the Pre-Flop and did not bet
Seat 6: mattylew9 folded on the Pre-Flop and did not bet
Seat 7: RNigro41 showed [5h 5s] and won 195800.00 with a full house, Fives full of Deuces [5s 5h 5d 2d 2c]
Seat 8: Sindebi (button) folded on the Pre-Flop

