Game Hand #2017658317 - Tournament #31137807 - Holdem (No Limit) - Level 11 (3500.00/7000.00)- 2024/02/04 22:38:28 UTC
Table '193' 8-max Seat #7 is the button
Seat 1: bndoksaint (117336.00)
Seat 2: crflamengo (165362.00)
Seat 3: ScrillaGorilla (484834.00)
Seat 4: Kuei1995 (158629.00)
Seat 5: lipesticky (1090182.00)
Seat 6: KingMaia (1287109.00)
Seat 7: rebozeio10 (246000.00)
Seat 8: randomcrayon (171500.00)
bndoksaint posts ante 1000.00
crflamengo posts ante 1000.00
ScrillaGorilla posts ante 1000.00
Kuei1995 posts ante 1000.00
lipesticky posts ante 1000.00
KingMaia posts ante 1000.00
rebozeio10 posts ante 1000.00
randomcrayon posts ante 1000.00
randomcrayon posts the small blind 3500.00
bndoksaint posts the big blind 7000.00
*** HOLE CARDS ***
Main pot 8000.00
Dealt to lipesticky [6d Jh]
crflamengo folds
ScrillaGorilla folds
Kuei1995 folds
lipesticky folds
KingMaia raises 16100.00 to 16100.00
rebozeio10 folds
randomcrayon folds
bndoksaint calls 9100.00
*** FLOP *** [8h Ks 9s]
Main pot 43700.00
bndoksaint checks
KingMaia checks
*** TURN *** [8h Ks 9s] [3s]
Main pot 43700.00
bndoksaint bets 7000.00
KingMaia folds
Uncalled bet (7000.00) returned to bndoksaint
bndoksaint does not show
*** SUMMARY ***
Total pot 43700.00
Board [8h Ks 9s 3s]
Seat 1: bndoksaint did not show and won 43700.00
Seat 2: crflamengo folded on the Pre-Flop and did not bet
Seat 3: ScrillaGorilla folded on the Pre-Flop and did not bet
Seat 4: Kuei1995 folded on the Pre-Flop and did not bet
Seat 5: lipesticky folded on the Pre-Flop and did not bet
Seat 6: KingMaia folded on the Turn
Seat 7: rebozeio10 (button) folded on the Pre-Flop
Seat 8: randomcrayon (small blind) folded on the Pre-Flop

Game Hand #2017660299 - Tournament #31137807 - Holdem (No Limit) - Level 11 (3500.00/7000.00)- 2024/02/04 22:39:32 UTC
Table '68' 8-max Seat #6 is the button
Seat 1: NEVERFOLD1010 (116434.00)
Seat 2: lipesticky (1089182.00)
Seat 3: KCFan1321 (203398.00)
Seat 4: Junkiebe4t (282570.00)
Seat 5: Gr1nnnDING (445180.00)
Seat 7: StrawHatMikha (722799.00)
Seat 8: Papide2626 (1448347.00)
NEVERFOLD1010 posts ante 1000.00
lipesticky posts ante 1000.00
KCFan1321 posts ante 1000.00
Junkiebe4t posts ante 1000.00
Gr1nnnDING posts ante 1000.00
StrawHatMikha posts ante 1000.00
Papide2626 posts ante 1000.00
StrawHatMikha posts the small blind 3500.00
Papide2626 posts the big blind 7000.00
*** HOLE CARDS ***
Main pot 7000.00
Dealt to lipesticky [Ah Kd]
NEVERFOLD1010 folds
lipesticky raises 14700.00 to 14700.00
KCFan1321 folds
Junkiebe4t folds
Gr1nnnDING folds
StrawHatMikha folds
Papide2626 calls 7700.00
*** FLOP *** [Jh Qs 5d]
Main pot 39900.00
Papide2626 checks
lipesticky bets 13167.00
Papide2626 raises 26334.00 to 26334.00
lipesticky calls 13167.00
*** TURN *** [Jh Qs 5d] [8s]
Main pot 92568.00
Papide2626 bets 46284.00
lipesticky calls 46284.00
*** RIVER *** [Jh Qs 5d 8s] [3h]
Main pot 185136.00
Papide2626 bets 70784.00
lipesticky folds
Uncalled bet (70784.00) returned to Papide2626
Papide2626 does not show
*** SUMMARY ***
Total pot 185136.00
Board [Jh Qs 5d 8s 3h]
Seat 1: NEVERFOLD1010 folded on the Pre-Flop and did not bet
Seat 2: lipesticky folded on the River
Seat 3: KCFan1321 folded on the Pre-Flop and did not bet
Seat 4: Junkiebe4t folded on the Pre-Flop and did not bet
Seat 5: Gr1nnnDING folded on the Pre-Flop and did not bet
Seat 7: StrawHatMikha (small blind) folded on the Pre-Flop
Seat 8: Papide2626 did not show and won 185136.00

Game Hand #2017663931 - Tournament #31137807 - Holdem (No Limit) - Level 12 (4000.00/8000.00)- 2024/02/04 22:41:31 UTC
Table '68' 8-max Seat #7 is the button
Seat 1: NEVERFOLD1010 (115434.00)
Seat 2: lipesticky (1000864.00)
Seat 3: KCFan1321 (202398.00)
Seat 4: Junkiebe4t (281570.00)
Seat 5: Gr1nnnDING (444180.00)
Seat 6: GoToWin88 (372777.00)
Seat 7: StrawHatMikha (718299.00)
Seat 8: Papide2626 (1545165.00)
NEVERFOLD1010 posts ante 1200.00
lipesticky posts ante 1200.00
KCFan1321 posts ante 1200.00
Junkiebe4t posts ante 1200.00
Gr1nnnDING posts ante 1200.00
GoToWin88 posts ante 1200.00
StrawHatMikha posts ante 1200.00
Papide2626 posts ante 1200.00
Papide2626 posts the small blind 4000.00
NEVERFOLD1010 posts the big blind 8000.00
*** HOLE CARDS ***
Main pot 9600.00
Dealt to lipesticky [2d 4c]
lipesticky folds
KCFan1321 folds
Junkiebe4t folds
Gr1nnnDING raises 16000.00 to 16000.00
GoToWin88 folds
StrawHatMikha folds
Papide2626 raises 20000.00 to 24000.00
NEVERFOLD1010 folds
Gr1nnnDING calls 8000.00
*** FLOP *** [7c Qh 5s]
Main pot 65600.00
Papide2626 bets 32800.00
Gr1nnnDING folds
Uncalled bet (32800.00) returned to Papide2626
Papide2626 does not show
*** SUMMARY ***
Total pot 65600.00
Board [7c Qh 5s]
Seat 1: NEVERFOLD1010 (big blind) folded on the Pre-Flop
Seat 2: lipesticky folded on the Pre-Flop and did not bet
Seat 3: KCFan1321 folded on the Pre-Flop and did not bet
Seat 4: Junkiebe4t folded on the Pre-Flop and did not bet
Seat 5: Gr1nnnDING folded on the Flop
Seat 6: GoToWin88 folded on the Pre-Flop and did not bet
Seat 7: StrawHatMikha (button) folded on the Pre-Flop
Seat 8: Papide2626 did not show and won 65600.00

Game Hand #2017665773 - Tournament #31137807 - Holdem (No Limit) - Level 12 (4000.00/8000.00)- 2024/02/04 22:42:34 UTC
Table '68' 8-max Seat #8 is the button
Seat 1: NEVERFOLD1010 (106234.00)
Seat 2: lipesticky (999664.00)
Seat 3: KCFan1321 (201198.00)
Seat 4: Junkiebe4t (280370.00)
Seat 5: Gr1nnnDING (418980.00)
Seat 6: GoToWin88 (371577.00)
Seat 7: StrawHatMikha (717099.00)
Seat 8: Papide2626 (1585565.00)
NEVERFOLD1010 posts ante 1200.00
lipesticky posts ante 1200.00
KCFan1321 posts ante 1200.00
Junkiebe4t posts ante 1200.00
Gr1nnnDING posts ante 1200.00
GoToWin88 posts ante 1200.00
StrawHatMikha posts ante 1200.00
Papide2626 posts ante 1200.00
NEVERFOLD1010 posts the small blind 4000.00
lipesticky posts the big blind 8000.00
*** HOLE CARDS ***
Main pot 9600.00
Dealt to lipesticky [4h 3c]
KCFan1321 folds
Junkiebe4t folds
Gr1nnnDING folds
GoToWin88 raises 16000.00 to 16000.00
StrawHatMikha folds
Papide2626 calls 16000.00
NEVERFOLD1010 folds
lipesticky folds
*** FLOP *** [Qd 9h 6s]
Main pot 53600.00
GoToWin88 bets 16080.00
Papide2626 calls 16080.00
*** TURN *** [Qd 9h 6s] [4c]
Main pot 85760.00
GoToWin88 checks
Papide2626 bets 42880.00
GoToWin88 folds
Uncalled bet (42880.00) returned to Papide2626
Papide2626 does not show
*** SUMMARY ***
Total pot 85760.00
Board [Qd 9h 6s 4c]
Seat 1: NEVERFOLD1010 (small blind) folded on the Pre-Flop
Seat 2: lipesticky (big blind) folded on the Pre-Flop
Seat 3: KCFan1321 folded on the Pre-Flop and did not bet
Seat 4: Junkiebe4t folded on the Pre-Flop and did not bet
Seat 5: Gr1nnnDING folded on the Pre-Flop and did not bet
Seat 6: GoToWin88 folded on the Turn
Seat 7: StrawHatMikha folded on the Pre-Flop and did not bet
Seat 8: Papide2626 did not show and won 85760.00

Game Hand #2017667878 - Tournament #31137807 - Holdem (No Limit) - Level 12 (4000.00/8000.00)- 2024/02/04 22:43:45 UTC
Table '68' 8-max Seat #1 is the button
Seat 1: NEVERFOLD1010 (101034.00)
Seat 2: lipesticky (990464.00)
Seat 6: GoToWin88 (338297.00)
Seat 8: Papide2626 (1638045.00)
NEVERFOLD1010 posts ante 1200.00
lipesticky posts ante 1200.00
GoToWin88 posts ante 1200.00
Papide2626 posts ante 1200.00
lipesticky posts the small blind 4000.00
GoToWin88 posts the big blind 8000.00
*** HOLE CARDS ***
Main pot 4800.00
Dealt to lipesticky [As 6h]
Papide2626 raises 16000.00 to 16000.00
NEVERFOLD1010 folds
lipesticky folds
GoToWin88 calls 8000.00
*** FLOP *** [Qs 8c Jc]
Main pot 40800.00
GoToWin88 checks
Papide2626 bets 32800.00
GoToWin88 folds
Uncalled bet (32800.00) returned to Papide2626
Papide2626 does not show
*** SUMMARY ***
Total pot 40800.00
Board [Qs 8c Jc]
Seat 1: NEVERFOLD1010 (button) folded on the Pre-Flop
Seat 2: lipesticky (small blind) folded on the Pre-Flop
Seat 6: GoToWin88 (big blind) folded on the Flop
Seat 8: Papide2626 did not show and won 40800.00

Game Hand #2017669156 - Tournament #31137807 - Holdem (No Limit) - Level 12 (4000.00/8000.00)- 2024/02/04 22:44:27 UTC
Table '68' 8-max Seat #2 is the button
Seat 1: NEVERFOLD1010 (99834.00)
Seat 2: lipesticky (985264.00)
Seat 6: GoToWin88 (321097.00)
Seat 8: Papide2626 (1661645.00)
NEVERFOLD1010 posts ante 1200.00
lipesticky posts ante 1200.00
GoToWin88 posts ante 1200.00
Papide2626 posts ante 1200.00
GoToWin88 posts the small blind 4000.00
Papide2626 posts the big blind 8000.00
*** HOLE CARDS ***
Main pot 4800.00
Dealt to lipesticky [8c Th]
NEVERFOLD1010 folds
lipesticky folds
GoToWin88 raises 24000.00 to 28000.00
Papide2626 calls 20000.00
*** FLOP *** [Jh Ks 9h]
Main pot 60800.00
GoToWin88 checks
Papide2626 checks
*** TURN *** [Jh Ks 9h] [6c]
Main pot 60800.00
GoToWin88 checks
Papide2626 bets 30400.00
GoToWin88 folds
Uncalled bet (30400.00) returned to Papide2626
Papide2626 does not show
*** SUMMARY ***
Total pot 60800.00
Board [Jh Ks 9h 6c]
Seat 1: NEVERFOLD1010 folded on the Pre-Flop and did not bet
Seat 2: lipesticky (button) folded on the Pre-Flop
Seat 6: GoToWin88 (small blind) folded on the Turn
Seat 8: Papide2626 did not show and won 60800.00

Game Hand #2017671561 - Tournament #31137807 - Holdem (No Limit) - Level 12 (4000.00/8000.00)- 2024/02/04 22:45:49 UTC
Table '68' 8-max Seat #6 is the button
Seat 1: NEVERFOLD1010 (98634.00)
Seat 2: lipesticky (984064.00)
Seat 3: Anjunadeep80 (211750.00)
Seat 4: Harry Angel (274531.00)
Seat 5: jockeypoker (146200.00)
Seat 6: GoToWin88 (291897.00)
Seat 7: Weriks will be allowed to play after the button
Seat 8: Papide2626 (1693245.00)
NEVERFOLD1010 posts ante 1200.00
lipesticky posts ante 1200.00
Anjunadeep80 posts ante 1200.00
Harry Angel posts ante 1200.00
jockeypoker posts ante 1200.00
GoToWin88 posts ante 1200.00
Papide2626 posts ante 1200.00
Papide2626 posts the small blind 4000.00
NEVERFOLD1010 posts the big blind 8000.00
*** HOLE CARDS ***
Main pot 8400.00
Dealt to lipesticky [6h Kd]
lipesticky folds
Anjunadeep80 folds
Harry Angel raises 17600.00 to 17600.00
jockeypoker folds
GoToWin88 folds
Papide2626 folds
NEVERFOLD1010 folds
Uncalled bet (9600.00) returned to Harry Angel
Harry Angel does not show
*** SUMMARY ***
Total pot 28400.00
Seat 1: NEVERFOLD1010 (big blind) folded on the Pre-Flop
Seat 2: lipesticky folded on the Pre-Flop and did not bet
Seat 3: Anjunadeep80 folded on the Pre-Flop and did not bet
Seat 4: Harry Angel did not show and won 28400.00
Seat 5: jockeypoker folded on the Pre-Flop and did not bet
Seat 6: GoToWin88 (button) folded on the Pre-Flop
Seat 8: Papide2626 (small blind) folded on the Pre-Flop

