Game Hand #2036903982 - Tournament #31235810 - Holdem (No Limit) - Level 4 (1000.00/2000.00)- 2024/02/23 16:51:55 UTC
Table '47' 8-max Seat #2 is the button
Seat 1: Tio Patinhas (117007.00)
Seat 3: Pokerv94 (119697.00)
Seat 4: aviciistomach (118576.00)
Seat 5: Gambler8 (149536.00)
Seat 6: lipesticky (108456.00)
Seat 7: Genetrix01 (100000.00)
Seat 8: davetheman (100000.00)
Tio Patinhas posts ante 300.00
Pokerv94 posts ante 300.00
aviciistomach posts ante 300.00
Gambler8 posts ante 300.00
lipesticky posts ante 300.00
Genetrix01 posts ante 300.00
davetheman posts ante 300.00
Pokerv94 posts the small blind 1000.00
aviciistomach posts the big blind 2000.00
*** HOLE CARDS ***
Main pot 2100.00
Dealt to lipesticky [3s Qs]
Gambler8 folds
lipesticky folds
Genetrix01 folds
davetheman folds
Tio Patinhas folds
Pokerv94 folds
aviciistomach does not show
*** SUMMARY ***
Total pot 5100.00
Seat 1: Tio Patinhas folded on the Pre-Flop and did not bet
Seat 3: Pokerv94 (small blind) folded on the Pre-Flop
Seat 4: aviciistomach did not show and won 5100.00
Seat 5: Gambler8 folded on the Pre-Flop and did not bet
Seat 6: lipesticky folded on the Pre-Flop and did not bet
Seat 7: Genetrix01 folded on the Pre-Flop and did not bet
Seat 8: davetheman folded on the Pre-Flop and did not bet

Game Hand #2036904279 - Tournament #31235810 - Holdem (No Limit) - Level 4 (1000.00/2000.00)- 2024/02/23 16:52:20 UTC
Table '47' 8-max Seat #3 is the button
Seat 1: Tio Patinhas (116707.00)
Seat 2: Omario56 (227075.00)
Seat 3: Pokerv94 (118397.00)
Seat 4: aviciistomach (121376.00)
Seat 5: Gambler8 (149236.00)
Seat 6: lipesticky (108156.00)
Seat 7: Genetrix01 (99700.00)
Seat 8: davetheman (99700.00)
Tio Patinhas posts ante 300.00
Omario56 posts ante 300.00
Pokerv94 posts ante 300.00
aviciistomach posts ante 300.00
Gambler8 posts ante 300.00
lipesticky posts ante 300.00
Genetrix01 posts ante 300.00
davetheman posts ante 300.00
aviciistomach posts the small blind 1000.00
Gambler8 posts the big blind 2000.00
*** HOLE CARDS ***
Main pot 2400.00
Dealt to lipesticky [5d Th]
lipesticky folds
Genetrix01 folds
davetheman folds
Tio Patinhas raises 5000.00 to 5000.00
Omario56 folds
Pokerv94 folds
aviciistomach raises 15000.00 to 16000.00
Gambler8 folds
Tio Patinhas raises 44000.00 to 49000.00
aviciistomach folds
Uncalled bet (33000.00) returned to Tio Patinhas
Tio Patinhas does not show
*** SUMMARY ***
Total pot 36400.00
Seat 1: Tio Patinhas did not show and won 36400.00
Seat 2: Omario56 folded on the Pre-Flop and did not bet
Seat 3: Pokerv94 (button) folded on the Pre-Flop
Seat 4: aviciistomach (small blind) folded on the Pre-Flop
Seat 5: Gambler8 (big blind) folded on the Pre-Flop
Seat 6: lipesticky folded on the Pre-Flop and did not bet
Seat 7: Genetrix01 folded on the Pre-Flop and did not bet
Seat 8: davetheman folded on the Pre-Flop and did not bet

Game Hand #2036905212 - Tournament #31235810 - Holdem (No Limit) - Level 4 (1000.00/2000.00)- 2024/02/23 16:53:39 UTC
Table '47' 8-max Seat #4 is the button
Seat 1: Tio Patinhas (136807.00)
Seat 2: Omario56 (226775.00)
Seat 3: Pokerv94 (118097.00)
Seat 4: aviciistomach (105076.00)
Seat 5: Gambler8 (146936.00)
Seat 6: lipesticky (107856.00)
Seat 7: Genetrix01 (99400.00)
Seat 8: davetheman (99400.00)
Tio Patinhas posts ante 300.00
Omario56 posts ante 300.00
Pokerv94 posts ante 300.00
aviciistomach posts ante 300.00
Gambler8 posts ante 300.00
lipesticky posts ante 300.00
Genetrix01 posts ante 300.00
davetheman posts ante 300.00
Gambler8 posts the small blind 1000.00
lipesticky posts the big blind 2000.00
*** HOLE CARDS ***
Main pot 2400.00
Dealt to lipesticky [Js Jh]
Genetrix01 folds
davetheman folds
Tio Patinhas folds
Omario56 raises 9400.00 to 9400.00
Pokerv94 folds
aviciistomach folds
Gambler8 folds
lipesticky raises 105556.00 to 107556.00 and is all-in
Omario56 calls 98156.00
*** FLOP *** [2h Kh Ac]
Main pot 218512.00
*** TURN *** [2h Kh Ac] [7c]
Main pot 218512.00
*** RIVER *** [2h Kh Ac 7c] [5c]
Main pot 218512.00
*** SHOW DOWN ***
Main pot 218512.00
Omario56 shows [Kd 8s] (a pair of Kings [Kh Kd Ac 8s 7c])
lipesticky shows [Js Jh] (a pair of Jacks [Js Jh Ac Kh 7c])
Omario56 collected 218512.00 from main pot
*** SUMMARY ***
Total pot 218512.00
Board [2h Kh Ac 7c 5c]
Seat 1: Tio Patinhas folded on the Pre-Flop and did not bet
Seat 2: Omario56 showed [Kd 8s] and won 218512.00 with a pair of Kings [Kh Kd Ac 8s 7c]
Seat 3: Pokerv94 folded on the Pre-Flop and did not bet
Seat 4: aviciistomach (button) folded on the Pre-Flop
Seat 5: Gambler8 (small blind) folded on the Pre-Flop
Seat 6: lipesticky (big blind) showed [Js Jh] and lost with a pair of Jacks [Js Jh Ac Kh 7c]
Seat 7: Genetrix01 folded on the Pre-Flop and did not bet
Seat 8: davetheman folded on the Pre-Flop and did not bet

