Game Hand #2023246264 - Tournament #31174407 - Holdem (No Limit) - Level 2 (600.00/1200.00)- 2024/02/10 18:32:46 UTC
Table '16' 8-max Seat #6 is the button
Seat 1: coldsiemens (148940.00)
Seat 2: tacklestile (145928.00)
Seat 3: lipesticky (125000.00)
Seat 4: QRcode (219290.00)
Seat 5: longggtrailz (91998.00)
Seat 6: sstorture (117350.00)
Seat 7: StopBlowingMyM (144904.00)
Seat 8: fakenatty (132490.00)
coldsiemens posts ante 180.00
tacklestile posts ante 180.00
lipesticky posts ante 180.00
QRcode posts ante 180.00
longggtrailz posts ante 180.00
sstorture posts ante 180.00
StopBlowingMyM posts ante 180.00
fakenatty posts ante 180.00
StopBlowingMyM posts the small blind 600.00
fakenatty posts the big blind 1200.00
*** HOLE CARDS ***
Main pot 1440.00
Dealt to lipesticky [Ac 9d]
coldsiemens folds
tacklestile folds
lipesticky raises 2520.00 to 2520.00
QRcode calls 2520.00
longggtrailz folds
sstorture folds
StopBlowingMyM folds
fakenatty calls 1320.00
*** FLOP *** [5d 9s 6c]
Main pot 9600.00
fakenatty checks
lipesticky checks
QRcode checks
*** TURN *** [5d 9s 6c] [5s]
Main pot 9600.00
fakenatty bets 3168.00
lipesticky calls 3168.00
QRcode folds
*** RIVER *** [5d 9s 6c 5s] [8h]
Main pot 15936.00
fakenatty bets 15777.00
lipesticky folds
Uncalled bet (15777.00) returned to fakenatty
fakenatty does not show
*** SUMMARY ***
Total pot 15936.00
Board [5d 9s 6c 5s 8h]
Seat 1: coldsiemens folded on the Pre-Flop and did not bet
Seat 2: tacklestile folded on the Pre-Flop and did not bet
Seat 3: lipesticky folded on the River
Seat 4: QRcode folded on the Turn
Seat 5: longggtrailz folded on the Pre-Flop and did not bet
Seat 6: sstorture (button) folded on the Pre-Flop
Seat 7: StopBlowingMyM (small blind) folded on the Pre-Flop
Seat 8: fakenatty did not show and won 15936.00

Game Hand #2023248303 - Tournament #31174407 - Holdem (No Limit) - Level 2 (600.00/1200.00)- 2024/02/10 18:35:07 UTC
Table '16' 8-max Seat #7 is the button
Seat 1: coldsiemens (148760.00)
Seat 2: tacklestile (145748.00)
Seat 3: lipesticky (119132.00)
Seat 4: QRcode (216590.00)
Seat 5: longggtrailz (91818.00)
Seat 6: sstorture (117170.00)
Seat 7: StopBlowingMyM (144124.00)
Seat 8: fakenatty (142558.00)
coldsiemens posts ante 180.00
tacklestile posts ante 180.00
lipesticky posts ante 180.00
QRcode posts ante 180.00
longggtrailz posts ante 180.00
sstorture posts ante 180.00
StopBlowingMyM posts ante 180.00
fakenatty posts ante 180.00
fakenatty posts the small blind 600.00
coldsiemens posts the big blind 1200.00
*** HOLE CARDS ***
Main pot 1440.00
Dealt to lipesticky [Jc 2c]
tacklestile folds
lipesticky folds
QRcode folds
longggtrailz folds
sstorture folds
StopBlowingMyM raises 2400.00 to 2400.00
fakenatty calls 1800.00
coldsiemens raises 10800.00 to 12000.00
StopBlowingMyM folds
fakenatty folds
Uncalled bet (9600.00) returned to coldsiemens
coldsiemens does not show
*** SUMMARY ***
Total pot 8640.00
Seat 1: coldsiemens did not show and won 8640.00
Seat 2: tacklestile folded on the Pre-Flop and did not bet
Seat 3: lipesticky folded on the Pre-Flop and did not bet
Seat 4: QRcode folded on the Pre-Flop and did not bet
Seat 5: longggtrailz folded on the Pre-Flop and did not bet
Seat 6: sstorture folded on the Pre-Flop and did not bet
Seat 7: StopBlowingMyM (button) folded on the Pre-Flop
Seat 8: fakenatty (small blind) folded on the Pre-Flop

Game Hand #2023248953 - Tournament #31174407 - Holdem (No Limit) - Level 2 (600.00/1200.00)- 2024/02/10 18:35:50 UTC
Table '16' 8-max Seat #8 is the button
Seat 1: coldsiemens (154820.00)
Seat 2: tacklestile (145568.00)
Seat 3: lipesticky (118952.00)
Seat 4: QRcode (216410.00)
Seat 5: longggtrailz (91638.00)
Seat 6: sstorture (116990.00)
Seat 7: StopBlowingMyM (141544.00)
Seat 8: fakenatty (139978.00)
coldsiemens posts ante 180.00
tacklestile posts ante 180.00
lipesticky posts ante 180.00
QRcode posts ante 180.00
longggtrailz posts ante 180.00
sstorture posts ante 180.00
StopBlowingMyM posts ante 180.00
fakenatty posts ante 180.00
coldsiemens posts the small blind 600.00
tacklestile posts the big blind 1200.00
*** HOLE CARDS ***
Main pot 1440.00
Dealt to lipesticky [7c 5h]
lipesticky folds
QRcode raises 4530.00 to 4530.00
longggtrailz folds
sstorture folds
StopBlowingMyM calls 4530.00
fakenatty folds
coldsiemens folds
tacklestile folds
*** FLOP *** [2s 3s Jh]
Main pot 12300.00
QRcode bets 6150.00
StopBlowingMyM folds
Uncalled bet (6150.00) returned to QRcode
QRcode does not show
*** SUMMARY ***
Total pot 12300.00
Board [2s 3s Jh]
Seat 1: coldsiemens (small blind) folded on the Pre-Flop
Seat 2: tacklestile (big blind) folded on the Pre-Flop
Seat 3: lipesticky folded on the Pre-Flop and did not bet
Seat 4: QRcode did not show and won 12300.00
Seat 5: longggtrailz folded on the Pre-Flop and did not bet
Seat 6: sstorture folded on the Pre-Flop and did not bet
Seat 7: StopBlowingMyM folded on the Flop
Seat 8: fakenatty (button) folded on the Pre-Flop

Game Hand #2023249463 - Tournament #31174407 - Holdem (No Limit) - Level 2 (600.00/1200.00)- 2024/02/10 18:36:27 UTC
Table '16' 8-max Seat #1 is the button
Seat 1: coldsiemens (154040.00)
Seat 2: tacklestile (144188.00)
Seat 3: lipesticky (118772.00)
Seat 4: QRcode (224000.00)
Seat 5: longggtrailz (91458.00)
Seat 6: sstorture (116810.00)
Seat 7: StopBlowingMyM (136834.00)
Seat 8: fakenatty (139798.00)
coldsiemens posts ante 180.00
tacklestile posts ante 180.00
lipesticky posts ante 180.00
QRcode posts ante 180.00
longggtrailz posts ante 180.00
sstorture posts ante 180.00
StopBlowingMyM posts ante 180.00
fakenatty posts ante 180.00
tacklestile posts the small blind 600.00
lipesticky posts the big blind 1200.00
*** HOLE CARDS ***
Main pot 1440.00
Dealt to lipesticky [8c Js]
QRcode raises 2400.00 to 2400.00
longggtrailz folds
sstorture folds
StopBlowingMyM folds
fakenatty folds
coldsiemens raises 9600.00 to 9600.00
tacklestile folds
lipesticky folds
QRcode calls 7200.00
*** FLOP *** [Qh 2s 4d]
Main pot 22440.00
QRcode checks
coldsiemens bets 5610.00
QRcode calls 5610.00
*** TURN *** [Qh 2s 4d] [Jh]
Main pot 33660.00
QRcode checks
coldsiemens bets 18176.00
QRcode folds
Uncalled bet (18176.00) returned to coldsiemens
coldsiemens does not show
*** SUMMARY ***
Total pot 33660.00
Board [Qh 2s 4d Jh]
Seat 1: coldsiemens did not show and won 33660.00
Seat 2: tacklestile (small blind) folded on the Pre-Flop
Seat 3: lipesticky (big blind) folded on the Pre-Flop
Seat 4: QRcode folded on the Turn
Seat 5: longggtrailz folded on the Pre-Flop and did not bet
Seat 6: sstorture folded on the Pre-Flop and did not bet
Seat 7: StopBlowingMyM folded on the Pre-Flop and did not bet
Seat 8: fakenatty folded on the Pre-Flop and did not bet

Game Hand #2023250454 - Tournament #31174407 - Holdem (No Limit) - Level 2 (600.00/1200.00)- 2024/02/10 18:37:36 UTC
Table '16' 8-max Seat #2 is the button
Seat 1: coldsiemens (172310.00)
Seat 2: tacklestile (143408.00)
Seat 3: lipesticky (117392.00)
Seat 4: QRcode (208610.00)
Seat 5: longggtrailz (91278.00)
Seat 6: sstorture (116630.00)
Seat 7: StopBlowingMyM (136654.00)
Seat 8: fakenatty (139618.00)
coldsiemens posts ante 180.00
tacklestile posts ante 180.00
lipesticky posts ante 180.00
QRcode posts ante 180.00
longggtrailz posts ante 180.00
sstorture posts ante 180.00
StopBlowingMyM posts ante 180.00
fakenatty posts ante 180.00
lipesticky posts the small blind 600.00
QRcode posts the big blind 1200.00
*** HOLE CARDS ***
Main pot 1440.00
Dealt to lipesticky [Kh Qc]
longggtrailz folds
sstorture folds
StopBlowingMyM folds
fakenatty folds
coldsiemens raises 2400.00 to 2400.00
tacklestile folds
lipesticky raises 9600.00 to 10200.00
QRcode calls 9000.00
coldsiemens calls 7800.00
*** FLOP *** [5s 7d Ah]
Main pot 32040.00
lipesticky checks
QRcode checks
coldsiemens checks
*** TURN *** [5s 7d Ah] [Js]
Main pot 32040.00
lipesticky bets 10573.00
QRcode raises 50462.00 to 50462.00
coldsiemens folds
lipesticky folds
Uncalled bet (39889.00) returned to QRcode
QRcode does not show
*** SUMMARY ***
Total pot 53186.00
Board [5s 7d Ah Js]
Seat 1: coldsiemens folded on the Turn
Seat 2: tacklestile (button) folded on the Pre-Flop
Seat 3: lipesticky (small blind) folded on the Turn
Seat 4: QRcode did not show and won 53186.00
Seat 5: longggtrailz folded on the Pre-Flop and did not bet
Seat 6: sstorture folded on the Pre-Flop and did not bet
Seat 7: StopBlowingMyM folded on the Pre-Flop and did not bet
Seat 8: fakenatty folded on the Pre-Flop and did not bet

Game Hand #2023251906 - Tournament #31174407 - Holdem (No Limit) - Level 2 (600.00/1200.00)- 2024/02/10 18:39:19 UTC
Table '16' 8-max Seat #3 is the button
Seat 1: coldsiemens (161930.00)
Seat 2: tacklestile (143228.00)
Seat 3: lipesticky (96439.00)
Seat 4: QRcode (240843.00)
Seat 5: longggtrailz (91098.00)
Seat 6: sstorture (116450.00)
Seat 7: StopBlowingMyM (136474.00)
Seat 8: fakenatty (139438.00)
coldsiemens posts ante 180.00
tacklestile posts ante 180.00
lipesticky posts ante 180.00
QRcode posts ante 180.00
longggtrailz posts ante 180.00
sstorture posts ante 180.00
StopBlowingMyM posts ante 180.00
fakenatty posts ante 180.00
QRcode posts the small blind 600.00
longggtrailz posts the big blind 1200.00
*** HOLE CARDS ***
Main pot 1440.00
Dealt to lipesticky [2s Qc]
sstorture raises 2400.00 to 2400.00
StopBlowingMyM folds
fakenatty folds
coldsiemens folds
tacklestile folds
lipesticky folds
QRcode folds
longggtrailz calls 1200.00
*** FLOP *** [6s Qh Js]
Main pot 6840.00
longggtrailz checks
sstorture checks
*** TURN *** [6s Qh Js] [9d]
Main pot 6840.00
longggtrailz bets 3420.00
sstorture calls 3420.00
*** RIVER *** [6s Qh Js 9d] [Ad]
Main pot 13680.00
longggtrailz checks
sstorture bets 13680.00
longggtrailz folds
Uncalled bet (13680.00) returned to sstorture
sstorture does not show
*** SUMMARY ***
Total pot 13680.00
Board [6s Qh Js 9d Ad]
Seat 1: coldsiemens folded on the Pre-Flop and did not bet
Seat 2: tacklestile folded on the Pre-Flop and did not bet
Seat 3: lipesticky (button) folded on the Pre-Flop
Seat 4: QRcode (small blind) folded on the Pre-Flop
Seat 5: longggtrailz (big blind) folded on the River
Seat 6: sstorture did not show and won 13680.00
Seat 7: StopBlowingMyM folded on the Pre-Flop and did not bet
Seat 8: fakenatty folded on the Pre-Flop and did not bet

Game Hand #2023252614 - Tournament #31174407 - Holdem (No Limit) - Level 2 (600.00/1200.00)- 2024/02/10 18:40:09 UTC
Table '16' 8-max Seat #4 is the button
Seat 1: coldsiemens (161750.00)
Seat 2: tacklestile (143048.00)
Seat 3: lipesticky (96259.00)
Seat 4: QRcode (240063.00)
Seat 5: longggtrailz (85098.00)
Seat 6: sstorture (124130.00)
Seat 7: StopBlowingMyM (136294.00)
Seat 8: fakenatty (139258.00)
coldsiemens posts ante 180.00
tacklestile posts ante 180.00
lipesticky posts ante 180.00
QRcode posts ante 180.00
longggtrailz posts ante 180.00
sstorture posts ante 180.00
StopBlowingMyM posts ante 180.00
fakenatty posts ante 180.00
longggtrailz posts the small blind 600.00
sstorture posts the big blind 1200.00
*** HOLE CARDS ***
Main pot 1440.00
Dealt to lipesticky [8d 5h]
StopBlowingMyM folds
fakenatty folds
coldsiemens folds
tacklestile raises 2400.00 to 2400.00
lipesticky folds
QRcode folds
longggtrailz folds
sstorture folds
Uncalled bet (1200.00) returned to tacklestile
tacklestile does not show
*** SUMMARY ***
Total pot 4440.00
Seat 1: coldsiemens folded on the Pre-Flop and did not bet
Seat 2: tacklestile did not show and won 4440.00
Seat 3: lipesticky folded on the Pre-Flop and did not bet
Seat 4: QRcode (button) folded on the Pre-Flop
Seat 5: longggtrailz (small blind) folded on the Pre-Flop
Seat 6: sstorture (big blind) folded on the Pre-Flop
Seat 7: StopBlowingMyM folded on the Pre-Flop and did not bet
Seat 8: fakenatty folded on the Pre-Flop and did not bet

Game Hand #2023253247 - Tournament #31174407 - Holdem (No Limit) - Level 2 (600.00/1200.00)- 2024/02/10 18:40:55 UTC
Table '16' 8-max Seat #5 is the button
Seat 1: coldsiemens (161570.00)
Seat 2: tacklestile (146108.00)
Seat 3: lipesticky (96079.00)
Seat 4: QRcode (239883.00) is sitting out
Seat 5: longggtrailz (84318.00)
Seat 6: sstorture (122750.00)
Seat 7: StopBlowingMyM (136114.00)
Seat 8: fakenatty (139078.00)
coldsiemens posts ante 180.00
tacklestile posts ante 180.00
lipesticky posts ante 180.00
QRcode posts ante 180.00
longggtrailz posts ante 180.00
sstorture posts ante 180.00
StopBlowingMyM posts ante 180.00
fakenatty posts ante 180.00
sstorture posts the small blind 600.00
StopBlowingMyM posts the big blind 1200.00
*** HOLE CARDS ***
Main pot 1440.00
Dealt to lipesticky [7s Ac]
fakenatty folds
coldsiemens folds
tacklestile folds
lipesticky raises 2520.00 to 2520.00
QRcode folds
longggtrailz calls 2520.00
sstorture folds
StopBlowingMyM folds
*** FLOP *** [Qs Ts 2h]
Main pot 8280.00
lipesticky checks
longggtrailz bets 2070.00
lipesticky folds
Uncalled bet (2070.00) returned to longggtrailz
longggtrailz does not show
*** SUMMARY ***
Total pot 8280.00
Board [Qs Ts 2h]
Seat 1: coldsiemens folded on the Pre-Flop and did not bet
Seat 2: tacklestile folded on the Pre-Flop and did not bet
Seat 3: lipesticky folded on the Flop
Seat 4: QRcode folded on the Pre-Flop and did not bet
Seat 5: longggtrailz did not show and won 8280.00
Seat 6: sstorture (small blind) folded on the Pre-Flop
Seat 7: StopBlowingMyM (big blind) folded on the Pre-Flop
Seat 8: fakenatty folded on the Pre-Flop and did not bet

Game Hand #2023254171 - Tournament #31174407 - Holdem (No Limit) - Level 2 (600.00/1200.00)- 2024/02/10 18:42:00 UTC
Table '16' 8-max Seat #6 is the button
Seat 1: coldsiemens (161390.00)
Seat 2: tacklestile (145928.00)
Seat 3: lipesticky (93379.00)
Seat 4: QRcode (239703.00) is sitting out
Seat 5: longggtrailz (89898.00)
Seat 6: sstorture (121970.00)
Seat 7: StopBlowingMyM (134734.00)
Seat 8: fakenatty (138898.00)
coldsiemens posts ante 180.00
tacklestile posts ante 180.00
lipesticky posts ante 180.00
QRcode posts ante 180.00
longggtrailz posts ante 180.00
sstorture posts ante 180.00
StopBlowingMyM posts ante 180.00
fakenatty posts ante 180.00
StopBlowingMyM posts the small blind 600.00
fakenatty posts the big blind 1200.00
*** HOLE CARDS ***
Main pot 1440.00
Dealt to lipesticky [Kh 5c]
coldsiemens folds
tacklestile folds
lipesticky folds
QRcode folds
longggtrailz folds
sstorture folds
StopBlowingMyM calls 600.00
fakenatty checks
*** FLOP *** [4d Ks 9h]
Main pot 3840.00
StopBlowingMyM bets 1200.00
fakenatty calls 1200.00
*** TURN *** [4d Ks 9h] [3c]
Main pot 6240.00
StopBlowingMyM checks
fakenatty bets 6178.00
StopBlowingMyM calls 6178.00
*** RIVER *** [4d Ks 9h 3c] [Qc]
Main pot 18596.00
StopBlowingMyM checks
fakenatty bets 18410.00
StopBlowingMyM folds
Uncalled bet (18410.00) returned to fakenatty
fakenatty does not show
*** SUMMARY ***
Total pot 18596.00
Board [4d Ks 9h 3c Qc]
Seat 1: coldsiemens folded on the Pre-Flop and did not bet
Seat 2: tacklestile folded on the Pre-Flop and did not bet
Seat 3: lipesticky folded on the Pre-Flop and did not bet
Seat 4: QRcode folded on the Pre-Flop and did not bet
Seat 5: longggtrailz folded on the Pre-Flop and did not bet
Seat 6: sstorture (button) folded on the Pre-Flop
Seat 7: StopBlowingMyM (small blind) folded on the River
Seat 8: fakenatty did not show and won 18596.00

Game Hand #2023255742 - Tournament #31174407 - Holdem (No Limit) - Level 2 (600.00/1200.00)- 2024/02/10 18:43:50 UTC
Table '16' 8-max Seat #7 is the button
Seat 1: coldsiemens (161210.00)
Seat 2: tacklestile (145748.00)
Seat 3: lipesticky (93199.00)
Seat 4: QRcode (239523.00) is sitting out
Seat 5: longggtrailz (89718.00)
Seat 6: sstorture (121790.00)
Seat 7: StopBlowingMyM (125976.00)
Seat 8: fakenatty (148736.00)
coldsiemens posts ante 180.00
tacklestile posts ante 180.00
lipesticky posts ante 180.00
QRcode posts ante 180.00
longggtrailz posts ante 180.00
sstorture posts ante 180.00
StopBlowingMyM posts ante 180.00
fakenatty posts ante 180.00
fakenatty posts the small blind 600.00
coldsiemens posts the big blind 1200.00
*** HOLE CARDS ***
Main pot 1440.00
Dealt to lipesticky [Kc 7h]
tacklestile folds
lipesticky folds
QRcode folds
longggtrailz raises 2400.00 to 2400.00
sstorture folds
StopBlowingMyM raises 7200.00 to 7200.00
fakenatty folds
coldsiemens folds
longggtrailz folds
Uncalled bet (4800.00) returned to StopBlowingMyM
StopBlowingMyM does not show
*** SUMMARY ***
Total pot 8040.00
Seat 1: coldsiemens (big blind) folded on the Pre-Flop
Seat 2: tacklestile folded on the Pre-Flop and did not bet
Seat 3: lipesticky folded on the Pre-Flop and did not bet
Seat 4: QRcode folded on the Pre-Flop and did not bet
Seat 5: longggtrailz folded on the Pre-Flop and did not bet
Seat 6: sstorture folded on the Pre-Flop and did not bet
Seat 7: StopBlowingMyM did not show and won 8040.00
Seat 8: fakenatty (small blind) folded on the Pre-Flop

Game Hand #2023256446 - Tournament #31174407 - Holdem (No Limit) - Level 2 (600.00/1200.00)- 2024/02/10 18:44:40 UTC
Table '16' 8-max Seat #8 is the button
Seat 1: coldsiemens (159830.00)
Seat 2: tacklestile (145568.00)
Seat 3: lipesticky (93019.00)
Seat 4: QRcode (239343.00) is sitting out
Seat 5: longggtrailz (87138.00)
Seat 6: sstorture (121610.00)
Seat 7: StopBlowingMyM (131436.00)
Seat 8: fakenatty (147956.00)
coldsiemens posts ante 180.00
tacklestile posts ante 180.00
lipesticky posts ante 180.00
QRcode posts ante 180.00
longggtrailz posts ante 180.00
sstorture posts ante 180.00
StopBlowingMyM posts ante 180.00
fakenatty posts ante 180.00
coldsiemens posts the small blind 600.00
tacklestile posts the big blind 1200.00
*** HOLE CARDS ***
Main pot 1440.00
Dealt to lipesticky [8d 3c]
lipesticky folds
QRcode folds
longggtrailz raises 2400.00 to 2400.00
sstorture folds
StopBlowingMyM folds
fakenatty folds
coldsiemens folds
tacklestile calls 1200.00
*** FLOP *** [2d Kh 2h]
Main pot 6840.00
tacklestile checks
longggtrailz bets 1710.00
tacklestile calls 1710.00
*** TURN *** [2d Kh 2h] [7h]
Main pot 10260.00
tacklestile checks
longggtrailz checks
*** RIVER *** [2d Kh 2h 7h] [9d]
Main pot 10260.00
tacklestile bets 9029.00
longggtrailz folds
Uncalled bet (9029.00) returned to tacklestile
tacklestile does not show
*** SUMMARY ***
Total pot 10260.00
Board [2d Kh 2h 7h 9d]
Seat 1: coldsiemens (small blind) folded on the Pre-Flop
Seat 2: tacklestile did not show and won 10260.00
Seat 3: lipesticky folded on the Pre-Flop and did not bet
Seat 4: QRcode folded on the Pre-Flop and did not bet
Seat 5: longggtrailz folded on the River
Seat 6: sstorture folded on the Pre-Flop and did not bet
Seat 7: StopBlowingMyM folded on the Pre-Flop and did not bet
Seat 8: fakenatty (button) folded on the Pre-Flop

Game Hand #2023257293 - Tournament #31174407 - Holdem (No Limit) - Level 3 (750.00/1500.00)- 2024/02/10 18:45:39 UTC
Table '16' 8-max Seat #1 is the button
Seat 1: coldsiemens (159050.00)
Seat 2: tacklestile (151538.00)
Seat 3: lipesticky (92839.00)
Seat 4: QRcode (239163.00) is sitting out
Seat 5: longggtrailz (82848.00)
Seat 6: sstorture (121430.00)
Seat 7: StopBlowingMyM (131256.00)
Seat 8: fakenatty (147776.00)
coldsiemens posts ante 200.00
tacklestile posts ante 200.00
lipesticky posts ante 200.00
QRcode posts ante 200.00
longggtrailz posts ante 200.00
sstorture posts ante 200.00
StopBlowingMyM posts ante 200.00
fakenatty posts ante 200.00
tacklestile posts the small blind 750.00
lipesticky posts the big blind 1500.00
*** HOLE CARDS ***
Main pot 1600.00
Dealt to lipesticky [8s 3s]
QRcode folds
longggtrailz raises 3000.00 to 3000.00
sstorture calls 3000.00
StopBlowingMyM folds
fakenatty folds
coldsiemens calls 3000.00
tacklestile folds
lipesticky calls 1500.00
*** FLOP *** [6c Kd 6d]
Main pot 14350.00
lipesticky checks
longggtrailz checks
sstorture checks
coldsiemens checks
*** TURN *** [6c Kd 6d] [4s]
Main pot 14350.00
lipesticky checks
longggtrailz bets 5088.00
sstorture calls 5088.00
coldsiemens folds
lipesticky folds
*** RIVER *** [6c Kd 6d 4s] [7d]
Main pot 24526.00
longggtrailz bets 19895.00
sstorture raises 113142.00 to 113142.00 and is all-in
longggtrailz calls 54665.00 and is all-in
Uncalled bet (38582.00) returned to sstorture
*** SHOW DOWN ***
Main pot 173646.00
longggtrailz shows [9d Jd] (a flush, King high [Kd Jd 9d 7d 6d])
sstorture shows [8d Td] (a flush, King high [Kd Td 8d 7d 6d])
longggtrailz collected 173646.00 from main pot
*** SUMMARY ***
Total pot 173646.00
Board [6c Kd 6d 4s 7d]
Seat 1: coldsiemens (button) folded on the Turn
Seat 2: tacklestile (small blind) folded on the Pre-Flop
Seat 3: lipesticky (big blind) folded on the Turn
Seat 4: QRcode folded on the Pre-Flop and did not bet
Seat 5: longggtrailz showed [9d Jd] and won 173646.00 with a flush, King high [Kd Jd 9d 7d 6d]
Seat 6: sstorture showed [8d Td] and lost with a flush, King high [Kd Td 8d 7d 6d]
Seat 7: StopBlowingMyM folded on the Pre-Flop and did not bet
Seat 8: fakenatty folded on the Pre-Flop and did not bet

Game Hand #2023258965 - Tournament #31174407 - Holdem (No Limit) - Level 3 (750.00/1500.00)- 2024/02/10 18:47:33 UTC
Table '16' 8-max Seat #2 is the button
Seat 1: coldsiemens (155850.00)
Seat 2: tacklestile (150588.00)
Seat 3: lipesticky (89639.00)
Seat 4: QRcode (238963.00) is sitting out
Seat 5: longggtrailz (173646.00)
Seat 6: sstorture (38582.00)
Seat 7: StopBlowingMyM (131056.00)
Seat 8: fakenatty (147576.00)
coldsiemens posts ante 200.00
tacklestile posts ante 200.00
lipesticky posts ante 200.00
QRcode posts ante 200.00
longggtrailz posts ante 200.00
sstorture posts ante 200.00
StopBlowingMyM posts ante 200.00
fakenatty posts ante 200.00
lipesticky posts the small blind 750.00
QRcode posts the big blind 1500.00
*** HOLE CARDS ***
Main pot 1600.00
Dealt to lipesticky [8s 6d]
longggtrailz folds
sstorture raises 3375.00 to 3375.00
StopBlowingMyM folds
fakenatty folds
coldsiemens folds
tacklestile folds
lipesticky folds
QRcode folds
Uncalled bet (1875.00) returned to sstorture
sstorture does not show
*** SUMMARY ***
Total pot 5350.00
Seat 1: coldsiemens folded on the Pre-Flop and did not bet
Seat 2: tacklestile (button) folded on the Pre-Flop
Seat 3: lipesticky (small blind) folded on the Pre-Flop
Seat 4: QRcode (big blind) folded on the Pre-Flop
Seat 5: longggtrailz folded on the Pre-Flop and did not bet
Seat 6: sstorture did not show and won 5350.00
Seat 7: StopBlowingMyM folded on the Pre-Flop and did not bet
Seat 8: fakenatty folded on the Pre-Flop and did not bet

Game Hand #2023259474 - Tournament #31174407 - Holdem (No Limit) - Level 3 (750.00/1500.00)- 2024/02/10 18:48:09 UTC
Table '16' 8-max Seat #3 is the button
Seat 1: coldsiemens (155650.00)
Seat 2: tacklestile (150388.00)
Seat 3: lipesticky (88689.00)
Seat 4: QRcode (237263.00) is sitting out
Seat 5: longggtrailz (173446.00)
Seat 6: sstorture (42232.00)
Seat 7: StopBlowingMyM (130856.00)
Seat 8: fakenatty (147376.00)
coldsiemens posts ante 200.00
tacklestile posts ante 200.00
lipesticky posts ante 200.00
QRcode posts ante 200.00
longggtrailz posts ante 200.00
sstorture posts ante 200.00
StopBlowingMyM posts ante 200.00
fakenatty posts ante 200.00
QRcode posts the small blind 750.00
longggtrailz posts the big blind 1500.00
*** HOLE CARDS ***
Main pot 1600.00
Dealt to lipesticky [9s Td]
sstorture folds
StopBlowingMyM raises 3000.00 to 3000.00
fakenatty folds
coldsiemens folds
tacklestile folds
lipesticky folds
QRcode folds
longggtrailz calls 1500.00
*** FLOP *** [5h 5c 2d]
Main pot 8350.00
longggtrailz checks
StopBlowingMyM bets 2756.00
longggtrailz raises 14512.00 to 14512.00
StopBlowingMyM folds
Uncalled bet (11756.00) returned to longggtrailz
longggtrailz does not show
*** SUMMARY ***
Total pot 13862.00
Board [5h 5c 2d]
Seat 1: coldsiemens folded on the Pre-Flop and did not bet
Seat 2: tacklestile folded on the Pre-Flop and did not bet
Seat 3: lipesticky (button) folded on the Pre-Flop
Seat 4: QRcode (small blind) folded on the Pre-Flop
Seat 5: longggtrailz did not show and won 13862.00
Seat 6: sstorture folded on the Pre-Flop and did not bet
Seat 7: StopBlowingMyM folded on the Flop
Seat 8: fakenatty folded on the Pre-Flop and did not bet

Game Hand #2023260791 - Tournament #31174407 - Holdem (No Limit) - Level 3 (750.00/1500.00)- 2024/02/10 18:49:36 UTC
Table '16' 8-max Seat #4 is the button
Seat 1: coldsiemens (155450.00)
Seat 2: tacklestile (150188.00)
Seat 3: lipesticky (88489.00)
Seat 4: QRcode (236313.00) is sitting out
Seat 5: longggtrailz (181352.00)
Seat 6: sstorture (42032.00)
Seat 7: StopBlowingMyM (124900.00)
Seat 8: fakenatty (147176.00)
coldsiemens posts ante 200.00
tacklestile posts ante 200.00
lipesticky posts ante 200.00
QRcode posts ante 200.00
longggtrailz posts ante 200.00
sstorture posts ante 200.00
StopBlowingMyM posts ante 200.00
fakenatty posts ante 200.00
longggtrailz posts the small blind 750.00
sstorture posts the big blind 1500.00
*** HOLE CARDS ***
Main pot 1600.00
Dealt to lipesticky [2c Jd]
StopBlowingMyM folds
fakenatty folds
coldsiemens folds
tacklestile folds
lipesticky folds
QRcode folds
longggtrailz calls 750.00
sstorture checks
*** FLOP *** [Kd Kc 6d]
Main pot 4600.00
longggtrailz checks
sstorture checks
*** TURN *** [Kd Kc 6d] [7h]
Main pot 4600.00
longggtrailz bets 1500.00
sstorture folds
Uncalled bet (1500.00) returned to longggtrailz
longggtrailz does not show
*** SUMMARY ***
Total pot 4600.00
Board [Kd Kc 6d 7h]
Seat 1: coldsiemens folded on the Pre-Flop and did not bet
Seat 2: tacklestile folded on the Pre-Flop and did not bet
Seat 3: lipesticky folded on the Pre-Flop and did not bet
Seat 4: QRcode (button) folded on the Pre-Flop
Seat 5: longggtrailz did not show and won 4600.00
Seat 6: sstorture (big blind) folded on the Turn
Seat 7: StopBlowingMyM folded on the Pre-Flop and did not bet
Seat 8: fakenatty folded on the Pre-Flop and did not bet

Game Hand #2023261359 - Tournament #31174407 - Holdem (No Limit) - Level 3 (750.00/1500.00)- 2024/02/10 18:50:15 UTC
Table '16' 8-max Seat #5 is the button
Seat 1: coldsiemens (155250.00)
Seat 2: tacklestile (149988.00)
Seat 3: lipesticky (88289.00)
Seat 4: QRcode (236113.00) is sitting out
Seat 5: longggtrailz (184252.00)
Seat 6: sstorture (40332.00)
Seat 7: StopBlowingMyM (124700.00)
Seat 8: fakenatty (146976.00)
coldsiemens posts ante 200.00
tacklestile posts ante 200.00
lipesticky posts ante 200.00
QRcode posts ante 200.00
longggtrailz posts ante 200.00
sstorture posts ante 200.00
StopBlowingMyM posts ante 200.00
fakenatty posts ante 200.00
sstorture posts the small blind 750.00
StopBlowingMyM posts the big blind 1500.00
*** HOLE CARDS ***
Main pot 1600.00
Dealt to lipesticky [4c 3s]
fakenatty raises 3000.00 to 3000.00
coldsiemens raises 10050.00 to 10050.00
tacklestile folds
lipesticky folds
QRcode folds
longggtrailz folds
sstorture folds
StopBlowingMyM folds
fakenatty calls 7050.00
*** FLOP *** [4d 5d 5c]
Main pot 23950.00
fakenatty checks
coldsiemens bets 5988.00
fakenatty calls 5988.00
*** TURN *** [4d 5d 5c] [Qs]
Main pot 35926.00
fakenatty checks
coldsiemens bets 26945.00
fakenatty folds
Uncalled bet (26945.00) returned to coldsiemens
coldsiemens does not show
*** SUMMARY ***
Total pot 35926.00
Board [4d 5d 5c Qs]
Seat 1: coldsiemens did not show and won 35926.00
Seat 2: tacklestile folded on the Pre-Flop and did not bet
Seat 3: lipesticky folded on the Pre-Flop and did not bet
Seat 4: QRcode folded on the Pre-Flop and did not bet
Seat 5: longggtrailz (button) folded on the Pre-Flop
Seat 6: sstorture (small blind) folded on the Pre-Flop
Seat 7: StopBlowingMyM (big blind) folded on the Pre-Flop
Seat 8: fakenatty folded on the Turn

Game Hand #2023263346 - Tournament #31174407 - Holdem (No Limit) - Level 3 (750.00/1500.00)- 2024/02/10 18:52:08 UTC
Table '16' 8-max Seat #6 is the button
Seat 1: coldsiemens (174938.00)
Seat 2: tacklestile (149788.00)
Seat 3: lipesticky (88089.00)
Seat 4: QRcode (235913.00)
Seat 5: longggtrailz (184052.00)
Seat 6: sstorture (39382.00)
Seat 7: StopBlowingMyM (123000.00)
Seat 8: fakenatty (130738.00)
coldsiemens posts ante 200.00
tacklestile posts ante 200.00
lipesticky posts ante 200.00
QRcode posts ante 200.00
longggtrailz posts ante 200.00
sstorture posts ante 200.00
StopBlowingMyM posts ante 200.00
fakenatty posts ante 200.00
StopBlowingMyM posts the small blind 750.00
fakenatty posts the big blind 1500.00
*** HOLE CARDS ***
Main pot 1600.00
Dealt to lipesticky [Kc 5d]
coldsiemens folds
tacklestile raises 3300.00 to 3300.00
lipesticky folds
QRcode calls 3300.00
longggtrailz folds
sstorture folds
StopBlowingMyM folds
fakenatty calls 1800.00
*** FLOP *** [Js As 9s]
Main pot 12250.00
fakenatty checks
tacklestile bets 4165.00
QRcode folds
fakenatty calls 4165.00
*** TURN *** [Js As 9s] [4s]
Main pot 20580.00
fakenatty checks
tacklestile checks
*** RIVER *** [Js As 9s 4s] [6s]
Main pot 20580.00
fakenatty checks
tacklestile checks
*** SHOW DOWN ***
Main pot 20580.00
tacklestile shows [Ad Jd] (a flush, Ace high [As Js 9s 6s 4s])
fakenatty shows [Ah 9h] (a flush, Ace high [As Js 9s 6s 4s])
tacklestile collected 10290.00 from main pot
fakenatty collected 10290.00 from main pot
*** SUMMARY ***
Total pot 20580.00
Board [Js As 9s 4s 6s]
Seat 1: coldsiemens folded on the Pre-Flop and did not bet
Seat 2: tacklestile showed [Ad Jd] and won 10290.00 with a flush, Ace high [As Js 9s 6s 4s]
Seat 3: lipesticky folded on the Pre-Flop and did not bet
Seat 4: QRcode folded on the Flop
Seat 5: longggtrailz folded on the Pre-Flop and did not bet
Seat 6: sstorture (button) folded on the Pre-Flop
Seat 7: StopBlowingMyM (small blind) folded on the Pre-Flop
Seat 8: fakenatty (big blind) showed [Ah 9h] and won 10290.00 with a flush, Ace high [As Js 9s 6s 4s]

Game Hand #2023264831 - Tournament #31174407 - Holdem (No Limit) - Level 3 (750.00/1500.00)- 2024/02/10 18:53:35 UTC
Table '16' 8-max Seat #7 is the button
Seat 1: coldsiemens (174738.00)
Seat 2: tacklestile (152413.00)
Seat 3: lipesticky (87889.00)
Seat 4: QRcode (232413.00)
Seat 5: longggtrailz (183852.00)
Seat 6: sstorture (39182.00)
Seat 7: StopBlowingMyM (122050.00)
Seat 8: fakenatty (133363.00)
coldsiemens posts ante 200.00
tacklestile posts ante 200.00
lipesticky posts ante 200.00
QRcode posts ante 200.00
longggtrailz posts ante 200.00
sstorture posts ante 200.00
StopBlowingMyM posts ante 200.00
fakenatty posts ante 200.00
fakenatty posts the small blind 750.00
coldsiemens posts the big blind 1500.00
*** HOLE CARDS ***
Main pot 1600.00
Dealt to lipesticky [3c Qc]
tacklestile folds
lipesticky folds
QRcode folds
longggtrailz raises 3000.00 to 3000.00
sstorture folds
StopBlowingMyM folds
fakenatty folds
coldsiemens folds
Uncalled bet (1500.00) returned to longggtrailz
longggtrailz does not show
*** SUMMARY ***
Total pot 5350.00
Seat 1: coldsiemens (big blind) folded on the Pre-Flop
Seat 2: tacklestile folded on the Pre-Flop and did not bet
Seat 3: lipesticky folded on the Pre-Flop and did not bet
Seat 4: QRcode folded on the Pre-Flop and did not bet
Seat 5: longggtrailz did not show and won 5350.00
Seat 6: sstorture folded on the Pre-Flop and did not bet
Seat 7: StopBlowingMyM (button) folded on the Pre-Flop
Seat 8: fakenatty (small blind) folded on the Pre-Flop

Game Hand #2023265427 - Tournament #31174407 - Holdem (No Limit) - Level 3 (750.00/1500.00)- 2024/02/10 18:54:10 UTC
Table '16' 8-max Seat #8 is the button
Seat 1: coldsiemens (173038.00)
Seat 2: tacklestile (152213.00)
Seat 3: lipesticky (87689.00)
Seat 4: QRcode (232213.00)
Seat 5: longggtrailz (187502.00)
Seat 6: sstorture (38982.00)
Seat 7: StopBlowingMyM (121850.00)
Seat 8: fakenatty (132413.00)
coldsiemens posts ante 200.00
tacklestile posts ante 200.00
lipesticky posts ante 200.00
QRcode posts ante 200.00
longggtrailz posts ante 200.00
sstorture posts ante 200.00
StopBlowingMyM posts ante 200.00
fakenatty posts ante 200.00
coldsiemens posts the small blind 750.00
tacklestile posts the big blind 1500.00
*** HOLE CARDS ***
Main pot 1600.00
Dealt to lipesticky [Th 3c]
lipesticky folds
QRcode folds
longggtrailz folds
sstorture folds
StopBlowingMyM folds
fakenatty raises 3000.00 to 3000.00
coldsiemens folds
tacklestile calls 1500.00
*** FLOP *** [8c 6d Kc]
Main pot 8350.00
tacklestile checks
fakenatty bets 2756.00
tacklestile calls 2756.00
*** TURN *** [8c 6d Kc] [5c]
Main pot 13862.00
tacklestile checks
fakenatty checks
*** RIVER *** [8c 6d Kc 5c] [Qh]
Main pot 13862.00
tacklestile bets 4713.00
fakenatty folds
Uncalled bet (4713.00) returned to tacklestile
tacklestile does not show
*** SUMMARY ***
Total pot 13862.00
Board [8c 6d Kc 5c Qh]
Seat 1: coldsiemens (small blind) folded on the Pre-Flop
Seat 2: tacklestile did not show and won 13862.00
Seat 3: lipesticky folded on the Pre-Flop and did not bet
Seat 4: QRcode folded on the Pre-Flop and did not bet
Seat 5: longggtrailz folded on the Pre-Flop and did not bet
Seat 6: sstorture folded on the Pre-Flop and did not bet
Seat 7: StopBlowingMyM folded on the Pre-Flop and did not bet
Seat 8: fakenatty (button) folded on the River

Game Hand #2023268891 - Tournament #31174407 - Holdem (No Limit) - Level 3 (750.00/1500.00)- 2024/02/10 19:01:28 UTC
Table '16' 8-max Seat #1 is the button
Seat 1: coldsiemens (172088.00)
Seat 2: tacklestile (160119.00)
Seat 3: lipesticky (87489.00)
Seat 4: QRcode (232013.00)
Seat 5: longggtrailz (187302.00)
Seat 6: sstorture (38782.00)
Seat 7: StopBlowingMyM (121650.00)
Seat 8: fakenatty (126457.00)
coldsiemens posts ante 200.00
tacklestile posts ante 200.00
lipesticky posts ante 200.00
QRcode posts ante 200.00
longggtrailz posts ante 200.00
sstorture posts ante 200.00
StopBlowingMyM posts ante 200.00
fakenatty posts ante 200.00
tacklestile posts the small blind 750.00
lipesticky posts the big blind 1500.00
*** HOLE CARDS ***
Main pot 1600.00
Dealt to lipesticky [8h Ts]
QRcode folds
longggtrailz raises 3000.00 to 3000.00
sstorture folds
StopBlowingMyM folds
fakenatty folds
coldsiemens folds
tacklestile folds
lipesticky calls 1500.00
*** FLOP *** [Qs 6h 6c]
Main pot 8350.00
lipesticky checks
longggtrailz bets 4175.00
lipesticky folds
Uncalled bet (4175.00) returned to longggtrailz
longggtrailz does not show
*** SUMMARY ***
Total pot 8350.00
Board [Qs 6h 6c]
Seat 1: coldsiemens (button) folded on the Pre-Flop
Seat 2: tacklestile (small blind) folded on the Pre-Flop
Seat 3: lipesticky (big blind) folded on the Flop
Seat 4: QRcode folded on the Pre-Flop and did not bet
Seat 5: longggtrailz did not show and won 8350.00
Seat 6: sstorture folded on the Pre-Flop and did not bet
Seat 7: StopBlowingMyM folded on the Pre-Flop and did not bet
Seat 8: fakenatty folded on the Pre-Flop and did not bet

Game Hand #2023271592 - Tournament #31174407 - Holdem (No Limit) - Level 3 (750.00/1500.00)- 2024/02/10 19:04:06 UTC
Table '16' 8-max Seat #2 is the button
Seat 1: coldsiemens (171888.00)
Seat 2: tacklestile (159169.00)
Seat 3: lipesticky (84289.00)
Seat 4: QRcode (231813.00) is sitting out
Seat 5: longggtrailz (192452.00)
Seat 6: sstorture (38582.00)
Seat 7: StopBlowingMyM (121450.00)
Seat 8: fakenatty (126257.00)
coldsiemens posts ante 200.00
tacklestile posts ante 200.00
lipesticky posts ante 200.00
QRcode posts ante 200.00
longggtrailz posts ante 200.00
sstorture posts ante 200.00
StopBlowingMyM posts ante 200.00
fakenatty posts ante 200.00
lipesticky posts the small blind 750.00
QRcode posts the big blind 1500.00
*** HOLE CARDS ***
Main pot 1600.00
Dealt to lipesticky [7c Jd]
longggtrailz folds
sstorture folds
StopBlowingMyM folds
fakenatty folds
coldsiemens folds
tacklestile folds
lipesticky raises 2250.00 to 3000.00
QRcode folds
Uncalled bet (1500.00) returned to lipesticky
lipesticky does not show
*** SUMMARY ***
Total pot 4600.00
Seat 1: coldsiemens folded on the Pre-Flop and did not bet
Seat 2: tacklestile (button) folded on the Pre-Flop
Seat 3: lipesticky did not show and won 4600.00
Seat 4: QRcode (big blind) folded on the Pre-Flop
Seat 5: longggtrailz folded on the Pre-Flop and did not bet
Seat 6: sstorture folded on the Pre-Flop and did not bet
Seat 7: StopBlowingMyM folded on the Pre-Flop and did not bet
Seat 8: fakenatty folded on the Pre-Flop and did not bet

Game Hand #2023272526 - Tournament #31174407 - Holdem (No Limit) - Level 3 (750.00/1500.00)- 2024/02/10 19:04:58 UTC
Table '16' 8-max Seat #3 is the button
Seat 1: coldsiemens (171688.00)
Seat 2: tacklestile (158969.00)
Seat 3: lipesticky (87189.00)
Seat 4: QRcode (230113.00) is sitting out
Seat 5: longggtrailz (192252.00)
Seat 6: sstorture (38382.00)
Seat 7: StopBlowingMyM (121250.00)
Seat 8: fakenatty (126057.00)
coldsiemens posts ante 200.00
tacklestile posts ante 200.00
lipesticky posts ante 200.00
QRcode posts ante 200.00
longggtrailz posts ante 200.00
sstorture posts ante 200.00
StopBlowingMyM posts ante 200.00
fakenatty posts ante 200.00
QRcode posts the small blind 750.00
longggtrailz posts the big blind 1500.00
*** HOLE CARDS ***
Main pot 1600.00
Dealt to lipesticky [4h Jc]
sstorture folds
StopBlowingMyM folds
fakenatty folds
coldsiemens raises 3300.00 to 3300.00
tacklestile folds
lipesticky folds
QRcode folds
longggtrailz folds
Uncalled bet (1800.00) returned to coldsiemens
coldsiemens does not show
*** SUMMARY ***
Total pot 5350.00
Seat 1: coldsiemens did not show and won 5350.00
Seat 2: tacklestile folded on the Pre-Flop and did not bet
Seat 3: lipesticky (button) folded on the Pre-Flop
Seat 4: QRcode (small blind) folded on the Pre-Flop
Seat 5: longggtrailz (big blind) folded on the Pre-Flop
Seat 6: sstorture folded on the Pre-Flop and did not bet
Seat 7: StopBlowingMyM folded on the Pre-Flop and did not bet
Seat 8: fakenatty folded on the Pre-Flop and did not bet

Game Hand #2023273177 - Tournament #31174407 - Holdem (No Limit) - Level 3 (750.00/1500.00)- 2024/02/10 19:05:35 UTC
Table '16' 8-max Seat #4 is the button
Seat 1: coldsiemens (175338.00)
Seat 2: tacklestile (158769.00)
Seat 3: lipesticky (86989.00)
Seat 4: QRcode (229163.00) is sitting out
Seat 5: longggtrailz (190552.00)
Seat 6: sstorture (38182.00)
Seat 7: StopBlowingMyM (121050.00)
Seat 8: fakenatty (125857.00)
coldsiemens posts ante 200.00
tacklestile posts ante 200.00
lipesticky posts ante 200.00
QRcode posts ante 200.00
longggtrailz posts ante 200.00
sstorture posts ante 200.00
StopBlowingMyM posts ante 200.00
fakenatty posts ante 200.00
longggtrailz posts the small blind 750.00
sstorture posts the big blind 1500.00
*** HOLE CARDS ***
Main pot 1600.00
Dealt to lipesticky [5c 2d]
StopBlowingMyM folds
fakenatty folds
coldsiemens raises 3000.00 to 3000.00
tacklestile folds
lipesticky folds
QRcode folds
longggtrailz folds
sstorture folds
Uncalled bet (1500.00) returned to coldsiemens
coldsiemens does not show
*** SUMMARY ***
Total pot 5350.00
Seat 1: coldsiemens did not show and won 5350.00
Seat 2: tacklestile folded on the Pre-Flop and did not bet
Seat 3: lipesticky folded on the Pre-Flop and did not bet
Seat 4: QRcode (button) folded on the Pre-Flop
Seat 5: longggtrailz (small blind) folded on the Pre-Flop
Seat 6: sstorture (big blind) folded on the Pre-Flop
Seat 7: StopBlowingMyM folded on the Pre-Flop and did not bet
Seat 8: fakenatty folded on the Pre-Flop and did not bet

Game Hand #2023273949 - Tournament #31174407 - Holdem (No Limit) - Level 3 (750.00/1500.00)- 2024/02/10 19:06:20 UTC
Table '16' 8-max Seat #5 is the button
Seat 1: coldsiemens (178988.00)
Seat 2: tacklestile (158569.00)
Seat 3: lipesticky (86789.00)
Seat 4: QRcode (228963.00) is sitting out
Seat 5: longggtrailz (189602.00)
Seat 6: sstorture (36482.00)
Seat 7: StopBlowingMyM (120850.00)
Seat 8: fakenatty (125657.00)
coldsiemens posts ante 200.00
tacklestile posts ante 200.00
lipesticky posts ante 200.00
QRcode posts ante 200.00
longggtrailz posts ante 200.00
sstorture posts ante 200.00
StopBlowingMyM posts ante 200.00
fakenatty posts ante 200.00
sstorture posts the small blind 750.00
StopBlowingMyM posts the big blind 1500.00
*** HOLE CARDS ***
Main pot 1600.00
Dealt to lipesticky [5h 6s]
fakenatty folds
coldsiemens raises 3000.00 to 3000.00
tacklestile calls 3000.00
lipesticky folds
QRcode folds
longggtrailz folds
sstorture folds
StopBlowingMyM folds
*** FLOP *** [8c Tc Kh]
Main pot 9850.00
coldsiemens checks
tacklestile bets 3940.00
coldsiemens calls 3940.00
*** TURN *** [8c Tc Kh] [4c]
Main pot 17730.00
coldsiemens checks
tacklestile bets 6028.00
coldsiemens calls 6028.00
*** RIVER *** [8c Tc Kh 4c] [As]
Main pot 29786.00
coldsiemens checks
tacklestile checks
*** SHOW DOWN ***
Main pot 29786.00
coldsiemens shows [Th 9h] (a pair of Tens [Th Tc As Kh 9h])
tacklestile shows [Kd Jd] (a pair of Kings [Kh Kd As Jd Tc])
tacklestile collected 29786.00 from main pot
*** SUMMARY ***
Total pot 29786.00
Board [8c Tc Kh 4c As]
Seat 1: coldsiemens showed [Th 9h] and lost with a pair of Tens [Th Tc As Kh 9h]
Seat 2: tacklestile showed [Kd Jd] and won 29786.00 with a pair of Kings [Kh Kd As Jd Tc]
Seat 3: lipesticky folded on the Pre-Flop and did not bet
Seat 4: QRcode folded on the Pre-Flop and did not bet
Seat 5: longggtrailz (button) folded on the Pre-Flop
Seat 6: sstorture (small blind) folded on the Pre-Flop
Seat 7: StopBlowingMyM (big blind) folded on the Pre-Flop
Seat 8: fakenatty folded on the Pre-Flop and did not bet

Game Hand #2023275502 - Tournament #31174407 - Holdem (No Limit) - Level 3 (750.00/1500.00)- 2024/02/10 19:07:50 UTC
Table '16' 8-max Seat #6 is the button
Seat 1: coldsiemens (165820.00)
Seat 2: tacklestile (175187.00)
Seat 3: lipesticky (86589.00)
Seat 4: QRcode (228763.00)
Seat 5: longggtrailz (189402.00)
Seat 6: sstorture (35532.00)
Seat 7: StopBlowingMyM (119150.00)
Seat 8: fakenatty (125457.00)
coldsiemens posts ante 200.00
tacklestile posts ante 200.00
lipesticky posts ante 200.00
QRcode posts ante 200.00
longggtrailz posts ante 200.00
sstorture posts ante 200.00
StopBlowingMyM posts ante 200.00
fakenatty posts ante 200.00
StopBlowingMyM posts the small blind 750.00
fakenatty posts the big blind 1500.00
*** HOLE CARDS ***
Main pot 1600.00
Dealt to lipesticky [3c 6h]
coldsiemens raises 3000.00 to 3000.00
tacklestile folds
lipesticky folds
QRcode folds
longggtrailz folds
sstorture folds
StopBlowingMyM folds
fakenatty folds
Uncalled bet (1500.00) returned to coldsiemens
coldsiemens does not show
*** SUMMARY ***
Total pot 5350.00
Seat 1: coldsiemens did not show and won 5350.00
Seat 2: tacklestile folded on the Pre-Flop and did not bet
Seat 3: lipesticky folded on the Pre-Flop and did not bet
Seat 4: QRcode folded on the Pre-Flop and did not bet
Seat 5: longggtrailz folded on the Pre-Flop and did not bet
Seat 6: sstorture (button) folded on the Pre-Flop
Seat 7: StopBlowingMyM (small blind) folded on the Pre-Flop
Seat 8: fakenatty (big blind) folded on the Pre-Flop

Game Hand #2023276094 - Tournament #31174407 - Holdem (No Limit) - Level 3 (750.00/1500.00)- 2024/02/10 19:08:25 UTC
Table '16' 8-max Seat #7 is the button
Seat 1: coldsiemens (169470.00)
Seat 2: tacklestile (174987.00)
Seat 3: lipesticky (86389.00)
Seat 4: QRcode (228563.00)
Seat 5: longggtrailz (189202.00)
Seat 6: sstorture (35332.00)
Seat 7: StopBlowingMyM (118200.00)
Seat 8: fakenatty (123757.00)
coldsiemens posts ante 200.00
tacklestile posts ante 200.00
lipesticky posts ante 200.00
QRcode posts ante 200.00
longggtrailz posts ante 200.00
sstorture posts ante 200.00
StopBlowingMyM posts ante 200.00
fakenatty posts ante 200.00
fakenatty posts the small blind 750.00
coldsiemens posts the big blind 1500.00
*** HOLE CARDS ***
Main pot 1600.00
Dealt to lipesticky [5h 7d]
tacklestile folds
lipesticky folds
QRcode folds
longggtrailz raises 3000.00 to 3000.00
sstorture folds
StopBlowingMyM folds
fakenatty folds
coldsiemens folds
Uncalled bet (1500.00) returned to longggtrailz
longggtrailz does not show
*** SUMMARY ***
Total pot 5350.00
Seat 1: coldsiemens (big blind) folded on the Pre-Flop
Seat 2: tacklestile folded on the Pre-Flop and did not bet
Seat 3: lipesticky folded on the Pre-Flop and did not bet
Seat 4: QRcode folded on the Pre-Flop and did not bet
Seat 5: longggtrailz did not show and won 5350.00
Seat 6: sstorture folded on the Pre-Flop and did not bet
Seat 7: StopBlowingMyM (button) folded on the Pre-Flop
Seat 8: fakenatty (small blind) folded on the Pre-Flop

Game Hand #2023276929 - Tournament #31174407 - Holdem (No Limit) - Level 3 (750.00/1500.00)- 2024/02/10 19:09:13 UTC
Table '16' 8-max Seat #8 is the button
Seat 1: coldsiemens (167770.00)
Seat 2: tacklestile (174787.00)
Seat 3: lipesticky (86189.00)
Seat 4: QRcode (228363.00)
Seat 5: longggtrailz (192852.00)
Seat 6: sstorture (35132.00)
Seat 7: StopBlowingMyM (118000.00)
Seat 8: fakenatty (122807.00)
coldsiemens posts ante 200.00
tacklestile posts ante 200.00
lipesticky posts ante 200.00
QRcode posts ante 200.00
longggtrailz posts ante 200.00
sstorture posts ante 200.00
StopBlowingMyM posts ante 200.00
fakenatty posts ante 200.00
coldsiemens posts the small blind 750.00
tacklestile posts the big blind 1500.00
*** HOLE CARDS ***
Main pot 1600.00
Dealt to lipesticky [9s Ts]
lipesticky raises 3150.00 to 3150.00
QRcode folds
longggtrailz calls 3150.00
sstorture calls 3150.00
StopBlowingMyM folds
fakenatty folds
coldsiemens calls 2400.00
tacklestile calls 1650.00
*** FLOP *** [9d 7d 8s]
Main pot 17350.00
coldsiemens checks
tacklestile checks
lipesticky checks
longggtrailz checks
sstorture bets 4338.00
coldsiemens folds
tacklestile folds
lipesticky raises 9426.00 to 9426.00
longggtrailz calls 9426.00
sstorture calls 5088.00
*** TURN *** [9d 7d 8s] [Qs]
Main pot 45628.00
lipesticky checks
longggtrailz checks
sstorture checks
*** RIVER *** [9d 7d 8s Qs] [Jd]
Main pot 45628.00
lipesticky checks
longggtrailz bets 180076.00 and is all-in
sstorture folds
lipesticky folds
Uncalled bet (180076.00) returned to longggtrailz
longggtrailz does not show
*** SUMMARY ***
Total pot 45628.00
Board [9d 7d 8s Qs Jd]
Seat 1: coldsiemens (small blind) folded on the Flop
Seat 2: tacklestile (big blind) folded on the Flop
Seat 3: lipesticky folded on the River
Seat 4: QRcode folded on the Pre-Flop and did not bet
Seat 5: longggtrailz did not show and won 45628.00
Seat 6: sstorture folded on the River
Seat 7: StopBlowingMyM folded on the Pre-Flop and did not bet
Seat 8: fakenatty (button) folded on the Pre-Flop

Game Hand #2023279774 - Tournament #31174407 - Holdem (No Limit) - Level 3 (750.00/1500.00)- 2024/02/10 19:11:51 UTC
Table '16' 8-max Seat #1 is the button
Seat 1: coldsiemens (164420.00)
Seat 2: tacklestile (171437.00)
Seat 3: lipesticky (73413.00)
Seat 4: QRcode (228163.00)
Seat 5: longggtrailz (225704.00)
Seat 6: sstorture (22356.00)
Seat 7: StopBlowingMyM (117800.00)
Seat 8: fakenatty (122607.00)
coldsiemens posts ante 200.00
tacklestile posts ante 200.00
lipesticky posts ante 200.00
QRcode posts ante 200.00
longggtrailz posts ante 200.00
sstorture posts ante 200.00
StopBlowingMyM posts ante 200.00
fakenatty posts ante 200.00
tacklestile posts the small blind 750.00
lipesticky posts the big blind 1500.00
*** HOLE CARDS ***
Main pot 1600.00
Dealt to lipesticky [8h 7d]
QRcode raises 3000.00 to 3000.00
longggtrailz folds
sstorture folds
StopBlowingMyM folds
fakenatty calls 3000.00
coldsiemens folds
tacklestile folds
lipesticky calls 1500.00
*** FLOP *** [5s 8c 9h]
Main pot 11350.00
lipesticky checks
QRcode bets 5675.00
fakenatty folds
lipesticky calls 5675.00
*** TURN *** [5s 8c 9h] [9d]
Main pot 22700.00
lipesticky checks
QRcode checks
*** RIVER *** [5s 8c 9h 9d] [Ks]
Main pot 22700.00
lipesticky checks
QRcode checks
*** SHOW DOWN ***
Main pot 22700.00
lipesticky shows [8h 7d] (two pair, Nines and Eights [9h 9d 8h 8c Ks])
QRcode shows [6s 6d] (two pair, Nines and Sixs [9h 9d 6s 6d Ks])
lipesticky collected 22700.00 from main pot
*** SUMMARY ***
Total pot 22700.00
Board [5s 8c 9h 9d Ks]
Seat 1: coldsiemens (button) folded on the Pre-Flop
Seat 2: tacklestile (small blind) folded on the Pre-Flop
Seat 3: lipesticky (big blind) showed [8h 7d] and won 22700.00 with two pair, Nines and Eights [9h 9d 8h 8c Ks]
Seat 4: QRcode showed [6s 6d] and lost with two pair, Nines and Sixs [9h 9d 6s 6d Ks]
Seat 5: longggtrailz folded on the Pre-Flop and did not bet
Seat 6: sstorture folded on the Pre-Flop and did not bet
Seat 7: StopBlowingMyM folded on the Pre-Flop and did not bet
Seat 8: fakenatty folded on the Flop

Game Hand #2023281536 - Tournament #31174407 - Holdem (No Limit) - Level 4 (1000.00/2000.00)- 2024/02/10 19:13:26 UTC
Table '16' 8-max Seat #2 is the button
Seat 1: coldsiemens (164220.00)
Seat 2: tacklestile (170487.00)
Seat 3: lipesticky (87238.00)
Seat 4: QRcode (219288.00)
Seat 5: longggtrailz (225504.00)
Seat 6: sstorture (22156.00)
Seat 7: StopBlowingMyM (117600.00)
Seat 8: fakenatty (119407.00)
coldsiemens posts ante 300.00
tacklestile posts ante 300.00
lipesticky posts ante 300.00
QRcode posts ante 300.00
longggtrailz posts ante 300.00
sstorture posts ante 300.00
StopBlowingMyM posts ante 300.00
fakenatty posts ante 300.00
lipesticky posts the small blind 1000.00
QRcode posts the big blind 2000.00
*** HOLE CARDS ***
Main pot 2400.00
Dealt to lipesticky [Qc 4s]
longggtrailz folds
sstorture raises 21856.00 to 21856.00 and is all-in
StopBlowingMyM folds
fakenatty folds
coldsiemens folds
tacklestile folds
lipesticky folds
QRcode calls 19856.00
*** FLOP *** [6d Ah Tc]
Main pot 47112.00
*** TURN *** [6d Ah Tc] [Kd]
Main pot 47112.00
*** RIVER *** [6d Ah Tc Kd] [8c]
Main pot 47112.00
*** SHOW DOWN ***
Main pot 47112.00
QRcode shows [Ad 6h] (two pair, Aces and Sixs [Ah Ad 6h 6d Kd])
sstorture shows [Qs Ac] (a pair of Aces [Ah Ac Kd Qs Tc])
QRcode collected 47112.00 from main pot
*** SUMMARY ***
Total pot 47112.00
Board [6d Ah Tc Kd 8c]
Seat 1: coldsiemens folded on the Pre-Flop and did not bet
Seat 2: tacklestile (button) folded on the Pre-Flop
Seat 3: lipesticky (small blind) folded on the Pre-Flop
Seat 4: QRcode (big blind) showed [Ad 6h] and won 47112.00 with two pair, Aces and Sixs [Ah Ad 6h 6d Kd]
Seat 5: longggtrailz folded on the Pre-Flop and did not bet
Seat 6: sstorture showed [Qs Ac] and lost with a pair of Aces [Ah Ac Kd Qs Tc]
Seat 7: StopBlowingMyM folded on the Pre-Flop and did not bet
Seat 8: fakenatty folded on the Pre-Flop and did not bet

Game Hand #2023282807 - Tournament #31174407 - Holdem (No Limit) - Level 4 (1000.00/2000.00)- 2024/02/10 19:14:36 UTC
Table '16' 8-max Seat #3 is the button
Seat 1: coldsiemens (163920.00)
Seat 2: tacklestile (170187.00)
Seat 3: lipesticky (85938.00)
Seat 4: QRcode (244244.00)
Seat 5: longggtrailz (225204.00)
Seat 7: StopBlowingMyM (117300.00)
Seat 8: fakenatty (119107.00)
coldsiemens posts ante 300.00
tacklestile posts ante 300.00
lipesticky posts ante 300.00
QRcode posts ante 300.00
longggtrailz posts ante 300.00
StopBlowingMyM posts ante 300.00
fakenatty posts ante 300.00
QRcode posts the small blind 1000.00
longggtrailz posts the big blind 2000.00
*** HOLE CARDS ***
Main pot 2100.00
Dealt to lipesticky [9s 5c]
StopBlowingMyM folds
fakenatty folds
coldsiemens folds
tacklestile folds
lipesticky folds
QRcode folds
longggtrailz does not show
*** SUMMARY ***
Total pot 5100.00
Seat 1: coldsiemens folded on the Pre-Flop and did not bet
Seat 2: tacklestile folded on the Pre-Flop and did not bet
Seat 3: lipesticky (button) folded on the Pre-Flop
Seat 4: QRcode (small blind) folded on the Pre-Flop
Seat 5: longggtrailz did not show and won 5100.00
Seat 7: StopBlowingMyM folded on the Pre-Flop and did not bet
Seat 8: fakenatty folded on the Pre-Flop and did not bet

Game Hand #2023283482 - Tournament #31174407 - Holdem (No Limit) - Level 4 (1000.00/2000.00)- 2024/02/10 19:15:14 UTC
Table '16' 8-max Seat #4 is the button
Seat 1: coldsiemens (163620.00)
Seat 2: tacklestile (169887.00)
Seat 3: lipesticky (85638.00)
Seat 4: QRcode (242944.00)
Seat 5: longggtrailz (228004.00)
Seat 6: f0restwOw (125000.00)
Seat 7: StopBlowingMyM (117000.00)
Seat 8: fakenatty (118807.00)
coldsiemens posts ante 300.00
tacklestile posts ante 300.00
lipesticky posts ante 300.00
QRcode posts ante 300.00
longggtrailz posts ante 300.00
f0restwOw posts ante 300.00
StopBlowingMyM posts ante 300.00
fakenatty posts ante 300.00
longggtrailz posts the small blind 1000.00
f0restwOw posts the big blind 2000.00
*** HOLE CARDS ***
Main pot 2400.00
Dealt to lipesticky [3h Td]
StopBlowingMyM raises 4000.00 to 4000.00
fakenatty folds
coldsiemens folds
tacklestile folds
lipesticky folds
QRcode folds
longggtrailz calls 3000.00
f0restwOw folds
*** FLOP *** [2d 5s Kc]
Main pot 12400.00
longggtrailz checks
StopBlowingMyM bets 4092.00
longggtrailz calls 4092.00
*** TURN *** [2d 5s Kc] [2h]
Main pot 20584.00
longggtrailz bets 5146.00
StopBlowingMyM calls 5146.00
*** RIVER *** [2d 5s Kc 2h] [Jc]
Main pot 30876.00
longggtrailz checks
StopBlowingMyM checks
*** SHOW DOWN ***
Main pot 30876.00
longggtrailz shows [Kh 7h] (two pair, Kings and Deuces [Kh Kc 2h 2d Jc])
StopBlowingMyM shows [Th As] (a pair of Deuces [2h 2d As Kc Jc])
longggtrailz collected 30876.00 from main pot
*** SUMMARY ***
Total pot 30876.00
Board [2d 5s Kc 2h Jc]
Seat 1: coldsiemens folded on the Pre-Flop and did not bet
Seat 2: tacklestile folded on the Pre-Flop and did not bet
Seat 3: lipesticky folded on the Pre-Flop and did not bet
Seat 4: QRcode (button) folded on the Pre-Flop
Seat 5: longggtrailz (small blind) showed [Kh 7h] and won 30876.00 with two pair, Kings and Deuces [Kh Kc 2h 2d Jc]
Seat 6: f0restwOw (big blind) folded on the Pre-Flop
Seat 7: StopBlowingMyM showed [Th As] and lost with a pair of Deuces [2h 2d As Kc Jc]
Seat 8: fakenatty folded on the Pre-Flop and did not bet

Game Hand #2023285071 - Tournament #31174407 - Holdem (No Limit) - Level 4 (1000.00/2000.00)- 2024/02/10 19:16:42 UTC
Table '16' 8-max Seat #5 is the button
Seat 1: coldsiemens (163320.00)
Seat 2: tacklestile (169587.00)
Seat 3: lipesticky (85338.00)
Seat 4: QRcode (242644.00)
Seat 5: longggtrailz (245342.00)
Seat 6: f0restwOw (122700.00)
Seat 7: StopBlowingMyM (103462.00)
Seat 8: fakenatty (118507.00)
coldsiemens posts ante 300.00
tacklestile posts ante 300.00
lipesticky posts ante 300.00
QRcode posts ante 300.00
longggtrailz posts ante 300.00
f0restwOw posts ante 300.00
StopBlowingMyM posts ante 300.00
fakenatty posts ante 300.00
f0restwOw posts the small blind 1000.00
StopBlowingMyM posts the big blind 2000.00
*** HOLE CARDS ***
Main pot 2400.00
Dealt to lipesticky [Qc 4d]
fakenatty folds
coldsiemens folds
tacklestile folds
lipesticky folds
QRcode raises 5700.00 to 5700.00
longggtrailz folds
f0restwOw folds
StopBlowingMyM calls 3700.00
*** FLOP *** [2c Kh Kd]
Main pot 14800.00
StopBlowingMyM checks
QRcode bets 4000.00
StopBlowingMyM folds
Uncalled bet (4000.00) returned to QRcode
QRcode does not show
*** SUMMARY ***
Total pot 14800.00
Board [2c Kh Kd]
Seat 1: coldsiemens folded on the Pre-Flop and did not bet
Seat 2: tacklestile folded on the Pre-Flop and did not bet
Seat 3: lipesticky folded on the Pre-Flop and did not bet
Seat 4: QRcode did not show and won 14800.00
Seat 5: longggtrailz (button) folded on the Pre-Flop
Seat 6: f0restwOw (small blind) folded on the Pre-Flop
Seat 7: StopBlowingMyM (big blind) folded on the Flop
Seat 8: fakenatty folded on the Pre-Flop and did not bet

Game Hand #2023286081 - Tournament #31174407 - Holdem (No Limit) - Level 4 (1000.00/2000.00)- 2024/02/10 19:17:40 UTC
Table '16' 8-max Seat #6 is the button
Seat 1: coldsiemens (163020.00)
Seat 2: tacklestile (169287.00)
Seat 3: lipesticky (85038.00)
Seat 4: QRcode (251444.00)
Seat 5: longggtrailz (245042.00)
Seat 6: f0restwOw (121400.00)
Seat 7: StopBlowingMyM (97462.00)
Seat 8: fakenatty (118207.00)
coldsiemens posts ante 300.00
tacklestile posts ante 300.00
lipesticky posts ante 300.00
QRcode posts ante 300.00
longggtrailz posts ante 300.00
f0restwOw posts ante 300.00
StopBlowingMyM posts ante 300.00
fakenatty posts ante 300.00
StopBlowingMyM posts the small blind 1000.00
fakenatty posts the big blind 2000.00
*** HOLE CARDS ***
Main pot 2400.00
Dealt to lipesticky [5h 9c]
coldsiemens folds
tacklestile folds
lipesticky folds
QRcode raises 5700.00 to 5700.00
longggtrailz folds
f0restwOw folds
StopBlowingMyM folds
fakenatty calls 3700.00
*** FLOP *** [Th 4s Kh]
Main pot 14800.00
fakenatty checks
QRcode checks
*** TURN *** [Th 4s Kh] [Jh]
Main pot 14800.00
fakenatty checks
QRcode checks
*** RIVER *** [Th 4s Kh Jh] [Kc]
Main pot 14800.00
fakenatty checks
QRcode checks
*** SHOW DOWN ***
Main pot 14800.00
QRcode shows [Qd 6h] (a pair of Kings [Kh Kc Qd Jh Th])
fakenatty shows [7s 5c] (a pair of Kings [Kh Kc Jh Th 7s])
QRcode collected 14800.00 from main pot
*** SUMMARY ***
Total pot 14800.00
Board [Th 4s Kh Jh Kc]
Seat 1: coldsiemens folded on the Pre-Flop and did not bet
Seat 2: tacklestile folded on the Pre-Flop and did not bet
Seat 3: lipesticky folded on the Pre-Flop and did not bet
Seat 4: QRcode showed [Qd 6h] and won 14800.00 with a pair of Kings [Kh Kc Qd Jh Th] with the kicker Queen
Seat 5: longggtrailz folded on the Pre-Flop and did not bet
Seat 6: f0restwOw (button) folded on the Pre-Flop
Seat 7: StopBlowingMyM (small blind) folded on the Pre-Flop
Seat 8: fakenatty (big blind) showed [7s 5c] and lost with a pair of Kings [Kh Kc Jh Th 7s]

Game Hand #2023287440 - Tournament #31174407 - Holdem (No Limit) - Level 4 (1000.00/2000.00)- 2024/02/10 19:18:58 UTC
Table '16' 8-max Seat #7 is the button
Seat 1: coldsiemens (162720.00)
Seat 2: tacklestile (168987.00)
Seat 3: lipesticky (84738.00)
Seat 4: QRcode (260244.00)
Seat 5: longggtrailz (244742.00)
Seat 6: f0restwOw (121100.00)
Seat 7: StopBlowingMyM (96162.00)
Seat 8: fakenatty (112207.00)
coldsiemens posts ante 300.00
tacklestile posts ante 300.00
lipesticky posts ante 300.00
QRcode posts ante 300.00
longggtrailz posts ante 300.00
f0restwOw posts ante 300.00
StopBlowingMyM posts ante 300.00
fakenatty posts ante 300.00
fakenatty posts the small blind 1000.00
coldsiemens posts the big blind 2000.00
*** HOLE CARDS ***
Main pot 2400.00
Dealt to lipesticky [Qd 9d]
tacklestile folds
lipesticky raises 4200.00 to 4200.00
QRcode calls 4200.00
longggtrailz raises 14400.00 to 14400.00
f0restwOw folds
StopBlowingMyM folds
fakenatty folds
coldsiemens folds
lipesticky folds
QRcode folds
Uncalled bet (10200.00) returned to longggtrailz
longggtrailz does not show
*** SUMMARY ***
Total pot 18000.00
Seat 1: coldsiemens (big blind) folded on the Pre-Flop
Seat 2: tacklestile folded on the Pre-Flop and did not bet
Seat 3: lipesticky folded on the Pre-Flop and did not bet
Seat 4: QRcode folded on the Pre-Flop and did not bet
Seat 5: longggtrailz did not show and won 18000.00
Seat 6: f0restwOw folded on the Pre-Flop and did not bet
Seat 7: StopBlowingMyM (button) folded on the Pre-Flop
Seat 8: fakenatty (small blind) folded on the Pre-Flop

Game Hand #2023288210 - Tournament #31174407 - Holdem (No Limit) - Level 4 (1000.00/2000.00)- 2024/02/10 19:19:44 UTC
Table '16' 8-max Seat #8 is the button
Seat 1: coldsiemens (160420.00)
Seat 2: tacklestile (168687.00)
Seat 3: lipesticky (80238.00)
Seat 4: QRcode (255744.00)
Seat 5: longggtrailz (258242.00)
Seat 6: f0restwOw (120800.00)
Seat 7: StopBlowingMyM (95862.00)
Seat 8: fakenatty (110907.00)
coldsiemens posts ante 300.00
tacklestile posts ante 300.00
lipesticky posts ante 300.00
QRcode posts ante 300.00
longggtrailz posts ante 300.00
f0restwOw posts ante 300.00
StopBlowingMyM posts ante 300.00
fakenatty posts ante 300.00
coldsiemens posts the small blind 1000.00
tacklestile posts the big blind 2000.00
*** HOLE CARDS ***
Main pot 2400.00
Dealt to lipesticky [6s 5c]
lipesticky folds
QRcode raises 5700.00 to 5700.00
longggtrailz folds
f0restwOw folds
StopBlowingMyM folds
fakenatty folds
coldsiemens calls 4700.00
tacklestile folds
*** FLOP *** [3h Ks 7h]
Main pot 15800.00
coldsiemens checks
QRcode checks
*** TURN *** [3h Ks 7h] [4c]
Main pot 15800.00
coldsiemens bets 5214.00
QRcode folds
Uncalled bet (5214.00) returned to coldsiemens
coldsiemens does not show
*** SUMMARY ***
Total pot 15800.00
Board [3h Ks 7h 4c]
Seat 1: coldsiemens did not show and won 15800.00
Seat 2: tacklestile (big blind) folded on the Pre-Flop
Seat 3: lipesticky folded on the Pre-Flop and did not bet
Seat 4: QRcode folded on the Turn
Seat 5: longggtrailz folded on the Pre-Flop and did not bet
Seat 6: f0restwOw folded on the Pre-Flop and did not bet
Seat 7: StopBlowingMyM folded on the Pre-Flop and did not bet
Seat 8: fakenatty (button) folded on the Pre-Flop

Game Hand #2023289677 - Tournament #31174407 - Holdem (No Limit) - Level 4 (1000.00/2000.00)- 2024/02/10 19:21:09 UTC
Table '16' 8-max Seat #1 is the button
Seat 1: coldsiemens (170220.00)
Seat 2: tacklestile (166387.00)
Seat 3: lipesticky (79938.00)
Seat 4: QRcode (249744.00)
Seat 5: longggtrailz (257942.00)
Seat 6: f0restwOw (120500.00)
Seat 7: StopBlowingMyM (95562.00)
Seat 8: fakenatty (110607.00)
coldsiemens posts ante 300.00
tacklestile posts ante 300.00
lipesticky posts ante 300.00
QRcode posts ante 300.00
longggtrailz posts ante 300.00
f0restwOw posts ante 300.00
StopBlowingMyM posts ante 300.00
fakenatty posts ante 300.00
tacklestile posts the small blind 1000.00
lipesticky posts the big blind 2000.00
*** HOLE CARDS ***
Main pot 2400.00
Dealt to lipesticky [4h Kd]
QRcode folds
longggtrailz raises 4000.00 to 4000.00
f0restwOw folds
StopBlowingMyM folds
fakenatty folds
coldsiemens raises 13400.00 to 13400.00
tacklestile folds
lipesticky folds
longggtrailz calls 9400.00
*** FLOP *** [As Jd 7d]
Main pot 32200.00
longggtrailz checks
coldsiemens bets 8050.00
longggtrailz calls 8050.00
*** TURN *** [As Jd 7d] [2c]
Main pot 48300.00
longggtrailz checks
coldsiemens checks
*** RIVER *** [As Jd 7d 2c] [Ad]
Main pot 48300.00
longggtrailz checks
coldsiemens checks
*** SHOW DOWN ***
Main pot 48300.00
coldsiemens shows [Jh 9h] (two pair, Aces and Jacks [As Ad Jh Jd 9h])
longggtrailz shows [Ah Tc] (three of a kind, Set of Aces [As Ah Ad Jd Tc])
longggtrailz collected 48300.00 from main pot
*** SUMMARY ***
Total pot 48300.00
Board [As Jd 7d 2c Ad]
Seat 1: coldsiemens (button) showed [Jh 9h] and lost with two pair, Aces and Jacks [As Ad Jh Jd 9h]
Seat 2: tacklestile (small blind) folded on the Pre-Flop
Seat 3: lipesticky (big blind) folded on the Pre-Flop
Seat 4: QRcode folded on the Pre-Flop and did not bet
Seat 5: longggtrailz showed [Ah Tc] and won 48300.00 with three of a kind, Set of Aces [As Ah Ad Jd Tc]
Seat 6: f0restwOw folded on the Pre-Flop and did not bet
Seat 7: StopBlowingMyM folded on the Pre-Flop and did not bet
Seat 8: fakenatty folded on the Pre-Flop and did not bet

Game Hand #2023291665 - Tournament #31174407 - Holdem (No Limit) - Level 4 (1000.00/2000.00)- 2024/02/10 19:23:07 UTC
Table '16' 8-max Seat #2 is the button
Seat 1: coldsiemens (148470.00)
Seat 2: tacklestile (165087.00)
Seat 3: lipesticky (77638.00)
Seat 4: QRcode (249444.00)
Seat 5: longggtrailz (284492.00)
Seat 6: f0restwOw (120200.00)
Seat 7: StopBlowingMyM (95262.00)
Seat 8: fakenatty (110307.00)
coldsiemens posts ante 300.00
tacklestile posts ante 300.00
lipesticky posts ante 300.00
QRcode posts ante 300.00
longggtrailz posts ante 300.00
f0restwOw posts ante 300.00
StopBlowingMyM posts ante 300.00
fakenatty posts ante 300.00
lipesticky posts the small blind 1000.00
QRcode posts the big blind 2000.00
*** HOLE CARDS ***
Main pot 2400.00
Dealt to lipesticky [3c 9c]
longggtrailz folds
f0restwOw folds
StopBlowingMyM raises 4000.00 to 4000.00
fakenatty folds
coldsiemens folds
tacklestile folds
lipesticky folds
QRcode folds
Uncalled bet (2000.00) returned to StopBlowingMyM
StopBlowingMyM does not show
*** SUMMARY ***
Total pot 7400.00
Seat 1: coldsiemens folded on the Pre-Flop and did not bet
Seat 2: tacklestile (button) folded on the Pre-Flop
Seat 3: lipesticky (small blind) folded on the Pre-Flop
Seat 4: QRcode (big blind) folded on the Pre-Flop
Seat 5: longggtrailz folded on the Pre-Flop and did not bet
Seat 6: f0restwOw folded on the Pre-Flop and did not bet
Seat 7: StopBlowingMyM did not show and won 7400.00
Seat 8: fakenatty folded on the Pre-Flop and did not bet

Game Hand #2023292460 - Tournament #31174407 - Holdem (No Limit) - Level 4 (1000.00/2000.00)- 2024/02/10 19:23:53 UTC
Table '16' 8-max Seat #3 is the button
Seat 1: coldsiemens (148170.00)
Seat 2: tacklestile (164787.00)
Seat 3: lipesticky (76338.00)
Seat 4: QRcode (247144.00) is sitting out
Seat 5: longggtrailz (284192.00)
Seat 6: f0restwOw (119900.00)
Seat 7: StopBlowingMyM (100362.00)
Seat 8: fakenatty (110007.00)
coldsiemens posts ante 300.00
tacklestile posts ante 300.00
lipesticky posts ante 300.00
QRcode posts ante 300.00
longggtrailz posts ante 300.00
f0restwOw posts ante 300.00
StopBlowingMyM posts ante 300.00
fakenatty posts ante 300.00
QRcode posts the small blind 1000.00
longggtrailz posts the big blind 2000.00
*** HOLE CARDS ***
Main pot 2400.00
Dealt to lipesticky [Ah Qh]
f0restwOw folds
StopBlowingMyM folds
fakenatty folds
coldsiemens folds
tacklestile folds
lipesticky raises 4600.00 to 4600.00
QRcode folds
longggtrailz folds
Uncalled bet (2600.00) returned to lipesticky
lipesticky does not show
*** SUMMARY ***
Total pot 7400.00
Seat 1: coldsiemens folded on the Pre-Flop and did not bet
Seat 2: tacklestile folded on the Pre-Flop and did not bet
Seat 3: lipesticky did not show and won 7400.00
Seat 4: QRcode (small blind) folded on the Pre-Flop
Seat 5: longggtrailz (big blind) folded on the Pre-Flop
Seat 6: f0restwOw folded on the Pre-Flop and did not bet
Seat 7: StopBlowingMyM folded on the Pre-Flop and did not bet
Seat 8: fakenatty folded on the Pre-Flop and did not bet

Game Hand #2023293245 - Tournament #31174407 - Holdem (No Limit) - Level 4 (1000.00/2000.00)- 2024/02/10 19:24:39 UTC
Table '16' 8-max Seat #4 is the button
Seat 1: coldsiemens (147870.00)
Seat 2: tacklestile (164487.00)
Seat 3: lipesticky (81438.00)
Seat 4: QRcode (245844.00) is sitting out
Seat 5: longggtrailz (281892.00)
Seat 6: f0restwOw (119600.00)
Seat 7: StopBlowingMyM (100062.00)
Seat 8: fakenatty (109707.00)
coldsiemens posts ante 300.00
tacklestile posts ante 300.00
lipesticky posts ante 300.00
QRcode posts ante 300.00
longggtrailz posts ante 300.00
f0restwOw posts ante 300.00
StopBlowingMyM posts ante 300.00
fakenatty posts ante 300.00
longggtrailz posts the small blind 1000.00
f0restwOw posts the big blind 2000.00
*** HOLE CARDS ***
Main pot 2400.00
Dealt to lipesticky [Ah Jh]
StopBlowingMyM folds
fakenatty folds
coldsiemens folds
tacklestile folds
lipesticky raises 4200.00 to 4200.00
QRcode folds
longggtrailz raises 12400.00 to 13400.00
f0restwOw folds
lipesticky calls 9200.00
*** FLOP *** [5s Qc 2s]
Main pot 31200.00
longggtrailz checks
lipesticky checks
*** TURN *** [5s Qc 2s] [2d]
Main pot 31200.00
longggtrailz bets 11800.00
lipesticky folds
Uncalled bet (11800.00) returned to longggtrailz
longggtrailz does not show
*** SUMMARY ***
Total pot 31200.00
Board [5s Qc 2s 2d]
Seat 1: coldsiemens folded on the Pre-Flop and did not bet
Seat 2: tacklestile folded on the Pre-Flop and did not bet
Seat 3: lipesticky folded on the Turn
Seat 4: QRcode (button) folded on the Pre-Flop
Seat 5: longggtrailz did not show and won 31200.00
Seat 6: f0restwOw (big blind) folded on the Pre-Flop
Seat 7: StopBlowingMyM folded on the Pre-Flop and did not bet
Seat 8: fakenatty folded on the Pre-Flop and did not bet

Game Hand #2023294889 - Tournament #31174407 - Holdem (No Limit) - Level 4 (1000.00/2000.00)- 2024/02/10 19:26:16 UTC
Table '16' 8-max Seat #5 is the button
Seat 1: coldsiemens (147570.00)
Seat 2: tacklestile (164187.00)
Seat 3: lipesticky (67738.00)
Seat 4: QRcode (245544.00)
Seat 5: longggtrailz (299392.00)
Seat 6: f0restwOw (117300.00)
Seat 7: StopBlowingMyM (99762.00)
Seat 8: fakenatty (109407.00)
coldsiemens posts ante 300.00
tacklestile posts ante 300.00
lipesticky posts ante 300.00
QRcode posts ante 300.00
longggtrailz posts ante 300.00
f0restwOw posts ante 300.00
StopBlowingMyM posts ante 300.00
fakenatty posts ante 300.00
f0restwOw posts the small blind 1000.00
StopBlowingMyM posts the big blind 2000.00
*** HOLE CARDS ***
Main pot 2400.00
Dealt to lipesticky [6d 4s]
fakenatty folds
coldsiemens raises 4000.00 to 4000.00
tacklestile folds
lipesticky folds
QRcode folds
longggtrailz folds
f0restwOw calls 3000.00
StopBlowingMyM raises 18600.00 to 20600.00
coldsiemens raises 143270.00 to 147270.00 and is all-in
f0restwOw folds
StopBlowingMyM folds
Uncalled bet (126670.00) returned to coldsiemens
coldsiemens does not show
*** SUMMARY ***
Total pot 47600.00
Seat 1: coldsiemens did not show and won 47600.00
Seat 2: tacklestile folded on the Pre-Flop and did not bet
Seat 3: lipesticky folded on the Pre-Flop and did not bet
Seat 4: QRcode folded on the Pre-Flop and did not bet
Seat 5: longggtrailz (button) folded on the Pre-Flop
Seat 6: f0restwOw (small blind) folded on the Pre-Flop
Seat 7: StopBlowingMyM (big blind) folded on the Pre-Flop
Seat 8: fakenatty folded on the Pre-Flop and did not bet

Game Hand #2023296122 - Tournament #31174407 - Holdem (No Limit) - Level 4 (1000.00/2000.00)- 2024/02/10 19:27:30 UTC
Table '16' 8-max Seat #6 is the button
Seat 1: coldsiemens (174270.00)
Seat 2: tacklestile (163887.00)
Seat 3: lipesticky (67438.00)
Seat 4: QRcode (245244.00)
Seat 5: longggtrailz (299092.00)
Seat 6: f0restwOw (113000.00)
Seat 7: StopBlowingMyM (78862.00)
Seat 8: fakenatty (109107.00)
coldsiemens posts ante 300.00
tacklestile posts ante 300.00
lipesticky posts ante 300.00
QRcode posts ante 300.00
longggtrailz posts ante 300.00
f0restwOw posts ante 300.00
StopBlowingMyM posts ante 300.00
fakenatty posts ante 300.00
StopBlowingMyM posts the small blind 1000.00
fakenatty posts the big blind 2000.00
*** HOLE CARDS ***
Main pot 2400.00
Dealt to lipesticky [Tc 2s]
coldsiemens folds
tacklestile folds
lipesticky folds
QRcode raises 4000.00 to 4000.00
longggtrailz folds
f0restwOw calls 4000.00
StopBlowingMyM calls 3000.00
fakenatty folds
*** FLOP *** [Qs Jd 9h]
Main pot 16400.00
StopBlowingMyM checks
QRcode checks
f0restwOw checks
*** TURN *** [Qs Jd 9h] [Qh]
Main pot 16400.00
StopBlowingMyM checks
QRcode bets 4100.00
f0restwOw calls 4100.00
StopBlowingMyM folds
*** RIVER *** [Qs Jd 9h Qh] [As]
Main pot 24600.00
QRcode checks
f0restwOw checks
*** SHOW DOWN ***
Main pot 24600.00
QRcode shows [7h Jc] (two pair, Queens and Jacks [Qs Qh Jd Jc As])
f0restwOw shows [7s 9s] (two pair, Queens and Nines [Qs Qh 9s 9h As])
QRcode collected 24600.00 from main pot
*** SUMMARY ***
Total pot 24600.00
Board [Qs Jd 9h Qh As]
Seat 1: coldsiemens folded on the Pre-Flop and did not bet
Seat 2: tacklestile folded on the Pre-Flop and did not bet
Seat 3: lipesticky folded on the Pre-Flop and did not bet
Seat 4: QRcode showed [7h Jc] and won 24600.00 with two pair, Queens and Jacks [Qs Qh Jd Jc As]
Seat 5: longggtrailz folded on the Pre-Flop and did not bet
Seat 6: f0restwOw (button) showed [7s 9s] and lost with two pair, Queens and Nines [Qs Qh 9s 9h As]
Seat 7: StopBlowingMyM (small blind) folded on the Turn
Seat 8: fakenatty (big blind) folded on the Pre-Flop

Game Hand #2023297570 - Tournament #31174407 - Holdem (No Limit) - Level 4 (1000.00/2000.00)- 2024/02/10 19:28:58 UTC
Table '16' 8-max Seat #7 is the button
Seat 1: coldsiemens (173970.00)
Seat 2: tacklestile (163587.00)
Seat 3: lipesticky (67138.00)
Seat 4: QRcode (261444.00)
Seat 5: longggtrailz (298792.00)
Seat 6: f0restwOw (104600.00)
Seat 7: StopBlowingMyM (74562.00)
Seat 8: fakenatty (106807.00)
coldsiemens posts ante 300.00
tacklestile posts ante 300.00
lipesticky posts ante 300.00
QRcode posts ante 300.00
longggtrailz posts ante 300.00
f0restwOw posts ante 300.00
StopBlowingMyM posts ante 300.00
fakenatty posts ante 300.00
fakenatty posts the small blind 1000.00
coldsiemens posts the big blind 2000.00
*** HOLE CARDS ***
Main pot 2400.00
Dealt to lipesticky [8h 3s]
tacklestile raises 4000.00 to 4000.00
lipesticky folds
QRcode calls 4000.00
longggtrailz calls 4000.00
f0restwOw folds
StopBlowingMyM raises 74262.00 to 74262.00 and is all-in
fakenatty folds
coldsiemens folds
tacklestile raises 159287.00 to 163287.00 and is all-in
QRcode folds
longggtrailz folds
Uncalled bet (89025.00) returned to tacklestile
*** FLOP *** [4h 3h Qh]
Main pot 161924.00
*** TURN *** [4h 3h Qh] [2h]
Main pot 161924.00
*** RIVER *** [4h 3h Qh 2h] [Jh]
Main pot 161924.00
*** SHOW DOWN ***
Main pot 161924.00
tacklestile shows [Ad Jc] (a flush, Queen high [Qh Jh 4h 3h 2h])
StopBlowingMyM shows [Ac Qd] (a flush, Queen high [Qh Jh 4h 3h 2h])
tacklestile collected 80962.00 from main pot
StopBlowingMyM collected 80962.00 from main pot
*** SUMMARY ***
Total pot 161924.00
Board [4h 3h Qh 2h Jh]
Seat 1: coldsiemens (big blind) folded on the Pre-Flop
Seat 2: tacklestile showed [Ad Jc] and won 80962.00 with a flush, Queen high [Qh Jh 4h 3h 2h]
Seat 3: lipesticky folded on the Pre-Flop and did not bet
Seat 4: QRcode folded on the Pre-Flop and did not bet
Seat 5: longggtrailz folded on the Pre-Flop and did not bet
Seat 6: f0restwOw folded on the Pre-Flop and did not bet
Seat 7: StopBlowingMyM (button) showed [Ac Qd] and won 80962.00 with a flush, Queen high [Qh Jh 4h 3h 2h]
Seat 8: fakenatty (small blind) folded on the Pre-Flop

Game Hand #2023298565 - Tournament #31174407 - Holdem (No Limit) - Level 4 (1000.00/2000.00)- 2024/02/10 19:29:59 UTC
Table '16' 8-max Seat #8 is the button
Seat 1: coldsiemens (171670.00)
Seat 2: tacklestile (169987.00)
Seat 3: lipesticky (66838.00)
Seat 4: QRcode (257144.00)
Seat 5: longggtrailz (294492.00)
Seat 6: f0restwOw (104300.00)
Seat 7: StopBlowingMyM (80962.00)
Seat 8: fakenatty (105507.00)
coldsiemens posts ante 300.00
tacklestile posts ante 300.00
lipesticky posts ante 300.00
QRcode posts ante 300.00
longggtrailz posts ante 300.00
f0restwOw posts ante 300.00
StopBlowingMyM posts ante 300.00
fakenatty posts ante 300.00
coldsiemens posts the small blind 1000.00
tacklestile posts the big blind 2000.00
*** HOLE CARDS ***
Main pot 2400.00
Dealt to lipesticky [7c Ad]
lipesticky folds
QRcode folds
longggtrailz folds
f0restwOw folds
StopBlowingMyM folds
fakenatty folds
coldsiemens raises 6000.00 to 7000.00
tacklestile folds
Uncalled bet (5000.00) returned to coldsiemens
coldsiemens does not show
*** SUMMARY ***
Total pot 6400.00
Seat 1: coldsiemens did not show and won 6400.00
Seat 2: tacklestile (big blind) folded on the Pre-Flop
Seat 3: lipesticky folded on the Pre-Flop and did not bet
Seat 4: QRcode folded on the Pre-Flop and did not bet
Seat 5: longggtrailz folded on the Pre-Flop and did not bet
Seat 6: f0restwOw folded on the Pre-Flop and did not bet
Seat 7: StopBlowingMyM folded on the Pre-Flop and did not bet
Seat 8: fakenatty (button) folded on the Pre-Flop

Game Hand #2023299057 - Tournament #31174407 - Holdem (No Limit) - Level 4 (1000.00/2000.00)- 2024/02/10 19:30:29 UTC
Table '16' 8-max Seat #1 is the button
Seat 1: coldsiemens (175770.00)
Seat 2: tacklestile (167687.00)
Seat 3: lipesticky (66538.00)
Seat 4: QRcode (256844.00) is sitting out
Seat 5: longggtrailz (294192.00)
Seat 6: f0restwOw (104000.00)
Seat 7: StopBlowingMyM (80662.00)
Seat 8: fakenatty (105207.00)
coldsiemens posts ante 300.00
tacklestile posts ante 300.00
lipesticky posts ante 300.00
QRcode posts ante 300.00
longggtrailz posts ante 300.00
f0restwOw posts ante 300.00
StopBlowingMyM posts ante 300.00
fakenatty posts ante 300.00
tacklestile posts the small blind 1000.00
lipesticky posts the big blind 2000.00
*** HOLE CARDS ***
Main pot 2400.00
Dealt to lipesticky [Qh 8h]
QRcode folds
longggtrailz folds
f0restwOw folds
StopBlowingMyM raises 4000.00 to 4000.00
fakenatty folds
coldsiemens folds
tacklestile folds
lipesticky calls 2000.00
*** FLOP *** [4d 7h 5h]
Main pot 11400.00
lipesticky checks
StopBlowingMyM checks
*** TURN *** [4d 7h 5h] [5c]
Main pot 11400.00
lipesticky bets 14250.00
StopBlowingMyM folds
Uncalled bet (14250.00) returned to lipesticky
lipesticky does not show
*** SUMMARY ***
Total pot 11400.00
Board [4d 7h 5h 5c]
Seat 1: coldsiemens (button) folded on the Pre-Flop
Seat 2: tacklestile (small blind) folded on the Pre-Flop
Seat 3: lipesticky did not show and won 11400.00
Seat 4: QRcode folded on the Pre-Flop and did not bet
Seat 5: longggtrailz folded on the Pre-Flop and did not bet
Seat 6: f0restwOw folded on the Pre-Flop and did not bet
Seat 7: StopBlowingMyM folded on the Turn
Seat 8: fakenatty folded on the Pre-Flop and did not bet

Game Hand #2023300121 - Tournament #31174407 - Holdem (No Limit) - Level 4 (1000.00/2000.00)- 2024/02/10 19:31:32 UTC
Table '16' 8-max Seat #2 is the button
Seat 1: coldsiemens (175470.00)
Seat 2: tacklestile (166387.00)
Seat 3: lipesticky (73638.00)
Seat 4: QRcode (256544.00) is sitting out
Seat 5: longggtrailz (293892.00)
Seat 6: f0restwOw (103700.00)
Seat 7: StopBlowingMyM (76362.00)
Seat 8: fakenatty (104907.00)
coldsiemens posts ante 300.00
tacklestile posts ante 300.00
lipesticky posts ante 300.00
QRcode posts ante 300.00
longggtrailz posts ante 300.00
f0restwOw posts ante 300.00
StopBlowingMyM posts ante 300.00
fakenatty posts ante 300.00
lipesticky posts the small blind 1000.00
QRcode posts the big blind 2000.00
*** HOLE CARDS ***
Main pot 2400.00
Dealt to lipesticky [Ah Ad]
longggtrailz raises 4000.00 to 4000.00
f0restwOw folds
StopBlowingMyM folds
fakenatty folds
coldsiemens calls 4000.00
tacklestile folds
lipesticky raises 14000.00 to 15000.00
QRcode folds
longggtrailz raises 26000.00 to 30000.00
coldsiemens raises 171170.00 to 175170.00 and is all-in
lipesticky calls 58338.00 and is all-in
longggtrailz folds
Uncalled bet (101832.00) returned to coldsiemens
*** FLOP *** [8h Kh 5c]
Main pot 181076.00
*** TURN *** [8h Kh 5c] [7h]
Main pot 181076.00
*** RIVER *** [8h Kh 5c 7h] [Jd]
Main pot 181076.00
*** SHOW DOWN ***
Main pot 181076.00
coldsiemens shows [Ts As] (a high card, Ace high [As Kh Jd Ts 8h])
lipesticky shows [Ah Ad] (a pair of Aces [Ah Ad Kh Jd 8h])
lipesticky collected 181076.00 from main pot
*** SUMMARY ***
Total pot 181076.00
Board [8h Kh 5c 7h Jd]
Seat 1: coldsiemens showed [Ts As] and lost with a high card, Ace high [As Kh Jd Ts 8h]
Seat 2: tacklestile (button) folded on the Pre-Flop
Seat 3: lipesticky (small blind) showed [Ah Ad] and won 181076.00 with a pair of Aces [Ah Ad Kh Jd 8h]
Seat 4: QRcode (big blind) folded on the Pre-Flop
Seat 5: longggtrailz folded on the Pre-Flop and did not bet
Seat 6: f0restwOw folded on the Pre-Flop and did not bet
Seat 7: StopBlowingMyM folded on the Pre-Flop and did not bet
Seat 8: fakenatty folded on the Pre-Flop and did not bet

Game Hand #2023301891 - Tournament #31174407 - Holdem (No Limit) - Level 5 (1250.00/2500.00)- 2024/02/10 19:33:20 UTC
Table '16' 8-max Seat #3 is the button
Seat 1: coldsiemens (101832.00)
Seat 2: tacklestile (166087.00)
Seat 3: lipesticky (181076.00)
Seat 4: QRcode (254244.00)
Seat 5: longggtrailz (263592.00)
Seat 6: f0restwOw (103400.00)
Seat 7: StopBlowingMyM (76062.00)
Seat 8: fakenatty (104607.00)
coldsiemens posts ante 350.00
tacklestile posts ante 350.00
lipesticky posts ante 350.00
QRcode posts ante 350.00
longggtrailz posts ante 350.00
f0restwOw posts ante 350.00
StopBlowingMyM posts ante 350.00
fakenatty posts ante 350.00
QRcode posts the small blind 1250.00
longggtrailz posts the big blind 2500.00
*** HOLE CARDS ***
Main pot 2800.00
Dealt to lipesticky [7s 7c]
f0restwOw folds
StopBlowingMyM folds
fakenatty folds
coldsiemens raises 5000.00 to 5000.00
tacklestile folds
lipesticky calls 5000.00
QRcode raises 18975.00 to 20225.00
longggtrailz calls 17725.00
coldsiemens raises 96482.00 to 101482.00 and is all-in
lipesticky folds
QRcode raises 162514.00 to 182739.00
longggtrailz raises 243017.00 to 263242.00 and is all-in
QRcode calls 71155.00 and is all-in
Uncalled bet (9348.00) returned to longggtrailz
*** FLOP *** [Jc Kh Qh]
Main pot 312246.00
Side pot(1) 304824.00
*** TURN *** [Jc Kh Qh] [4c]
Main pot 312246.00
Side pot(1) 304824.00
*** RIVER *** [Jc Kh Qh 4c] [4d]
Main pot 312246.00
Side pot(1) 304824.00
*** SHOW DOWN ***
Main pot 312246.00
Side pot(1) 304824.00
coldsiemens shows [Qs Ad] (two pair, Queens and Fours [Qs Qh 4d 4c Ad])
QRcode shows [As Js] (two pair, Jacks and Fours [Js Jc 4d 4c As])
longggtrailz shows [Ks Kc] (a full house, Kings full of Fours [Ks Kh Kc 4d 4c])
longggtrailz collected 312246.00 from main pot
longggtrailz collected 304824.00 from side pot-1
*** SUMMARY ***
Total pot 617070.00
Board [Jc Kh Qh 4c 4d]
Seat 1: coldsiemens showed [Qs Ad] and lost with two pair, Queens and Fours [Qs Qh 4d 4c Ad]
Seat 2: tacklestile folded on the Pre-Flop and did not bet
Seat 3: lipesticky (button) folded on the Pre-Flop
Seat 4: QRcode (small blind) showed [As Js] and lost with two pair, Jacks and Fours [Js Jc 4d 4c As]
Seat 5: longggtrailz (big blind) showed [Ks Kc] and won 617070.00 with a full house, Kings full of Fours [Ks Kh Kc 4d 4c]
Seat 6: f0restwOw folded on the Pre-Flop and did not bet
Seat 7: StopBlowingMyM folded on the Pre-Flop and did not bet
Seat 8: fakenatty folded on the Pre-Flop and did not bet

Game Hand #2023303842 - Tournament #31174407 - Holdem (No Limit) - Level 5 (1250.00/2500.00)- 2024/02/10 19:35:20 UTC
Table '16' 8-max Seat #4 is the button
Seat 1: Hoodwink1 (408356.00)
Seat 2: tacklestile (165737.00)
Seat 3: lipesticky (175726.00)
Seat 5: longggtrailz (626418.00)
Seat 6: f0restwOw (103050.00)
Seat 7: StopBlowingMyM (75712.00)
Seat 8: fakenatty (104257.00)
Hoodwink1 posts ante 350.00
tacklestile posts ante 350.00
lipesticky posts ante 350.00
longggtrailz posts ante 350.00
f0restwOw posts ante 350.00
StopBlowingMyM posts ante 350.00
fakenatty posts ante 350.00
longggtrailz posts the small blind 1250.00
f0restwOw posts the big blind 2500.00
*** HOLE CARDS ***
Main pot 2450.00
Dealt to lipesticky [6s Tc]
StopBlowingMyM folds
fakenatty folds
Hoodwink1 raises 7000.00 to 7000.00
tacklestile folds
lipesticky folds
longggtrailz raises 17750.00 to 19000.00
f0restwOw folds
Hoodwink1 calls 12000.00
*** FLOP *** [Th 9d 2h]
Main pot 42950.00
longggtrailz bets 10738.00
Hoodwink1 calls 10738.00
*** TURN *** [Th 9d 2h] [7h]
Main pot 64426.00
longggtrailz checks
Hoodwink1 checks
*** RIVER *** [Th 9d 2h 7h] [5h]
Main pot 64426.00
longggtrailz bets 13607.00
Hoodwink1 folds
Uncalled bet (13607.00) returned to longggtrailz
longggtrailz does not show
*** SUMMARY ***
Total pot 64426.00
Board [Th 9d 2h 7h 5h]
Seat 1: Hoodwink1 folded on the River
Seat 2: tacklestile folded on the Pre-Flop and did not bet
Seat 3: lipesticky folded on the Pre-Flop and did not bet
Seat 5: longggtrailz did not show and won 64426.00
Seat 6: f0restwOw (big blind) folded on the Pre-Flop
Seat 7: StopBlowingMyM folded on the Pre-Flop and did not bet
Seat 8: fakenatty folded on the Pre-Flop and did not bet

Game Hand #2023304914 - Tournament #31174407 - Holdem (No Limit) - Level 5 (1250.00/2500.00)- 2024/02/10 19:36:26 UTC
Table '16' 8-max Seat #5 is the button
Seat 1: Hoodwink1 (378268.00)
Seat 2: tacklestile (165387.00)
Seat 3: lipesticky (175376.00)
Seat 4: Tcovik (376467.00)
Seat 5: longggtrailz (660756.00)
Seat 6: f0restwOw (100200.00)
Seat 7: StopBlowingMyM (75362.00)
Seat 8: fakenatty (103907.00)
Hoodwink1 posts ante 350.00
tacklestile posts ante 350.00
lipesticky posts ante 350.00
Tcovik posts ante 350.00
longggtrailz posts ante 350.00
f0restwOw posts ante 350.00
StopBlowingMyM posts ante 350.00
fakenatty posts ante 350.00
f0restwOw posts the small blind 1250.00
StopBlowingMyM posts the big blind 2500.00
*** HOLE CARDS ***
Main pot 2800.00
Dealt to lipesticky [6s 2s]
fakenatty folds
Hoodwink1 folds
tacklestile folds
lipesticky folds
Tcovik folds
longggtrailz raises 5000.00 to 5000.00
f0restwOw folds
StopBlowingMyM calls 2500.00
*** FLOP *** [Js Jh Ad]
Main pot 14050.00
StopBlowingMyM checks
longggtrailz checks
*** TURN *** [Js Jh Ad] [7s]
Main pot 14050.00
StopBlowingMyM bets 11943.00
longggtrailz folds
Uncalled bet (11943.00) returned to StopBlowingMyM
StopBlowingMyM does not show
*** SUMMARY ***
Total pot 14050.00
Board [Js Jh Ad 7s]
Seat 1: Hoodwink1 folded on the Pre-Flop and did not bet
Seat 2: tacklestile folded on the Pre-Flop and did not bet
Seat 3: lipesticky folded on the Pre-Flop and did not bet
Seat 4: Tcovik folded on the Pre-Flop and did not bet
Seat 5: longggtrailz (button) folded on the Turn
Seat 6: f0restwOw (small blind) folded on the Pre-Flop
Seat 7: StopBlowingMyM did not show and won 14050.00
Seat 8: fakenatty folded on the Pre-Flop and did not bet

Game Hand #2023305982 - Tournament #31174407 - Holdem (No Limit) - Level 5 (1250.00/2500.00)- 2024/02/10 19:37:32 UTC
Table '16' 8-max Seat #6 is the button
Seat 1: Hoodwink1 (377918.00)
Seat 2: tacklestile (165037.00)
Seat 3: lipesticky (175026.00)
Seat 4: Tcovik (376117.00)
Seat 5: longggtrailz (655406.00)
Seat 6: f0restwOw (98600.00)
Seat 7: StopBlowingMyM (84062.00)
Seat 8: fakenatty (103557.00)
Hoodwink1 posts ante 350.00
tacklestile posts ante 350.00
lipesticky posts ante 350.00
Tcovik posts ante 350.00
longggtrailz posts ante 350.00
f0restwOw posts ante 350.00
StopBlowingMyM posts ante 350.00
fakenatty posts ante 350.00
StopBlowingMyM posts the small blind 1250.00
fakenatty posts the big blind 2500.00
*** HOLE CARDS ***
Main pot 2800.00
Dealt to lipesticky [6h 6d]
Hoodwink1 folds
tacklestile folds
lipesticky raises 5250.00 to 5250.00
Tcovik calls 5250.00
longggtrailz folds
f0restwOw folds
StopBlowingMyM folds
fakenatty raises 16750.00 to 19250.00
lipesticky calls 14000.00
Tcovik calls 14000.00
*** FLOP *** [2s 4d Qs]
Main pot 61800.00
fakenatty bets 20394.00
lipesticky folds
Tcovik calls 20394.00
*** TURN *** [2s 4d Qs] [5d]
Main pot 102588.00
fakenatty bets 63563.00 and is all-in
Tcovik calls 63563.00
*** RIVER *** [2s 4d Qs 5d] [Ts]
Main pot 229714.00
*** SHOW DOWN ***
Main pot 229714.00
Tcovik shows [Td Qd] (two pair, Queens and Tens [Qs Qd Ts Td 5d])
fakenatty shows [Ac As] (a pair of Aces [As Ac Qs Ts 5d])
Tcovik collected 229714.00 from main pot
*** SUMMARY ***
Total pot 229714.00
Board [2s 4d Qs 5d Ts]
Seat 1: Hoodwink1 folded on the Pre-Flop and did not bet
Seat 2: tacklestile folded on the Pre-Flop and did not bet
Seat 3: lipesticky folded on the Flop
Seat 4: Tcovik showed [Td Qd] and won 229714.00 with two pair, Queens and Tens [Qs Qd Ts Td 5d]
Seat 5: longggtrailz folded on the Pre-Flop and did not bet
Seat 6: f0restwOw (button) folded on the Pre-Flop
Seat 7: StopBlowingMyM (small blind) folded on the Pre-Flop
Seat 8: fakenatty (big blind) showed [Ac As] and lost with a pair of Aces [As Ac Qs Ts 5d]

Game Hand #2023307592 - Tournament #31174407 - Holdem (No Limit) - Level 5 (1250.00/2500.00)- 2024/02/10 19:39:11 UTC
Table '16' 8-max Seat #7 is the button
Seat 1: Hoodwink1 (377568.00)
Seat 2: tacklestile (164687.00)
Seat 3: lipesticky (155426.00)
Seat 4: Tcovik (502274.00)
Seat 5: longggtrailz (655056.00)
Seat 6: f0restwOw (98250.00)
Seat 7: StopBlowingMyM (82462.00)
Hoodwink1 posts ante 350.00
tacklestile posts ante 350.00
lipesticky posts ante 350.00
Tcovik posts ante 350.00
longggtrailz posts ante 350.00
f0restwOw posts ante 350.00
StopBlowingMyM posts ante 350.00
Hoodwink1 posts the big blind 2500.00
*** HOLE CARDS ***
Main pot 2450.00
Dealt to lipesticky [2h 3s]
tacklestile folds
lipesticky folds
Tcovik folds
longggtrailz folds
f0restwOw folds
StopBlowingMyM raises 5000.00 to 5000.00
Hoodwink1 folds
Uncalled bet (2500.00) returned to StopBlowingMyM
StopBlowingMyM does not show
*** SUMMARY ***
Total pot 7450.00
Seat 1: Hoodwink1 (big blind) folded on the Pre-Flop
Seat 2: tacklestile folded on the Pre-Flop and did not bet
Seat 3: lipesticky folded on the Pre-Flop and did not bet
Seat 4: Tcovik folded on the Pre-Flop and did not bet
Seat 5: longggtrailz folded on the Pre-Flop and did not bet
Seat 6: f0restwOw folded on the Pre-Flop and did not bet
Seat 7: StopBlowingMyM did not show and won 7450.00

Game Hand #2023308144 - Tournament #31174407 - Holdem (No Limit) - Level 5 (1250.00/2500.00)- 2024/02/10 19:39:47 UTC
Table '16' 8-max Seat #8 is the button
Seat 1: Hoodwink1 (374718.00)
Seat 2: tacklestile (164337.00)
Seat 3: lipesticky (155076.00)
Seat 4: Tcovik (501924.00)
Seat 5: longggtrailz (654706.00)
Seat 6: f0restwOw (97900.00)
Seat 7: StopBlowingMyM (87062.00)
Seat 8: ManiNaDivane will be allowed to play after the button
Hoodwink1 posts ante 350.00
tacklestile posts ante 350.00
lipesticky posts ante 350.00
Tcovik posts ante 350.00
longggtrailz posts ante 350.00
f0restwOw posts ante 350.00
StopBlowingMyM posts ante 350.00
Hoodwink1 posts the small blind 1250.00
tacklestile posts the big blind 2500.00
*** HOLE CARDS ***
Main pot 2450.00
Dealt to lipesticky [Ks 3h]
lipesticky folds
Tcovik raises 5000.00 to 5000.00
longggtrailz folds
f0restwOw folds
StopBlowingMyM folds
Hoodwink1 folds
tacklestile calls 2500.00
*** FLOP *** [4c 5h Ac]
Main pot 13700.00
tacklestile checks
Tcovik bets 9453.00
tacklestile raises 27386.00 to 27386.00
Tcovik folds
Uncalled bet (17933.00) returned to tacklestile
tacklestile does not show
*** SUMMARY ***
Total pot 32606.00
Board [4c 5h Ac]
Seat 1: Hoodwink1 (small blind) folded on the Pre-Flop
Seat 2: tacklestile did not show and won 32606.00
Seat 3: lipesticky folded on the Pre-Flop and did not bet
Seat 4: Tcovik folded on the Flop
Seat 5: longggtrailz folded on the Pre-Flop and did not bet
Seat 6: f0restwOw folded on the Pre-Flop and did not bet
Seat 7: StopBlowingMyM folded on the Pre-Flop and did not bet

Game Hand #2023309057 - Tournament #31174407 - Holdem (No Limit) - Level 5 (1250.00/2500.00)- 2024/02/10 19:40:42 UTC
Table '16' 8-max Seat #1 is the button
Seat 1: Hoodwink1 (373118.00)
Seat 2: tacklestile (182140.00)
Seat 3: lipesticky (154726.00)
Seat 4: Tcovik (487121.00)
Seat 5: longggtrailz (654356.00)
Seat 6: f0restwOw (97550.00)
Seat 7: StopBlowingMyM (86712.00)
Seat 8: ManiNaDivane (106927.00)
Hoodwink1 posts ante 350.00
tacklestile posts ante 350.00
lipesticky posts ante 350.00
Tcovik posts ante 350.00
longggtrailz posts ante 350.00
f0restwOw posts ante 350.00
StopBlowingMyM posts ante 350.00
ManiNaDivane posts ante 350.00
tacklestile posts the small blind 1250.00
lipesticky posts the big blind 2500.00
*** HOLE CARDS ***
Main pot 2800.00
Dealt to lipesticky [6s 6h]
Tcovik raises 5000.00 to 5000.00
longggtrailz folds
f0restwOw folds
StopBlowingMyM folds
ManiNaDivane folds
Hoodwink1 folds
tacklestile folds
lipesticky calls 2500.00
*** FLOP *** [8d 4h 9c]
Main pot 14050.00
lipesticky checks
Tcovik bets 4637.00
lipesticky calls 4637.00
*** TURN *** [8d 4h 9c] [Kh]
Main pot 23324.00
lipesticky checks
Tcovik bets 36972.00
lipesticky folds
Uncalled bet (36972.00) returned to Tcovik
Tcovik does not show
*** SUMMARY ***
Total pot 23324.00
Board [8d 4h 9c Kh]
Seat 1: Hoodwink1 (button) folded on the Pre-Flop
Seat 2: tacklestile (small blind) folded on the Pre-Flop
Seat 3: lipesticky (big blind) folded on the Turn
Seat 4: Tcovik did not show and won 23324.00
Seat 5: longggtrailz folded on the Pre-Flop and did not bet
Seat 6: f0restwOw folded on the Pre-Flop and did not bet
Seat 7: StopBlowingMyM folded on the Pre-Flop and did not bet
Seat 8: ManiNaDivane folded on the Pre-Flop and did not bet

Game Hand #2023310421 - Tournament #31174407 - Holdem (No Limit) - Level 5 (1250.00/2500.00)- 2024/02/10 19:42:08 UTC
Table '16' 8-max Seat #2 is the button
Seat 1: Hoodwink1 (372768.00)
Seat 2: tacklestile (180540.00)
Seat 3: lipesticky (144739.00)
Seat 4: Tcovik (500458.00)
Seat 5: longggtrailz (654006.00)
Seat 6: f0restwOw (97200.00)
Seat 7: StopBlowingMyM (86362.00)
Seat 8: ManiNaDivane (106577.00)
Hoodwink1 posts ante 350.00
tacklestile posts ante 350.00
lipesticky posts ante 350.00
Tcovik posts ante 350.00
longggtrailz posts ante 350.00
f0restwOw posts ante 350.00
StopBlowingMyM posts ante 350.00
ManiNaDivane posts ante 350.00
lipesticky posts the small blind 1250.00
Tcovik posts the big blind 2500.00
*** HOLE CARDS ***
Main pot 2800.00
Dealt to lipesticky [3s 4h]
longggtrailz raises 5500.00 to 5500.00
f0restwOw folds
StopBlowingMyM calls 5500.00
ManiNaDivane folds
Hoodwink1 folds
tacklestile folds
lipesticky folds
Tcovik folds
*** FLOP *** [8d Qh Kh]
Main pot 17550.00
longggtrailz checks
StopBlowingMyM checks
*** TURN *** [8d Qh Kh] [Tc]
Main pot 17550.00
longggtrailz bets 8775.00
StopBlowingMyM folds
Uncalled bet (8775.00) returned to longggtrailz
longggtrailz does not show
*** SUMMARY ***
Total pot 17550.00
Board [8d Qh Kh Tc]
Seat 1: Hoodwink1 folded on the Pre-Flop and did not bet
Seat 2: tacklestile (button) folded on the Pre-Flop
Seat 3: lipesticky (small blind) folded on the Pre-Flop
Seat 4: Tcovik (big blind) folded on the Pre-Flop
Seat 5: longggtrailz did not show and won 17550.00
Seat 6: f0restwOw folded on the Pre-Flop and did not bet
Seat 7: StopBlowingMyM folded on the Turn
Seat 8: ManiNaDivane folded on the Pre-Flop and did not bet

Game Hand #2023311560 - Tournament #31174407 - Holdem (No Limit) - Level 5 (1250.00/2500.00)- 2024/02/10 19:43:17 UTC
Table '16' 8-max Seat #3 is the button
Seat 1: Hoodwink1 (372418.00)
Seat 2: tacklestile (180190.00)
Seat 3: lipesticky (143139.00)
Seat 4: Tcovik (497608.00)
Seat 5: longggtrailz (665706.00)
Seat 6: f0restwOw (96850.00)
Seat 7: StopBlowingMyM (80512.00)
Seat 8: ManiNaDivane (106227.00)
Hoodwink1 posts ante 350.00
tacklestile posts ante 350.00
lipesticky posts ante 350.00
Tcovik posts ante 350.00
longggtrailz posts ante 350.00
f0restwOw posts ante 350.00
StopBlowingMyM posts ante 350.00
ManiNaDivane posts ante 350.00
Tcovik posts the small blind 1250.00
longggtrailz posts the big blind 2500.00
*** HOLE CARDS ***
Main pot 2800.00
Dealt to lipesticky [9s Qd]
f0restwOw folds
StopBlowingMyM folds
ManiNaDivane folds
Hoodwink1 folds
tacklestile folds
lipesticky raises 5250.00 to 5250.00
Tcovik raises 24250.00 to 25500.00
longggtrailz folds
lipesticky folds
Uncalled bet (20250.00) returned to Tcovik
Tcovik does not show
*** SUMMARY ***
Total pot 15800.00
Seat 1: Hoodwink1 folded on the Pre-Flop and did not bet
Seat 2: tacklestile folded on the Pre-Flop and did not bet
Seat 3: lipesticky (button) folded on the Pre-Flop
Seat 4: Tcovik did not show and won 15800.00
Seat 5: longggtrailz (big blind) folded on the Pre-Flop
Seat 6: f0restwOw folded on the Pre-Flop and did not bet
Seat 7: StopBlowingMyM folded on the Pre-Flop and did not bet
Seat 8: ManiNaDivane folded on the Pre-Flop and did not bet

Game Hand #2023312328 - Tournament #31174407 - Holdem (No Limit) - Level 5 (1250.00/2500.00)- 2024/02/10 19:44:06 UTC
Table '16' 8-max Seat #4 is the button
Seat 1: Hoodwink1 (372068.00)
Seat 3: lipesticky (137539.00)
Seat 4: Tcovik (507808.00)
Seat 6: f0restwOw (96500.00)
Seat 7: StopBlowingMyM (80162.00)
Seat 8: ManiNaDivane (105877.00)
Hoodwink1 posts ante 350.00
lipesticky posts ante 350.00
Tcovik posts ante 350.00
f0restwOw posts ante 350.00
StopBlowingMyM posts ante 350.00
ManiNaDivane posts ante 350.00
f0restwOw posts the big blind 2500.00
*** HOLE CARDS ***
Main pot 2100.00
Dealt to lipesticky [6c Ac]
StopBlowingMyM folds
ManiNaDivane raises 5000.00 to 5000.00
Hoodwink1 folds
lipesticky calls 5000.00
Tcovik folds
f0restwOw folds
*** FLOP *** [Ks Td 3s]
Main pot 14600.00
ManiNaDivane bets 4818.00
lipesticky folds
Uncalled bet (4818.00) returned to ManiNaDivane
ManiNaDivane does not show
*** SUMMARY ***
Total pot 14600.00
Board [Ks Td 3s]
Seat 1: Hoodwink1 folded on the Pre-Flop and did not bet
Seat 3: lipesticky folded on the Flop
Seat 4: Tcovik (button) folded on the Pre-Flop
Seat 6: f0restwOw (big blind) folded on the Pre-Flop
Seat 7: StopBlowingMyM folded on the Pre-Flop and did not bet
Seat 8: ManiNaDivane did not show and won 14600.00

Game Hand #2023313703 - Tournament #31174407 - Holdem (No Limit) - Level 5 (1250.00/2500.00)- 2024/02/10 19:45:29 UTC
Table '16' 8-max Seat #5 is the button
Seat 1: Hoodwink1 (371718.00)
Seat 3: lipesticky (132189.00)
Seat 4: Tcovik (507458.00)
Seat 6: f0restwOw (93650.00)
Seat 7: StopBlowingMyM (79812.00)
Seat 8: ManiNaDivane (115127.00)
Hoodwink1 posts ante 350.00
lipesticky posts ante 350.00
Tcovik posts ante 350.00
f0restwOw posts ante 350.00
StopBlowingMyM posts ante 350.00
ManiNaDivane posts ante 350.00
f0restwOw posts the small blind 1250.00
StopBlowingMyM posts the big blind 2500.00
*** HOLE CARDS ***
Main pot 2100.00
Dealt to lipesticky [7d Qd]
ManiNaDivane raises 5000.00 to 5000.00
Hoodwink1 folds
lipesticky folds
Tcovik folds
f0restwOw folds
StopBlowingMyM calls 2500.00
*** FLOP *** [Qc 4c 3c]
Main pot 13350.00
StopBlowingMyM checks
ManiNaDivane bets 2500.00
StopBlowingMyM calls 2500.00
*** TURN *** [Qc 4c 3c] [6c]
Main pot 18350.00
StopBlowingMyM checks
ManiNaDivane checks
*** RIVER *** [Qc 4c 3c 6c] [Qs]
Main pot 18350.00
StopBlowingMyM bets 15598.00
ManiNaDivane folds
Uncalled bet (15598.00) returned to StopBlowingMyM
StopBlowingMyM does not show
*** SUMMARY ***
Total pot 18350.00
Board [Qc 4c 3c 6c Qs]
Seat 1: Hoodwink1 folded on the Pre-Flop and did not bet
Seat 3: lipesticky folded on the Pre-Flop and did not bet
Seat 4: Tcovik folded on the Pre-Flop and did not bet
Seat 6: f0restwOw (small blind) folded on the Pre-Flop
Seat 7: StopBlowingMyM did not show and won 18350.00
Seat 8: ManiNaDivane folded on the River

Game Hand #2023315392 - Tournament #31174407 - Holdem (No Limit) - Level 5 (1250.00/2500.00)- 2024/02/10 19:47:15 UTC
Table '16' 8-max Seat #6 is the button
Seat 1: Hoodwink1 (371368.00)
Seat 2: BearTed (87363.00)
Seat 3: lipesticky (131839.00)
Seat 4: Tcovik (507108.00)
Seat 5: AAKKAAri318798 (127118.00)
Seat 6: f0restwOw (92050.00)
Seat 7: StopBlowingMyM (90312.00)
Seat 8: ManiNaDivane (107277.00)
Hoodwink1 posts ante 350.00
BearTed posts ante 350.00
lipesticky posts ante 350.00
Tcovik posts ante 350.00
AAKKAAri318798 posts ante 350.00
f0restwOw posts ante 350.00
StopBlowingMyM posts ante 350.00
ManiNaDivane posts ante 350.00
StopBlowingMyM posts the small blind 1250.00
ManiNaDivane posts the big blind 2500.00
*** HOLE CARDS ***
Main pot 2800.00
Dealt to lipesticky [4s 4h]
Hoodwink1 folds
BearTed folds
lipesticky raises 5250.00 to 5250.00
Tcovik folds
AAKKAAri318798 folds
f0restwOw folds
StopBlowingMyM folds
ManiNaDivane folds
Uncalled bet (2750.00) returned to lipesticky
lipesticky does not show
*** SUMMARY ***
Total pot 9050.00
Seat 1: Hoodwink1 folded on the Pre-Flop and did not bet
Seat 2: BearTed folded on the Pre-Flop and did not bet
Seat 3: lipesticky did not show and won 9050.00
Seat 4: Tcovik folded on the Pre-Flop and did not bet
Seat 5: AAKKAAri318798 folded on the Pre-Flop and did not bet
Seat 6: f0restwOw (button) folded on the Pre-Flop
Seat 7: StopBlowingMyM (small blind) folded on the Pre-Flop
Seat 8: ManiNaDivane (big blind) folded on the Pre-Flop

Game Hand #2023316303 - Tournament #31174407 - Holdem (No Limit) - Level 5 (1250.00/2500.00)- 2024/02/10 19:48:12 UTC
Table '16' 8-max Seat #7 is the button
Seat 1: Hoodwink1 (371018.00)
Seat 2: BearTed (87013.00)
Seat 3: lipesticky (138039.00)
Seat 4: Tcovik (506758.00)
Seat 5: AAKKAAri318798 (126768.00)
Seat 6: f0restwOw (91700.00)
Seat 7: StopBlowingMyM (88712.00)
Seat 8: ManiNaDivane (104427.00)
Hoodwink1 posts ante 350.00
BearTed posts ante 350.00
lipesticky posts ante 350.00
Tcovik posts ante 350.00
AAKKAAri318798 posts ante 350.00
f0restwOw posts ante 350.00
StopBlowingMyM posts ante 350.00
ManiNaDivane posts ante 350.00
ManiNaDivane posts the small blind 1250.00
Hoodwink1 posts the big blind 2500.00
*** HOLE CARDS ***
Main pot 2800.00
Dealt to lipesticky [8h Kh]
BearTed raises 5000.00 to 5000.00
lipesticky folds
Tcovik folds
AAKKAAri318798 folds
f0restwOw folds
StopBlowingMyM folds
ManiNaDivane calls 3750.00
Hoodwink1 calls 2500.00
*** FLOP *** [6c 7s Qs]
Main pot 17800.00
ManiNaDivane checks
Hoodwink1 checks
BearTed checks
*** TURN *** [6c 7s Qs] [6h]
Main pot 17800.00
ManiNaDivane checks
Hoodwink1 bets 13350.00
BearTed folds
ManiNaDivane folds
Uncalled bet (13350.00) returned to Hoodwink1
Hoodwink1 does not show
*** SUMMARY ***
Total pot 17800.00
Board [6c 7s Qs 6h]
Seat 1: Hoodwink1 did not show and won 17800.00
Seat 2: BearTed folded on the Turn
Seat 3: lipesticky folded on the Pre-Flop and did not bet
Seat 4: Tcovik folded on the Pre-Flop and did not bet
Seat 5: AAKKAAri318798 folded on the Pre-Flop and did not bet
Seat 6: f0restwOw folded on the Pre-Flop and did not bet
Seat 7: StopBlowingMyM (button) folded on the Pre-Flop
Seat 8: ManiNaDivane (small blind) folded on the Turn

Game Hand #2023317647 - Tournament #31174407 - Holdem (No Limit) - Level 5 (1250.00/2500.00)- 2024/02/10 19:49:37 UTC
Table '16' 8-max Seat #8 is the button
Seat 1: Hoodwink1 (383468.00)
Seat 2: BearTed (81663.00)
Seat 3: lipesticky (137689.00)
Seat 4: Tcovik (506408.00)
Seat 5: AAKKAAri318798 (126418.00)
Seat 6: f0restwOw (91350.00)
Seat 7: StopBlowingMyM (88362.00)
Seat 8: ManiNaDivane (99077.00)
Hoodwink1 posts ante 350.00
BearTed posts ante 350.00
lipesticky posts ante 350.00
Tcovik posts ante 350.00
AAKKAAri318798 posts ante 350.00
f0restwOw posts ante 350.00
StopBlowingMyM posts ante 350.00
ManiNaDivane posts ante 350.00
Hoodwink1 posts the small blind 1250.00
BearTed posts the big blind 2500.00
*** HOLE CARDS ***
Main pot 2800.00
Dealt to lipesticky [9h Tc]
lipesticky folds
Tcovik folds
AAKKAAri318798 folds
f0restwOw folds
StopBlowingMyM folds
ManiNaDivane raises 5000.00 to 5000.00
Hoodwink1 folds
BearTed folds
Uncalled bet (2500.00) returned to ManiNaDivane
ManiNaDivane does not show
*** SUMMARY ***
Total pot 9050.00
Seat 1: Hoodwink1 (small blind) folded on the Pre-Flop
Seat 2: BearTed (big blind) folded on the Pre-Flop
Seat 3: lipesticky folded on the Pre-Flop and did not bet
Seat 4: Tcovik folded on the Pre-Flop and did not bet
Seat 5: AAKKAAri318798 folded on the Pre-Flop and did not bet
Seat 6: f0restwOw folded on the Pre-Flop and did not bet
Seat 7: StopBlowingMyM folded on the Pre-Flop and did not bet
Seat 8: ManiNaDivane did not show and won 9050.00

Game Hand #2023318153 - Tournament #31174407 - Holdem (No Limit) - Level 5 (1250.00/2500.00)- 2024/02/10 19:50:08 UTC
Table '16' 8-max Seat #1 is the button
Seat 1: Hoodwink1 (381868.00)
Seat 2: BearTed (78813.00)
Seat 3: lipesticky (137339.00)
Seat 4: Tcovik (506058.00)
Seat 5: AAKKAAri318798 (126068.00)
Seat 6: f0restwOw (91000.00)
Seat 7: StopBlowingMyM (88012.00)
Seat 8: ManiNaDivane (105277.00)
Hoodwink1 posts ante 350.00
BearTed posts ante 350.00
lipesticky posts ante 350.00
Tcovik posts ante 350.00
AAKKAAri318798 posts ante 350.00
f0restwOw posts ante 350.00
StopBlowingMyM posts ante 350.00
ManiNaDivane posts ante 350.00
BearTed posts the small blind 1250.00
lipesticky posts the big blind 2500.00
*** HOLE CARDS ***
Main pot 2800.00
Dealt to lipesticky [5c Ac]
Tcovik folds
AAKKAAri318798 folds
f0restwOw folds
StopBlowingMyM folds
ManiNaDivane folds
Hoodwink1 raises 5700.00 to 5700.00
BearTed folds
lipesticky calls 3200.00
*** FLOP *** [4s 8s Tc]
Main pot 15450.00
lipesticky checks
Hoodwink1 checks
*** TURN *** [4s 8s Tc] [7s]
Main pot 15450.00
lipesticky checks
Hoodwink1 bets 11588.00
lipesticky folds
Uncalled bet (11588.00) returned to Hoodwink1
Hoodwink1 does not show
*** SUMMARY ***
Total pot 15450.00
Board [4s 8s Tc 7s]
Seat 1: Hoodwink1 did not show and won 15450.00
Seat 2: BearTed (small blind) folded on the Pre-Flop
Seat 3: lipesticky (big blind) folded on the Turn
Seat 4: Tcovik folded on the Pre-Flop and did not bet
Seat 5: AAKKAAri318798 folded on the Pre-Flop and did not bet
Seat 6: f0restwOw folded on the Pre-Flop and did not bet
Seat 7: StopBlowingMyM folded on the Pre-Flop and did not bet
Seat 8: ManiNaDivane folded on the Pre-Flop and did not bet

Game Hand #2023319661 - Tournament #31174407 - Holdem (No Limit) - Level 5 (1250.00/2500.00)- 2024/02/10 19:51:35 UTC
Table '16' 8-max Seat #2 is the button
Seat 1: Hoodwink1 (391268.00)
Seat 2: BearTed (77213.00)
Seat 3: lipesticky (131289.00)
Seat 4: Tcovik (505708.00)
Seat 5: AAKKAAri318798 (125718.00)
Seat 6: f0restwOw (90650.00)
Seat 7: StopBlowingMyM (87662.00)
Seat 8: ManiNaDivane (104927.00)
Hoodwink1 posts ante 350.00
BearTed posts ante 350.00
lipesticky posts ante 350.00
Tcovik posts ante 350.00
AAKKAAri318798 posts ante 350.00
f0restwOw posts ante 350.00
StopBlowingMyM posts ante 350.00
ManiNaDivane posts ante 350.00
lipesticky posts the small blind 1250.00
Tcovik posts the big blind 2500.00
*** HOLE CARDS ***
Main pot 2800.00
Dealt to lipesticky [5s Ad]
AAKKAAri318798 folds
f0restwOw raises 5000.00 to 5000.00
StopBlowingMyM raises 15000.00 to 15000.00
ManiNaDivane folds
Hoodwink1 folds
BearTed folds
lipesticky folds
Tcovik folds
f0restwOw calls 10000.00
*** FLOP *** [6c 4c 4d]
Main pot 36550.00
f0restwOw checks
StopBlowingMyM bets 10176.00
f0restwOw raises 75300.00 to 75300.00 and is all-in
StopBlowingMyM folds
Uncalled bet (65124.00) returned to f0restwOw
f0restwOw does not show
*** SUMMARY ***
Total pot 56902.00
Board [6c 4c 4d]
Seat 1: Hoodwink1 folded on the Pre-Flop and did not bet
Seat 2: BearTed (button) folded on the Pre-Flop
Seat 3: lipesticky (small blind) folded on the Pre-Flop
Seat 4: Tcovik (big blind) folded on the Pre-Flop
Seat 5: AAKKAAri318798 folded on the Pre-Flop and did not bet
Seat 6: f0restwOw did not show and won 56902.00
Seat 7: StopBlowingMyM folded on the Flop
Seat 8: ManiNaDivane folded on the Pre-Flop and did not bet

Game Hand #2023321072 - Tournament #31174407 - Holdem (No Limit) - Level 6 (1500.00/3000.00)- 2024/02/10 19:52:53 UTC
Table '16' 8-max Seat #3 is the button
Seat 1: Hoodwink1 (390918.00)
Seat 2: BearTed (76863.00)
Seat 3: lipesticky (129689.00)
Seat 4: Tcovik (502858.00)
Seat 5: AAKKAAri318798 (125368.00)
Seat 6: f0restwOw (122026.00)
Seat 7: StopBlowingMyM (62136.00)
Seat 8: ManiNaDivane (104577.00)
Hoodwink1 posts ante 450.00
BearTed posts ante 450.00
lipesticky posts ante 450.00
Tcovik posts ante 450.00
AAKKAAri318798 posts ante 450.00
f0restwOw posts ante 450.00
StopBlowingMyM posts ante 450.00
ManiNaDivane posts ante 450.00
Tcovik posts the small blind 1500.00
AAKKAAri318798 posts the big blind 3000.00
*** HOLE CARDS ***
Main pot 3600.00
Dealt to lipesticky [4s Qh]
f0restwOw folds
StopBlowingMyM folds
ManiNaDivane folds
Hoodwink1 folds
BearTed folds
lipesticky folds
Tcovik raises 9000.00 to 10500.00
AAKKAAri318798 calls 7500.00
*** FLOP *** [Th As 6c]
Main pot 24600.00
Tcovik bets 8118.00
AAKKAAri318798 folds
Uncalled bet (8118.00) returned to Tcovik
Tcovik does not show
*** SUMMARY ***
Total pot 24600.00
Board [Th As 6c]
Seat 1: Hoodwink1 folded on the Pre-Flop and did not bet
Seat 2: BearTed folded on the Pre-Flop and did not bet
Seat 3: lipesticky (button) folded on the Pre-Flop
Seat 4: Tcovik did not show and won 24600.00
Seat 5: AAKKAAri318798 (big blind) folded on the Flop
Seat 6: f0restwOw folded on the Pre-Flop and did not bet
Seat 7: StopBlowingMyM folded on the Pre-Flop and did not bet
Seat 8: ManiNaDivane folded on the Pre-Flop and did not bet

Game Hand #2023322136 - Tournament #31174407 - Holdem (No Limit) - Level 6 (1500.00/3000.00)- 2024/02/10 19:53:54 UTC
Table '16' 8-max Seat #4 is the button
Seat 1: Hoodwink1 (390468.00)
Seat 2: BearTed (76413.00)
Seat 3: lipesticky (129239.00)
Seat 4: Tcovik (516508.00)
Seat 5: AAKKAAri318798 (114418.00)
Seat 6: f0restwOw (121576.00)
Seat 7: StopBlowingMyM (61686.00)
Seat 8: ManiNaDivane (104127.00)
Hoodwink1 posts ante 450.00
BearTed posts ante 450.00
lipesticky posts ante 450.00
Tcovik posts ante 450.00
AAKKAAri318798 posts ante 450.00
f0restwOw posts ante 450.00
StopBlowingMyM posts ante 450.00
ManiNaDivane posts ante 450.00
AAKKAAri318798 posts the small blind 1500.00
f0restwOw posts the big blind 3000.00
*** HOLE CARDS ***
Main pot 3600.00
Dealt to lipesticky [9h Qd]
StopBlowingMyM folds
ManiNaDivane folds
Hoodwink1 raises 7000.00 to 7000.00
BearTed folds
lipesticky folds
Tcovik calls 7000.00
AAKKAAri318798 folds
f0restwOw calls 4000.00
*** FLOP *** [8d 6d Th]
Main pot 26100.00
f0restwOw checks
Hoodwink1 bets 9000.00
Tcovik folds
f0restwOw raises 27000.00 to 27000.00
Hoodwink1 calls 18000.00
*** TURN *** [8d 6d Th] [6s]
Main pot 80100.00
f0restwOw bets 26433.00
Hoodwink1 raises 356018.00 to 356018.00 and is all-in
f0restwOw calls 60693.00 and is all-in
Uncalled bet (268892.00) returned to Hoodwink1
*** RIVER *** [8d 6d Th 6s] [2d]
Main pot 254352.00
*** SHOW DOWN ***
Main pot 254352.00
Hoodwink1 shows [8s 9s] (two pair, Eights and Sixs [8s 8d 6s 6d Th])
f0restwOw shows [9c 7d] (a straight, Ten high [Th 9c 8d 7d 6s])
f0restwOw collected 254352.00 from main pot
*** SUMMARY ***
Total pot 254352.00
Board [8d 6d Th 6s 2d]
Seat 1: Hoodwink1 showed [8s 9s] and lost with two pair, Eights and Sixs [8s 8d 6s 6d Th]
Seat 2: BearTed folded on the Pre-Flop and did not bet
Seat 3: lipesticky folded on the Pre-Flop and did not bet
Seat 4: Tcovik (button) folded on the Flop
Seat 5: AAKKAAri318798 (small blind) folded on the Pre-Flop
Seat 6: f0restwOw (big blind) showed [9c 7d] and won 254352.00 with a straight, Ten high [Th 9c 8d 7d 6s]
Seat 7: StopBlowingMyM folded on the Pre-Flop and did not bet
Seat 8: ManiNaDivane folded on the Pre-Flop and did not bet

Game Hand #2023326619 - Tournament #31174407 - Holdem (No Limit) - Level 6 (1500.00/3000.00)- 2024/02/10 20:02:07 UTC
Table '16' 8-max Seat #5 is the button
Seat 1: Hoodwink1 (268892.00)
Seat 2: BearTed (75963.00)
Seat 3: lipesticky (128789.00)
Seat 4: Tcovik (509058.00)
Seat 5: AAKKAAri318798 (112468.00)
Seat 6: f0restwOw (254352.00)
Seat 7: StopBlowingMyM (61236.00)
Seat 8: ManiNaDivane (103677.00)
Hoodwink1 posts ante 450.00
BearTed posts ante 450.00
lipesticky posts ante 450.00
Tcovik posts ante 450.00
AAKKAAri318798 posts ante 450.00
f0restwOw posts ante 450.00
StopBlowingMyM posts ante 450.00
ManiNaDivane posts ante 450.00
f0restwOw posts the small blind 1500.00
StopBlowingMyM posts the big blind 3000.00
*** HOLE CARDS ***
Main pot 3600.00
Dealt to lipesticky [Qc 2h]
ManiNaDivane folds
Hoodwink1 folds
BearTed folds
lipesticky folds
Tcovik folds
AAKKAAri318798 raises 6000.00 to 6000.00
f0restwOw folds
StopBlowingMyM folds
Uncalled bet (3000.00) returned to AAKKAAri318798
AAKKAAri318798 does not show
*** SUMMARY ***
Total pot 11100.00
Seat 1: Hoodwink1 folded on the Pre-Flop and did not bet
Seat 2: BearTed folded on the Pre-Flop and did not bet
Seat 3: lipesticky folded on the Pre-Flop and did not bet
Seat 4: Tcovik folded on the Pre-Flop and did not bet
Seat 5: AAKKAAri318798 did not show and won 11100.00
Seat 6: f0restwOw (small blind) folded on the Pre-Flop
Seat 7: StopBlowingMyM (big blind) folded on the Pre-Flop
Seat 8: ManiNaDivane folded on the Pre-Flop and did not bet

Game Hand #2023327345 - Tournament #31174407 - Holdem (No Limit) - Level 6 (1500.00/3000.00)- 2024/02/10 20:02:54 UTC
Table '16' 8-max Seat #6 is the button
Seat 1: Hoodwink1 (268442.00)
Seat 2: BearTed (75513.00)
Seat 3: lipesticky (128339.00)
Seat 4: Tcovik (508608.00)
Seat 5: AAKKAAri318798 (120118.00)
Seat 6: f0restwOw (252402.00)
Seat 7: StopBlowingMyM (57786.00)
Seat 8: ManiNaDivane (103227.00)
Hoodwink1 posts ante 450.00
BearTed posts ante 450.00
lipesticky posts ante 450.00
Tcovik posts ante 450.00
AAKKAAri318798 posts ante 450.00
f0restwOw posts ante 450.00
StopBlowingMyM posts ante 450.00
ManiNaDivane posts ante 450.00
StopBlowingMyM posts the small blind 1500.00
ManiNaDivane posts the big blind 3000.00
*** HOLE CARDS ***
Main pot 3600.00
Dealt to lipesticky [7d 6c]
Hoodwink1 folds
BearTed folds
lipesticky folds
Tcovik folds
AAKKAAri318798 raises 6000.00 to 6000.00
f0restwOw folds
StopBlowingMyM raises 55836.00 to 57336.00 and is all-in
ManiNaDivane raises 99777.00 to 102777.00 and is all-in
AAKKAAri318798 calls 96777.00
*** FLOP *** [Kc 6d 4s]
Main pot 175608.00
Side pot(1) 90882.00
*** TURN *** [Kc 6d 4s] [Qc]
Main pot 175608.00
Side pot(1) 90882.00
*** RIVER *** [Kc 6d 4s Qc] [2d]
Main pot 175608.00
Side pot(1) 90882.00
*** SHOW DOWN ***
Main pot 175608.00
Side pot(1) 90882.00
AAKKAAri318798 shows [7s 7h] (a pair of Sevens [7s 7h Kc Qc 6d])
StopBlowingMyM shows [5s 5h] (a pair of Fives [5s 5h Kc Qc 6d])
ManiNaDivane shows [Ah Th] (a high card, Ace high [Ah Kc Qc Th 6d])
AAKKAAri318798 collected 175608.00 from main pot
AAKKAAri318798 collected 90882.00 from side pot-1
*** SUMMARY ***
Total pot 266490.00
Board [Kc 6d 4s Qc 2d]
Seat 1: Hoodwink1 folded on the Pre-Flop and did not bet
Seat 2: BearTed folded on the Pre-Flop and did not bet
Seat 3: lipesticky folded on the Pre-Flop and did not bet
Seat 4: Tcovik folded on the Pre-Flop and did not bet
Seat 5: AAKKAAri318798 showed [7s 7h] and won 266490.00 with a pair of Sevens [7s 7h Kc Qc 6d]
Seat 6: f0restwOw (button) folded on the Pre-Flop
Seat 7: StopBlowingMyM (small blind) showed [5s 5h] and lost with a pair of Fives [5s 5h Kc Qc 6d]
Seat 8: ManiNaDivane (big blind) showed [Ah Th] and lost with a high card, Ace high [Ah Kc Qc Th 6d]

Game Hand #2023328629 - Tournament #31174407 - Holdem (No Limit) - Level 6 (1500.00/3000.00)- 2024/02/10 20:04:13 UTC
Table '16' 8-max Seat #7 is the button
Seat 1: Hoodwink1 (267992.00)
Seat 2: BearTed (75063.00)
Seat 3: lipesticky (127889.00)
Seat 4: Tcovik (508158.00)
Seat 5: AAKKAAri318798 (283381.00)
Seat 6: f0restwOw (251952.00)
Seat 7: Egor699 will be allowed to play after the button
Hoodwink1 posts ante 450.00
BearTed posts ante 450.00
lipesticky posts ante 450.00
Tcovik posts ante 450.00
AAKKAAri318798 posts ante 450.00
f0restwOw posts ante 450.00
Hoodwink1 posts the big blind 3000.00
*** HOLE CARDS ***
Main pot 2700.00
Dealt to lipesticky [Jc 5c]
BearTed folds
lipesticky folds
Tcovik folds
AAKKAAri318798 folds
f0restwOw folds
Hoodwink1 does not show
*** SUMMARY ***
Total pot 5700.00
Seat 1: Hoodwink1 did not show and won 5700.00
Seat 2: BearTed folded on the Pre-Flop and did not bet
Seat 3: lipesticky folded on the Pre-Flop and did not bet
Seat 4: Tcovik folded on the Pre-Flop and did not bet
Seat 5: AAKKAAri318798 folded on the Pre-Flop and did not bet
Seat 6: f0restwOw folded on the Pre-Flop and did not bet

Game Hand #2023329198 - Tournament #31174407 - Holdem (No Limit) - Level 6 (1500.00/3000.00)- 2024/02/10 20:04:48 UTC
Table '16' 8-max Seat #8 is the button
Seat 1: Hoodwink1 (270242.00)
Seat 2: BearTed (74613.00)
Seat 3: lipesticky (127439.00)
Seat 4: Tcovik (507708.00)
Seat 5: AAKKAAri318798 (282931.00)
Seat 6: f0restwOw (251502.00)
Seat 7: Egor699 (128979.00)
Hoodwink1 posts ante 450.00
BearTed posts ante 450.00
lipesticky posts ante 450.00
Tcovik posts ante 450.00
AAKKAAri318798 posts ante 450.00
f0restwOw posts ante 450.00
Egor699 posts ante 450.00
Hoodwink1 posts the small blind 1500.00
BearTed posts the big blind 3000.00
*** HOLE CARDS ***
Main pot 3150.00
Dealt to lipesticky [Ac 4c]
lipesticky raises 6300.00 to 6300.00
Tcovik folds
AAKKAAri318798 folds
f0restwOw folds
Egor699 folds
Hoodwink1 folds
BearTed calls 3300.00
*** FLOP *** [5s 6s 9h]
Main pot 17250.00
BearTed checks
lipesticky bets 9488.00
BearTed calls 9488.00
*** TURN *** [5s 6s 9h] [Kc]
Main pot 36226.00
BearTed checks
lipesticky checks
*** RIVER *** [5s 6s 9h Kc] [3s]
Main pot 36226.00
BearTed bets 10455.00
lipesticky folds
Uncalled bet (10455.00) returned to BearTed
BearTed does not show
*** SUMMARY ***
Total pot 36226.00
Board [5s 6s 9h Kc 3s]
Seat 1: Hoodwink1 (small blind) folded on the Pre-Flop
Seat 2: BearTed did not show and won 36226.00
Seat 3: lipesticky folded on the River
Seat 4: Tcovik folded on the Pre-Flop and did not bet
Seat 5: AAKKAAri318798 folded on the Pre-Flop and did not bet
Seat 6: f0restwOw folded on the Pre-Flop and did not bet
Seat 7: Egor699 folded on the Pre-Flop and did not bet

Game Hand #2023331272 - Tournament #31174407 - Holdem (No Limit) - Level 6 (1500.00/3000.00)- 2024/02/10 20:06:48 UTC
Table '16' 8-max Seat #1 is the button
Seat 1: Hoodwink1 (268292.00)
Seat 2: BearTed (94601.00)
Seat 3: lipesticky (111201.00)
Seat 4: Tcovik (507258.00)
Seat 5: AAKKAAri318798 (282481.00)
Seat 6: f0restwOw (251052.00)
Seat 7: Egor699 (128529.00)
Seat 8: epl23 (292897.00)
Hoodwink1 posts ante 450.00
BearTed posts ante 450.00
lipesticky posts ante 450.00
Tcovik posts ante 450.00
AAKKAAri318798 posts ante 450.00
f0restwOw posts ante 450.00
Egor699 posts ante 450.00
epl23 posts ante 450.00
BearTed posts the small blind 1500.00
lipesticky posts the big blind 3000.00
*** HOLE CARDS ***
Main pot 3600.00
Dealt to lipesticky [3d 3s]
Tcovik folds
AAKKAAri318798 folds
f0restwOw raises 6000.00 to 6000.00
Egor699 folds
epl23 folds
Hoodwink1 folds
BearTed folds
lipesticky calls 3000.00
*** FLOP *** [2d Qs Ks]
Main pot 17100.00
lipesticky checks
f0restwOw bets 5643.00
lipesticky folds
Uncalled bet (5643.00) returned to f0restwOw
f0restwOw does not show
*** SUMMARY ***
Total pot 17100.00
Board [2d Qs Ks]
Seat 1: Hoodwink1 (button) folded on the Pre-Flop
Seat 2: BearTed (small blind) folded on the Pre-Flop
Seat 3: lipesticky (big blind) folded on the Flop
Seat 4: Tcovik folded on the Pre-Flop and did not bet
Seat 5: AAKKAAri318798 folded on the Pre-Flop and did not bet
Seat 6: f0restwOw did not show and won 17100.00
Seat 7: Egor699 folded on the Pre-Flop and did not bet
Seat 8: epl23 folded on the Pre-Flop and did not bet

Game Hand #2023332972 - Tournament #31174407 - Holdem (No Limit) - Level 6 (1500.00/3000.00)- 2024/02/10 20:08:23 UTC
Table '16' 8-max Seat #2 is the button
Seat 1: Hoodwink1 (267842.00)
Seat 2: BearTed (92651.00)
Seat 3: lipesticky (104751.00)
Seat 4: Tcovik (506808.00)
Seat 5: AAKKAAri318798 (282031.00)
Seat 6: f0restwOw (261702.00)
Seat 7: Egor699 (128079.00)
Seat 8: epl23 (292447.00)
Hoodwink1 posts ante 450.00
BearTed posts ante 450.00
lipesticky posts ante 450.00
Tcovik posts ante 450.00
AAKKAAri318798 posts ante 450.00
f0restwOw posts ante 450.00
Egor699 posts ante 450.00
epl23 posts ante 450.00
lipesticky posts the small blind 1500.00
Tcovik posts the big blind 3000.00
*** HOLE CARDS ***
Main pot 3600.00
Dealt to lipesticky [Th Qh]
AAKKAAri318798 folds
f0restwOw folds
Egor699 folds
epl23 folds
Hoodwink1 raises 7000.00 to 7000.00
BearTed folds
lipesticky raises 102801.00 to 104301.00 and is all-in
Tcovik folds
Hoodwink1 calls 97301.00
*** FLOP *** [Qs 6d 7c]
Main pot 215202.00
*** TURN *** [Qs 6d 7c] [8d]
Main pot 215202.00
*** RIVER *** [Qs 6d 7c 8d] [3d]
Main pot 215202.00
*** SHOW DOWN ***
Main pot 215202.00
Hoodwink1 shows [Ac 9h] (a high card, Ace high [Ac Qs 9h 8d 7c])
lipesticky shows [Th Qh] (a pair of Queens [Qs Qh Th 8d 7c])
lipesticky collected 215202.00 from main pot
*** SUMMARY ***
Total pot 215202.00
Board [Qs 6d 7c 8d 3d]
Seat 1: Hoodwink1 showed [Ac 9h] and lost with a high card, Ace high [Ac Qs 9h 8d 7c]
Seat 2: BearTed (button) folded on the Pre-Flop
Seat 3: lipesticky (small blind) showed [Th Qh] and won 215202.00 with a pair of Queens [Qs Qh Th 8d 7c]
Seat 4: Tcovik (big blind) folded on the Pre-Flop
Seat 5: AAKKAAri318798 folded on the Pre-Flop and did not bet
Seat 6: f0restwOw folded on the Pre-Flop and did not bet
Seat 7: Egor699 folded on the Pre-Flop and did not bet
Seat 8: epl23 folded on the Pre-Flop and did not bet

Game Hand #2023334228 - Tournament #31174407 - Holdem (No Limit) - Level 6 (1500.00/3000.00)- 2024/02/10 20:09:34 UTC
Table '16' 8-max Seat #3 is the button
Seat 1: Hoodwink1 (163091.00)
Seat 2: BearTed (92201.00)
Seat 3: lipesticky (215202.00)
Seat 4: Tcovik (503358.00)
Seat 5: AAKKAAri318798 (281581.00)
Seat 6: f0restwOw (261252.00)
Seat 7: Egor699 (127629.00)
Seat 8: epl23 (291997.00)
Hoodwink1 posts ante 450.00
BearTed posts ante 450.00
lipesticky posts ante 450.00
Tcovik posts ante 450.00
AAKKAAri318798 posts ante 450.00
f0restwOw posts ante 450.00
Egor699 posts ante 450.00
epl23 posts ante 450.00
Tcovik posts the small blind 1500.00
AAKKAAri318798 posts the big blind 3000.00
*** HOLE CARDS ***
Main pot 3600.00
Dealt to lipesticky [4d 4s]
f0restwOw folds
Egor699 folds
epl23 folds
Hoodwink1 folds
BearTed raises 6000.00 to 6000.00
lipesticky calls 6000.00
Tcovik raises 30000.00 to 31500.00
AAKKAAri318798 folds
BearTed raises 85751.00 to 91751.00 and is all-in
lipesticky folds
Tcovik calls 60251.00
*** FLOP *** [Ac Qc 7s]
Main pot 196102.00
*** TURN *** [Ac Qc 7s] [Qd]
Main pot 196102.00
*** RIVER *** [Ac Qc 7s Qd] [3d]
Main pot 196102.00
*** SHOW DOWN ***
Main pot 196102.00
BearTed shows [Kd Kh] (two pair, Kings and Queens [Kh Kd Qd Qc Ac])
Tcovik shows [Ks Kc] (two pair, Kings and Queens [Ks Kc Qd Qc Ac])
BearTed collected 98051.00 from main pot
Tcovik collected 98051.00 from main pot
*** SUMMARY ***
Total pot 196102.00
Board [Ac Qc 7s Qd 3d]
Seat 1: Hoodwink1 folded on the Pre-Flop and did not bet
Seat 2: BearTed showed [Kd Kh] and won 98051.00 with two pair, Kings and Queens [Kh Kd Qd Qc Ac]
Seat 3: lipesticky (button) folded on the Pre-Flop
Seat 4: Tcovik (small blind) showed [Ks Kc] and won 98051.00 with two pair, Kings and Queens [Ks Kc Qd Qc Ac]
Seat 5: AAKKAAri318798 (big blind) folded on the Pre-Flop
Seat 6: f0restwOw folded on the Pre-Flop and did not bet
Seat 7: Egor699 folded on the Pre-Flop and did not bet
Seat 8: epl23 folded on the Pre-Flop and did not bet

