Game Hand #2025298358 - Tournament #31082331 - Holdem (No Limit) - Level 7 (1750.00/3500.00)- 2024/02/12 17:26:41 UTC
Table '53' 8-max Seat #3 is the button
Seat 1: NUMNUTZ001 (257091.00)
Seat 2: UBPOKER (192974.00)
Seat 3: lipesticky (471395.00)
Seat 4: oomm (138850.00)
Seat 5: Mannyb15441290 (124000.00)
Seat 6: Byrd181 (197279.00)
Seat 7: MircoNovantotto (65306.00)
Seat 8: MALPARIDO (136300.00)
NUMNUTZ001 posts ante 500.00
UBPOKER posts ante 500.00
lipesticky posts ante 500.00
oomm posts ante 500.00
Mannyb15441290 posts ante 500.00
Byrd181 posts ante 500.00
MircoNovantotto posts ante 500.00
MALPARIDO posts ante 500.00
oomm posts the small blind 1750.00
Mannyb15441290 posts the big blind 3500.00
*** HOLE CARDS ***
Main pot 4000.00
Dealt to lipesticky [9s As]
Byrd181 folds
MircoNovantotto folds
MALPARIDO folds
NUMNUTZ001 folds
UBPOKER folds
lipesticky raises 8050.00 to 8050.00
oomm folds
Mannyb15441290 calls 4550.00
*** FLOP *** [7d 6c 3d]
Main pot 21850.00
Mannyb15441290 checks
lipesticky checks
*** TURN *** [7d 6c 3d] [Kc]
Main pot 21850.00
Mannyb15441290 bets 16388.00
lipesticky calls 16388.00
*** RIVER *** [7d 6c 3d Kc] [5d]
Main pot 54626.00
Mannyb15441290 checks
lipesticky checks
*** SHOW DOWN ***
Main pot 54626.00
lipesticky shows [9s As] (a high card, Ace high [As Kc 9s 7d 6c])
Mannyb15441290 shows [7h 6h] (two pair, Sevens and Sixs [7h 7d 6h 6c Kc])
Mannyb15441290 collected 54626.00 from main pot
*** SUMMARY ***
Total pot 54626.00
Board [7d 6c 3d Kc 5d]
Seat 1: NUMNUTZ001 folded on the Pre-Flop and did not bet
Seat 2: UBPOKER folded on the Pre-Flop and did not bet
Seat 3: lipesticky (button) showed [9s As] and lost with a high card, Ace high [As Kc 9s 7d 6c]
Seat 4: oomm (small blind) folded on the Pre-Flop
Seat 5: Mannyb15441290 (big blind) showed [7h 6h] and won 54626.00 with two pair, Sevens and Sixs [7h 7d 6h 6c Kc]
Seat 6: Byrd181 folded on the Pre-Flop and did not bet
Seat 7: MircoNovantotto folded on the Pre-Flop and did not bet
Seat 8: MALPARIDO folded on the Pre-Flop and did not bet

Game Hand #2025299567 - Tournament #31082331 - Holdem (No Limit) - Level 7 (1750.00/3500.00)- 2024/02/12 17:28:08 UTC
Table '89' 8-max Seat #1 is the button
Seat 1: DIXONKUNTZ (125000.00)
Seat 2: Byrd181 (196779.00)
Seat 3: lipesticky (446457.00)
Seat 4: NUMNUTZ001 (256591.00)
Seat 5: UBPOKER (192474.00)
Seat 6: ExT1lt (106526.00)
Seat 7: persh600 (300916.00)
Seat 8: BigTasty45 (125000.00)
DIXONKUNTZ posts ante 500.00
Byrd181 posts ante 500.00
lipesticky posts ante 500.00
NUMNUTZ001 posts ante 500.00
UBPOKER posts ante 500.00
ExT1lt posts ante 500.00
persh600 posts ante 500.00
BigTasty45 posts ante 500.00
Byrd181 posts the small blind 1750.00
lipesticky posts the big blind 3500.00
*** HOLE CARDS ***
Main pot 4000.00
Dealt to lipesticky [5h Ac]
NUMNUTZ001 folds
UBPOKER raises 7000.00 to 7000.00
ExT1lt folds
persh600 folds
BigTasty45 folds
DIXONKUNTZ folds
Byrd181 folds
lipesticky calls 3500.00
*** FLOP *** [8d Kc Qd]
Main pot 19750.00
lipesticky checks
UBPOKER bets 14813.00
lipesticky folds
Uncalled bet (14813.00) returned to UBPOKER
UBPOKER does not show
*** SUMMARY ***
Total pot 19750.00
Board [8d Kc Qd]
Seat 1: DIXONKUNTZ (button) folded on the Pre-Flop
Seat 2: Byrd181 (small blind) folded on the Pre-Flop
Seat 3: lipesticky (big blind) folded on the Flop
Seat 4: NUMNUTZ001 folded on the Pre-Flop and did not bet
Seat 5: UBPOKER did not show and won 19750.00
Seat 6: ExT1lt folded on the Pre-Flop and did not bet
Seat 7: persh600 folded on the Pre-Flop and did not bet
Seat 8: BigTasty45 folded on the Pre-Flop and did not bet

Game Hand #2025300417 - Tournament #31082331 - Holdem (No Limit) - Level 8 (2000.00/4000.00)- 2024/02/12 17:29:09 UTC
Table '89' 8-max Seat #2 is the button
Seat 1: DIXONKUNTZ (124500.00)
Seat 2: Byrd181 (194529.00)
Seat 3: lipesticky (438957.00)
Seat 4: NUMNUTZ001 (256091.00)
Seat 5: UBPOKER (204724.00)
Seat 6: ExT1lt (106026.00)
Seat 7: persh600 (300416.00)
Seat 8: BigTasty45 (124500.00)
DIXONKUNTZ posts ante 600.00
Byrd181 posts ante 600.00
lipesticky posts ante 600.00
NUMNUTZ001 posts ante 600.00
UBPOKER posts ante 600.00
ExT1lt posts ante 600.00
persh600 posts ante 600.00
BigTasty45 posts ante 600.00
lipesticky posts the small blind 2000.00
NUMNUTZ001 posts the big blind 4000.00
*** HOLE CARDS ***
Main pot 4800.00
Dealt to lipesticky [9h Kh]
UBPOKER folds
ExT1lt folds
persh600 folds
BigTasty45 folds
DIXONKUNTZ raises 8400.00 to 8400.00
Byrd181 folds
lipesticky calls 6400.00
NUMNUTZ001 folds
*** FLOP *** [2h 6s Qd]
Main pot 25600.00
lipesticky checks
DIXONKUNTZ checks
*** TURN *** [2h 6s Qd] [Qs]
Main pot 25600.00
lipesticky checks
DIXONKUNTZ checks
*** RIVER *** [2h 6s Qd Qs] [Td]
Main pot 25600.00
lipesticky checks
DIXONKUNTZ bets 31488.00
lipesticky folds
Uncalled bet (31488.00) returned to DIXONKUNTZ
DIXONKUNTZ does not show
*** SUMMARY ***
Total pot 25600.00
Board [2h 6s Qd Qs Td]
Seat 1: DIXONKUNTZ did not show and won 25600.00
Seat 2: Byrd181 (button) folded on the Pre-Flop
Seat 3: lipesticky (small blind) folded on the River
Seat 4: NUMNUTZ001 (big blind) folded on the Pre-Flop
Seat 5: UBPOKER folded on the Pre-Flop and did not bet
Seat 6: ExT1lt folded on the Pre-Flop and did not bet
Seat 7: persh600 folded on the Pre-Flop and did not bet
Seat 8: BigTasty45 folded on the Pre-Flop and did not bet

Game Hand #2025302006 - Tournament #31082331 - Holdem (No Limit) - Level 8 (2000.00/4000.00)- 2024/02/12 17:31:00 UTC
Table '89' 8-max Seat #3 is the button
Seat 1: DIXONKUNTZ (141100.00)
Seat 2: Byrd181 (193929.00)
Seat 3: lipesticky (429957.00)
Seat 4: NUMNUTZ001 (251491.00)
Seat 5: UBPOKER (204124.00)
Seat 6: ExT1lt (105426.00)
Seat 7: persh600 (299816.00)
Seat 8: BigTasty45 (123900.00)
DIXONKUNTZ posts ante 600.00
Byrd181 posts ante 600.00
lipesticky posts ante 600.00
NUMNUTZ001 posts ante 600.00
UBPOKER posts ante 600.00
ExT1lt posts ante 600.00
persh600 posts ante 600.00
BigTasty45 posts ante 600.00
NUMNUTZ001 posts the small blind 2000.00
UBPOKER posts the big blind 4000.00
*** HOLE CARDS ***
Main pot 4800.00
Dealt to lipesticky [Th 4d]
ExT1lt folds
persh600 folds
BigTasty45 folds
DIXONKUNTZ folds
Byrd181 raises 8000.00 to 8000.00
lipesticky folds
NUMNUTZ001 folds
UBPOKER calls 4000.00
*** FLOP *** [7s Qd Ac]
Main pot 22800.00
UBPOKER checks
Byrd181 bets 5700.00
UBPOKER folds
Uncalled bet (5700.00) returned to Byrd181
Byrd181 does not show
*** SUMMARY ***
Total pot 22800.00
Board [7s Qd Ac]
Seat 1: DIXONKUNTZ folded on the Pre-Flop and did not bet
Seat 2: Byrd181 did not show and won 22800.00
Seat 3: lipesticky (button) folded on the Pre-Flop
Seat 4: NUMNUTZ001 (small blind) folded on the Pre-Flop
Seat 5: UBPOKER (big blind) folded on the Flop
Seat 6: ExT1lt folded on the Pre-Flop and did not bet
Seat 7: persh600 folded on the Pre-Flop and did not bet
Seat 8: BigTasty45 folded on the Pre-Flop and did not bet

Game Hand #2025302970 - Tournament #31082331 - Holdem (No Limit) - Level 8 (2000.00/4000.00)- 2024/02/12 17:32:07 UTC
Table '89' 8-max Seat #4 is the button
Seat 1: DIXONKUNTZ (140500.00)
Seat 2: Byrd181 (208129.00)
Seat 3: lipesticky (429357.00)
Seat 4: NUMNUTZ001 (248891.00)
Seat 5: UBPOKER (195524.00)
Seat 6: ExT1lt (104826.00)
Seat 7: persh600 (299216.00)
Seat 8: BigTasty45 (123300.00)
DIXONKUNTZ posts ante 600.00
Byrd181 posts ante 600.00
lipesticky posts ante 600.00
NUMNUTZ001 posts ante 600.00
UBPOKER posts ante 600.00
ExT1lt posts ante 600.00
persh600 posts ante 600.00
BigTasty45 posts ante 600.00
UBPOKER posts the small blind 2000.00
ExT1lt posts the big blind 4000.00
*** HOLE CARDS ***
Main pot 4800.00
Dealt to lipesticky [Ac Ad]
persh600 folds
BigTasty45 folds
DIXONKUNTZ folds
Byrd181 raises 8000.00 to 8000.00
lipesticky calls 8000.00
NUMNUTZ001 folds
UBPOKER folds
ExT1lt calls 4000.00
*** FLOP *** [Th 9d 5s]
Main pot 30800.00
ExT1lt checks
Byrd181 checks
lipesticky bets 10164.00
ExT1lt raises 28328.00 to 28328.00
Byrd181 folds
lipesticky raises 349793.00 to 359957.00
ExT1lt folds
Uncalled bet (331629.00) returned to lipesticky
lipesticky does not show
*** SUMMARY ***
Total pot 87456.00
Board [Th 9d 5s]
Seat 1: DIXONKUNTZ folded on the Pre-Flop and did not bet
Seat 2: Byrd181 folded on the Flop
Seat 3: lipesticky did not show and won 87456.00
Seat 4: NUMNUTZ001 (button) folded on the Pre-Flop
Seat 5: UBPOKER (small blind) folded on the Pre-Flop
Seat 6: ExT1lt (big blind) folded on the Flop
Seat 7: persh600 folded on the Pre-Flop and did not bet
Seat 8: BigTasty45 folded on the Pre-Flop and did not bet

Game Hand #2025304513 - Tournament #31082331 - Holdem (No Limit) - Level 8 (2000.00/4000.00)- 2024/02/12 17:33:52 UTC
Table '89' 8-max Seat #5 is the button
Seat 1: DIXONKUNTZ (139900.00)
Seat 2: Byrd181 (199529.00)
Seat 3: lipesticky (479885.00)
Seat 4: NUMNUTZ001 (248291.00)
Seat 5: UBPOKER (192924.00)
Seat 6: ExT1lt (67898.00)
Seat 7: persh600 (298616.00)
Seat 8: BigTasty45 (122700.00)
DIXONKUNTZ posts ante 600.00
Byrd181 posts ante 600.00
lipesticky posts ante 600.00
NUMNUTZ001 posts ante 600.00
UBPOKER posts ante 600.00
ExT1lt posts ante 600.00
persh600 posts ante 600.00
BigTasty45 posts ante 600.00
ExT1lt posts the small blind 2000.00
persh600 posts the big blind 4000.00
*** HOLE CARDS ***
Main pot 4800.00
Dealt to lipesticky [8c 2h]
BigTasty45 folds
DIXONKUNTZ folds
Byrd181 folds
lipesticky folds
NUMNUTZ001 folds
UBPOKER folds
ExT1lt folds
persh600 does not show
*** SUMMARY ***
Total pot 10800.00
Seat 1: DIXONKUNTZ folded on the Pre-Flop and did not bet
Seat 2: Byrd181 folded on the Pre-Flop and did not bet
Seat 3: lipesticky folded on the Pre-Flop and did not bet
Seat 4: NUMNUTZ001 folded on the Pre-Flop and did not bet
Seat 5: UBPOKER (button) folded on the Pre-Flop
Seat 6: ExT1lt (small blind) folded on the Pre-Flop
Seat 7: persh600 did not show and won 10800.00
Seat 8: BigTasty45 folded on the Pre-Flop and did not bet

Game Hand #2025304901 - Tournament #31082331 - Holdem (No Limit) - Level 8 (2000.00/4000.00)- 2024/02/12 17:34:20 UTC
Table '89' 8-max Seat #6 is the button
Seat 1: DIXONKUNTZ (139300.00)
Seat 2: Byrd181 (198929.00)
Seat 3: lipesticky (479285.00)
Seat 4: NUMNUTZ001 (247691.00)
Seat 5: UBPOKER (192324.00)
Seat 6: ExT1lt (65298.00)
Seat 7: persh600 (304816.00)
Seat 8: BigTasty45 (122100.00)
DIXONKUNTZ posts ante 600.00
Byrd181 posts ante 600.00
lipesticky posts ante 600.00
NUMNUTZ001 posts ante 600.00
UBPOKER posts ante 600.00
ExT1lt posts ante 600.00
persh600 posts ante 600.00
BigTasty45 posts ante 600.00
persh600 posts the small blind 2000.00
BigTasty45 posts the big blind 4000.00
*** HOLE CARDS ***
Main pot 4800.00
Dealt to lipesticky [9s 5c]
DIXONKUNTZ folds
Byrd181 folds
lipesticky folds
NUMNUTZ001 folds
UBPOKER folds
ExT1lt folds
persh600 raises 10800.00 to 12800.00
BigTasty45 folds
Uncalled bet (8800.00) returned to persh600
persh600 does not show
*** SUMMARY ***
Total pot 12800.00
Seat 1: DIXONKUNTZ folded on the Pre-Flop and did not bet
Seat 2: Byrd181 folded on the Pre-Flop and did not bet
Seat 3: lipesticky folded on the Pre-Flop and did not bet
Seat 4: NUMNUTZ001 folded on the Pre-Flop and did not bet
Seat 5: UBPOKER folded on the Pre-Flop and did not bet
Seat 6: ExT1lt (button) folded on the Pre-Flop
Seat 7: persh600 did not show and won 12800.00
Seat 8: BigTasty45 (big blind) folded on the Pre-Flop

Game Hand #2025305509 - Tournament #31082331 - Holdem (No Limit) - Level 8 (2000.00/4000.00)- 2024/02/12 17:35:01 UTC
Table '89' 8-max Seat #7 is the button
Seat 1: DIXONKUNTZ (138700.00)
Seat 2: Byrd181 (198329.00)
Seat 3: lipesticky (478685.00)
Seat 4: NUMNUTZ001 (247091.00)
Seat 5: UBPOKER (191724.00)
Seat 6: ExT1lt (64698.00)
Seat 7: persh600 (313016.00)
Seat 8: BigTasty45 (117500.00)
DIXONKUNTZ posts ante 600.00
Byrd181 posts ante 600.00
lipesticky posts ante 600.00
NUMNUTZ001 posts ante 600.00
UBPOKER posts ante 600.00
ExT1lt posts ante 600.00
persh600 posts ante 600.00
BigTasty45 posts ante 600.00
BigTasty45 posts the small blind 2000.00
DIXONKUNTZ posts the big blind 4000.00
*** HOLE CARDS ***
Main pot 4800.00
Dealt to lipesticky [4s Ac]
Byrd181 raises 8000.00 to 8000.00
lipesticky folds
NUMNUTZ001 folds
UBPOKER folds
ExT1lt folds
persh600 folds
BigTasty45 raises 24000.00 to 26000.00
DIXONKUNTZ folds
Byrd181 calls 18000.00
*** FLOP *** [6h Ks 9c]
Main pot 60800.00
BigTasty45 bets 22000.00
Byrd181 folds
Uncalled bet (22000.00) returned to BigTasty45
BigTasty45 does not show
*** SUMMARY ***
Total pot 60800.00
Board [6h Ks 9c]
Seat 1: DIXONKUNTZ (big blind) folded on the Pre-Flop
Seat 2: Byrd181 folded on the Flop
Seat 3: lipesticky folded on the Pre-Flop and did not bet
Seat 4: NUMNUTZ001 folded on the Pre-Flop and did not bet
Seat 5: UBPOKER folded on the Pre-Flop and did not bet
Seat 6: ExT1lt folded on the Pre-Flop and did not bet
Seat 7: persh600 (button) folded on the Pre-Flop
Seat 8: BigTasty45 did not show and won 60800.00

Game Hand #2025306359 - Tournament #31082331 - Holdem (No Limit) - Level 8 (2000.00/4000.00)- 2024/02/12 17:36:01 UTC
Table '89' 8-max Seat #8 is the button
Seat 1: DIXONKUNTZ (134100.00)
Seat 2: Byrd181 (171729.00)
Seat 3: lipesticky (478085.00)
Seat 4: NUMNUTZ001 (246491.00)
Seat 5: UBPOKER (191124.00)
Seat 6: ExT1lt (64098.00)
Seat 7: persh600 (312416.00)
Seat 8: BigTasty45 (151700.00)
DIXONKUNTZ posts ante 600.00
Byrd181 posts ante 600.00
lipesticky posts ante 600.00
NUMNUTZ001 posts ante 600.00
UBPOKER posts ante 600.00
ExT1lt posts ante 600.00
persh600 posts ante 600.00
BigTasty45 posts ante 600.00
DIXONKUNTZ posts the small blind 2000.00
Byrd181 posts the big blind 4000.00
*** HOLE CARDS ***
Main pot 4800.00
Dealt to lipesticky [Qd Ah]
lipesticky raises 8400.00 to 8400.00
NUMNUTZ001 folds
UBPOKER folds
ExT1lt folds
persh600 raises 26000.00 to 26000.00
BigTasty45 folds
DIXONKUNTZ folds
Byrd181 folds
lipesticky calls 17600.00
*** FLOP *** [2d 4h 2s]
Main pot 62800.00
lipesticky checks
persh600 bets 20724.00
lipesticky calls 20724.00
*** TURN *** [2d 4h 2s] [2c]
Main pot 104248.00
lipesticky checks
persh600 checks
*** RIVER *** [2d 4h 2s 2c] [7d]
Main pot 104248.00
lipesticky checks
persh600 checks
*** SHOW DOWN ***
Main pot 104248.00
lipesticky shows [Qd Ah] (three of a kind, Set of Deuces [2s 2d 2c Ah Qd])
persh600 shows [Ac Kc] (three of a kind, Set of Deuces [2s 2d 2c Ac Kc])
persh600 collected 104248.00 from main pot
*** SUMMARY ***
Total pot 104248.00
Board [2d 4h 2s 2c 7d]
Seat 1: DIXONKUNTZ (small blind) folded on the Pre-Flop
Seat 2: Byrd181 (big blind) folded on the Pre-Flop
Seat 3: lipesticky showed [Qd Ah] and lost with three of a kind, Set of Deuces [2s 2d 2c Ah Qd]
Seat 4: NUMNUTZ001 folded on the Pre-Flop and did not bet
Seat 5: UBPOKER folded on the Pre-Flop and did not bet
Seat 6: ExT1lt folded on the Pre-Flop and did not bet
Seat 7: persh600 showed [Ac Kc] and won 104248.00 with three of a kind, Set of Deuces [2s 2d 2c Ac Kc] with the kicker King
Seat 8: BigTasty45 (button) folded on the Pre-Flop

Game Hand #2025307552 - Tournament #31082331 - Holdem (No Limit) - Level 8 (2000.00/4000.00)- 2024/02/12 17:37:23 UTC
Table '89' 8-max Seat #1 is the button
Seat 1: DIXONKUNTZ (131500.00)
Seat 2: Byrd181 (167129.00)
Seat 3: lipesticky (430761.00)
Seat 4: NUMNUTZ001 (245891.00)
Seat 5: UBPOKER (190524.00)
Seat 6: ExT1lt (63498.00)
Seat 7: persh600 (369340.00)
Seat 8: BigTasty45 (151100.00)
DIXONKUNTZ posts ante 600.00
Byrd181 posts ante 600.00
lipesticky posts ante 600.00
NUMNUTZ001 posts ante 600.00
UBPOKER posts ante 600.00
ExT1lt posts ante 600.00
persh600 posts ante 600.00
BigTasty45 posts ante 600.00
Byrd181 posts the small blind 2000.00
lipesticky posts the big blind 4000.00
*** HOLE CARDS ***
Main pot 4800.00
Dealt to lipesticky [7s 3h]
NUMNUTZ001 folds
UBPOKER folds
ExT1lt folds
persh600 folds
BigTasty45 folds
DIXONKUNTZ raises 8400.00 to 8400.00
Byrd181 folds
lipesticky folds
Uncalled bet (4400.00) returned to DIXONKUNTZ
DIXONKUNTZ does not show
*** SUMMARY ***
Total pot 14800.00
Seat 1: DIXONKUNTZ did not show and won 14800.00
Seat 2: Byrd181 (small blind) folded on the Pre-Flop
Seat 3: lipesticky (big blind) folded on the Pre-Flop
Seat 4: NUMNUTZ001 folded on the Pre-Flop and did not bet
Seat 5: UBPOKER folded on the Pre-Flop and did not bet
Seat 6: ExT1lt folded on the Pre-Flop and did not bet
Seat 7: persh600 folded on the Pre-Flop and did not bet
Seat 8: BigTasty45 folded on the Pre-Flop and did not bet

Game Hand #2025308085 - Tournament #31082331 - Holdem (No Limit) - Level 8 (2000.00/4000.00)- 2024/02/12 17:38:00 UTC
Table '89' 8-max Seat #2 is the button
Seat 1: DIXONKUNTZ (141700.00)
Seat 2: Byrd181 (164529.00)
Seat 3: lipesticky (426161.00)
Seat 4: NUMNUTZ001 (245291.00)
Seat 5: UBPOKER (189924.00)
Seat 6: ExT1lt (62898.00)
Seat 7: persh600 (368740.00)
Seat 8: BigTasty45 (150500.00)
DIXONKUNTZ posts ante 600.00
Byrd181 posts ante 600.00
lipesticky posts ante 600.00
NUMNUTZ001 posts ante 600.00
UBPOKER posts ante 600.00
ExT1lt posts ante 600.00
persh600 posts ante 600.00
BigTasty45 posts ante 600.00
lipesticky posts the small blind 2000.00
NUMNUTZ001 posts the big blind 4000.00
*** HOLE CARDS ***
Main pot 4800.00
Dealt to lipesticky [8s 7s]
UBPOKER folds
ExT1lt folds
persh600 raises 8000.00 to 8000.00
BigTasty45 folds
DIXONKUNTZ folds
Byrd181 folds
lipesticky folds
NUMNUTZ001 calls 4000.00
*** FLOP *** [9c Tc 4h]
Main pot 22800.00
NUMNUTZ001 checks
persh600 bets 11524.00
NUMNUTZ001 folds
Uncalled bet (11524.00) returned to persh600
persh600 does not show
*** SUMMARY ***
Total pot 22800.00
Board [9c Tc 4h]
Seat 1: DIXONKUNTZ folded on the Pre-Flop and did not bet
Seat 2: Byrd181 (button) folded on the Pre-Flop
Seat 3: lipesticky (small blind) folded on the Pre-Flop
Seat 4: NUMNUTZ001 (big blind) folded on the Flop
Seat 5: UBPOKER folded on the Pre-Flop and did not bet
Seat 6: ExT1lt folded on the Pre-Flop and did not bet
Seat 7: persh600 did not show and won 22800.00
Seat 8: BigTasty45 folded on the Pre-Flop and did not bet

Game Hand #2025309332 - Tournament #31082331 - Holdem (No Limit) - Level 8 (2000.00/4000.00)- 2024/02/12 17:39:24 UTC
Table '89' 8-max Seat #3 is the button
Seat 1: DIXONKUNTZ (141100.00)
Seat 2: Byrd181 (163929.00)
Seat 3: lipesticky (423561.00)
Seat 4: NUMNUTZ001 (236691.00)
Seat 5: UBPOKER (189324.00)
Seat 6: ExT1lt (62298.00)
Seat 7: persh600 (382940.00)
Seat 8: BigTasty45 (149900.00)
DIXONKUNTZ posts ante 600.00
Byrd181 posts ante 600.00
lipesticky posts ante 600.00
NUMNUTZ001 posts ante 600.00
UBPOKER posts ante 600.00
ExT1lt posts ante 600.00
persh600 posts ante 600.00
BigTasty45 posts ante 600.00
NUMNUTZ001 posts the small blind 2000.00
UBPOKER posts the big blind 4000.00
*** HOLE CARDS ***
Main pot 4800.00
Dealt to lipesticky [2c Td]
ExT1lt folds
persh600 folds
BigTasty45 folds
DIXONKUNTZ raises 8400.00 to 8400.00
Byrd181 folds
lipesticky folds
NUMNUTZ001 folds
UBPOKER folds
Uncalled bet (4400.00) returned to DIXONKUNTZ
DIXONKUNTZ does not show
*** SUMMARY ***
Total pot 14800.00
Seat 1: DIXONKUNTZ did not show and won 14800.00
Seat 2: Byrd181 folded on the Pre-Flop and did not bet
Seat 3: lipesticky (button) folded on the Pre-Flop
Seat 4: NUMNUTZ001 (small blind) folded on the Pre-Flop
Seat 5: UBPOKER (big blind) folded on the Pre-Flop
Seat 6: ExT1lt folded on the Pre-Flop and did not bet
Seat 7: persh600 folded on the Pre-Flop and did not bet
Seat 8: BigTasty45 folded on the Pre-Flop and did not bet

Game Hand #2025309829 - Tournament #31082331 - Holdem (No Limit) - Level 8 (2000.00/4000.00)- 2024/02/12 17:39:59 UTC
Table '89' 8-max Seat #4 is the button
Seat 3: lipesticky (422961.00)
Seat 6: ExT1lt (61698.00)
Seat 7: persh600 (382340.00)
Seat 8: BigTasty45 (149300.00)
lipesticky posts ante 600.00
ExT1lt posts ante 600.00
persh600 posts ante 600.00
BigTasty45 posts ante 600.00
ExT1lt posts the big blind 4000.00
*** HOLE CARDS ***
Main pot 2400.00
Dealt to lipesticky [7s Jd]
persh600 folds
BigTasty45 folds
lipesticky folds
ExT1lt does not show
*** SUMMARY ***
Total pot 6400.00
Seat 3: lipesticky folded on the Pre-Flop and did not bet
Seat 6: ExT1lt did not show and won 6400.00
Seat 7: persh600 folded on the Pre-Flop and did not bet
Seat 8: BigTasty45 folded on the Pre-Flop and did not bet

Game Hand #2025310183 - Tournament #31082331 - Holdem (No Limit) - Level 8 (2000.00/4000.00)- 2024/02/12 17:40:23 UTC
Table '89' 8-max Seat #5 is the button
Seat 3: lipesticky (422361.00)
Seat 6: ExT1lt (63498.00)
Seat 7: persh600 (381740.00)
Seat 8: BigTasty45 (148700.00)
lipesticky posts ante 600.00
ExT1lt posts ante 600.00
persh600 posts ante 600.00
BigTasty45 posts ante 600.00
ExT1lt posts the small blind 2000.00
persh600 posts the big blind 4000.00
*** HOLE CARDS ***
Main pot 2400.00
Dealt to lipesticky [4c 9d]
BigTasty45 raises 8000.00 to 8000.00
lipesticky folds
ExT1lt folds
persh600 calls 4000.00
*** FLOP *** [Ad 2h Ac]
Main pot 20400.00
persh600 checks
BigTasty45 checks
*** TURN *** [Ad 2h Ac] [8h]
Main pot 20400.00
persh600 bets 14732.00
BigTasty45 calls 14732.00
*** RIVER *** [Ad 2h Ac 8h] [Ks]
Main pot 49864.00
persh600 bets 37398.00
BigTasty45 calls 37398.00
*** SHOW DOWN ***
Main pot 124660.00
persh600 shows [6c As] (three of a kind, Set of Aces [As Ad Ac Ks 8h])
BigTasty45 shows [Qc Qh] (two pair, Aces and Queens [Ad Ac Qh Qc Ks])
persh600 collected 124660.00 from main pot
*** SUMMARY ***
Total pot 124660.00
Board [Ad 2h Ac 8h Ks]
Seat 3: lipesticky folded on the Pre-Flop and did not bet
Seat 6: ExT1lt (small blind) folded on the Pre-Flop
Seat 7: persh600 (big blind) showed [6c As] and won 124660.00 with three of a kind, Set of Aces [As Ad Ac Ks 8h]
Seat 8: BigTasty45 showed [Qc Qh] and lost with two pair, Aces and Queens [Ad Ac Qh Qc Ks]

Game Hand #2025311035 - Tournament #31082331 - Holdem (No Limit) - Level 8 (2000.00/4000.00)- 2024/02/12 17:41:21 UTC
Table '89' 8-max Seat #6 is the button
Seat 1: Pestana (263245.00)
Seat 2: griffster (379592.00)
Seat 3: lipesticky (421761.00)
Seat 4: Edo1398 (447879.00)
Seat 5: shadowdronx24 (426132.00)
Seat 6: ExT1lt (60898.00)
Seat 7: persh600 (445670.00)
Seat 8: BigTasty45 (87970.00)
Pestana posts ante 600.00
griffster posts ante 600.00
lipesticky posts ante 600.00
Edo1398 posts ante 600.00
shadowdronx24 posts ante 600.00
ExT1lt posts ante 600.00
persh600 posts ante 600.00
BigTasty45 posts ante 600.00
persh600 posts the small blind 2000.00
BigTasty45 posts the big blind 4000.00
*** HOLE CARDS ***
Main pot 4800.00
Dealt to lipesticky [Qd Ts]
Pestana folds
griffster folds
lipesticky raises 8400.00 to 8400.00
Edo1398 folds
shadowdronx24 folds
ExT1lt folds
persh600 folds
BigTasty45 calls 4400.00
*** FLOP *** [7s 3d 8c]
Main pot 23600.00
BigTasty45 checks
lipesticky bets 7788.00
BigTasty45 folds
Uncalled bet (7788.00) returned to lipesticky
lipesticky does not show
*** SUMMARY ***
Total pot 23600.00
Board [7s 3d 8c]
Seat 1: Pestana folded on the Pre-Flop and did not bet
Seat 2: griffster folded on the Pre-Flop and did not bet
Seat 3: lipesticky did not show and won 23600.00
Seat 4: Edo1398 folded on the Pre-Flop and did not bet
Seat 5: shadowdronx24 folded on the Pre-Flop and did not bet
Seat 6: ExT1lt (button) folded on the Pre-Flop
Seat 7: persh600 (small blind) folded on the Pre-Flop
Seat 8: BigTasty45 (big blind) folded on the Flop

Game Hand #2025311818 - Tournament #31082331 - Holdem (No Limit) - Level 8 (2000.00/4000.00)- 2024/02/12 17:42:15 UTC
Table '89' 8-max Seat #7 is the button
Seat 1: Pestana (262645.00)
Seat 2: griffster (378992.00)
Seat 3: lipesticky (436361.00)
Seat 4: Edo1398 (447279.00)
Seat 5: shadowdronx24 (425532.00)
Seat 6: ExT1lt (60298.00)
Seat 7: persh600 (443070.00)
Seat 8: BigTasty45 (78970.00)
Pestana posts ante 600.00
griffster posts ante 600.00
lipesticky posts ante 600.00
Edo1398 posts ante 600.00
shadowdronx24 posts ante 600.00
ExT1lt posts ante 600.00
persh600 posts ante 600.00
BigTasty45 posts ante 600.00
BigTasty45 posts the small blind 2000.00
Pestana posts the big blind 4000.00
*** HOLE CARDS ***
Main pot 4800.00
Dealt to lipesticky [7h Qs]
griffster folds
lipesticky folds
Edo1398 folds
shadowdronx24 folds
ExT1lt folds
persh600 folds
BigTasty45 folds
Pestana does not show
*** SUMMARY ***
Total pot 10800.00
Seat 1: Pestana did not show and won 10800.00
Seat 2: griffster folded on the Pre-Flop and did not bet
Seat 3: lipesticky folded on the Pre-Flop and did not bet
Seat 4: Edo1398 folded on the Pre-Flop and did not bet
Seat 5: shadowdronx24 folded on the Pre-Flop and did not bet
Seat 6: ExT1lt folded on the Pre-Flop and did not bet
Seat 7: persh600 (button) folded on the Pre-Flop
Seat 8: BigTasty45 (small blind) folded on the Pre-Flop

Game Hand #2025312110 - Tournament #31082331 - Holdem (No Limit) - Level 8 (2000.00/4000.00)- 2024/02/12 17:42:35 UTC
Table '89' 8-max Seat #8 is the button
Seat 1: Pestana (268845.00)
Seat 2: griffster (378392.00)
Seat 3: lipesticky (435761.00)
Seat 4: Edo1398 (446679.00)
Seat 5: shadowdronx24 (424932.00)
Seat 6: ExT1lt (59698.00)
Seat 7: persh600 (442470.00)
Seat 8: BigTasty45 (76370.00)
Pestana posts ante 600.00
griffster posts ante 600.00
lipesticky posts ante 600.00
Edo1398 posts ante 600.00
shadowdronx24 posts ante 600.00
ExT1lt posts ante 600.00
persh600 posts ante 600.00
BigTasty45 posts ante 600.00
Pestana posts the small blind 2000.00
griffster posts the big blind 4000.00
*** HOLE CARDS ***
Main pot 4800.00
Dealt to lipesticky [Kc Jc]
lipesticky raises 8400.00 to 8400.00
Edo1398 folds
shadowdronx24 folds
ExT1lt folds
persh600 folds
BigTasty45 raises 24000.00 to 24000.00
Pestana folds
griffster folds
lipesticky folds
Uncalled bet (15600.00) returned to BigTasty45
BigTasty45 does not show
*** SUMMARY ***
Total pot 27600.00
Seat 1: Pestana (small blind) folded on the Pre-Flop
Seat 2: griffster (big blind) folded on the Pre-Flop
Seat 3: lipesticky folded on the Pre-Flop and did not bet
Seat 4: Edo1398 folded on the Pre-Flop and did not bet
Seat 5: shadowdronx24 folded on the Pre-Flop and did not bet
Seat 6: ExT1lt folded on the Pre-Flop and did not bet
Seat 7: persh600 folded on the Pre-Flop and did not bet
Seat 8: BigTasty45 did not show and won 27600.00

Game Hand #2025312903 - Tournament #31082331 - Holdem (No Limit) - Level 8 (2000.00/4000.00)- 2024/02/12 17:43:28 UTC
Table '89' 8-max Seat #1 is the button
Seat 1: Pestana (266245.00)
Seat 2: griffster (373792.00)
Seat 3: lipesticky (426761.00)
Seat 4: Edo1398 (446079.00)
Seat 5: shadowdronx24 (424332.00)
Seat 6: ExT1lt (59098.00)
Seat 7: persh600 (441870.00)
Seat 8: BigTasty45 (94970.00)
Pestana posts ante 600.00
griffster posts ante 600.00
lipesticky posts ante 600.00
Edo1398 posts ante 600.00
shadowdronx24 posts ante 600.00
ExT1lt posts ante 600.00
persh600 posts ante 600.00
BigTasty45 posts ante 600.00
griffster posts the small blind 2000.00
lipesticky posts the big blind 4000.00
*** HOLE CARDS ***
Main pot 4800.00
Dealt to lipesticky [Ah 3d]
Edo1398 folds
shadowdronx24 raises 8000.00 to 8000.00
ExT1lt raises 58498.00 to 58498.00 and is all-in
persh600 folds
BigTasty45 folds
Pestana folds
griffster folds
lipesticky folds
shadowdronx24 folds
Uncalled bet (50498.00) returned to ExT1lt
ExT1lt does not show
*** SUMMARY ***
Total pot 26800.00
Seat 1: Pestana (button) folded on the Pre-Flop
Seat 2: griffster (small blind) folded on the Pre-Flop
Seat 3: lipesticky (big blind) folded on the Pre-Flop
Seat 4: Edo1398 folded on the Pre-Flop and did not bet
Seat 5: shadowdronx24 folded on the Pre-Flop and did not bet
Seat 6: ExT1lt did not show and won 26800.00
Seat 7: persh600 folded on the Pre-Flop and did not bet
Seat 8: BigTasty45 folded on the Pre-Flop and did not bet

Game Hand #2025313772 - Tournament #31082331 - Holdem (No Limit) - Level 9 (2500.00/5000.00)- 2024/02/12 17:44:27 UTC
Table '89' 8-max Seat #2 is the button
Seat 1: Pestana (265645.00)
Seat 2: griffster (371192.00)
Seat 3: lipesticky (422161.00)
Seat 4: Edo1398 (445479.00)
Seat 5: shadowdronx24 (415732.00)
Seat 6: ExT1lt (77298.00)
Seat 7: persh600 (441270.00)
Seat 8: BigTasty45 (94370.00)
Pestana posts ante 750.00
griffster posts ante 750.00
lipesticky posts ante 750.00
Edo1398 posts ante 750.00
shadowdronx24 posts ante 750.00
ExT1lt posts ante 750.00
persh600 posts ante 750.00
BigTasty45 posts ante 750.00
lipesticky posts the small blind 2500.00
Edo1398 posts the big blind 5000.00
*** HOLE CARDS ***
Main pot 6000.00
Dealt to lipesticky [Kc 7h]
shadowdronx24 folds
ExT1lt folds
persh600 raises 10000.00 to 10000.00
BigTasty45 folds
Pestana folds
griffster folds
lipesticky folds
Edo1398 calls 5000.00
*** FLOP *** [8c 3h Ks]
Main pot 28500.00
Edo1398 checks
persh600 bets 9405.00
Edo1398 raises 34006.00 to 34006.00
persh600 calls 24601.00
*** TURN *** [8c 3h Ks] [Td]
Main pot 96512.00
Edo1398 checks
persh600 bets 31849.00
Edo1398 folds
Uncalled bet (31849.00) returned to persh600
persh600 does not show
*** SUMMARY ***
Total pot 96512.00
Board [8c 3h Ks Td]
Seat 1: Pestana folded on the Pre-Flop and did not bet
Seat 2: griffster (button) folded on the Pre-Flop
Seat 3: lipesticky (small blind) folded on the Pre-Flop
Seat 4: Edo1398 (big blind) folded on the Turn
Seat 5: shadowdronx24 folded on the Pre-Flop and did not bet
Seat 6: ExT1lt folded on the Pre-Flop and did not bet
Seat 7: persh600 did not show and won 96512.00
Seat 8: BigTasty45 folded on the Pre-Flop and did not bet

Game Hand #2025314759 - Tournament #31082331 - Holdem (No Limit) - Level 9 (2500.00/5000.00)- 2024/02/12 17:45:35 UTC
Table '89' 8-max Seat #3 is the button
Seat 1: Pestana (264895.00)
Seat 2: griffster (370442.00)
Seat 3: lipesticky (418911.00)
Seat 4: Edo1398 (400723.00)
Seat 5: shadowdronx24 (414982.00)
Seat 6: ExT1lt (76548.00)
Seat 7: persh600 (493026.00)
Seat 8: BigTasty45 (93620.00)
Pestana posts ante 750.00
griffster posts ante 750.00
lipesticky posts ante 750.00
Edo1398 posts ante 750.00
shadowdronx24 posts ante 750.00
ExT1lt posts ante 750.00
persh600 posts ante 750.00
BigTasty45 posts ante 750.00
Edo1398 posts the small blind 2500.00
shadowdronx24 posts the big blind 5000.00
*** HOLE CARDS ***
Main pot 6000.00
Dealt to lipesticky [9s 7c]
ExT1lt folds
persh600 folds
BigTasty45 raises 10000.00 to 10000.00
Pestana folds
griffster folds
lipesticky folds
Edo1398 calls 7500.00
shadowdronx24 calls 5000.00
*** FLOP *** [2s Ks 3d]
Main pot 36000.00
Edo1398 checks
shadowdronx24 checks
BigTasty45 checks
*** TURN *** [2s Ks 3d] [Td]
Main pot 36000.00
Edo1398 bets 18720.00
shadowdronx24 folds
BigTasty45 folds
Uncalled bet (18720.00) returned to Edo1398
Edo1398 does not show
*** SUMMARY ***
Total pot 36000.00
Board [2s Ks 3d Td]
Seat 1: Pestana folded on the Pre-Flop and did not bet
Seat 2: griffster folded on the Pre-Flop and did not bet
Seat 3: lipesticky (button) folded on the Pre-Flop
Seat 4: Edo1398 did not show and won 36000.00
Seat 5: shadowdronx24 (big blind) folded on the Turn
Seat 6: ExT1lt folded on the Pre-Flop and did not bet
Seat 7: persh600 folded on the Pre-Flop and did not bet
Seat 8: BigTasty45 folded on the Turn

Game Hand #2025315667 - Tournament #31082331 - Holdem (No Limit) - Level 9 (2500.00/5000.00)- 2024/02/12 17:46:37 UTC
Table '89' 8-max Seat #4 is the button
Seat 1: Pestana (264145.00)
Seat 2: griffster (369692.00)
Seat 3: lipesticky (418161.00)
Seat 4: Edo1398 (425973.00)
Seat 5: shadowdronx24 (404232.00)
Seat 6: ExT1lt (75798.00)
Seat 7: persh600 (492276.00)
Seat 8: BigTasty45 (82870.00)
Pestana posts ante 750.00
griffster posts ante 750.00
lipesticky posts ante 750.00
Edo1398 posts ante 750.00
shadowdronx24 posts ante 750.00
ExT1lt posts ante 750.00
persh600 posts ante 750.00
BigTasty45 posts ante 750.00
shadowdronx24 posts the small blind 2500.00
ExT1lt posts the big blind 5000.00
*** HOLE CARDS ***
Main pot 6000.00
Dealt to lipesticky [7s 9h]
persh600 folds
BigTasty45 folds
Pestana folds
griffster raises 11500.00 to 11500.00
lipesticky folds
Edo1398 raises 35500.00 to 35500.00
shadowdronx24 folds
ExT1lt folds
griffster folds
Uncalled bet (24000.00) returned to Edo1398
Edo1398 does not show
*** SUMMARY ***
Total pot 36500.00
Seat 1: Pestana folded on the Pre-Flop and did not bet
Seat 2: griffster folded on the Pre-Flop and did not bet
Seat 3: lipesticky folded on the Pre-Flop and did not bet
Seat 4: Edo1398 did not show and won 36500.00
Seat 5: shadowdronx24 (small blind) folded on the Pre-Flop
Seat 6: ExT1lt (big blind) folded on the Pre-Flop
Seat 7: persh600 folded on the Pre-Flop and did not bet
Seat 8: BigTasty45 folded on the Pre-Flop and did not bet

Game Hand #2025316205 - Tournament #31082331 - Holdem (No Limit) - Level 9 (2500.00/5000.00)- 2024/02/12 17:47:14 UTC
Table '89' 8-max Seat #5 is the button
Seat 1: Pestana (263395.00)
Seat 2: griffster (357442.00)
Seat 3: lipesticky (417411.00)
Seat 4: Edo1398 (450223.00)
Seat 5: shadowdronx24 (400982.00)
Seat 6: ExT1lt (70048.00)
Seat 7: persh600 (491526.00)
Seat 8: BigTasty45 (82120.00)
Pestana posts ante 750.00
griffster posts ante 750.00
lipesticky posts ante 750.00
Edo1398 posts ante 750.00
shadowdronx24 posts ante 750.00
ExT1lt posts ante 750.00
persh600 posts ante 750.00
BigTasty45 posts ante 750.00
ExT1lt posts the small blind 2500.00
persh600 posts the big blind 5000.00
*** HOLE CARDS ***
Main pot 6000.00
Dealt to lipesticky [Qd Ac]
BigTasty45 raises 10000.00 to 10000.00
Pestana raises 25000.00 to 25000.00
griffster calls 25000.00
lipesticky folds
Edo1398 folds
shadowdronx24 folds
ExT1lt folds
persh600 folds
BigTasty45 raises 71370.00 to 81370.00 and is all-in
Pestana raises 237645.00 to 262645.00 and is all-in
griffster folds
Uncalled bet (181275.00) returned to Pestana
*** FLOP *** [2h 7h Kc]
Main pot 201240.00
*** TURN *** [2h 7h Kc] [Th]
Main pot 201240.00
*** RIVER *** [2h 7h Kc Th] [8s]
Main pot 201240.00
*** SHOW DOWN ***
Main pot 201240.00
Pestana shows [Kh Kd] (three of a kind, Set of Kings [Kh Kd Kc Th 8s])
BigTasty45 shows [9d 9h] (a pair of Nines [9h 9d Kc Th 8s])
Pestana collected 201240.00 from main pot
*** SUMMARY ***
Total pot 201240.00
Board [2h 7h Kc Th 8s]
Seat 1: Pestana showed [Kh Kd] and won 201240.00 with three of a kind, Set of Kings [Kh Kd Kc Th 8s]
Seat 2: griffster folded on the Pre-Flop and did not bet
Seat 3: lipesticky folded on the Pre-Flop and did not bet
Seat 4: Edo1398 folded on the Pre-Flop and did not bet
Seat 5: shadowdronx24 (button) folded on the Pre-Flop
Seat 6: ExT1lt (small blind) folded on the Pre-Flop
Seat 7: persh600 (big blind) folded on the Pre-Flop
Seat 8: BigTasty45 showed [9d 9h] and lost with a pair of Nines [9h 9d Kc Th 8s]

