Winamax Poker - Tournament "FLIPPER" buyIn: 18€ + 2€ level: 1 - HandId: #3193233568109166653-1-1707771663 - Holdem no limit (25/100/200) - 2024/02/12 21:01:03 UTC
Table: 'FLIPPER(743482627)#060' 6-max (real money) Seat #6 is the button
Seat 1: dhisvfo (20000, 9€ bounty)
Seat 2: Quiet Storm (20000, 9€ bounty)
Seat 3: torresmo123 (20000, 9€ bounty)
Seat 4: Ewanarm (20000, 9€ bounty)
Seat 5: S BenaMou (20000, 9€ bounty)
Seat 6: CuponFNX (20000, 9€ bounty)
*** ANTE/BLINDS ***
dhisvfo posts ante 25
Quiet Storm posts ante 25
torresmo123 posts ante 25
Ewanarm posts ante 25
S BenaMou posts ante 25
CuponFNX posts ante 25
dhisvfo posts small blind 100
Quiet Storm posts big blind 200
Dealt to torresmo123 [2h 4c]
*** PRE-FLOP *** 
torresmo123 folds
Ewanarm folds
S BenaMou folds
CuponFNX folds
dhisvfo folds
Quiet Storm collected 450 from pot
*** SUMMARY ***
Total pot 450 | No rake
Seat 2: Quiet Storm (big blind) won 450


Winamax Poker - Tournament "FLIPPER" buyIn: 18€ + 2€ level: 1 - HandId: #3193233568109166653-2-1707771691 - Holdem no limit (25/100/200) - 2024/02/12 21:01:31 UTC
Table: 'FLIPPER(743482627)#060' 6-max (real money) Seat #1 is the button
Seat 1: dhisvfo (19875, 9€ bounty)
Seat 2: Quiet Storm (20225, 9€ bounty)
Seat 3: torresmo123 (19975, 9€ bounty)
Seat 4: Ewanarm (19975, 9€ bounty)
Seat 5: S BenaMou (19975, 9€ bounty)
Seat 6: CuponFNX (19975, 9€ bounty)
*** ANTE/BLINDS ***
Quiet Storm posts ante 25
torresmo123 posts ante 25
dhisvfo posts ante 25
Ewanarm posts ante 25
S BenaMou posts ante 25
CuponFNX posts ante 25
Quiet Storm posts small blind 100
torresmo123 posts big blind 200
Dealt to torresmo123 [7s Kc]
*** PRE-FLOP *** 
Ewanarm raises 300 to 500
S BenaMou folds
CuponFNX folds
dhisvfo calls 500
Quiet Storm folds
torresmo123 folds
*** FLOP *** [Qd Qs Qc]
Ewanarm bets 725
dhisvfo calls 725
*** TURN *** [Qd Qs Qc][Jd]
Ewanarm bets 725
dhisvfo folds
Ewanarm collected 3625 from pot
*** SUMMARY ***
Total pot 3625 | No rake
Board: [Qd Qs Qc Jd]
Seat 4: Ewanarm won 3625


Winamax Poker - Tournament "FLIPPER" buyIn: 18€ + 2€ level: 1 - HandId: #3193233568109166653-3-1707771763 - Holdem no limit (25/100/200) - 2024/02/12 21:02:43 UTC
Table: 'FLIPPER(743482627)#060' 6-max (real money) Seat #2 is the button
Seat 1: dhisvfo (18625, 9€ bounty)
Seat 2: Quiet Storm (20100, 9€ bounty)
Seat 3: torresmo123 (19750, 9€ bounty)
Seat 4: Ewanarm (21625, 9€ bounty)
Seat 5: S BenaMou (19950, 9€ bounty)
Seat 6: CuponFNX (19950, 9€ bounty)
*** ANTE/BLINDS ***
torresmo123 posts ante 25
Ewanarm posts ante 25
dhisvfo posts ante 25
Quiet Storm posts ante 25
S BenaMou posts ante 25
CuponFNX posts ante 25
torresmo123 posts small blind 100
Ewanarm posts big blind 200
Dealt to torresmo123 [4d Ah]
*** PRE-FLOP *** 
S BenaMou raises 300 to 500
CuponFNX calls 500
dhisvfo calls 500
Quiet Storm folds
torresmo123 folds
Ewanarm calls 300
*** FLOP *** [3h Jd Jh]
Ewanarm checks
S BenaMou bets 800
CuponFNX folds
dhisvfo folds
Ewanarm folds
S BenaMou collected 3050 from pot
*** SUMMARY ***
Total pot 3050 | No rake
Board: [3h Jd Jh]
Seat 5: S BenaMou won 3050


Winamax Poker - Tournament "FLIPPER" buyIn: 18€ + 2€ level: 1 - HandId: #3193233568109166653-4-1707771857 - Holdem no limit (25/100/200) - 2024/02/12 21:04:17 UTC
Table: 'FLIPPER(743482627)#060' 6-max (real money) Seat #3 is the button
Seat 1: dhisvfo (18100, 9€ bounty)
Seat 2: Quiet Storm (20075, 9€ bounty)
Seat 3: torresmo123 (19625, 9€ bounty)
Seat 4: Ewanarm (21100, 9€ bounty)
Seat 5: S BenaMou (21675, 9€ bounty)
Seat 6: CuponFNX (19425, 9€ bounty)
*** ANTE/BLINDS ***
Ewanarm posts ante 25
S BenaMou posts ante 25
dhisvfo posts ante 25
Quiet Storm posts ante 25
torresmo123 posts ante 25
CuponFNX posts ante 25
Ewanarm posts small blind 100
S BenaMou posts big blind 200
Dealt to torresmo123 [Td 6h]
*** PRE-FLOP *** 
CuponFNX raises 200 to 400
dhisvfo folds
Quiet Storm folds
torresmo123 folds
Ewanarm calls 300
S BenaMou folds
*** FLOP *** [5c Ac 9h]
Ewanarm bets 575
CuponFNX raises 1075 to 1650
Ewanarm calls 1075
*** TURN *** [5c Ac 9h][2c]
Ewanarm checks
CuponFNX bets 2825
Ewanarm folds
CuponFNX collected 7275 from pot
*** SUMMARY ***
Total pot 7275 | No rake
Board: [5c Ac 9h 2c]
Seat 6: CuponFNX won 7275


Winamax Poker - Tournament "FLIPPER" buyIn: 18€ + 2€ level: 1 - HandId: #3193233568109166653-5-1707771932 - Holdem no limit (25/100/200) - 2024/02/12 21:05:32 UTC
Table: 'FLIPPER(743482627)#060' 6-max (real money) Seat #4 is the button
Seat 1: dhisvfo (18075, 9€ bounty)
Seat 2: Quiet Storm (20050, 9€ bounty)
Seat 3: torresmo123 (19600, 9€ bounty)
Seat 4: Ewanarm (19025, 9€ bounty)
Seat 5: S BenaMou (21450, 9€ bounty)
Seat 6: CuponFNX (21800, 9€ bounty)
*** ANTE/BLINDS ***
S BenaMou posts ante 25
CuponFNX posts ante 25
dhisvfo posts ante 25
Quiet Storm posts ante 25
torresmo123 posts ante 25
Ewanarm posts ante 25
S BenaMou posts small blind 100
CuponFNX posts big blind 200
Dealt to torresmo123 [4h 5c]
*** PRE-FLOP *** 
dhisvfo folds
Quiet Storm raises 300 to 500
torresmo123 folds
Ewanarm folds
S BenaMou raises 1800 to 2300
CuponFNX folds
Quiet Storm calls 1800
*** FLOP *** [2c Kc Jc]
S BenaMou bets 1700
Quiet Storm calls 1700
*** TURN *** [2c Kc Jc][Ks]
S BenaMou bets 4400
Quiet Storm calls 4400
*** RIVER *** [2c Kc Jc Ks][4d]
S BenaMou bets 13025 and is all-in
Quiet Storm folds
S BenaMou collected 30175 from pot
*** SUMMARY ***
Total pot 30175 | No rake
Board: [2c Kc Jc Ks 4d]
Seat 5: S BenaMou (small blind) won 30175


Winamax Poker - Tournament "FLIPPER" buyIn: 18€ + 2€ level: 2 - HandId: #3193233568109166653-6-1707772063 - Holdem no limit (30/125/250) - 2024/02/12 21:07:43 UTC
Table: 'FLIPPER(743482627)#060' 6-max (real money) Seat #5 is the button
Seat 1: dhisvfo (18050, 9€ bounty)
Seat 3: torresmo123 (19575, 9€ bounty)
Seat 4: Ewanarm (19000, 9€ bounty)
Seat 5: S BenaMou (30175, 9€ bounty)
Seat 6: CuponFNX (21575, 9€ bounty)
*** ANTE/BLINDS ***
CuponFNX posts ante 30
dhisvfo posts ante 30
torresmo123 posts ante 30
Ewanarm posts ante 30
S BenaMou posts ante 30
CuponFNX posts small blind 125
dhisvfo posts big blind 250
Dealt to torresmo123 [3h 6d]
*** PRE-FLOP *** 
torresmo123 folds
Ewanarm raises 313 to 563
S BenaMou folds
CuponFNX calls 438
dhisvfo raises 2313 to 2876
Ewanarm folds
CuponFNX folds
dhisvfo collected 4152 from pot
*** SUMMARY ***
Total pot 4152 | No rake
Seat 1: dhisvfo (big blind) won 4152


Winamax Poker - Tournament "FLIPPER" buyIn: 18€ + 2€ level: 2 - HandId: #3193233568109166653-7-1707772141 - Holdem no limit (30/125/250) - 2024/02/12 21:09:01 UTC
Table: 'FLIPPER(743482627)#060' 6-max (real money) Seat #6 is the button
Seat 1: dhisvfo (19296, 9€ bounty)
Seat 2: CPASCOOLCOOL (20000, 9€ bounty)
Seat 3: torresmo123 (19545, 9€ bounty)
Seat 4: Ewanarm (18407, 9€ bounty)
Seat 5: S BenaMou (30145, 9€ bounty)
Seat 6: CuponFNX (20982, 9€ bounty)
*** ANTE/BLINDS ***
dhisvfo posts ante 30
CPASCOOLCOOL posts ante 30
torresmo123 posts ante 30
Ewanarm posts ante 30
S BenaMou posts ante 30
CuponFNX posts ante 30
dhisvfo posts small blind 125
CPASCOOLCOOL posts big blind 250
Dealt to torresmo123 [6c Kh]
*** PRE-FLOP *** 
torresmo123 folds
Ewanarm folds
S BenaMou raises 375 to 625
CuponFNX calls 625
dhisvfo folds
CPASCOOLCOOL folds
*** FLOP *** [Jh 8h Tc]
S BenaMou checks
CuponFNX bets 576
S BenaMou raises 1299 to 1875
CuponFNX calls 1299
*** TURN *** [Jh 8h Tc][5h]
S BenaMou checks
CuponFNX checks
*** RIVER *** [Jh 8h Tc 5h][7s]
S BenaMou bets 3875
CuponFNX calls 3875
*** SHOW DOWN ***
S BenaMou shows [Th Js] (Two pairs : Jacks and Tens)
CuponFNX shows [8c 9c] (Straight Jack high)
CuponFNX collected 13305 from pot
*** SUMMARY ***
Total pot 13305 | No rake
Board: [Jh 8h Tc 5h 7s]
Seat 5: S BenaMou showed [Th Js] and lost with Two pairs : Jacks and Tens
Seat 6: CuponFNX (button) showed [8c 9c] and won 13305 with Straight Jack high


Winamax Poker - Tournament "FLIPPER" buyIn: 18€ + 2€ level: 2 - HandId: #3193233568109166653-8-1707772266 - Holdem no limit (30/125/250) - 2024/02/12 21:11:06 UTC
Table: 'FLIPPER(743482627)#060' 6-max (real money) Seat #1 is the button
Seat 1: dhisvfo (19141, 9€ bounty)
Seat 2: CPASCOOLCOOL (19720, 9€ bounty)
Seat 3: torresmo123 (19515, 9€ bounty)
Seat 4: Ewanarm (18377, 9€ bounty)
Seat 5: S BenaMou (23740, 9€ bounty)
Seat 6: CuponFNX (27882, 9€ bounty)
*** ANTE/BLINDS ***
CPASCOOLCOOL posts ante 30
torresmo123 posts ante 30
dhisvfo posts ante 30
Ewanarm posts ante 30
S BenaMou posts ante 30
CuponFNX posts ante 30
CPASCOOLCOOL posts small blind 125
torresmo123 posts big blind 250
Dealt to torresmo123 [Js 2h]
*** PRE-FLOP *** 
Ewanarm raises 313 to 563
S BenaMou folds
CuponFNX folds
dhisvfo raises 1313 to 1876
CPASCOOLCOOL folds
torresmo123 folds
Ewanarm calls 1313
*** FLOP *** [3h Ac Jd]
Ewanarm checks
dhisvfo bets 1077
Ewanarm calls 1077
*** TURN *** [3h Ac Jd][7d]
Ewanarm checks
dhisvfo checks
*** RIVER *** [3h Ac Jd 7d][Ah]
Ewanarm checks
dhisvfo bets 2132
Ewanarm folds
dhisvfo collected 8593 from pot
*** SUMMARY ***
Total pot 8593 | No rake
Board: [3h Ac Jd 7d Ah]
Seat 1: dhisvfo (button) won 8593


Winamax Poker - Tournament "FLIPPER" buyIn: 18€ + 2€ level: 3 - HandId: #3193233568109166653-9-1707772350 - Holdem no limit (35/150/300) - 2024/02/12 21:12:30 UTC
Table: 'FLIPPER(743482627)#060' 6-max (real money) Seat #2 is the button
Seat 1: dhisvfo (22619, 9€ bounty)
Seat 2: CPASCOOLCOOL (19565, 9€ bounty)
Seat 3: torresmo123 (19235, 9€ bounty)
Seat 4: Ewanarm (15394, 9€ bounty)
Seat 5: S BenaMou (23710, 9€ bounty)
Seat 6: CuponFNX (27852, 9€ bounty)
*** ANTE/BLINDS ***
torresmo123 posts ante 35
Ewanarm posts ante 35
dhisvfo posts ante 35
CPASCOOLCOOL posts ante 35
S BenaMou posts ante 35
CuponFNX posts ante 35
torresmo123 posts small blind 150
Ewanarm posts big blind 300
Dealt to torresmo123 [Ks 3d]
*** PRE-FLOP *** 
S BenaMou folds
CuponFNX folds
dhisvfo folds
CPASCOOLCOOL raises 300 to 600
torresmo123 folds
Ewanarm calls 300
*** FLOP *** [Qc 8d 3c]
Ewanarm checks
CPASCOOLCOOL bets 546
Ewanarm folds
CPASCOOLCOOL collected 2106 from pot
*** SUMMARY ***
Total pot 2106 | No rake
Board: [Qc 8d 3c]
Seat 2: CPASCOOLCOOL (button) won 2106


Winamax Poker - Tournament "FLIPPER" buyIn: 18€ + 2€ level: 3 - HandId: #3193233568109166653-10-1707772386 - Holdem no limit (35/150/300) - 2024/02/12 21:13:06 UTC
Table: 'FLIPPER(743482627)#060' 6-max (real money) Seat #3 is the button
Seat 1: dhisvfo (22584, 9€ bounty)
Seat 2: CPASCOOLCOOL (20490, 9€ bounty)
Seat 3: torresmo123 (19050, 9€ bounty)
Seat 4: Ewanarm (14759, 9€ bounty)
Seat 5: S BenaMou (23675, 9€ bounty)
Seat 6: CuponFNX (27817, 9€ bounty)
*** ANTE/BLINDS ***
Ewanarm posts ante 35
S BenaMou posts ante 35
dhisvfo posts ante 35
CPASCOOLCOOL posts ante 35
torresmo123 posts ante 35
CuponFNX posts ante 35
Ewanarm posts small blind 150
S BenaMou posts big blind 300
Dealt to torresmo123 [Js 9h]
*** PRE-FLOP *** 
CuponFNX folds
dhisvfo raises 330 to 630
CPASCOOLCOOL folds
torresmo123 folds
Ewanarm folds
S BenaMou folds
dhisvfo collected 1290 from pot
*** SUMMARY ***
Total pot 1290 | No rake
Seat 1: dhisvfo won 1290


Winamax Poker - Tournament "FLIPPER" buyIn: 18€ + 2€ level: 3 - HandId: #3193233568109166653-11-1707772435 - Holdem no limit (35/150/300) - 2024/02/12 21:13:55 UTC
Table: 'FLIPPER(743482627)#060' 6-max (real money) Seat #4 is the button
Seat 1: dhisvfo (23209, 9€ bounty)
Seat 2: CPASCOOLCOOL (20455, 9€ bounty)
Seat 3: torresmo123 (19015, 9€ bounty)
Seat 4: Ewanarm (14574, 9€ bounty)
Seat 5: S BenaMou (23340, 9€ bounty)
Seat 6: CuponFNX (27782, 9€ bounty)
*** ANTE/BLINDS ***
S BenaMou posts ante 35
CuponFNX posts ante 35
dhisvfo posts ante 35
CPASCOOLCOOL posts ante 35
torresmo123 posts ante 35
Ewanarm posts ante 35
S BenaMou posts small blind 150
CuponFNX posts big blind 300
Dealt to torresmo123 [9c 9s]
*** PRE-FLOP *** 
dhisvfo raises 330 to 630
CPASCOOLCOOL folds
torresmo123 calls 630
Ewanarm folds
S BenaMou raises 2820 to 3450
CuponFNX folds
dhisvfo folds
torresmo123 calls 2820
*** FLOP *** [4c 5h 4h]
S BenaMou bets 2550
torresmo123 calls 2550
*** TURN *** [4c 5h 4h][Jc]
S BenaMou bets 17305 and is all-in
torresmo123 calls 12980 and is all-in
*** RIVER *** [4c 5h 4h Jc][3s]
*** SHOW DOWN ***
torresmo123 shows [9c 9s] (Two pairs : 9 and 4)
S BenaMou shows [Kd Kc] (Two pairs : Kings and 4)
S BenaMou collected 43425 from pot
*** SUMMARY ***
Total pot 43425 | No rake
Board: [4c 5h 4h Jc 3s]
Seat 3: torresmo123 showed [9c 9s] and lost with Two pairs : 9 and 4
Seat 5: S BenaMou (small blind) showed [Kd Kc] and won 43425 with Two pairs : Kings and 4


Winamax Poker - Tournament "FLIPPER" buyIn: 18€ + 2€ level: 3 - HandId: #3193233568109166621-53-1707772623 - Holdem no limit (35/150/300) - 2024/02/12 21:17:03 UTC
Table: 'FLIPPER(743482627)#028' 6-max (real money) Seat #3 is the button
Seat 1: LOKOTRON1312 (30857, 13.50€ bounty)
Seat 2: torresmo123 (20000, 9€ bounty)
Seat 3: YAKAPACHIER (60232, 18€ bounty)
Seat 5: Nonooo55 (39141, 13.50€ bounty)
Seat 6: yotsed11 (31915, 9€ bounty)
*** ANTE/BLINDS ***
Nonooo55 posts ante 35
yotsed11 posts ante 35
LOKOTRON1312 posts ante 35
torresmo123 posts ante 35
YAKAPACHIER posts ante 35
Nonooo55 posts small blind 150
yotsed11 posts big blind 300
Dealt to torresmo123 [9s 3s]
*** PRE-FLOP *** 
LOKOTRON1312 folds
torresmo123 folds
YAKAPACHIER raises 450 to 750
Nonooo55 folds
yotsed11 calls 450
*** FLOP *** [Ah Td 8s]
yotsed11 checks
YAKAPACHIER bets 602
yotsed11 raises 1758 to 2360
YAKAPACHIER folds
yotsed11 collected 4787 from pot
*** SUMMARY ***
Total pot 4787 | No rake
Board: [Ah Td 8s]
Seat 6: yotsed11 (big blind) won 4787


Winamax Poker - Tournament "FLIPPER" buyIn: 18€ + 2€ level: 4 - HandId: #3193233568109166621-54-1707772687 - Holdem no limit (40/175/350) - 2024/02/12 21:18:07 UTC
Table: 'FLIPPER(743482627)#028' 6-max (real money) Seat #5 is the button
Seat 1: LOKOTRON1312 (30822, 13.50€ bounty)
Seat 2: torresmo123 (19965, 9€ bounty)
Seat 3: YAKAPACHIER (58845, 18€ bounty)
Seat 5: Nonooo55 (38956, 13.50€ bounty)
Seat 6: yotsed11 (33557, 9€ bounty)
*** ANTE/BLINDS ***
yotsed11 posts ante 40
LOKOTRON1312 posts ante 40
torresmo123 posts ante 40
YAKAPACHIER posts ante 40
Nonooo55 posts ante 40
yotsed11 posts small blind 175
LOKOTRON1312 posts big blind 350
Dealt to torresmo123 [5s 9c]
*** PRE-FLOP *** 
torresmo123 folds
YAKAPACHIER folds
Nonooo55 raises 525 to 875
yotsed11 raises 2300 to 3175
LOKOTRON1312 folds
Nonooo55 raises 35741 to 38916 and is all-in
yotsed11 folds
Nonooo55 collected 42641 from pot
*** SUMMARY ***
Total pot 42641 | No rake
Seat 5: Nonooo55 (button) won 42641


Winamax Poker - Tournament "FLIPPER" buyIn: 18€ + 2€ level: 4 - HandId: #3193233568109166621-55-1707772725 - Holdem no limit (40/175/350) - 2024/02/12 21:18:45 UTC
Table: 'FLIPPER(743482627)#028' 6-max (real money) Seat #6 is the button
Seat 1: LOKOTRON1312 (30432, 13.50€ bounty)
Seat 2: torresmo123 (19925, 9€ bounty)
Seat 3: YAKAPACHIER (58805, 18€ bounty)
Seat 5: Nonooo55 (42641, 13.50€ bounty)
Seat 6: yotsed11 (30342, 9€ bounty)
*** ANTE/BLINDS ***
LOKOTRON1312 posts ante 40
torresmo123 posts ante 40
YAKAPACHIER posts ante 40
Nonooo55 posts ante 40
yotsed11 posts ante 40
LOKOTRON1312 posts small blind 175
torresmo123 posts big blind 350
Dealt to torresmo123 [Kc Js]
*** PRE-FLOP *** 
YAKAPACHIER folds
Nonooo55 folds
yotsed11 raises 525 to 875
LOKOTRON1312 calls 700
torresmo123 calls 525
*** FLOP *** [3h 5h Ts]
LOKOTRON1312 checks
torresmo123 checks
yotsed11 checks
*** TURN *** [3h 5h Ts][Ad]
LOKOTRON1312 checks
torresmo123 checks
yotsed11 bets 1836
LOKOTRON1312 calls 1836
torresmo123 folds
*** RIVER *** [3h 5h Ts Ad][4c]
LOKOTRON1312 checks
yotsed11 checks
*** SHOW DOWN ***
LOKOTRON1312 shows [9c Ac] (One pair : Aces)
yotsed11 shows [As 4d] (Two pairs : Aces and 4)
yotsed11 collected 6497 from pot
*** SUMMARY ***
Total pot 6497 | No rake
Board: [3h 5h Ts Ad 4c]
Seat 1: LOKOTRON1312 (small blind) showed [9c Ac] and lost with One pair : Aces
Seat 6: yotsed11 (button) showed [As 4d] and won 6497 with Two pairs : Aces and 4


Winamax Poker - Tournament "FLIPPER" buyIn: 18€ + 2€ level: 4 - HandId: #3193233568109166621-56-1707772814 - Holdem no limit (40/175/350) - 2024/02/12 21:20:14 UTC
Table: 'FLIPPER(743482627)#028' 6-max (real money) Seat #1 is the button
Seat 1: LOKOTRON1312 (27681, 13.50€ bounty)
Seat 2: torresmo123 (19010, 9€ bounty)
Seat 3: YAKAPACHIER (58765, 18€ bounty)
Seat 4: ShelbyWalk (20000, 9€ bounty)
Seat 5: Nonooo55 (42601, 13.50€ bounty)
Seat 6: yotsed11 (34088, 9€ bounty)
*** ANTE/BLINDS ***
torresmo123 posts ante 40
YAKAPACHIER posts ante 40
LOKOTRON1312 posts ante 40
ShelbyWalk posts ante 40
Nonooo55 posts ante 40
yotsed11 posts ante 40
torresmo123 posts small blind 175
YAKAPACHIER posts big blind 350
Dealt to torresmo123 [Th 6d]
*** PRE-FLOP *** 
ShelbyWalk folds
Nonooo55 raises 350 to 700
yotsed11 calls 700
LOKOTRON1312 folds
torresmo123 folds
YAKAPACHIER folds
*** FLOP *** [Ks Td Ad]
Nonooo55 bets 758
yotsed11 raises 796 to 1554
Nonooo55 calls 796
*** TURN *** [Ks Td Ad][Kh]
Nonooo55 checks
yotsed11 checks
*** RIVER *** [Ks Td Ad Kh][Kc]
Nonooo55 bets 1846
yotsed11 raises 8965 to 10811
Nonooo55 calls 8965
*** SHOW DOWN ***
Nonooo55 shows [Ac 7h] (Full of Kings and Aces)
yotsed11 shows [5c As] (Full of Kings and Aces)
yotsed11 collected 13448 from pot
Nonooo55 collected 13447 from pot
*** SUMMARY ***
Total pot 26895 | No rake
Board: [Ks Td Ad Kh Kc]
Seat 5: Nonooo55 showed [Ac 7h] and won 13447 with Full of Kings and Aces
Seat 6: yotsed11 showed [5c As] and won 13448 with Full of Kings and Aces


Winamax Poker - Tournament "FLIPPER" buyIn: 18€ + 2€ level: 4 - HandId: #3193233568109166621-57-1707772901 - Holdem no limit (40/175/350) - 2024/02/12 21:21:41 UTC
Table: 'FLIPPER(743482627)#028' 6-max (real money) Seat #2 is the button
Seat 1: LOKOTRON1312 (27641, 13.50€ bounty)
Seat 2: torresmo123 (18795, 9€ bounty)
Seat 3: YAKAPACHIER (58375, 18€ bounty)
Seat 4: ShelbyWalk (19960, 9€ bounty)
Seat 5: Nonooo55 (42943, 13.50€ bounty)
Seat 6: yotsed11 (34431, 9€ bounty)
*** ANTE/BLINDS ***
YAKAPACHIER posts ante 40
ShelbyWalk posts ante 40
LOKOTRON1312 posts ante 40
torresmo123 posts ante 40
Nonooo55 posts ante 40
yotsed11 posts ante 40
YAKAPACHIER posts small blind 175
ShelbyWalk posts big blind 350
Dealt to torresmo123 [6c Ts]
*** PRE-FLOP *** 
Nonooo55 folds
yotsed11 folds
LOKOTRON1312 folds
torresmo123 folds
YAKAPACHIER calls 175
ShelbyWalk checks
*** FLOP *** [Tc 5s 5h]
YAKAPACHIER bets 350
ShelbyWalk calls 350
*** TURN *** [Tc 5s 5h][Qh]
YAKAPACHIER checks
ShelbyWalk checks
*** RIVER *** [Tc 5s 5h Qh][9d]
YAKAPACHIER checks
ShelbyWalk bets 2975
YAKAPACHIER folds
ShelbyWalk collected 4615 from pot
*** SUMMARY ***
Total pot 4615 | No rake
Board: [Tc 5s 5h Qh 9d]
Seat 4: ShelbyWalk (big blind) won 4615


Winamax Poker - Tournament "FLIPPER" buyIn: 18€ + 2€ level: 4 - HandId: #3193233568109166621-58-1707773001 - Holdem no limit (40/175/350) - 2024/02/12 21:23:21 UTC
Table: 'FLIPPER(743482627)#028' 6-max (real money) Seat #3 is the button
Seat 1: LOKOTRON1312 (27601, 13.50€ bounty)
Seat 2: torresmo123 (18755, 9€ bounty)
Seat 3: YAKAPACHIER (57635, 18€ bounty)
Seat 4: ShelbyWalk (20860, 9€ bounty)
Seat 5: Nonooo55 (42903, 13.50€ bounty)
Seat 6: yotsed11 (34391, 9€ bounty)
*** ANTE/BLINDS ***
ShelbyWalk posts ante 40
Nonooo55 posts ante 40
LOKOTRON1312 posts ante 40
torresmo123 posts ante 40
YAKAPACHIER posts ante 40
yotsed11 posts ante 40
ShelbyWalk posts small blind 175
Nonooo55 posts big blind 350
Dealt to torresmo123 [2d 8h]
*** PRE-FLOP *** 
yotsed11 raises 1115 to 1465
LOKOTRON1312 folds
torresmo123 folds
YAKAPACHIER folds
ShelbyWalk raises 19355 to 20820 and is all-in
Nonooo55 folds
yotsed11 calls 19355
*** FLOP *** [6s 9s 4c]
*** TURN *** [6s 9s 4c][8c]
*** RIVER *** [6s 9s 4c 8c][9c]
*** SHOW DOWN ***
ShelbyWalk shows [Ks Ad] (One pair : 9)
yotsed11 shows [8d 7d] (Two pairs : 9 and 8)
yotsed11 collected 42230 from pot
*** SUMMARY ***
Total pot 42230 | No rake
Board: [6s 9s 4c 8c 9c]
Seat 4: ShelbyWalk (small blind) showed [Ks Ad] and lost with One pair : 9
Seat 6: yotsed11 showed [8d 7d] and won 42230 with Two pairs : 9 and 8


Winamax Poker - Tournament "FLIPPER" buyIn: 18€ + 2€ level: 4 - HandId: #3193233568109166621-59-1707773034 - Holdem no limit (40/175/350) - 2024/02/12 21:23:54 UTC
Table: 'FLIPPER(743482627)#028' 6-max (real money) Seat #4 is the button
Seat 1: LOKOTRON1312 (27561, 13.50€ bounty)
Seat 2: torresmo123 (18715, 9€ bounty)
Seat 3: YAKAPACHIER (57595, 18€ bounty)
Seat 5: Nonooo55 (42513, 13.50€ bounty)
Seat 6: yotsed11 (55761, 13.50€ bounty)
*** ANTE/BLINDS ***
Nonooo55 posts ante 40
yotsed11 posts ante 40
LOKOTRON1312 posts ante 40
torresmo123 posts ante 40
YAKAPACHIER posts ante 40
Nonooo55 posts small blind 175
yotsed11 posts big blind 350
Dealt to torresmo123 [Jh 5s]
*** PRE-FLOP *** 
LOKOTRON1312 folds
torresmo123 folds
YAKAPACHIER raises 525 to 875
Nonooo55 folds
yotsed11 raises 2125 to 3000
YAKAPACHIER calls 2125
*** FLOP *** [Qs 9c Qc]
yotsed11 bets 4144
YAKAPACHIER folds
yotsed11 collected 10519 from pot
*** SUMMARY ***
Total pot 10519 | No rake
Board: [Qs 9c Qc]
Seat 6: yotsed11 (big blind) won 10519


Winamax Poker - Tournament "FLIPPER" buyIn: 18€ + 2€ level: 5 - HandId: #3193233568109166621-60-1707773086 - Holdem no limit (50/200/400) - 2024/02/12 21:24:46 UTC
Table: 'FLIPPER(743482627)#028' 6-max (real money) Seat #5 is the button
Seat 1: LOKOTRON1312 (27521, 13.50€ bounty)
Seat 2: torresmo123 (18675, 9€ bounty)
Seat 3: YAKAPACHIER (54555, 18€ bounty)
Seat 5: Nonooo55 (42298, 13.50€ bounty)
Seat 6: yotsed11 (59096, 13.50€ bounty)
*** ANTE/BLINDS ***
yotsed11 posts ante 50
LOKOTRON1312 posts ante 50
torresmo123 posts ante 50
YAKAPACHIER posts ante 50
Nonooo55 posts ante 50
yotsed11 posts small blind 200
LOKOTRON1312 posts big blind 400
Dealt to torresmo123 [6c 4s]
*** PRE-FLOP *** 
torresmo123 folds
YAKAPACHIER raises 600 to 1000
Nonooo55 folds
yotsed11 calls 800
LOKOTRON1312 calls 600
*** FLOP *** [8h 2h Ad]
yotsed11 checks
LOKOTRON1312 checks
YAKAPACHIER bets 1073
yotsed11 calls 1073
LOKOTRON1312 folds
*** TURN *** [8h 2h Ad][3d]
yotsed11 checks
YAKAPACHIER checks
*** RIVER *** [8h 2h Ad 3d][Jd]
yotsed11 bets 3507
YAKAPACHIER folds
yotsed11 collected 8903 from pot
*** SUMMARY ***
Total pot 8903 | No rake
Board: [8h 2h Ad 3d Jd]
Seat 6: yotsed11 (small blind) won 8903


Winamax Poker - Tournament "FLIPPER" buyIn: 18€ + 2€ level: 5 - HandId: #3193233568109166621-61-1707773153 - Holdem no limit (50/200/400) - 2024/02/12 21:25:53 UTC
Table: 'FLIPPER(743482627)#028' 6-max (real money) Seat #6 is the button
Seat 1: LOKOTRON1312 (26471, 13.50€ bounty)
Seat 2: torresmo123 (18625, 9€ bounty)
Seat 3: YAKAPACHIER (52432, 18€ bounty)
Seat 5: Nonooo55 (42248, 13.50€ bounty)
Seat 6: yotsed11 (62369, 13.50€ bounty)
*** ANTE/BLINDS ***
LOKOTRON1312 posts ante 50
torresmo123 posts ante 50
YAKAPACHIER posts ante 50
Nonooo55 posts ante 50
yotsed11 posts ante 50
LOKOTRON1312 posts small blind 200
torresmo123 posts big blind 400
Dealt to torresmo123 [9h 8c]
*** PRE-FLOP *** 
YAKAPACHIER folds
Nonooo55 folds
yotsed11 folds
LOKOTRON1312 folds
torresmo123 collected 850 from pot
*** SUMMARY ***
Total pot 850 | No rake
Seat 2: torresmo123 (big blind) won 850


Winamax Poker - Tournament "FLIPPER" buyIn: 18€ + 2€ level: 5 - HandId: #3193233568109166621-62-1707773172 - Holdem no limit (50/200/400) - 2024/02/12 21:26:12 UTC
Table: 'FLIPPER(743482627)#028' 6-max (real money) Seat #1 is the button
Seat 1: LOKOTRON1312 (26221, 13.50€ bounty)
Seat 2: torresmo123 (19025, 9€ bounty)
Seat 3: YAKAPACHIER (52382, 18€ bounty)
Seat 5: Nonooo55 (42198, 13.50€ bounty)
Seat 6: yotsed11 (62319, 13.50€ bounty)
*** ANTE/BLINDS ***
torresmo123 posts ante 50
YAKAPACHIER posts ante 50
LOKOTRON1312 posts ante 50
Nonooo55 posts ante 50
yotsed11 posts ante 50
torresmo123 posts small blind 200
YAKAPACHIER posts big blind 400
Dealt to torresmo123 [5h 2d]
*** PRE-FLOP *** 
Nonooo55 raises 400 to 800
yotsed11 raises 2450 to 3250
LOKOTRON1312 folds
torresmo123 folds
YAKAPACHIER folds
Nonooo55 folds
yotsed11 collected 4900 from pot
*** SUMMARY ***
Total pot 4900 | No rake
Seat 6: yotsed11 won 4900


Winamax Poker - Tournament "FLIPPER" buyIn: 18€ + 2€ level: 5 - HandId: #3193233568109166621-63-1707773203 - Holdem no limit (50/200/400) - 2024/02/12 21:26:43 UTC
Table: 'FLIPPER(743482627)#028' 6-max (real money) Seat #2 is the button
Seat 1: LOKOTRON1312 (26171, 13.50€ bounty)
Seat 2: torresmo123 (18775, 9€ bounty)
Seat 3: YAKAPACHIER (51932, 18€ bounty)
Seat 5: Nonooo55 (41348, 13.50€ bounty)
Seat 6: yotsed11 (63919, 13.50€ bounty)
*** ANTE/BLINDS ***
YAKAPACHIER posts ante 50
Nonooo55 posts ante 50
LOKOTRON1312 posts ante 50
torresmo123 posts ante 50
yotsed11 posts ante 50
YAKAPACHIER posts small blind 200
Nonooo55 posts big blind 400
Dealt to torresmo123 [Kd Ad]
*** PRE-FLOP *** 
yotsed11 raises 600 to 1000
LOKOTRON1312 calls 1000
torresmo123 raises 17725 to 18725 and is all-in
YAKAPACHIER folds
Nonooo55 folds
yotsed11 folds
LOKOTRON1312 folds
torresmo123 collected 21575 from pot
*** SUMMARY ***
Total pot 21575 | No rake
Seat 2: torresmo123 (button) won 21575


Winamax Poker - Tournament "FLIPPER" buyIn: 18€ + 2€ level: 5 - HandId: #3193233568109166621-64-1707773235 - Holdem no limit (50/200/400) - 2024/02/12 21:27:15 UTC
Table: 'FLIPPER(743482627)#028' 6-max (real money) Seat #3 is the button
Seat 1: LOKOTRON1312 (25121, 13.50€ bounty)
Seat 2: torresmo123 (21575, 9€ bounty)
Seat 3: YAKAPACHIER (51682, 18€ bounty)
Seat 5: Nonooo55 (40898, 13.50€ bounty)
Seat 6: yotsed11 (62869, 13.50€ bounty)
*** ANTE/BLINDS ***
Nonooo55 posts ante 50
yotsed11 posts ante 50
LOKOTRON1312 posts ante 50
torresmo123 posts ante 50
YAKAPACHIER posts ante 50
Nonooo55 posts small blind 200
yotsed11 posts big blind 400
Dealt to torresmo123 [Ad 6h]
*** PRE-FLOP *** 
LOKOTRON1312 folds
torresmo123 raises 440 to 840
YAKAPACHIER calls 840
Nonooo55 calls 640
yotsed11 calls 440
*** FLOP *** [6c 8d 2c]
Nonooo55 checks
yotsed11 checks
torresmo123 checks
YAKAPACHIER checks
*** TURN *** [6c 8d 2c][3h]
Nonooo55 bets 1264
yotsed11 raises 3547 to 4811
torresmo123 folds
YAKAPACHIER folds
Nonooo55 folds
yotsed11 collected 9685 from pot
*** SUMMARY ***
Total pot 9685 | No rake
Board: [6c 8d 2c 3h]
Seat 6: yotsed11 (big blind) won 9685


Winamax Poker - Tournament "FLIPPER" buyIn: 18€ + 2€ level: 5 - HandId: #3193233568109166621-65-1707773287 - Holdem no limit (50/200/400) - 2024/02/12 21:28:07 UTC
Table: 'FLIPPER(743482627)#028' 6-max (real money) Seat #5 is the button
Seat 1: LOKOTRON1312 (25071, 13.50€ bounty)
Seat 2: torresmo123 (20685, 9€ bounty)
Seat 3: YAKAPACHIER (50792, 18€ bounty)
Seat 5: Nonooo55 (38744, 13.50€ bounty)
Seat 6: yotsed11 (66853, 13.50€ bounty)
*** ANTE/BLINDS ***
yotsed11 posts ante 50
LOKOTRON1312 posts ante 50
torresmo123 posts ante 50
YAKAPACHIER posts ante 50
Nonooo55 posts ante 50
yotsed11 posts small blind 200
LOKOTRON1312 posts big blind 400
Dealt to torresmo123 [6d Ts]
*** PRE-FLOP *** 
torresmo123 folds
YAKAPACHIER raises 600 to 1000
Nonooo55 folds
yotsed11 raises 2650 to 3650
LOKOTRON1312 folds
YAKAPACHIER calls 2650
*** FLOP *** [2s 9d Qc]
yotsed11 bets 5168
YAKAPACHIER calls 5168
*** TURN *** [2s 9d Qc][8c]
yotsed11 bets 11886
YAKAPACHIER calls 11886
*** RIVER *** [2s 9d Qc 8c][Ac]
yotsed11 bets 46099 and is all-in
YAKAPACHIER calls 30038 and is all-in
*** SHOW DOWN ***
YAKAPACHIER shows [2c 2d] (Trips of 2)
yotsed11 shows [Ah Ad] (Trips of Aces)
yotsed11 collected 118195 from pot
*** SUMMARY ***
Total pot 118195 | No rake
Board: [2s 9d Qc 8c Ac]
Seat 3: YAKAPACHIER showed [2c 2d] and lost with Trips of 2
Seat 6: yotsed11 (small blind) showed [Ah Ad] and won 118195 with Trips of Aces


Winamax Poker - Tournament "FLIPPER" buyIn: 18€ + 2€ level: 5 - HandId: #3193233568109166621-66-1707773360 - Holdem no limit (50/200/400) - 2024/02/12 21:29:20 UTC
Table: 'FLIPPER(743482627)#028' 6-max (real money) Seat #6 is the button
Seat 1: LOKOTRON1312 (24621, 13.50€ bounty)
Seat 2: torresmo123 (20635, 9€ bounty)
Seat 5: Nonooo55 (38694, 13.50€ bounty)
Seat 6: yotsed11 (118195, 22.50€ bounty)
*** ANTE/BLINDS ***
LOKOTRON1312 posts ante 50
torresmo123 posts ante 50
Nonooo55 posts ante 50
yotsed11 posts ante 50
LOKOTRON1312 posts small blind 200
torresmo123 posts big blind 400
Dealt to torresmo123 [5s 3h]
*** PRE-FLOP *** 
Nonooo55 folds
yotsed11 raises 600 to 1000
LOKOTRON1312 calls 800
torresmo123 calls 600
*** FLOP *** [5d As Qh]
LOKOTRON1312 checks
torresmo123 checks
yotsed11 bets 2080
LOKOTRON1312 calls 2080
torresmo123 folds
*** TURN *** [5d As Qh][3c]
LOKOTRON1312 checks
yotsed11 bets 4784
LOKOTRON1312 calls 4784
*** RIVER *** [5d As Qh 3c][5c]
LOKOTRON1312 checks
yotsed11 checks
*** SHOW DOWN ***
LOKOTRON1312 shows [Ah 6h] (Two pairs : Aces and 5)
yotsed11 shows [Ad 3d] (Two pairs : Aces and 5)
yotsed11 collected 8464 from pot
LOKOTRON1312 collected 8464 from pot
*** SUMMARY ***
Total pot 16928 | No rake
Board: [5d As Qh 3c 5c]
Seat 1: LOKOTRON1312 (small blind) showed [Ah 6h] and won 8464 with Two pairs : Aces and 5
Seat 6: yotsed11 (button) showed [Ad 3d] and won 8464 with Two pairs : Aces and 5


Winamax Poker - Tournament "FLIPPER" buyIn: 18€ + 2€ level: 6 - HandId: #3193233568109166621-67-1707773457 - Holdem no limit (60/250/500) - 2024/02/12 21:30:57 UTC
Table: 'FLIPPER(743482627)#028' 6-max (real money) Seat #1 is the button
Seat 1: LOKOTRON1312 (25171, 13.50€ bounty)
Seat 2: torresmo123 (19585, 9€ bounty)
Seat 3: Feerapoker (10139, 9€ bounty)
Seat 5: Nonooo55 (38644, 13.50€ bounty)
Seat 6: yotsed11 (118745, 22.50€ bounty)
*** ANTE/BLINDS ***
torresmo123 posts ante 60
Feerapoker posts ante 60
LOKOTRON1312 posts ante 60
Nonooo55 posts ante 60
yotsed11 posts ante 60
torresmo123 posts small blind 250
Feerapoker posts big blind 500
Dealt to torresmo123 [Qc 4h]
*** PRE-FLOP *** 
Nonooo55 folds
yotsed11 raises 750 to 1250
LOKOTRON1312 folds
torresmo123 folds
Feerapoker folds
yotsed11 collected 2300 from pot
*** SUMMARY ***
Total pot 2300 | No rake
Seat 6: yotsed11 won 2300


Winamax Poker - Tournament "FLIPPER" buyIn: 18€ + 2€ level: 6 - HandId: #3193233568109166621-68-1707773482 - Holdem no limit (60/250/500) - 2024/02/12 21:31:22 UTC
Table: 'FLIPPER(743482627)#028' 6-max (real money) Seat #2 is the button
Seat 1: LOKOTRON1312 (25111, 13.50€ bounty)
Seat 2: torresmo123 (19275, 9€ bounty)
Seat 3: Feerapoker (9579, 9€ bounty)
Seat 5: Nonooo55 (38584, 13.50€ bounty)
Seat 6: yotsed11 (119735, 22.50€ bounty)
*** ANTE/BLINDS ***
Feerapoker posts ante 60
Nonooo55 posts ante 60
LOKOTRON1312 posts ante 60
torresmo123 posts ante 60
yotsed11 posts ante 60
Feerapoker posts small blind 250
Nonooo55 posts big blind 500
Dealt to torresmo123 [8d Js]
*** PRE-FLOP *** 
yotsed11 raises 750 to 1250
LOKOTRON1312 folds
torresmo123 folds
Feerapoker folds
Nonooo55 raises 2500 to 3750
yotsed11 calls 2500
*** FLOP *** [Jd Ks 6h]
Nonooo55 bets 2818
yotsed11 calls 2818
*** TURN *** [Jd Ks 6h][2s]
Nonooo55 bets 4790
yotsed11 raises 17655 to 22445
Nonooo55 raises 9511 to 31956 and is all-in
yotsed11 calls 9511
*** RIVER *** [Jd Ks 6h 2s][Td]
*** SHOW DOWN ***
yotsed11 shows [9s Ad] (High card : Ace)
Nonooo55 shows [Jh As] (One pair : Jacks)
Nonooo55 collected 77598 from pot
*** SUMMARY ***
Total pot 77598 | No rake
Board: [Jd Ks 6h 2s Td]
Seat 5: Nonooo55 (big blind) showed [Jh As] and won 77598 with One pair : Jacks
Seat 6: yotsed11 showed [9s Ad] and lost with High card : Ace


Winamax Poker - Tournament "FLIPPER" buyIn: 18€ + 2€ level: 6 - HandId: #3193233568109166621-69-1707773567 - Holdem no limit (60/250/500) - 2024/02/12 21:32:47 UTC
Table: 'FLIPPER(743482627)#028' 6-max (real money) Seat #3 is the button
Seat 1: LOKOTRON1312 (25051, 13.50€ bounty)
Seat 2: torresmo123 (19215, 9€ bounty)
Seat 3: Feerapoker (9269, 9€ bounty)
Seat 5: Nonooo55 (77598, 13.50€ bounty)
Seat 6: yotsed11 (81151, 22.50€ bounty)
*** ANTE/BLINDS ***
Nonooo55 posts ante 60
yotsed11 posts ante 60
LOKOTRON1312 posts ante 60
torresmo123 posts ante 60
Feerapoker posts ante 60
Nonooo55 posts small blind 250
yotsed11 posts big blind 500
Dealt to torresmo123 [5c 8s]
*** PRE-FLOP *** 
LOKOTRON1312 folds
torresmo123 folds
Feerapoker folds
Nonooo55 calls 250
yotsed11 raises 1300 to 1800
Nonooo55 calls 1300
*** FLOP *** [Qc Qh 8h]
Nonooo55 checks
yotsed11 bets 3120
Nonooo55 calls 3120
*** TURN *** [Qc Qh 8h][6h]
Nonooo55 checks
yotsed11 bets 8112
Nonooo55 calls 8112
*** RIVER *** [Qc Qh 8h 6h][As]
Nonooo55 checks
yotsed11 bets 21091
Nonooo55 raises 43415 to 64506 and is all-in
yotsed11 folds
Nonooo55 collected 111961 from pot
*** SUMMARY ***
Total pot 111961 | No rake
Board: [Qc Qh 8h 6h As]
Seat 5: Nonooo55 (small blind) won 111961


Winamax Poker - Tournament "FLIPPER" buyIn: 18€ + 2€ level: 6 - HandId: #3193233568109166621-70-1707773621 - Holdem no limit (60/250/500) - 2024/02/12 21:33:41 UTC
Table: 'FLIPPER(743482627)#028' 6-max (real money) Seat #5 is the button
Seat 1: LOKOTRON1312 (24991, 13.50€ bounty)
Seat 2: torresmo123 (19155, 9€ bounty)
Seat 3: Feerapoker (9209, 9€ bounty)
Seat 5: Nonooo55 (111961, 13.50€ bounty)
Seat 6: yotsed11 (46968, 22.50€ bounty)
*** ANTE/BLINDS ***
yotsed11 posts ante 60
LOKOTRON1312 posts ante 60
torresmo123 posts ante 60
Feerapoker posts ante 60
Nonooo55 posts ante 60
yotsed11 posts small blind 250
LOKOTRON1312 posts big blind 500
Dealt to torresmo123 [6c 4c]
*** PRE-FLOP *** 
torresmo123 folds
Feerapoker folds
Nonooo55 raises 500 to 1000
yotsed11 raises 2800 to 3800
LOKOTRON1312 folds
Nonooo55 calls 2800
*** FLOP *** [3s Ad 6s]
yotsed11 bets 4200
Nonooo55 folds
yotsed11 collected 12600 from pot
*** SUMMARY ***
Total pot 12600 | No rake
Board: [3s Ad 6s]
Seat 6: yotsed11 (small blind) won 12600


Winamax Poker - Tournament "FLIPPER" buyIn: 18€ + 2€ level: 6 - HandId: #3193233568109166621-71-1707773677 - Holdem no limit (60/250/500) - 2024/02/12 21:34:37 UTC
Table: 'FLIPPER(743482627)#028' 6-max (real money) Seat #6 is the button
Seat 1: LOKOTRON1312 (24431, 13.50€ bounty)
Seat 2: torresmo123 (19095, 9€ bounty)
Seat 3: Feerapoker (9149, 9€ bounty)
Seat 4: IamTheFish01 (20000, 9€ bounty)
Seat 5: Nonooo55 (108101, 13.50€ bounty)
Seat 6: yotsed11 (51508, 22.50€ bounty)
*** ANTE/BLINDS ***
LOKOTRON1312 posts ante 60
torresmo123 posts ante 60
Feerapoker posts ante 60
IamTheFish01 posts ante 60
Nonooo55 posts ante 60
yotsed11 posts ante 60
LOKOTRON1312 posts small blind 250
torresmo123 posts big blind 500
Dealt to torresmo123 [Jh Ad]
*** PRE-FLOP *** 
Feerapoker raises 500 to 1000
IamTheFish01 folds
Nonooo55 folds
yotsed11 raises 1500 to 2500
LOKOTRON1312 folds
torresmo123 folds
Feerapoker folds
yotsed11 collected 4610 from pot
*** SUMMARY ***
Total pot 4610 | No rake
Seat 6: yotsed11 (button) won 4610


Winamax Poker - Tournament "FLIPPER" buyIn: 18€ + 2€ level: 6 - HandId: #3193233568109166621-72-1707773705 - Holdem no limit (60/250/500) - 2024/02/12 21:35:05 UTC
Table: 'FLIPPER(743482627)#028' 6-max (real money) Seat #1 is the button
Seat 1: LOKOTRON1312 (24121, 13.50€ bounty)
Seat 2: torresmo123 (18535, 9€ bounty)
Seat 3: Feerapoker (8089, 9€ bounty)
Seat 4: IamTheFish01 (19940, 9€ bounty)
Seat 5: Nonooo55 (108041, 13.50€ bounty)
Seat 6: yotsed11 (53558, 22.50€ bounty)
*** ANTE/BLINDS ***
torresmo123 posts ante 60
Feerapoker posts ante 60
LOKOTRON1312 posts ante 60
IamTheFish01 posts ante 60
Nonooo55 posts ante 60
yotsed11 posts ante 60
torresmo123 posts small blind 250
Feerapoker posts big blind 500
Dealt to torresmo123 [5d 2c]
*** PRE-FLOP *** 
IamTheFish01 folds
Nonooo55 folds
yotsed11 raises 750 to 1250
LOKOTRON1312 raises 2375 to 3625
torresmo123 folds
Feerapoker folds
yotsed11 calls 2375
*** FLOP *** [3h Ah Ks]
yotsed11 checks
LOKOTRON1312 checks
*** TURN *** [3h Ah Ks][Tc]
yotsed11 bets 4180
LOKOTRON1312 calls 4180
*** RIVER *** [3h Ah Ks Tc][Qs]
yotsed11 checks
LOKOTRON1312 bets 5352
yotsed11 raises 40341 to 45693 and is all-in
LOKOTRON1312 calls 10904 and is all-in
*** SHOW DOWN ***
LOKOTRON1312 shows [As Ac] (Trips of Aces)
yotsed11 shows [Qc 9c] (One pair : Queens)
yotsed11 collected 29437 from side pot 1
LOKOTRON1312 collected 49232 from main pot
*** SUMMARY ***
Total pot 78669 | No rake
Board: [3h Ah Ks Tc Qs]
Seat 1: LOKOTRON1312 (button) showed [As Ac] and won 49232 with Trips of Aces
Seat 6: yotsed11 showed [Qc 9c] and won 29437 with One pair : Queens


Winamax Poker - Tournament "FLIPPER" buyIn: 18€ + 2€ level: 7 - HandId: #3193233568109166621-73-1707773790 - Holdem no limit (70/300/600) - 2024/02/12 21:36:30 UTC
Table: 'FLIPPER(743482627)#028' 6-max (real money) Seat #2 is the button
Seat 1: LOKOTRON1312 (49232, 13.50€ bounty)
Seat 2: torresmo123 (18225, 9€ bounty)
Seat 3: Feerapoker (7529, 9€ bounty)
Seat 4: IamTheFish01 (19880, 9€ bounty)
Seat 5: Nonooo55 (107981, 13.50€ bounty)
Seat 6: yotsed11 (29437, 22.50€ bounty)
*** ANTE/BLINDS ***
Feerapoker posts ante 70
IamTheFish01 posts ante 70
LOKOTRON1312 posts ante 70
torresmo123 posts ante 70
Nonooo55 posts ante 70
yotsed11 posts ante 70
Feerapoker posts small blind 300
IamTheFish01 posts big blind 600
Dealt to torresmo123 [Th Jh]
*** PRE-FLOP *** 
Nonooo55 raises 600 to 1200
yotsed11 folds
LOKOTRON1312 folds
torresmo123 calls 1200
Feerapoker folds
IamTheFish01 calls 600
*** FLOP *** [Kd Ah 4d]
IamTheFish01 checks
Nonooo55 checks
torresmo123 checks
*** TURN *** [Kd Ah 4d][8d]
IamTheFish01 checks
Nonooo55 bets 2808
torresmo123 folds
IamTheFish01 folds
Nonooo55 collected 7128 from pot
*** SUMMARY ***
Total pot 7128 | No rake
Board: [Kd Ah 4d 8d]
Seat 5: Nonooo55 won 7128


Winamax Poker - Tournament "FLIPPER" buyIn: 18€ + 2€ level: 7 - HandId: #3193233568109166621-74-1707773847 - Holdem no limit (70/300/600) - 2024/02/12 21:37:27 UTC
Table: 'FLIPPER(743482627)#028' 6-max (real money) Seat #3 is the button
Seat 1: LOKOTRON1312 (49162, 13.50€ bounty)
Seat 2: torresmo123 (16955, 9€ bounty)
Seat 3: Feerapoker (7159, 9€ bounty)
Seat 4: IamTheFish01 (18610, 9€ bounty)
Seat 5: Nonooo55 (111031, 13.50€ bounty)
Seat 6: yotsed11 (29367, 22.50€ bounty)
*** ANTE/BLINDS ***
IamTheFish01 posts ante 70
Nonooo55 posts ante 70
LOKOTRON1312 posts ante 70
torresmo123 posts ante 70
Feerapoker posts ante 70
yotsed11 posts ante 70
IamTheFish01 posts small blind 300
Nonooo55 posts big blind 600
Dealt to torresmo123 [6h 6d]
*** PRE-FLOP *** 
yotsed11 raises 1920 to 2520
LOKOTRON1312 folds
torresmo123 folds
Feerapoker folds
IamTheFish01 folds
Nonooo55 calls 1920
*** FLOP *** [4h Ts 7h]
Nonooo55 checks
yotsed11 bets 2880
Nonooo55 raises 6480 to 9360
yotsed11 raises 17417 to 26777 and is all-in
Nonooo55 calls 17417
*** TURN *** [4h Ts 7h][2s]
*** RIVER *** [4h Ts 7h 2s][4c]
*** SHOW DOWN ***
yotsed11 shows [Jc 9c] (One pair : 4)
Nonooo55 shows [Kh Td] (Two pairs : Tens and 4)
Nonooo55 collected 59314 from pot
*** SUMMARY ***
Total pot 59314 | No rake
Board: [4h Ts 7h 2s 4c]
Seat 5: Nonooo55 (big blind) showed [Kh Td] and won 59314 with Two pairs : Tens and 4
Seat 6: yotsed11 showed [Jc 9c] and lost with One pair : 4


Winamax Poker - Tournament "FLIPPER" buyIn: 18€ + 2€ level: 7 - HandId: #3193233568109166621-75-1707773890 - Holdem no limit (70/300/600) - 2024/02/12 21:38:10 UTC
Table: 'FLIPPER(743482627)#028' 6-max (real money) Seat #4 is the button
Seat 1: LOKOTRON1312 (49092, 13.50€ bounty)
Seat 2: torresmo123 (16885, 9€ bounty)
Seat 3: Feerapoker (7089, 9€ bounty)
Seat 4: IamTheFish01 (18240, 9€ bounty)
Seat 5: Nonooo55 (140978, 24.75€ bounty)
*** ANTE/BLINDS ***
Nonooo55 posts ante 70
LOKOTRON1312 posts ante 70
torresmo123 posts ante 70
Feerapoker posts ante 70
IamTheFish01 posts ante 70
Nonooo55 posts small blind 300
LOKOTRON1312 posts big blind 600
Dealt to torresmo123 [Qd 3h]
*** PRE-FLOP *** 
torresmo123 folds
Feerapoker raises 6419 to 7019 and is all-in
IamTheFish01 folds
Nonooo55 folds
LOKOTRON1312 folds
Feerapoker collected 8269 from pot
*** SUMMARY ***
Total pot 8269 | No rake
Seat 3: Feerapoker won 8269


Winamax Poker - Tournament "FLIPPER" buyIn: 18€ + 2€ level: 7 - HandId: #3193233568109166621-76-1707773917 - Holdem no limit (70/300/600) - 2024/02/12 21:38:37 UTC
Table: 'FLIPPER(743482627)#028' 6-max (real money) Seat #5 is the button
Seat 1: LOKOTRON1312 (48422, 13.50€ bounty)
Seat 2: torresmo123 (16815, 9€ bounty)
Seat 3: Feerapoker (8269, 9€ bounty)
Seat 4: IamTheFish01 (18170, 9€ bounty)
Seat 5: Nonooo55 (140608, 24.75€ bounty)
*** ANTE/BLINDS ***
LOKOTRON1312 posts ante 70
torresmo123 posts ante 70
Feerapoker posts ante 70
IamTheFish01 posts ante 70
Nonooo55 posts ante 70
LOKOTRON1312 posts small blind 300
torresmo123 posts big blind 600
Dealt to torresmo123 [4h 3h]
*** PRE-FLOP *** 
Feerapoker folds
IamTheFish01 folds
Nonooo55 folds
LOKOTRON1312 folds
torresmo123 collected 1250 from pot
*** SUMMARY ***
Total pot 1250 | No rake
Seat 2: torresmo123 (big blind) won 1250


Winamax Poker - Tournament "FLIPPER" buyIn: 18€ + 2€ level: 7 - HandId: #3193233568109166621-77-1707773941 - Holdem no limit (70/300/600) - 2024/02/12 21:39:01 UTC
Table: 'FLIPPER(743482627)#028' 6-max (real money) Seat #1 is the button
Seat 1: LOKOTRON1312 (48052, 13.50€ bounty)
Seat 2: torresmo123 (17395, 9€ bounty)
Seat 3: Feerapoker (8199, 9€ bounty)
Seat 4: IamTheFish01 (18100, 9€ bounty)
Seat 5: Nonooo55 (140538, 24.75€ bounty)
*** ANTE/BLINDS ***
torresmo123 posts ante 70
Feerapoker posts ante 70
LOKOTRON1312 posts ante 70
IamTheFish01 posts ante 70
Nonooo55 posts ante 70
torresmo123 posts small blind 300
Feerapoker posts big blind 600
Dealt to torresmo123 [5h 3s]
*** PRE-FLOP *** 
IamTheFish01 folds
Nonooo55 folds
LOKOTRON1312 folds
torresmo123 calls 300
Feerapoker checks
*** FLOP *** [9h 3d 7h]
torresmo123 checks
Feerapoker checks
*** TURN *** [9h 3d 7h][Jd]
torresmo123 checks
Feerapoker bets 1240
torresmo123 calls 1240
*** RIVER *** [9h 3d 7h Jd][Qc]
torresmo123 checks
Feerapoker bets 1411
torresmo123 folds
Feerapoker collected 5441 from pot
*** SUMMARY ***
Total pot 5441 | No rake
Board: [9h 3d 7h Jd Qc]
Seat 3: Feerapoker (big blind) won 5441


Winamax Poker - Tournament "FLIPPER" buyIn: 18€ + 2€ level: 7 - HandId: #3193233568109166621-78-1707774055 - Holdem no limit (70/300/600) - 2024/02/12 21:40:55 UTC
Table: 'FLIPPER(743482627)#028' 6-max (real money) Seat #2 is the button
Seat 1: LOKOTRON1312 (47982, 13.50€ bounty)
Seat 2: torresmo123 (15485, 9€ bounty)
Seat 3: Feerapoker (10319, 9€ bounty)
Seat 4: IamTheFish01 (18030, 9€ bounty)
Seat 5: Nonooo55 (140468, 24.75€ bounty)
Seat 6: KarAABoudJan (20000, 9€ bounty)
*** ANTE/BLINDS ***
Feerapoker posts ante 70
IamTheFish01 posts ante 70
LOKOTRON1312 posts ante 70
torresmo123 posts ante 70
Nonooo55 posts ante 70
KarAABoudJan posts ante 70
Feerapoker posts small blind 300
IamTheFish01 posts big blind 600
Dealt to torresmo123 [2s 3c]
*** PRE-FLOP *** 
Nonooo55 folds
KarAABoudJan folds
LOKOTRON1312 raises 600 to 1200
torresmo123 folds
Feerapoker folds
IamTheFish01 calls 600
*** FLOP *** [6s 7h 3d]
IamTheFish01 checks
LOKOTRON1312 bets 780
IamTheFish01 folds
LOKOTRON1312 collected 3900 from pot
*** SUMMARY ***
Total pot 3900 | No rake
Board: [6s 7h 3d]
Seat 1: LOKOTRON1312 won 3900


Winamax Poker - Tournament "FLIPPER" buyIn: 18€ + 2€ level: 8 - HandId: #3193233568109166621-79-1707774134 - Holdem no limit (80/350/700) - 2024/02/12 21:42:14 UTC
Table: 'FLIPPER(743482627)#028' 6-max (real money) Seat #3 is the button
Seat 1: LOKOTRON1312 (49832, 13.50€ bounty)
Seat 2: torresmo123 (15415, 9€ bounty)
Seat 3: Feerapoker (9949, 9€ bounty)
Seat 4: IamTheFish01 (16760, 9€ bounty)
Seat 5: Nonooo55 (140398, 24.75€ bounty)
Seat 6: KarAABoudJan (19930, 9€ bounty)
*** ANTE/BLINDS ***
IamTheFish01 posts ante 80
Nonooo55 posts ante 80
LOKOTRON1312 posts ante 80
torresmo123 posts ante 80
Feerapoker posts ante 80
KarAABoudJan posts ante 80
IamTheFish01 posts small blind 350
Nonooo55 posts big blind 700
Dealt to torresmo123 [Kc Kh]
*** PRE-FLOP *** 
KarAABoudJan folds
LOKOTRON1312 raises 700 to 1400
torresmo123 raises 2100 to 3500
Feerapoker folds
IamTheFish01 folds
Nonooo55 folds
LOKOTRON1312 raises 46252 to 49752 and is all-in
torresmo123 calls 11835 and is all-in
*** FLOP *** [Ah Ac 6s]
*** TURN *** [Ah Ac 6s][6h]
*** RIVER *** [Ah Ac 6s 6h][Th]
*** SHOW DOWN ***
LOKOTRON1312 shows [8c 8d] (Two pairs : Aces and 8)
torresmo123 shows [Kc Kh] (Two pairs : Aces and Kings)
torresmo123 collected 32200 from main pot
LOKOTRON1312 collected 34417 from side pot 1
*** SUMMARY ***
Total pot 66617 | No rake
Board: [Ah Ac 6s 6h Th]
Seat 1: LOKOTRON1312 showed [8c 8d] and won 34417 with Two pairs : Aces and 8
Seat 2: torresmo123 showed [Kc Kh] and won 32200 with Two pairs : Aces and Kings


Winamax Poker - Tournament "FLIPPER" buyIn: 18€ + 2€ level: 8 - HandId: #3193233568109166621-80-1707774183 - Holdem no limit (80/350/700) - 2024/02/12 21:43:03 UTC
Table: 'FLIPPER(743482627)#028' 6-max (real money) Seat #4 is the button
Seat 1: LOKOTRON1312 (34417, 13.50€ bounty)
Seat 2: torresmo123 (32200, 9€ bounty)
Seat 3: Feerapoker (9869, 9€ bounty)
Seat 4: IamTheFish01 (16330, 9€ bounty)
Seat 5: Nonooo55 (139618, 24.75€ bounty)
Seat 6: KarAABoudJan (19850, 9€ bounty)
*** ANTE/BLINDS ***
Nonooo55 posts ante 80
KarAABoudJan posts ante 80
LOKOTRON1312 posts ante 80
torresmo123 posts ante 80
Feerapoker posts ante 80
IamTheFish01 posts ante 80
Nonooo55 posts small blind 350
KarAABoudJan posts big blind 700
Dealt to torresmo123 [Jh Js]
*** PRE-FLOP *** 
LOKOTRON1312 folds
torresmo123 raises 770 to 1470
Feerapoker folds
IamTheFish01 folds
Nonooo55 folds
KarAABoudJan folds
torresmo123 collected 3000 from pot
*** SUMMARY ***
Total pot 3000 | No rake
Seat 2: torresmo123 won 3000


Winamax Poker - Tournament "FLIPPER" buyIn: 18€ + 2€ level: 8 - HandId: #3193233568109166621-81-1707774210 - Holdem no limit (80/350/700) - 2024/02/12 21:43:30 UTC
Table: 'FLIPPER(743482627)#028' 6-max (real money) Seat #5 is the button
Seat 1: LOKOTRON1312 (34337, 13.50€ bounty)
Seat 2: torresmo123 (33650, 9€ bounty)
Seat 3: Feerapoker (9789, 9€ bounty)
Seat 4: IamTheFish01 (16250, 9€ bounty)
Seat 5: Nonooo55 (139188, 24.75€ bounty)
Seat 6: KarAABoudJan (19070, 9€ bounty)
*** ANTE/BLINDS ***
KarAABoudJan posts ante 80
LOKOTRON1312 posts ante 80
torresmo123 posts ante 80
Feerapoker posts ante 80
IamTheFish01 posts ante 80
Nonooo55 posts ante 80
KarAABoudJan posts small blind 350
LOKOTRON1312 posts big blind 700
Dealt to torresmo123 [Tc 6s]
*** PRE-FLOP *** 
torresmo123 folds
Feerapoker folds
IamTheFish01 raises 1050 to 1750
Nonooo55 calls 1750
KarAABoudJan folds
LOKOTRON1312 folds
*** FLOP *** [2h Qs Ks]
IamTheFish01 bets 1750
Nonooo55 folds
IamTheFish01 collected 6780 from pot
*** SUMMARY ***
Total pot 6780 | No rake
Board: [2h Qs Ks]
Seat 4: IamTheFish01 won 6780


Winamax Poker - Tournament "FLIPPER" buyIn: 18€ + 2€ level: 8 - HandId: #3193233568109166621-82-1707774268 - Holdem no limit (80/350/700) - 2024/02/12 21:44:28 UTC
Table: 'FLIPPER(743482627)#028' 6-max (real money) Seat #6 is the button
Seat 1: LOKOTRON1312 (33557, 13.50€ bounty)
Seat 2: torresmo123 (33570, 9€ bounty)
Seat 3: Feerapoker (9709, 9€ bounty)
Seat 4: IamTheFish01 (19450, 9€ bounty)
Seat 5: Nonooo55 (137358, 24.75€ bounty)
Seat 6: KarAABoudJan (18640, 9€ bounty)
*** ANTE/BLINDS ***
LOKOTRON1312 posts ante 80
torresmo123 posts ante 80
Feerapoker posts ante 80
IamTheFish01 posts ante 80
Nonooo55 posts ante 80
KarAABoudJan posts ante 80
LOKOTRON1312 posts small blind 350
torresmo123 posts big blind 700
Dealt to torresmo123 [3d Kd]
*** PRE-FLOP *** 
Feerapoker raises 8929 to 9629 and is all-in
IamTheFish01 folds
Nonooo55 folds
KarAABoudJan folds
LOKOTRON1312 folds
torresmo123 folds
Feerapoker collected 11159 from pot
*** SUMMARY ***
Total pot 11159 | No rake
Seat 3: Feerapoker won 11159


Winamax Poker - Tournament "FLIPPER" buyIn: 18€ + 2€ level: 8 - HandId: #3193233568109166621-83-1707774308 - Holdem no limit (80/350/700) - 2024/02/12 21:45:08 UTC
Table: 'FLIPPER(743482627)#028' 6-max (real money) Seat #1 is the button
Seat 1: LOKOTRON1312 (33127, 13.50€ bounty)
Seat 2: torresmo123 (32790, 9€ bounty)
Seat 3: Feerapoker (11159, 9€ bounty)
Seat 4: IamTheFish01 (19370, 9€ bounty)
Seat 5: Nonooo55 (137278, 24.75€ bounty)
Seat 6: KarAABoudJan (18560, 9€ bounty)
*** ANTE/BLINDS ***
torresmo123 posts ante 80
Feerapoker posts ante 80
LOKOTRON1312 posts ante 80
IamTheFish01 posts ante 80
Nonooo55 posts ante 80
KarAABoudJan posts ante 80
torresmo123 posts small blind 350
Feerapoker posts big blind 700
Dealt to torresmo123 [Jc 6s]
*** PRE-FLOP *** 
IamTheFish01 folds
Nonooo55 folds
KarAABoudJan folds
LOKOTRON1312 folds
torresmo123 raises 1050 to 1750
Feerapoker raises 9329 to 11079 and is all-in
torresmo123 folds
Feerapoker collected 13309 from pot
*** SUMMARY ***
Total pot 13309 | No rake
Seat 3: Feerapoker (big blind) won 13309


Winamax Poker - Tournament "FLIPPER" buyIn: 18€ + 2€ level: 8 - HandId: #3193233568109166621-84-1707774356 - Holdem no limit (80/350/700) - 2024/02/12 21:45:56 UTC
Table: 'FLIPPER(743482627)#028' 6-max (real money) Seat #2 is the button
Seat 1: LOKOTRON1312 (33047, 13.50€ bounty)
Seat 2: torresmo123 (30960, 9€ bounty)
Seat 3: Feerapoker (13309, 9€ bounty)
Seat 4: IamTheFish01 (19290, 9€ bounty)
Seat 5: Nonooo55 (137198, 24.75€ bounty)
Seat 6: KarAABoudJan (18480, 9€ bounty)
*** ANTE/BLINDS ***
Feerapoker posts ante 80
IamTheFish01 posts ante 80
LOKOTRON1312 posts ante 80
torresmo123 posts ante 80
Nonooo55 posts ante 80
KarAABoudJan posts ante 80
Feerapoker posts small blind 350
IamTheFish01 posts big blind 700
Dealt to torresmo123 [Jh 2s]
*** PRE-FLOP *** 
Nonooo55 folds
KarAABoudJan folds
LOKOTRON1312 raises 700 to 1400
torresmo123 folds
Feerapoker folds
IamTheFish01 calls 700
*** FLOP *** [6s 4c 7c]
IamTheFish01 checks
LOKOTRON1312 checks
*** TURN *** [6s 4c 7c][4h]
IamTheFish01 bets 1271
LOKOTRON1312 folds
IamTheFish01 collected 4901 from pot
*** SUMMARY ***
Total pot 4901 | No rake
Board: [6s 4c 7c 4h]
Seat 4: IamTheFish01 (big blind) won 4901


Winamax Poker - Tournament "FLIPPER" buyIn: 18€ + 2€ level: 8 - HandId: #3193233568109166621-85-1707774412 - Holdem no limit (80/350/700) - 2024/02/12 21:46:52 UTC
Table: 'FLIPPER(743482627)#028' 6-max (real money) Seat #3 is the button
Seat 1: LOKOTRON1312 (31567, 13.50€ bounty)
Seat 2: torresmo123 (30880, 9€ bounty)
Seat 3: Feerapoker (12879, 9€ bounty)
Seat 4: IamTheFish01 (21440, 9€ bounty)
Seat 5: Nonooo55 (137118, 24.75€ bounty)
Seat 6: KarAABoudJan (18400, 9€ bounty)
*** ANTE/BLINDS ***
IamTheFish01 posts ante 80
Nonooo55 posts ante 80
LOKOTRON1312 posts ante 80
torresmo123 posts ante 80
Feerapoker posts ante 80
KarAABoudJan posts ante 80
IamTheFish01 posts small blind 350
Nonooo55 posts big blind 700
Dealt to torresmo123 [9h 6d]
*** PRE-FLOP *** 
KarAABoudJan folds
LOKOTRON1312 folds
torresmo123 folds
Feerapoker folds
IamTheFish01 folds
Nonooo55 collected 1530 from pot
*** SUMMARY ***
Total pot 1530 | No rake
Seat 5: Nonooo55 (big blind) won 1530


Winamax Poker - Tournament "FLIPPER" buyIn: 18€ + 2€ level: 8 - HandId: #3193233568109166621-86-1707774438 - Holdem no limit (80/350/700) - 2024/02/12 21:47:18 UTC
Table: 'FLIPPER(743482627)#028' 6-max (real money) Seat #4 is the button
Seat 1: LOKOTRON1312 (31487, 13.50€ bounty)
Seat 2: torresmo123 (30800, 9€ bounty)
Seat 3: Feerapoker (12799, 9€ bounty)
Seat 4: IamTheFish01 (21010, 9€ bounty)
Seat 5: Nonooo55 (137868, 24.75€ bounty)
Seat 6: KarAABoudJan (18320, 9€ bounty)
*** ANTE/BLINDS ***
Nonooo55 posts ante 80
KarAABoudJan posts ante 80
LOKOTRON1312 posts ante 80
torresmo123 posts ante 80
Feerapoker posts ante 80
IamTheFish01 posts ante 80
Nonooo55 posts small blind 350
KarAABoudJan posts big blind 700
Dealt to torresmo123 [Ks Qs]
*** PRE-FLOP *** 
LOKOTRON1312 raises 700 to 1400
torresmo123 calls 1400
Feerapoker folds
IamTheFish01 calls 1400
Nonooo55 calls 1050
KarAABoudJan calls 700
*** FLOP *** [4s 9d Qc]
Nonooo55 checks
KarAABoudJan checks
LOKOTRON1312 checks
torresmo123 bets 1496
IamTheFish01 folds
Nonooo55 calls 1496
KarAABoudJan folds
LOKOTRON1312 raises 4266 to 5762
torresmo123 calls 4266
Nonooo55 folds
*** TURN *** [4s 9d Qc][2d]
LOKOTRON1312 bets 6475
torresmo123 calls 6475
*** RIVER *** [4s 9d Qc 2d][As]
LOKOTRON1312 bets 17770 and is all-in
torresmo123 calls 17083 and is all-in
*** SHOW DOWN ***
torresmo123 shows [Ks Qs] (One pair : Queens)
LOKOTRON1312 shows [3d Ad] (One pair : Aces)
LOKOTRON1312 collected 68303 from pot
*** SUMMARY ***
Total pot 68303 | No rake
Board: [4s 9d Qc 2d As]
Seat 1: LOKOTRON1312 showed [3d Ad] and won 68303 with One pair : Aces
Seat 2: torresmo123 showed [Ks Qs] and lost with One pair : Queens


