Winamax Poker - Tournament "PRIME TIME" buyIn: 45€ + 5€ level: 2 - HandId: #3196806993784340586-10-1707941615 - Holdem no limit (30/125/250) - 2024/02/14 20:13:35 UTC
Table: 'PRIME TIME(744314630)#0105' 6-max (real money) Seat #1 is the button
Seat 1: Treborino (19970, 22.50€ bounty)
Seat 2: G Bardini (53691, 22.50€ bounty)
Seat 3: AF Jokers (16607, 33.75€ bounty)
Seat 4: P Pulsiano_o (18775, 22.50€ bounty)
Seat 5: Turolense (13770, 22.50€ bounty)
Seat 6: torresmo123 (20000, 22.50€ bounty)
*** ANTE/BLINDS ***
G Bardini posts ante 30
AF Jokers posts ante 30
Treborino posts ante 30
P Pulsiano_o posts ante 30
Turolense posts ante 30
torresmo123 posts ante 30
G Bardini posts small blind 125
AF Jokers posts big blind 250
Dealt to torresmo123 [5h 2c]
*** PRE-FLOP *** 
P Pulsiano_o folds
Turolense folds
torresmo123 folds
Treborino raises 250 to 500
G Bardini calls 375
AF Jokers folds
*** FLOP *** [9c 6s Jd]
G Bardini checks
Treborino bets 429
G Bardini calls 429
*** TURN *** [9c 6s Jd][Kh]
G Bardini checks
Treborino bets 1716
G Bardini calls 1716
*** RIVER *** [9c 6s Jd Kh][Ad]
G Bardini checks
Treborino checks
*** SHOW DOWN ***
G Bardini shows [Jc 8c] (One pair : Jacks)
Treborino shows [Qs Kc] (One pair : Kings)
Treborino collected 5720 from pot
*** SUMMARY ***
Total pot 5720 | No rake
Board: [9c 6s Jd Kh Ad]
Seat 1: Treborino (button) showed [Qs Kc] and won 5720 with One pair : Kings
Seat 2: G Bardini (small blind) showed [Jc 8c] and lost with One pair : Jacks


Winamax Poker - Tournament "PRIME TIME" buyIn: 45€ + 5€ level: 2 - HandId: #3196806993784340586-11-1707941683 - Holdem no limit (30/125/250) - 2024/02/14 20:14:43 UTC
Table: 'PRIME TIME(744314630)#0105' 6-max (real money) Seat #2 is the button
Seat 1: Treborino (23015, 22.50€ bounty)
Seat 2: G Bardini (51016, 22.50€ bounty)
Seat 3: AF Jokers (16327, 33.75€ bounty)
Seat 4: P Pulsiano_o (18745, 22.50€ bounty)
Seat 5: Turolense (13740, 22.50€ bounty)
Seat 6: torresmo123 (19970, 22.50€ bounty)
*** ANTE/BLINDS ***
AF Jokers posts ante 30
P Pulsiano_o posts ante 30
Treborino posts ante 30
G Bardini posts ante 30
Turolense posts ante 30
torresmo123 posts ante 30
AF Jokers posts small blind 125
P Pulsiano_o posts big blind 250
Dealt to torresmo123 [8d 2s]
*** PRE-FLOP *** 
Turolense raises 250 to 500
torresmo123 folds
Treborino folds
G Bardini folds
AF Jokers folds
P Pulsiano_o calls 250
*** FLOP *** [7h 9c Ks]
P Pulsiano_o checks
Turolense bets 457
P Pulsiano_o folds
Turolense collected 1762 from pot
*** SUMMARY ***
Total pot 1762 | No rake
Board: [7h 9c Ks]
Seat 5: Turolense won 1762


Winamax Poker - Tournament "PRIME TIME" buyIn: 45€ + 5€ level: 2 - HandId: #3196806993784340586-12-1707941715 - Holdem no limit (30/125/250) - 2024/02/14 20:15:15 UTC
Table: 'PRIME TIME(744314630)#0105' 6-max (real money) Seat #3 is the button
Seat 1: Treborino (22985, 22.50€ bounty)
Seat 2: G Bardini (50986, 22.50€ bounty)
Seat 3: AF Jokers (16172, 33.75€ bounty)
Seat 4: P Pulsiano_o (18215, 22.50€ bounty)
Seat 5: Turolense (14515, 22.50€ bounty)
Seat 6: torresmo123 (19940, 22.50€ bounty)
*** ANTE/BLINDS ***
P Pulsiano_o posts ante 30
Turolense posts ante 30
Treborino posts ante 30
G Bardini posts ante 30
AF Jokers posts ante 30
torresmo123 posts ante 30
P Pulsiano_o posts small blind 125
Turolense posts big blind 250
Dealt to torresmo123 [Ts Kh]
*** PRE-FLOP *** 
torresmo123 raises 275 to 525
Treborino folds
G Bardini calls 525
AF Jokers folds
P Pulsiano_o folds
Turolense calls 275
*** FLOP *** [2d 5d Jc]
Turolense checks
torresmo123 checks
G Bardini bets 620
Turolense folds
torresmo123 folds
G Bardini collected 2500 from pot
*** SUMMARY ***
Total pot 2500 | No rake
Board: [2d 5d Jc]
Seat 2: G Bardini won 2500


Winamax Poker - Tournament "PRIME TIME" buyIn: 45€ + 5€ level: 2 - HandId: #3196806993784340586-13-1707941764 - Holdem no limit (30/125/250) - 2024/02/14 20:16:04 UTC
Table: 'PRIME TIME(744314630)#0105' 6-max (real money) Seat #4 is the button
Seat 1: Treborino (22955, 22.50€ bounty)
Seat 2: G Bardini (52311, 22.50€ bounty)
Seat 3: AF Jokers (16142, 33.75€ bounty)
Seat 4: P Pulsiano_o (18060, 22.50€ bounty)
Seat 5: Turolense (13960, 22.50€ bounty)
Seat 6: torresmo123 (19385, 22.50€ bounty)
*** ANTE/BLINDS ***
Turolense posts ante 30
torresmo123 posts ante 30
Treborino posts ante 30
G Bardini posts ante 30
AF Jokers posts ante 30
P Pulsiano_o posts ante 30
Turolense posts small blind 125
torresmo123 posts big blind 250
Dealt to torresmo123 [9s Jc]
*** PRE-FLOP *** 
Treborino folds
G Bardini folds
AF Jokers folds
P Pulsiano_o folds
Turolense calls 125
torresmo123 raises 625 to 875
Turolense calls 625
*** FLOP *** [7c 4s 4d]
Turolense checks
torresmo123 bets 386
Turolense calls 386
*** TURN *** [7c 4s 4d][8h]
Turolense checks
torresmo123 bets 2297
Turolense folds
torresmo123 collected 4999 from pot
*** SUMMARY ***
Total pot 4999 | No rake
Board: [7c 4s 4d 8h]
Seat 6: torresmo123 (big blind) won 4999


Winamax Poker - Tournament "PRIME TIME" buyIn: 45€ + 5€ level: 2 - HandId: #3196806993784340586-14-1707941817 - Holdem no limit (30/125/250) - 2024/02/14 20:16:57 UTC
Table: 'PRIME TIME(744314630)#0105' 6-max (real money) Seat #5 is the button
Seat 1: Treborino (22925, 22.50€ bounty)
Seat 2: G Bardini (52281, 22.50€ bounty)
Seat 3: AF Jokers (16112, 33.75€ bounty)
Seat 4: P Pulsiano_o (18030, 22.50€ bounty)
Seat 5: Turolense (12669, 22.50€ bounty)
Seat 6: torresmo123 (20796, 22.50€ bounty)
*** ANTE/BLINDS ***
torresmo123 posts ante 30
Treborino posts ante 30
G Bardini posts ante 30
AF Jokers posts ante 30
P Pulsiano_o posts ante 30
Turolense posts ante 30
torresmo123 posts small blind 125
Treborino posts big blind 250
Dealt to torresmo123 [Qh 9s]
*** PRE-FLOP *** 
G Bardini raises 275 to 525
AF Jokers calls 525
P Pulsiano_o folds
Turolense folds
torresmo123 folds
Treborino folds
*** FLOP *** [6c 4d 2d]
G Bardini checks
AF Jokers bets 1043
G Bardini calls 1043
*** TURN *** [6c 4d 2d][3d]
G Bardini checks
AF Jokers bets 2399
G Bardini folds
AF Jokers collected 6090 from pot
*** SUMMARY ***
Total pot 6090 | No rake
Board: [6c 4d 2d 3d]
Seat 3: AF Jokers won 6090


Winamax Poker - Tournament "PRIME TIME" buyIn: 45€ + 5€ level: 2 - HandId: #3196806993784340586-15-1707941856 - Holdem no limit (30/125/250) - 2024/02/14 20:17:36 UTC
Table: 'PRIME TIME(744314630)#0105' 6-max (real money) Seat #6 is the button
Seat 1: Treborino (22645, 22.50€ bounty)
Seat 2: G Bardini (50683, 22.50€ bounty)
Seat 3: AF Jokers (18205, 33.75€ bounty)
Seat 4: P Pulsiano_o (18000, 22.50€ bounty)
Seat 5: Turolense (12639, 22.50€ bounty)
Seat 6: torresmo123 (20641, 22.50€ bounty)
*** ANTE/BLINDS ***
Treborino posts ante 30
G Bardini posts ante 30
AF Jokers posts ante 30
P Pulsiano_o posts ante 30
Turolense posts ante 30
torresmo123 posts ante 30
Treborino posts small blind 125
G Bardini posts big blind 250
Dealt to torresmo123 [6s 7s]
*** PRE-FLOP *** 
AF Jokers folds
P Pulsiano_o raises 300 to 550
Turolense folds
torresmo123 raises 1238 to 1788
Treborino folds
G Bardini folds
P Pulsiano_o folds
torresmo123 collected 2893 from pot
*** SUMMARY ***
Total pot 2893 | No rake
Seat 6: torresmo123 (button) won 2893


Winamax Poker - Tournament "PRIME TIME" buyIn: 45€ + 5€ level: 3 - HandId: #3196806993784340586-16-1707941895 - Holdem no limit (35/150/300) - 2024/02/14 20:18:15 UTC
Table: 'PRIME TIME(744314630)#0105' 6-max (real money) Seat #1 is the button
Seat 1: Treborino (22490, 22.50€ bounty)
Seat 2: G Bardini (50403, 22.50€ bounty)
Seat 3: AF Jokers (18175, 33.75€ bounty)
Seat 4: P Pulsiano_o (17420, 22.50€ bounty)
Seat 5: Turolense (12609, 22.50€ bounty)
Seat 6: torresmo123 (21716, 22.50€ bounty)
*** ANTE/BLINDS ***
G Bardini posts ante 35
AF Jokers posts ante 35
Treborino posts ante 35
P Pulsiano_o posts ante 35
Turolense posts ante 35
torresmo123 posts ante 35
G Bardini posts small blind 150
AF Jokers posts big blind 300
Dealt to torresmo123 [Td 3c]
*** PRE-FLOP *** 
P Pulsiano_o raises 360 to 660
Turolense folds
torresmo123 folds
Treborino folds
G Bardini folds
AF Jokers calls 360
*** FLOP *** [Ts Qs 9d]
AF Jokers checks
P Pulsiano_o bets 300
AF Jokers calls 300
*** TURN *** [Ts Qs 9d][9s]
AF Jokers checks
P Pulsiano_o checks
*** RIVER *** [Ts Qs 9d 9s][Ks]
AF Jokers bets 1482
P Pulsiano_o calls 1482
*** SHOW DOWN ***
AF Jokers shows [Ad 2d] (One pair : 9)
P Pulsiano_o shows [6s 6c] (Flush King high)
P Pulsiano_o collected 5244 from pot
*** SUMMARY ***
Total pot 5244 | No rake
Board: [Ts Qs 9d 9s Ks]
Seat 3: AF Jokers (big blind) showed [Ad 2d] and lost with One pair : 9
Seat 4: P Pulsiano_o showed [6s 6c] and won 5244 with Flush King high


Winamax Poker - Tournament "PRIME TIME" buyIn: 45€ + 5€ level: 3 - HandId: #3196806993784340586-17-1707941962 - Holdem no limit (35/150/300) - 2024/02/14 20:19:22 UTC
Table: 'PRIME TIME(744314630)#0105' 6-max (real money) Seat #2 is the button
Seat 1: Treborino (22455, 22.50€ bounty)
Seat 2: G Bardini (50218, 22.50€ bounty)
Seat 3: AF Jokers (15698, 33.75€ bounty)
Seat 4: P Pulsiano_o (20187, 22.50€ bounty)
Seat 5: Turolense (12574, 22.50€ bounty)
Seat 6: torresmo123 (21681, 22.50€ bounty)
*** ANTE/BLINDS ***
AF Jokers posts ante 35
P Pulsiano_o posts ante 35
Treborino posts ante 35
G Bardini posts ante 35
Turolense posts ante 35
torresmo123 posts ante 35
AF Jokers posts small blind 150
P Pulsiano_o posts big blind 300
Dealt to torresmo123 [Qs 7h]
*** PRE-FLOP *** 
Turolense raises 300 to 600
torresmo123 folds
Treborino folds
G Bardini folds
AF Jokers calls 450
P Pulsiano_o calls 300
*** FLOP *** [5c 6d Kc]
AF Jokers checks
P Pulsiano_o checks
Turolense bets 503
AF Jokers folds
P Pulsiano_o calls 503
*** TURN *** [5c 6d Kc][Ah]
P Pulsiano_o checks
Turolense bets 2413
P Pulsiano_o folds
Turolense collected 5429 from pot
*** SUMMARY ***
Total pot 5429 | No rake
Board: [5c 6d Kc Ah]
Seat 5: Turolense won 5429


Winamax Poker - Tournament "PRIME TIME" buyIn: 45€ + 5€ level: 3 - HandId: #3196806993784340586-18-1707942027 - Holdem no limit (35/150/300) - 2024/02/14 20:20:27 UTC
Table: 'PRIME TIME(744314630)#0105' 6-max (real money) Seat #3 is the button
Seat 1: Treborino (22420, 22.50€ bounty)
Seat 2: G Bardini (50183, 22.50€ bounty)
Seat 3: AF Jokers (15063, 33.75€ bounty)
Seat 4: P Pulsiano_o (19049, 22.50€ bounty)
Seat 5: Turolense (14452, 22.50€ bounty)
Seat 6: torresmo123 (21646, 22.50€ bounty)
*** ANTE/BLINDS ***
P Pulsiano_o posts ante 35
Turolense posts ante 35
Treborino posts ante 35
G Bardini posts ante 35
AF Jokers posts ante 35
torresmo123 posts ante 35
P Pulsiano_o posts small blind 150
Turolense posts big blind 300
Dealt to torresmo123 [3s Kh]
*** PRE-FLOP *** 
torresmo123 folds
Treborino folds
G Bardini folds
AF Jokers folds
P Pulsiano_o calls 150
Turolense checks
*** FLOP *** [8s Qs Kc]
P Pulsiano_o checks
Turolense checks
*** TURN *** [8s Qs Kc][7s]
P Pulsiano_o checks
Turolense checks
*** RIVER *** [8s Qs Kc 7s][9c]
P Pulsiano_o checks
Turolense checks
*** SHOW DOWN ***
Turolense shows [7d 4c] (One pair : 7)
P Pulsiano_o shows [5s 8c] (One pair : 8)
P Pulsiano_o collected 810 from pot
*** SUMMARY ***
Total pot 810 | No rake
Board: [8s Qs Kc 7s 9c]
Seat 4: P Pulsiano_o (small blind) showed [5s 8c] and won 810 with One pair : 8
Seat 5: Turolense (big blind) showed [7d 4c] and lost with One pair : 7


Winamax Poker - Tournament "PRIME TIME" buyIn: 45€ + 5€ level: 3 - HandId: #3196806993784340586-19-1707942107 - Holdem no limit (35/150/300) - 2024/02/14 20:21:47 UTC
Table: 'PRIME TIME(744314630)#0105' 6-max (real money) Seat #4 is the button
Seat 1: Treborino (22385, 22.50€ bounty)
Seat 2: G Bardini (50148, 22.50€ bounty)
Seat 3: AF Jokers (15028, 33.75€ bounty)
Seat 4: P Pulsiano_o (19524, 22.50€ bounty)
Seat 5: Turolense (14117, 22.50€ bounty)
Seat 6: torresmo123 (21611, 22.50€ bounty)
*** ANTE/BLINDS ***
Turolense posts ante 35
torresmo123 posts ante 35
Treborino posts ante 35
G Bardini posts ante 35
AF Jokers posts ante 35
P Pulsiano_o posts ante 35
Turolense posts small blind 150
torresmo123 posts big blind 300
Dealt to torresmo123 [As Kd]
*** PRE-FLOP *** 
Treborino raises 300 to 600
G Bardini folds
AF Jokers folds
P Pulsiano_o folds
Turolense folds
torresmo123 raises 2250 to 2850
Treborino calls 2250
*** FLOP *** [Ad Jd 5s]
torresmo123 bets 1500
Treborino folds
torresmo123 collected 7560 from pot
*** SUMMARY ***
Total pot 7560 | No rake
Board: [Ad Jd 5s]
Seat 6: torresmo123 (big blind) won 7560


Winamax Poker - Tournament "PRIME TIME" buyIn: 45€ + 5€ level: 3 - HandId: #3196806993784340586-20-1707942155 - Holdem no limit (35/150/300) - 2024/02/14 20:22:35 UTC
Table: 'PRIME TIME(744314630)#0105' 6-max (real money) Seat #5 is the button
Seat 1: Treborino (19500, 22.50€ bounty)
Seat 2: G Bardini (50113, 22.50€ bounty)
Seat 3: AF Jokers (14993, 33.75€ bounty)
Seat 4: P Pulsiano_o (19489, 22.50€ bounty)
Seat 5: Turolense (13932, 22.50€ bounty)
Seat 6: torresmo123 (24786, 22.50€ bounty)
*** ANTE/BLINDS ***
torresmo123 posts ante 35
Treborino posts ante 35
G Bardini posts ante 35
AF Jokers posts ante 35
P Pulsiano_o posts ante 35
Turolense posts ante 35
torresmo123 posts small blind 150
Treborino posts big blind 300
Dealt to torresmo123 [Jc 3h]
*** PRE-FLOP *** 
G Bardini folds
AF Jokers calls 300
P Pulsiano_o folds
Turolense raises 750 to 1050
torresmo123 folds
Treborino folds
AF Jokers calls 750
*** FLOP *** [Js 2h Jh]
AF Jokers checks
Turolense checks
*** TURN *** [Js 2h Jh][8h]
AF Jokers checks
Turolense bets 966
AF Jokers raises 1014 to 1980
Turolense calls 1014
*** RIVER *** [Js 2h Jh 8h][8s]
AF Jokers bets 4368
Turolense raises 6499 to 10867 and is all-in
AF Jokers folds
Turolense collected 21955 from pot
*** SUMMARY ***
Total pot 21955 | No rake
Board: [Js 2h Jh 8h 8s]
Seat 5: Turolense (button) won 21955


Winamax Poker - Tournament "PRIME TIME" buyIn: 45€ + 5€ level: 3 - HandId: #3196806993784340586-21-1707942228 - Holdem no limit (35/150/300) - 2024/02/14 20:23:48 UTC
Table: 'PRIME TIME(744314630)#0105' 6-max (real money) Seat #6 is the button
Seat 1: Treborino (19165, 22.50€ bounty)
Seat 2: G Bardini (50078, 22.50€ bounty)
Seat 3: AF Jokers (7560, 33.75€ bounty)
Seat 4: P Pulsiano_o (19454, 22.50€ bounty)
Seat 5: Turolense (21955, 22.50€ bounty)
Seat 6: torresmo123 (24601, 22.50€ bounty)
*** ANTE/BLINDS ***
Treborino posts ante 35
G Bardini posts ante 35
AF Jokers posts ante 35
P Pulsiano_o posts ante 35
Turolense posts ante 35
torresmo123 posts ante 35
Treborino posts small blind 150
G Bardini posts big blind 300
Dealt to torresmo123 [Ac Qs]
*** PRE-FLOP *** 
AF Jokers folds
P Pulsiano_o folds
Turolense folds
torresmo123 raises 375 to 675
Treborino folds
G Bardini calls 375
*** FLOP *** [Kh 5d 6s]
G Bardini checks
torresmo123 bets 342
G Bardini calls 342
*** TURN *** [Kh 5d 6s][6h]
G Bardini bets 790
torresmo123 calls 790
*** RIVER *** [Kh 5d 6s 6h][2d]
G Bardini checks
torresmo123 bets 3378
G Bardini folds
torresmo123 collected 7352 from pot
*** SUMMARY ***
Total pot 7352 | No rake
Board: [Kh 5d 6s 6h 2d]
Seat 6: torresmo123 (button) won 7352


Winamax Poker - Tournament "PRIME TIME" buyIn: 45€ + 5€ level: 3 - HandId: #3196806993784340586-22-1707942299 - Holdem no limit (35/150/300) - 2024/02/14 20:24:59 UTC
Table: 'PRIME TIME(744314630)#0105' 6-max (real money) Seat #1 is the button
Seat 1: Treborino (18980, 22.50€ bounty)
Seat 2: G Bardini (48236, 22.50€ bounty)
Seat 3: AF Jokers (7525, 33.75€ bounty)
Seat 4: P Pulsiano_o (19419, 22.50€ bounty)
Seat 5: Turolense (21920, 22.50€ bounty)
Seat 6: torresmo123 (26733, 22.50€ bounty)
*** ANTE/BLINDS ***
G Bardini posts ante 35
AF Jokers posts ante 35
Treborino posts ante 35
P Pulsiano_o posts ante 35
Turolense posts ante 35
torresmo123 posts ante 35
G Bardini posts small blind 150
AF Jokers posts big blind 300
Dealt to torresmo123 [Td 3s]
*** PRE-FLOP *** 
P Pulsiano_o folds
Turolense raises 300 to 600
torresmo123 folds
Treborino folds
G Bardini folds
AF Jokers calls 300
*** FLOP *** [3c 4c 9h]
AF Jokers checks
Turolense checks
*** TURN *** [3c 4c 9h][Tc]
AF Jokers checks
Turolense bets 546
AF Jokers calls 546
*** RIVER *** [3c 4c 9h Tc][7d]
AF Jokers bets 2652
Turolense folds
AF Jokers collected 5304 from pot
*** SUMMARY ***
Total pot 5304 | No rake
Board: [3c 4c 9h Tc 7d]
Seat 3: AF Jokers (big blind) won 5304


Winamax Poker - Tournament "PRIME TIME" buyIn: 45€ + 5€ level: 4 - HandId: #3196806993784340586-23-1707942339 - Holdem no limit (40/175/350) - 2024/02/14 20:25:39 UTC
Table: 'PRIME TIME(744314630)#0105' 6-max (real money) Seat #2 is the button
Seat 1: Treborino (18945, 22.50€ bounty)
Seat 2: G Bardini (48051, 22.50€ bounty)
Seat 3: AF Jokers (8996, 33.75€ bounty)
Seat 4: P Pulsiano_o (19384, 22.50€ bounty)
Seat 5: Turolense (20739, 22.50€ bounty)
Seat 6: torresmo123 (26698, 22.50€ bounty)
*** ANTE/BLINDS ***
AF Jokers posts ante 40
P Pulsiano_o posts ante 40
Treborino posts ante 40
G Bardini posts ante 40
Turolense posts ante 40
torresmo123 posts ante 40
AF Jokers posts small blind 175
P Pulsiano_o posts big blind 350
Dealt to torresmo123 [8h Qc]
*** PRE-FLOP *** 
Turolense folds
torresmo123 folds
Treborino folds
G Bardini folds
AF Jokers folds
P Pulsiano_o collected 765 from pot
*** SUMMARY ***
Total pot 765 | No rake
Seat 4: P Pulsiano_o (big blind) won 765


Winamax Poker - Tournament "PRIME TIME" buyIn: 45€ + 5€ level: 4 - HandId: #3196806993784340586-24-1707942358 - Holdem no limit (40/175/350) - 2024/02/14 20:25:58 UTC
Table: 'PRIME TIME(744314630)#0105' 6-max (real money) Seat #3 is the button
Seat 1: Treborino (18905, 22.50€ bounty)
Seat 2: G Bardini (48011, 22.50€ bounty)
Seat 3: AF Jokers (8781, 33.75€ bounty)
Seat 4: P Pulsiano_o (19759, 22.50€ bounty)
Seat 5: Turolense (20699, 22.50€ bounty)
Seat 6: torresmo123 (26658, 22.50€ bounty)
*** ANTE/BLINDS ***
P Pulsiano_o posts ante 40
Turolense posts ante 40
Treborino posts ante 40
G Bardini posts ante 40
AF Jokers posts ante 40
torresmo123 posts ante 40
P Pulsiano_o posts small blind 175
Turolense posts big blind 350
Dealt to torresmo123 [6s Kc]
*** PRE-FLOP *** 
torresmo123 folds
Treborino folds
G Bardini folds
AF Jokers folds
P Pulsiano_o folds
Turolense collected 765 from pot
*** SUMMARY ***
Total pot 765 | No rake
Seat 5: Turolense (big blind) won 765


Winamax Poker - Tournament "PRIME TIME" buyIn: 45€ + 5€ level: 4 - HandId: #3196806993784340586-25-1707942386 - Holdem no limit (40/175/350) - 2024/02/14 20:26:26 UTC
Table: 'PRIME TIME(744314630)#0105' 6-max (real money) Seat #4 is the button
Seat 1: Treborino (18865, 22.50€ bounty)
Seat 2: G Bardini (47971, 22.50€ bounty)
Seat 3: AF Jokers (8741, 33.75€ bounty)
Seat 4: P Pulsiano_o (19544, 22.50€ bounty)
Seat 5: Turolense (21074, 22.50€ bounty)
Seat 6: torresmo123 (26618, 22.50€ bounty)
*** ANTE/BLINDS ***
Turolense posts ante 40
torresmo123 posts ante 40
Treborino posts ante 40
G Bardini posts ante 40
AF Jokers posts ante 40
P Pulsiano_o posts ante 40
Turolense posts small blind 175
torresmo123 posts big blind 350
Dealt to torresmo123 [2s Js]
*** PRE-FLOP *** 
Treborino raises 350 to 700
G Bardini calls 700
AF Jokers folds
P Pulsiano_o folds
Turolense folds
torresmo123 calls 350
*** FLOP *** [6d 3s 6c]
torresmo123 checks
Treborino bets 755
G Bardini folds
torresmo123 folds
Treborino collected 3270 from pot
*** SUMMARY ***
Total pot 3270 | No rake
Board: [6d 3s 6c]
Seat 1: Treborino won 3270


Winamax Poker - Tournament "PRIME TIME" buyIn: 45€ + 5€ level: 4 - HandId: #3196806993784340586-26-1707942438 - Holdem no limit (40/175/350) - 2024/02/14 20:27:18 UTC
Table: 'PRIME TIME(744314630)#0105' 6-max (real money) Seat #5 is the button
Seat 1: Treborino (20640, 22.50€ bounty)
Seat 2: G Bardini (47231, 22.50€ bounty)
Seat 3: AF Jokers (8701, 33.75€ bounty)
Seat 4: P Pulsiano_o (19504, 22.50€ bounty)
Seat 5: Turolense (20859, 22.50€ bounty)
Seat 6: torresmo123 (25878, 22.50€ bounty)
*** ANTE/BLINDS ***
torresmo123 posts ante 40
Treborino posts ante 40
G Bardini posts ante 40
AF Jokers posts ante 40
P Pulsiano_o posts ante 40
Turolense posts ante 40
torresmo123 posts small blind 175
Treborino posts big blind 350
Dealt to torresmo123 [Ts Qs]
*** PRE-FLOP *** 
G Bardini folds
AF Jokers calls 350
P Pulsiano_o folds
Turolense folds
torresmo123 calls 175
Treborino checks
*** FLOP *** [9c Td 9s]
torresmo123 checks
Treborino checks
AF Jokers checks
*** TURN *** [9c Td 9s][2h]
torresmo123 bets 1097
Treborino folds
AF Jokers folds
torresmo123 collected 2387 from pot
*** SUMMARY ***
Total pot 2387 | No rake
Board: [9c Td 9s 2h]
Seat 6: torresmo123 (small blind) won 2387


Winamax Poker - Tournament "PRIME TIME" buyIn: 45€ + 5€ level: 4 - HandId: #3196806993784340586-27-1707942497 - Holdem no limit (40/175/350) - 2024/02/14 20:28:17 UTC
Table: 'PRIME TIME(744314630)#0105' 6-max (real money) Seat #6 is the button
Seat 1: Treborino (20250, 22.50€ bounty)
Seat 2: G Bardini (47191, 22.50€ bounty)
Seat 3: AF Jokers (8311, 33.75€ bounty)
Seat 4: P Pulsiano_o (19464, 22.50€ bounty)
Seat 5: Turolense (20819, 22.50€ bounty)
Seat 6: torresmo123 (26778, 22.50€ bounty)
*** ANTE/BLINDS ***
Treborino posts ante 40
G Bardini posts ante 40
AF Jokers posts ante 40
P Pulsiano_o posts ante 40
Turolense posts ante 40
torresmo123 posts ante 40
Treborino posts small blind 175
G Bardini posts big blind 350
Dealt to torresmo123 [Kc Ah]
*** PRE-FLOP *** 
AF Jokers folds
P Pulsiano_o folds
Turolense folds
torresmo123 raises 438 to 788
Treborino folds
G Bardini calls 438
*** FLOP *** [7c Ad Qd]
G Bardini checks
torresmo123 bets 398
G Bardini calls 398
*** TURN *** [7c Ad Qd][2h]
G Bardini checks
torresmo123 bets 3484
G Bardini folds
torresmo123 collected 6271 from pot
*** SUMMARY ***
Total pot 6271 | No rake
Board: [7c Ad Qd 2h]
Seat 6: torresmo123 (button) won 6271


Winamax Poker - Tournament "PRIME TIME" buyIn: 45€ + 5€ level: 4 - HandId: #3196806993784340586-28-1707942554 - Holdem no limit (40/175/350) - 2024/02/14 20:29:14 UTC
Table: 'PRIME TIME(744314630)#0105' 6-max (real money) Seat #1 is the button
Seat 1: Treborino (20035, 22.50€ bounty)
Seat 2: G Bardini (45965, 22.50€ bounty)
Seat 3: AF Jokers (8271, 33.75€ bounty)
Seat 4: P Pulsiano_o (19424, 22.50€ bounty)
Seat 5: Turolense (20779, 22.50€ bounty)
Seat 6: torresmo123 (28339, 22.50€ bounty)
*** ANTE/BLINDS ***
G Bardini posts ante 40
AF Jokers posts ante 40
Treborino posts ante 40
P Pulsiano_o posts ante 40
Turolense posts ante 40
torresmo123 posts ante 40
G Bardini posts small blind 175
AF Jokers posts big blind 350
Dealt to torresmo123 [3d Jc]
*** PRE-FLOP *** 
P Pulsiano_o folds
Turolense folds
torresmo123 folds
Treborino raises 350 to 700
G Bardini folds
AF Jokers folds
Treborino collected 1465 from pot
*** SUMMARY ***
Total pot 1465 | No rake
Seat 1: Treborino (button) won 1465


Winamax Poker - Tournament "PRIME TIME" buyIn: 45€ + 5€ level: 4 - HandId: #3196806993784340586-29-1707942586 - Holdem no limit (40/175/350) - 2024/02/14 20:29:46 UTC
Table: 'PRIME TIME(744314630)#0105' 6-max (real money) Seat #2 is the button
Seat 1: Treborino (20760, 22.50€ bounty)
Seat 2: G Bardini (45750, 22.50€ bounty)
Seat 3: AF Jokers (7881, 33.75€ bounty)
Seat 4: P Pulsiano_o (19384, 22.50€ bounty)
Seat 5: Turolense (20739, 22.50€ bounty)
Seat 6: torresmo123 (28299, 22.50€ bounty)
*** ANTE/BLINDS ***
AF Jokers posts ante 40
P Pulsiano_o posts ante 40
Treborino posts ante 40
G Bardini posts ante 40
Turolense posts ante 40
torresmo123 posts ante 40
AF Jokers posts small blind 175
P Pulsiano_o posts big blind 350
Dealt to torresmo123 [7h Td]
*** PRE-FLOP *** 
Turolense folds
torresmo123 folds
Treborino raises 350 to 700
G Bardini folds
AF Jokers folds
P Pulsiano_o folds
Treborino collected 1465 from pot
*** SUMMARY ***
Total pot 1465 | No rake
Seat 1: Treborino won 1465


Winamax Poker - Tournament "PRIME TIME" buyIn: 45€ + 5€ level: 4 - HandId: #3196806993784340586-30-1707942600 - Holdem no limit (40/175/350) - 2024/02/14 20:30:00 UTC
Table: 'PRIME TIME(744314630)#0105' 6-max (real money) Seat #3 is the button
Seat 1: Treborino (21485, 22.50€ bounty)
Seat 2: G Bardini (45710, 22.50€ bounty)
Seat 3: AF Jokers (7666, 33.75€ bounty)
Seat 4: P Pulsiano_o (18994, 22.50€ bounty)
Seat 5: Turolense (20699, 22.50€ bounty)
Seat 6: torresmo123 (28259, 22.50€ bounty)
*** ANTE/BLINDS ***
P Pulsiano_o posts ante 40
Turolense posts ante 40
Treborino posts ante 40
G Bardini posts ante 40
AF Jokers posts ante 40
torresmo123 posts ante 40
P Pulsiano_o posts small blind 175
Turolense posts big blind 350
Dealt to torresmo123 [6c 7c]
*** PRE-FLOP *** 
torresmo123 raises 385 to 735
Treborino raises 1435 to 2170
G Bardini folds
AF Jokers folds
P Pulsiano_o folds
Turolense folds
torresmo123 calls 1435
*** FLOP *** [As 5c Kd]
torresmo123 checks
Treborino bets 1882
torresmo123 folds
Treborino collected 6987 from pot
*** SUMMARY ***
Total pot 6987 | No rake
Board: [As 5c Kd]
Seat 1: Treborino won 6987


Winamax Poker - Tournament "PRIME TIME" buyIn: 45€ + 5€ level: 4 - HandId: #3196806993784340586-31-1707942666 - Holdem no limit (40/175/350) - 2024/02/14 20:31:06 UTC
Table: 'PRIME TIME(744314630)#0105' 6-max (real money) Seat #4 is the button
Seat 1: Treborino (24380, 22.50€ bounty)
Seat 2: G Bardini (45670, 22.50€ bounty)
Seat 3: AF Jokers (7626, 33.75€ bounty)
Seat 4: P Pulsiano_o (18779, 22.50€ bounty)
Seat 5: Turolense (20309, 22.50€ bounty)
Seat 6: torresmo123 (26049, 22.50€ bounty)
*** ANTE/BLINDS ***
Turolense posts ante 40
torresmo123 posts ante 40
Treborino posts ante 40
G Bardini posts ante 40
AF Jokers posts ante 40
P Pulsiano_o posts ante 40
Turolense posts small blind 175
torresmo123 posts big blind 350
Dealt to torresmo123 [9h 3h]
*** PRE-FLOP *** 
Treborino folds
G Bardini folds
AF Jokers folds
P Pulsiano_o raises 420 to 770
Turolense folds
torresmo123 calls 420
*** FLOP *** [Qh 6d 7d]
torresmo123 checks
P Pulsiano_o bets 1470
torresmo123 folds
P Pulsiano_o collected 3425 from pot
*** SUMMARY ***
Total pot 3425 | No rake
Board: [Qh 6d 7d]
Seat 4: P Pulsiano_o (button) won 3425


Winamax Poker - Tournament "PRIME TIME" buyIn: 45€ + 5€ level: 4 - HandId: #3196806993784340586-32-1707942705 - Holdem no limit (40/175/350) - 2024/02/14 20:31:45 UTC
Table: 'PRIME TIME(744314630)#0105' 6-max (real money) Seat #5 is the button
Seat 1: Treborino (24340, 22.50€ bounty)
Seat 2: G Bardini (45630, 22.50€ bounty)
Seat 3: AF Jokers (7586, 33.75€ bounty)
Seat 4: P Pulsiano_o (19924, 22.50€ bounty)
Seat 5: Turolense (20094, 22.50€ bounty)
Seat 6: torresmo123 (25239, 22.50€ bounty)
*** ANTE/BLINDS ***
torresmo123 posts ante 40
Treborino posts ante 40
G Bardini posts ante 40
AF Jokers posts ante 40
P Pulsiano_o posts ante 40
Turolense posts ante 40
torresmo123 posts small blind 175
Treborino posts big blind 350
Dealt to torresmo123 [4h Js]
*** PRE-FLOP *** 
G Bardini folds
AF Jokers folds
P Pulsiano_o folds
Turolense folds
torresmo123 calls 175
Treborino raises 1050 to 1400
torresmo123 folds
Treborino collected 1990 from pot
*** SUMMARY ***
Total pot 1990 | No rake
Seat 1: Treborino (big blind) won 1990


Winamax Poker - Tournament "PRIME TIME" buyIn: 45€ + 5€ level: 5 - HandId: #3196806993784340586-33-1707942744 - Holdem no limit (50/200/400) - 2024/02/14 20:32:24 UTC
Table: 'PRIME TIME(744314630)#0105' 6-max (real money) Seat #6 is the button
Seat 1: Treborino (24890, 22.50€ bounty)
Seat 2: G Bardini (45590, 22.50€ bounty)
Seat 3: AF Jokers (7546, 33.75€ bounty)
Seat 4: P Pulsiano_o (19884, 22.50€ bounty)
Seat 5: Turolense (20054, 22.50€ bounty)
Seat 6: torresmo123 (24849, 22.50€ bounty)
*** ANTE/BLINDS ***
Treborino posts ante 50
G Bardini posts ante 50
AF Jokers posts ante 50
P Pulsiano_o posts ante 50
Turolense posts ante 50
torresmo123 posts ante 50
Treborino posts small blind 200
G Bardini posts big blind 400
Dealt to torresmo123 [5d Td]
*** PRE-FLOP *** 
AF Jokers folds
P Pulsiano_o raises 480 to 880
Turolense raises 1320 to 2200
torresmo123 folds
Treborino folds
G Bardini folds
P Pulsiano_o calls 1320
*** FLOP *** [Ks 4s 9d]
P Pulsiano_o checks
Turolense bets 1855
P Pulsiano_o folds
Turolense collected 7155 from pot
*** SUMMARY ***
Total pot 7155 | No rake
Board: [Ks 4s 9d]
Seat 5: Turolense won 7155


Winamax Poker - Tournament "PRIME TIME" buyIn: 45€ + 5€ level: 5 - HandId: #3196806993784340586-34-1707942791 - Holdem no limit (50/200/400) - 2024/02/14 20:33:11 UTC
Table: 'PRIME TIME(744314630)#0105' 6-max (real money) Seat #1 is the button
Seat 1: Treborino (24640, 22.50€ bounty)
Seat 2: G Bardini (45140, 22.50€ bounty)
Seat 3: AF Jokers (7496, 33.75€ bounty)
Seat 4: P Pulsiano_o (17634, 22.50€ bounty)
Seat 5: Turolense (23104, 22.50€ bounty)
Seat 6: torresmo123 (24799, 22.50€ bounty)
*** ANTE/BLINDS ***
G Bardini posts ante 50
AF Jokers posts ante 50
Treborino posts ante 50
P Pulsiano_o posts ante 50
Turolense posts ante 50
torresmo123 posts ante 50
G Bardini posts small blind 200
AF Jokers posts big blind 400
Dealt to torresmo123 [2s 2d]
*** PRE-FLOP *** 
P Pulsiano_o folds
Turolense raises 400 to 800
torresmo123 folds
Treborino calls 800
G Bardini raises 3200 to 4000
AF Jokers folds
Turolense calls 3200
Treborino calls 3200
*** FLOP *** [8h 9h 4s]
G Bardini checks
Turolense checks
Treborino checks
*** TURN *** [8h 9h 4s][Kh]
G Bardini checks
Turolense checks
Treborino bets 5480
G Bardini calls 5480
Turolense folds
*** RIVER *** [8h 9h 4s Kh][9d]
G Bardini checks
Treborino bets 15110 and is all-in
G Bardini calls 15110
*** SHOW DOWN ***
Treborino shows [3c 5c] (One pair : 9)
G Bardini shows [Kd Ac] (Two pairs : Kings and 9)
G Bardini collected 53880 from pot
*** SUMMARY ***
Total pot 53880 | No rake
Board: [8h 9h 4s Kh 9d]
Seat 1: Treborino (button) showed [3c 5c] and lost with One pair : 9
Seat 2: G Bardini (small blind) showed [Kd Ac] and won 53880 with Two pairs : Kings and 9


Winamax Poker - Tournament "PRIME TIME" buyIn: 45€ + 5€ level: 5 - HandId: #3196806993784340586-35-1707942903 - Holdem no limit (50/200/400) - 2024/02/14 20:35:03 UTC
Table: 'PRIME TIME(744314630)#0105' 6-max (real money) Seat #2 is the button
Seat 2: G Bardini (74380, 33.75€ bounty)
Seat 3: AF Jokers (7046, 33.75€ bounty)
Seat 4: P Pulsiano_o (17584, 22.50€ bounty)
Seat 5: Turolense (19054, 22.50€ bounty)
Seat 6: torresmo123 (24749, 22.50€ bounty)
*** ANTE/BLINDS ***
AF Jokers posts ante 50
P Pulsiano_o posts ante 50
G Bardini posts ante 50
Turolense posts ante 50
torresmo123 posts ante 50
AF Jokers posts small blind 200
P Pulsiano_o posts big blind 400
Dealt to torresmo123 [Kc As]
*** PRE-FLOP *** 
Turolense folds
torresmo123 raises 440 to 840
G Bardini folds
AF Jokers folds
P Pulsiano_o calls 440
*** FLOP *** [8c Qd 9c]
P Pulsiano_o checks
torresmo123 bets 703
P Pulsiano_o calls 703
*** TURN *** [8c Qd 9c][3s]
P Pulsiano_o checks
torresmo123 bets 4420
P Pulsiano_o folds
torresmo123 collected 7956 from pot
*** SUMMARY ***
Total pot 7956 | No rake
Board: [8c Qd 9c 3s]
Seat 6: torresmo123 won 7956


Winamax Poker - Tournament "PRIME TIME" buyIn: 45€ + 5€ level: 5 - HandId: #3196806993784340586-36-1707942967 - Holdem no limit (50/200/400) - 2024/02/14 20:36:07 UTC
Table: 'PRIME TIME(744314630)#0105' 6-max (real money) Seat #3 is the button
Seat 1: Opiniatre (35551, 22.50€ bounty)
Seat 2: G Bardini (74330, 33.75€ bounty)
Seat 3: AF Jokers (6796, 33.75€ bounty)
Seat 4: P Pulsiano_o (15991, 22.50€ bounty)
Seat 5: Turolense (19004, 22.50€ bounty)
Seat 6: torresmo123 (26692, 22.50€ bounty)
*** ANTE/BLINDS ***
P Pulsiano_o posts ante 50
Turolense posts ante 50
Opiniatre posts ante 50
G Bardini posts ante 50
AF Jokers posts ante 50
torresmo123 posts ante 50
P Pulsiano_o posts small blind 200
Turolense posts big blind 400
Dealt to torresmo123 [2c Qs]
*** PRE-FLOP *** 
torresmo123 folds
Opiniatre folds
G Bardini folds
AF Jokers calls 400
P Pulsiano_o calls 200
Turolense checks
*** FLOP *** [8d Qd Th]
P Pulsiano_o checks
Turolense checks
AF Jokers bets 525
P Pulsiano_o folds
Turolense folds
AF Jokers collected 2025 from pot
*** SUMMARY ***
Total pot 2025 | No rake
Board: [8d Qd Th]
Seat 3: AF Jokers (button) won 2025


Winamax Poker - Tournament "PRIME TIME" buyIn: 45€ + 5€ level: 5 - HandId: #3196806993784340586-37-1707943009 - Holdem no limit (50/200/400) - 2024/02/14 20:36:49 UTC
Table: 'PRIME TIME(744314630)#0105' 6-max (real money) Seat #4 is the button
Seat 1: Opiniatre (35501, 22.50€ bounty)
Seat 2: G Bardini (74280, 33.75€ bounty)
Seat 3: AF Jokers (7846, 33.75€ bounty)
Seat 4: P Pulsiano_o (15541, 22.50€ bounty)
Seat 5: Turolense (18554, 22.50€ bounty)
Seat 6: torresmo123 (26642, 22.50€ bounty)
*** ANTE/BLINDS ***
Turolense posts ante 50
torresmo123 posts ante 50
Opiniatre posts ante 50
G Bardini posts ante 50
AF Jokers posts ante 50
P Pulsiano_o posts ante 50
Turolense posts small blind 200
torresmo123 posts big blind 400
Dealt to torresmo123 [Jd 5s]
*** PRE-FLOP *** 
Opiniatre folds
G Bardini raises 440 to 840
AF Jokers raises 1260 to 2100
P Pulsiano_o folds
Turolense folds
torresmo123 folds
G Bardini raises 72130 to 74230 and is all-in
AF Jokers calls 5696 and is all-in
*** FLOP *** [5h 8c 6d]
*** TURN *** [5h 8c 6d][Kh]
*** RIVER *** [5h 8c 6d Kh][5c]
*** SHOW DOWN ***
AF Jokers shows [As Qs] (One pair : 5)
G Bardini shows [Js Ks] (Two pairs : Kings and 5)
G Bardini collected 82926 from pot
*** SUMMARY ***
Total pot 82926 | No rake
Board: [5h 8c 6d Kh 5c]
Seat 2: G Bardini showed [Js Ks] and won 82926 with Two pairs : Kings and 5
Seat 3: AF Jokers showed [As Qs] and lost with One pair : 5


Winamax Poker - Tournament "PRIME TIME" buyIn: 45€ + 5€ level: 5 - HandId: #3196806993784340586-38-1707943047 - Holdem no limit (50/200/400) - 2024/02/14 20:37:27 UTC
Table: 'PRIME TIME(744314630)#0105' 6-max (real money) Seat #5 is the button
Seat 1: Opiniatre (35451, 22.50€ bounty)
Seat 2: G Bardini (82926, 50.62€ bounty)
Seat 4: P Pulsiano_o (15491, 22.50€ bounty)
Seat 5: Turolense (18304, 22.50€ bounty)
Seat 6: torresmo123 (26192, 22.50€ bounty)
*** ANTE/BLINDS ***
torresmo123 posts ante 50
Opiniatre posts ante 50
G Bardini posts ante 50
P Pulsiano_o posts ante 50
Turolense posts ante 50
torresmo123 posts small blind 200
Opiniatre posts big blind 400
Dealt to torresmo123 [8h 8d]
*** PRE-FLOP *** 
G Bardini folds
P Pulsiano_o raises 480 to 880
Turolense folds
torresmo123 raises 2520 to 3400
Opiniatre folds
P Pulsiano_o raises 12041 to 15441 and is all-in
torresmo123 calls 12041
*** FLOP *** [6s 2s Ad]
*** TURN *** [6s 2s Ad][4d]
*** RIVER *** [6s 2s Ad 4d][6c]
*** SHOW DOWN ***
torresmo123 shows [8h 8d] (Two pairs : 8 and 6)
P Pulsiano_o shows [Tc Td] (Two pairs : Tens and 6)
P Pulsiano_o collected 31532 from pot
*** SUMMARY ***
Total pot 31532 | No rake
Board: [6s 2s Ad 4d 6c]
Seat 4: P Pulsiano_o showed [Tc Td] and won 31532 with Two pairs : Tens and 6
Seat 6: torresmo123 (small blind) showed [8h 8d] and lost with Two pairs : 8 and 6


Winamax Poker - Tournament "PRIME TIME" buyIn: 45€ + 5€ level: 5 - HandId: #3196806993784340586-39-1707943101 - Holdem no limit (50/200/400) - 2024/02/14 20:38:21 UTC
Table: 'PRIME TIME(744314630)#0105' 6-max (real money) Seat #6 is the button
Seat 1: Opiniatre (35001, 22.50€ bounty)
Seat 2: G Bardini (82876, 50.62€ bounty)
Seat 4: P Pulsiano_o (31532, 22.50€ bounty)
Seat 5: Turolense (18254, 22.50€ bounty)
Seat 6: torresmo123 (10701, 22.50€ bounty)
*** ANTE/BLINDS ***
Opiniatre posts ante 50
G Bardini posts ante 50
P Pulsiano_o posts ante 50
Turolense posts ante 50
torresmo123 posts ante 50
Opiniatre posts small blind 200
G Bardini posts big blind 400
Dealt to torresmo123 [Jd 8h]
*** PRE-FLOP *** 
P Pulsiano_o raises 480 to 880
Turolense folds
torresmo123 folds
Opiniatre folds
G Bardini folds
P Pulsiano_o collected 1730 from pot
*** SUMMARY ***
Total pot 1730 | No rake
Seat 4: P Pulsiano_o won 1730


Winamax Poker - Tournament "PRIME TIME" buyIn: 45€ + 5€ level: 6 - HandId: #3196806993784340586-40-1707943156 - Holdem no limit (60/250/500) - 2024/02/14 20:39:16 UTC
Table: 'PRIME TIME(744314630)#0105' 6-max (real money) Seat #1 is the button
Seat 1: Opiniatre (34751, 22.50€ bounty)
Seat 2: G Bardini (82426, 50.62€ bounty)
Seat 3: angi26500 (20000, 22.50€ bounty)
Seat 4: P Pulsiano_o (32332, 22.50€ bounty)
Seat 5: Turolense (18204, 22.50€ bounty)
Seat 6: torresmo123 (10651, 22.50€ bounty)
*** ANTE/BLINDS ***
G Bardini posts ante 60
angi26500 posts ante 60
Opiniatre posts ante 60
P Pulsiano_o posts ante 60
Turolense posts ante 60
torresmo123 posts ante 60
G Bardini posts small blind 250
angi26500 posts big blind 500
Dealt to torresmo123 [Th Kh]
*** PRE-FLOP *** 
P Pulsiano_o folds
Turolense folds
torresmo123 raises 550 to 1050
Opiniatre folds
G Bardini folds
angi26500 calls 550
*** FLOP *** [7h Qs 4d]
angi26500 checks
torresmo123 bets 894
angi26500 folds
torresmo123 collected 3604 from pot
*** SUMMARY ***
Total pot 3604 | No rake
Board: [7h Qs 4d]
Seat 6: torresmo123 won 3604


Winamax Poker - Tournament "PRIME TIME" buyIn: 45€ + 5€ level: 6 - HandId: #3196806993784340586-41-1707943195 - Holdem no limit (60/250/500) - 2024/02/14 20:39:55 UTC
Table: 'PRIME TIME(744314630)#0105' 6-max (real money) Seat #2 is the button
Seat 1: Opiniatre (34691, 22.50€ bounty)
Seat 2: G Bardini (82116, 50.62€ bounty)
Seat 3: angi26500 (18890, 22.50€ bounty)
Seat 4: P Pulsiano_o (32272, 22.50€ bounty)
Seat 5: Turolense (18144, 22.50€ bounty)
Seat 6: torresmo123 (12251, 22.50€ bounty)
*** ANTE/BLINDS ***
angi26500 posts ante 60
P Pulsiano_o posts ante 60
Opiniatre posts ante 60
G Bardini posts ante 60
Turolense posts ante 60
torresmo123 posts ante 60
angi26500 posts small blind 250
P Pulsiano_o posts big blind 500
Dealt to torresmo123 [Jd 2d]
*** PRE-FLOP *** 
Turolense folds
torresmo123 folds
Opiniatre folds
G Bardini folds
angi26500 calls 250
P Pulsiano_o raises 1100 to 1600
angi26500 calls 1100
*** FLOP *** [Qc Js Jc]
angi26500 bets 3560
P Pulsiano_o calls 3560
*** TURN *** [Qc Js Jc][4h]
angi26500 checks
P Pulsiano_o checks
*** RIVER *** [Qc Js Jc 4h][6c]
angi26500 bets 10680
P Pulsiano_o folds
angi26500 collected 21360 from pot
*** SUMMARY ***
Total pot 21360 | No rake
Board: [Qc Js Jc 4h 6c]
Seat 3: angi26500 (small blind) won 21360


Winamax Poker - Tournament "PRIME TIME" buyIn: 45€ + 5€ level: 6 - HandId: #3196806993784340586-42-1707943277 - Holdem no limit (60/250/500) - 2024/02/14 20:41:17 UTC
Table: 'PRIME TIME(744314630)#0105' 6-max (real money) Seat #3 is the button
Seat 1: Opiniatre (34631, 22.50€ bounty)
Seat 2: G Bardini (82056, 50.62€ bounty)
Seat 3: angi26500 (24350, 22.50€ bounty)
Seat 4: P Pulsiano_o (27052, 22.50€ bounty)
Seat 5: Turolense (18084, 22.50€ bounty)
Seat 6: torresmo123 (12191, 22.50€ bounty)
*** ANTE/BLINDS ***
P Pulsiano_o posts ante 60
Turolense posts ante 60
Opiniatre posts ante 60
G Bardini posts ante 60
angi26500 posts ante 60
torresmo123 posts ante 60
P Pulsiano_o posts small blind 250
Turolense posts big blind 500
Dealt to torresmo123 [Ks 2d]
*** PRE-FLOP *** 
torresmo123 folds
Opiniatre folds
G Bardini folds
angi26500 calls 500
P Pulsiano_o raises 1750 to 2250
Turolense folds
angi26500 calls 1750
*** FLOP *** [5s 8h Ah]
P Pulsiano_o bets 1340
angi26500 folds
P Pulsiano_o collected 6700 from pot
*** SUMMARY ***
Total pot 6700 | No rake
Board: [5s 8h Ah]
Seat 4: P Pulsiano_o (small blind) won 6700


Winamax Poker - Tournament "PRIME TIME" buyIn: 45€ + 5€ level: 6 - HandId: #3196806993784340586-43-1707943315 - Holdem no limit (60/250/500) - 2024/02/14 20:41:55 UTC
Table: 'PRIME TIME(744314630)#0105' 6-max (real money) Seat #4 is the button
Seat 1: Opiniatre (34571, 22.50€ bounty)
Seat 2: G Bardini (81996, 50.62€ bounty)
Seat 3: angi26500 (22040, 22.50€ bounty)
Seat 4: P Pulsiano_o (30102, 22.50€ bounty)
Seat 5: Turolense (17524, 22.50€ bounty)
Seat 6: torresmo123 (12131, 22.50€ bounty)
*** ANTE/BLINDS ***
Turolense posts ante 60
torresmo123 posts ante 60
Opiniatre posts ante 60
G Bardini posts ante 60
angi26500 posts ante 60
P Pulsiano_o posts ante 60
Turolense posts small blind 250
torresmo123 posts big blind 500
Dealt to torresmo123 [2d 9s]
*** PRE-FLOP *** 
Opiniatre folds
G Bardini folds
angi26500 folds
P Pulsiano_o folds
Turolense folds
torresmo123 collected 1110 from pot
*** SUMMARY ***
Total pot 1110 | No rake
Seat 6: torresmo123 (big blind) won 1110


Winamax Poker - Tournament "PRIME TIME" buyIn: 45€ + 5€ level: 6 - HandId: #3196806993784340586-44-1707943326 - Holdem no limit (60/250/500) - 2024/02/14 20:42:06 UTC
Table: 'PRIME TIME(744314630)#0105' 6-max (real money) Seat #5 is the button
Seat 1: Opiniatre (34511, 22.50€ bounty)
Seat 2: G Bardini (81936, 50.62€ bounty)
Seat 3: angi26500 (21980, 22.50€ bounty)
Seat 4: P Pulsiano_o (30042, 22.50€ bounty)
Seat 5: Turolense (17214, 22.50€ bounty)
Seat 6: torresmo123 (12681, 22.50€ bounty)
*** ANTE/BLINDS ***
torresmo123 posts ante 60
Opiniatre posts ante 60
G Bardini posts ante 60
angi26500 posts ante 60
P Pulsiano_o posts ante 60
Turolense posts ante 60
torresmo123 posts small blind 250
Opiniatre posts big blind 500
Dealt to torresmo123 [4c Jh]
*** PRE-FLOP *** 
G Bardini folds
angi26500 calls 500
P Pulsiano_o folds
Turolense folds
torresmo123 folds
Opiniatre checks
*** FLOP *** [Jc Kc 9s]
Opiniatre checks
angi26500 bets 1610
Opiniatre calls 1610
*** TURN *** [Jc Kc 9s][9h]
Opiniatre checks
angi26500 bets 4830
Opiniatre folds
angi26500 collected 9660 from pot
*** SUMMARY ***
Total pot 9660 | No rake
Board: [Jc Kc 9s 9h]
Seat 3: angi26500 won 9660


Winamax Poker - Tournament "PRIME TIME" buyIn: 45€ + 5€ level: 6 - HandId: #3196806993784340586-45-1707943384 - Holdem no limit (60/250/500) - 2024/02/14 20:43:04 UTC
Table: 'PRIME TIME(744314630)#0105' 6-max (real money) Seat #6 is the button
Seat 1: Opiniatre (32341, 22.50€ bounty)
Seat 2: G Bardini (81876, 50.62€ bounty)
Seat 3: angi26500 (24640, 22.50€ bounty)
Seat 4: P Pulsiano_o (29982, 22.50€ bounty)
Seat 5: Turolense (17154, 22.50€ bounty)
Seat 6: torresmo123 (12371, 22.50€ bounty)
*** ANTE/BLINDS ***
Opiniatre posts ante 60
G Bardini posts ante 60
angi26500 posts ante 60
P Pulsiano_o posts ante 60
Turolense posts ante 60
torresmo123 posts ante 60
Opiniatre posts small blind 250
G Bardini posts big blind 500
Dealt to torresmo123 [Qd Ks]
*** PRE-FLOP *** 
angi26500 calls 500
P Pulsiano_o folds
Turolense folds
torresmo123 raises 1500 to 2000
Opiniatre raises 3000 to 5000
G Bardini folds
angi26500 folds
torresmo123 folds
Opiniatre collected 8360 from pot
*** SUMMARY ***
Total pot 8360 | No rake
Seat 1: Opiniatre (small blind) won 8360


Winamax Poker - Tournament "PRIME TIME" buyIn: 45€ + 5€ level: 6 - HandId: #3196806993784340586-46-1707943421 - Holdem no limit (60/250/500) - 2024/02/14 20:43:41 UTC
Table: 'PRIME TIME(744314630)#0105' 6-max (real money) Seat #1 is the button
Seat 1: Opiniatre (35641, 22.50€ bounty)
Seat 2: G Bardini (81316, 50.62€ bounty)
Seat 3: angi26500 (24080, 22.50€ bounty)
Seat 4: P Pulsiano_o (29922, 22.50€ bounty)
Seat 5: Turolense (17094, 22.50€ bounty)
Seat 6: torresmo123 (10311, 22.50€ bounty)
*** ANTE/BLINDS ***
G Bardini posts ante 60
angi26500 posts ante 60
Opiniatre posts ante 60
P Pulsiano_o posts ante 60
Turolense posts ante 60
torresmo123 posts ante 60
G Bardini posts small blind 250
angi26500 posts big blind 500
Dealt to torresmo123 [Qc Th]
*** PRE-FLOP *** 
P Pulsiano_o folds
Turolense folds
torresmo123 raises 500 to 1000
Opiniatre calls 1000
G Bardini folds
angi26500 calls 500
*** FLOP *** [4h 2h 5d]
angi26500 checks
torresmo123 checks
Opiniatre checks
*** TURN *** [4h 2h 5d][Kc]
angi26500 bets 3610
torresmo123 folds
Opiniatre folds
angi26500 collected 7220 from pot
*** SUMMARY ***
Total pot 7220 | No rake
Board: [4h 2h 5d Kc]
Seat 3: angi26500 (big blind) won 7220


Winamax Poker - Tournament "PRIME TIME" buyIn: 45€ + 5€ level: 6 - HandId: #3196806993784340586-47-1707943469 - Holdem no limit (60/250/500) - 2024/02/14 20:44:29 UTC
Table: 'PRIME TIME(744314630)#0105' 6-max (real money) Seat #2 is the button
Seat 1: Opiniatre (34581, 22.50€ bounty)
Seat 2: G Bardini (81006, 50.62€ bounty)
Seat 3: angi26500 (26630, 22.50€ bounty)
Seat 4: P Pulsiano_o (29862, 22.50€ bounty)
Seat 5: Turolense (17034, 22.50€ bounty)
Seat 6: torresmo123 (9251, 22.50€ bounty)
*** ANTE/BLINDS ***
angi26500 posts ante 60
P Pulsiano_o posts ante 60
Opiniatre posts ante 60
G Bardini posts ante 60
Turolense posts ante 60
torresmo123 posts ante 60
angi26500 posts small blind 250
P Pulsiano_o posts big blind 500
Dealt to torresmo123 [Ks 9c]
*** PRE-FLOP *** 
Turolense folds
torresmo123 folds
Opiniatre folds
G Bardini raises 500 to 1000
angi26500 calls 750
P Pulsiano_o calls 500
*** FLOP *** [9h 7c Kh]
angi26500 bets 3360
P Pulsiano_o folds
G Bardini folds
angi26500 collected 6720 from pot
*** SUMMARY ***
Total pot 6720 | No rake
Board: [9h 7c Kh]
Seat 3: angi26500 (small blind) won 6720


Winamax Poker - Tournament "PRIME TIME" buyIn: 45€ + 5€ level: 6 - HandId: #3196806993784340586-48-1707943516 - Holdem no limit (60/250/500) - 2024/02/14 20:45:16 UTC
Table: 'PRIME TIME(744314630)#0105' 6-max (real money) Seat #3 is the button
Seat 1: Opiniatre (34521, 22.50€ bounty)
Seat 2: G Bardini (79946, 50.62€ bounty)
Seat 3: angi26500 (28930, 22.50€ bounty)
Seat 4: P Pulsiano_o (28802, 22.50€ bounty)
Seat 5: Turolense (16974, 22.50€ bounty)
Seat 6: torresmo123 (9191, 22.50€ bounty)
*** ANTE/BLINDS ***
P Pulsiano_o posts ante 60
Turolense posts ante 60
Opiniatre posts ante 60
G Bardini posts ante 60
angi26500 posts ante 60
torresmo123 posts ante 60
P Pulsiano_o posts small blind 250
Turolense posts big blind 500
Dealt to torresmo123 [6s 5c]
*** PRE-FLOP *** 
torresmo123 folds
Opiniatre folds
G Bardini folds
angi26500 calls 500
P Pulsiano_o calls 250
Turolense checks
*** FLOP *** [Td 2s 8h]
P Pulsiano_o checks
Turolense checks
angi26500 checks
*** TURN *** [Td 2s 8h][5h]
P Pulsiano_o bets 930
Turolense raises 1570 to 2500
angi26500 folds
P Pulsiano_o calls 1570
*** RIVER *** [Td 2s 8h 5h][Qs]
P Pulsiano_o checks
Turolense checks
*** SHOW DOWN ***
Turolense shows [8d 7h] (One pair : 8)
P Pulsiano_o shows [9h Ts] (One pair : Tens)
P Pulsiano_o collected 6860 from pot
*** SUMMARY ***
Total pot 6860 | No rake
Board: [Td 2s 8h 5h Qs]
Seat 4: P Pulsiano_o (small blind) showed [9h Ts] and won 6860 with One pair : Tens
Seat 5: Turolense (big blind) showed [8d 7h] and lost with One pair : 8


Winamax Poker - Tournament "PRIME TIME" buyIn: 45€ + 5€ level: 7 - HandId: #3196806993784340586-49-1707943583 - Holdem no limit (70/300/600) - 2024/02/14 20:46:23 UTC
Table: 'PRIME TIME(744314630)#0105' 6-max (real money) Seat #4 is the button
Seat 1: Opiniatre (34461, 22.50€ bounty)
Seat 2: G Bardini (79886, 50.62€ bounty)
Seat 3: angi26500 (28370, 22.50€ bounty)
Seat 4: P Pulsiano_o (32602, 22.50€ bounty)
Seat 5: Turolense (13914, 22.50€ bounty)
Seat 6: torresmo123 (9131, 22.50€ bounty)
*** ANTE/BLINDS ***
Turolense posts ante 70
torresmo123 posts ante 70
Opiniatre posts ante 70
G Bardini posts ante 70
angi26500 posts ante 70
P Pulsiano_o posts ante 70
Turolense posts small blind 300
torresmo123 posts big blind 600
Dealt to torresmo123 [5d Tc]
*** PRE-FLOP *** 
Opiniatre folds
G Bardini raises 660 to 1260
angi26500 folds
P Pulsiano_o folds
Turolense folds
torresmo123 folds
G Bardini collected 2580 from pot
*** SUMMARY ***
Total pot 2580 | No rake
Seat 2: G Bardini won 2580


Winamax Poker - Tournament "PRIME TIME" buyIn: 45€ + 5€ level: 7 - HandId: #3196806993784340586-50-1707943600 - Holdem no limit (70/300/600) - 2024/02/14 20:46:40 UTC
Table: 'PRIME TIME(744314630)#0105' 6-max (real money) Seat #5 is the button
Seat 1: Opiniatre (34391, 22.50€ bounty)
Seat 2: G Bardini (81136, 50.62€ bounty)
Seat 3: angi26500 (28300, 22.50€ bounty)
Seat 4: P Pulsiano_o (32532, 22.50€ bounty)
Seat 5: Turolense (13544, 22.50€ bounty)
Seat 6: torresmo123 (8461, 22.50€ bounty)
*** ANTE/BLINDS ***
torresmo123 posts ante 70
Opiniatre posts ante 70
G Bardini posts ante 70
angi26500 posts ante 70
P Pulsiano_o posts ante 70
Turolense posts ante 70
torresmo123 posts small blind 300
Opiniatre posts big blind 600
Dealt to torresmo123 [9c Kh]
*** PRE-FLOP *** 
G Bardini folds
angi26500 folds
P Pulsiano_o folds
Turolense raises 600 to 1200
torresmo123 folds
Opiniatre raises 33121 to 34321 and is all-in
Turolense folds
Opiniatre collected 36241 from pot
*** SUMMARY ***
Total pot 36241 | No rake
Seat 1: Opiniatre (big blind) won 36241


Winamax Poker - Tournament "PRIME TIME" buyIn: 45€ + 5€ level: 7 - HandId: #3196806993784340522-60-1707943683 - Holdem no limit (70/300/600) - 2024/02/14 20:48:03 UTC
Table: 'PRIME TIME(744314630)#0041' 6-max (real money) Seat #1 is the button
Seat 1: sakahamo (31034, 45€ bounty)
Seat 2: SonnyFranco1 (30062, 22.50€ bounty)
Seat 3: Nacho935 (59212, 22.50€ bounty)
Seat 4: wildcats5700 (14837, 22.50€ bounty)
Seat 5: torresmo123 (8091, 22.50€ bounty)
*** ANTE/BLINDS ***
SonnyFranco1 posts ante 70
Nacho935 posts ante 70
sakahamo posts ante 70
wildcats5700 posts ante 70
torresmo123 posts ante 70
SonnyFranco1 posts small blind 300
Nacho935 posts big blind 600
Dealt to torresmo123 [2d Ah]
*** PRE-FLOP *** 
wildcats5700 calls 600
torresmo123 folds
sakahamo folds
SonnyFranco1 folds
Nacho935 checks
*** FLOP *** [5s 9d 7s]
Nacho935 checks
wildcats5700 bets 1850
Nacho935 folds
wildcats5700 collected 3700 from pot
*** SUMMARY ***
Total pot 3700 | No rake
Board: [5s 9d 7s]
Seat 4: wildcats5700 won 3700


Winamax Poker - Tournament "PRIME TIME" buyIn: 45€ + 5€ level: 7 - HandId: #3196806993784340522-61-1707943720 - Holdem no limit (70/300/600) - 2024/02/14 20:48:40 UTC
Table: 'PRIME TIME(744314630)#0041' 6-max (real money) Seat #2 is the button
Seat 1: sakahamo (30964, 45€ bounty)
Seat 2: SonnyFranco1 (29692, 22.50€ bounty)
Seat 3: Nacho935 (58542, 22.50€ bounty)
Seat 4: wildcats5700 (16017, 22.50€ bounty)
Seat 5: torresmo123 (8021, 22.50€ bounty)
*** ANTE/BLINDS ***
Nacho935 posts ante 70
wildcats5700 posts ante 70
sakahamo posts ante 70
SonnyFranco1 posts ante 70
torresmo123 posts ante 70
Nacho935 posts small blind 300
wildcats5700 posts big blind 600
Dealt to torresmo123 [4d 4s]
*** PRE-FLOP *** 
torresmo123 raises 7351 to 7951 and is all-in
sakahamo folds
SonnyFranco1 folds
Nacho935 raises 50521 to 58472 and is all-in
wildcats5700 folds
*** FLOP *** [4c Jd Qc]
*** TURN *** [4c Jd Qc][6c]
*** RIVER *** [4c Jd Qc 6c][Ts]
*** SHOW DOWN ***
Nacho935 shows [9h Ah] (High card : Ace)
torresmo123 shows [4d 4s] (Trips of 4)
torresmo123 collected 16852 from main pot
Nacho935 collected 50521 from side pot 1
*** SUMMARY ***
Total pot 67373 | No rake
Board: [4c Jd Qc 6c Ts]
Seat 3: Nacho935 (small blind) showed [9h Ah] and won 50521 with High card : Ace
Seat 5: torresmo123 showed [4d 4s] and won 16852 with Trips of 4


Winamax Poker - Tournament "PRIME TIME" buyIn: 45€ + 5€ level: 7 - HandId: #3196806993784340522-62-1707943762 - Holdem no limit (70/300/600) - 2024/02/14 20:49:22 UTC
Table: 'PRIME TIME(744314630)#0041' 6-max (real money) Seat #3 is the button
Seat 1: sakahamo (30894, 45€ bounty)
Seat 2: SonnyFranco1 (29622, 22.50€ bounty)
Seat 3: Nacho935 (50521, 22.50€ bounty)
Seat 4: wildcats5700 (15347, 22.50€ bounty)
Seat 5: torresmo123 (16852, 22.50€ bounty)
*** ANTE/BLINDS ***
wildcats5700 posts ante 70
torresmo123 posts ante 70
sakahamo posts ante 70
SonnyFranco1 posts ante 70
Nacho935 posts ante 70
wildcats5700 posts small blind 300
torresmo123 posts big blind 600
Dealt to torresmo123 [Qh 3d]
*** PRE-FLOP *** 
sakahamo raises 900 to 1500
SonnyFranco1 raises 3000 to 4500
Nacho935 folds
wildcats5700 folds
torresmo123 folds
sakahamo calls 3000
*** FLOP *** [5d 8s 4h]
sakahamo checks
SonnyFranco1 bets 3383
sakahamo calls 3383
*** TURN *** [5d 8s 4h][Kc]
sakahamo checks
SonnyFranco1 bets 8508
sakahamo folds
SonnyFranco1 collected 25524 from pot
*** SUMMARY ***
Total pot 25524 | No rake
Board: [5d 8s 4h Kc]
Seat 2: SonnyFranco1 won 25524


Winamax Poker - Tournament "PRIME TIME" buyIn: 45€ + 5€ level: 7 - HandId: #3196806993784340522-63-1707943842 - Holdem no limit (70/300/600) - 2024/02/14 20:50:42 UTC
Table: 'PRIME TIME(744314630)#0041' 6-max (real money) Seat #4 is the button
Seat 1: sakahamo (22941, 45€ bounty)
Seat 2: SonnyFranco1 (38685, 22.50€ bounty)
Seat 3: Nacho935 (50451, 22.50€ bounty)
Seat 4: wildcats5700 (14977, 22.50€ bounty)
Seat 5: torresmo123 (16182, 22.50€ bounty)
Seat 6: L1mitless (19930, 22.50€ bounty)
*** ANTE/BLINDS ***
torresmo123 posts ante 70
L1mitless posts ante 70
sakahamo posts ante 70
SonnyFranco1 posts ante 70
Nacho935 posts ante 70
wildcats5700 posts ante 70
torresmo123 posts small blind 300
L1mitless posts big blind 600
Dealt to torresmo123 [Tc Kd]
*** PRE-FLOP *** 
sakahamo folds
SonnyFranco1 folds
Nacho935 folds
wildcats5700 folds
torresmo123 calls 300
L1mitless checks
*** FLOP *** [Js 6h Ac]
torresmo123 bets 600
L1mitless calls 600
*** TURN *** [Js 6h Ac][4c]
torresmo123 checks
L1mitless checks
*** RIVER *** [Js 6h Ac 4c][2s]
torresmo123 checks
L1mitless checks
*** SHOW DOWN ***
torresmo123 shows [Tc Kd] (High card : Ace)
L1mitless shows [6c 3h] (One pair : 6)
L1mitless collected 2820 from pot
*** SUMMARY ***
Total pot 2820 | No rake
Board: [Js 6h Ac 4c 2s]
Seat 5: torresmo123 (small blind) showed [Tc Kd] and lost with High card : Ace
Seat 6: L1mitless (big blind) showed [6c 3h] and won 2820 with One pair : 6


Winamax Poker - Tournament "PRIME TIME" buyIn: 45€ + 5€ level: 7 - HandId: #3196806993784340522-64-1707943913 - Holdem no limit (70/300/600) - 2024/02/14 20:51:53 UTC
Table: 'PRIME TIME(744314630)#0041' 6-max (real money) Seat #5 is the button
Seat 1: sakahamo (22871, 45€ bounty)
Seat 2: SonnyFranco1 (38615, 22.50€ bounty)
Seat 3: Nacho935 (50381, 22.50€ bounty)
Seat 4: wildcats5700 (14907, 22.50€ bounty)
Seat 5: torresmo123 (14912, 22.50€ bounty)
Seat 6: L1mitless (21480, 22.50€ bounty)
*** ANTE/BLINDS ***
L1mitless posts ante 70
sakahamo posts ante 70
SonnyFranco1 posts ante 70
Nacho935 posts ante 70
wildcats5700 posts ante 70
torresmo123 posts ante 70
L1mitless posts small blind 300
sakahamo posts big blind 600
Dealt to torresmo123 [3s 2s]
*** PRE-FLOP *** 
SonnyFranco1 folds
Nacho935 raises 600 to 1200
wildcats5700 calls 1200
torresmo123 folds
L1mitless calls 900
sakahamo raises 21601 to 22801 and is all-in
Nacho935 folds
wildcats5700 folds
L1mitless folds
sakahamo collected 26821 from pot
*** SUMMARY ***
Total pot 26821 | No rake
Seat 1: sakahamo (big blind) won 26821


Winamax Poker - Tournament "PRIME TIME" buyIn: 45€ + 5€ level: 7 - HandId: #3196806993784340522-65-1707943978 - Holdem no limit (70/300/600) - 2024/02/14 20:52:58 UTC
Table: 'PRIME TIME(744314630)#0041' 6-max (real money) Seat #6 is the button
Seat 1: sakahamo (26821, 45€ bounty)
Seat 2: SonnyFranco1 (38545, 22.50€ bounty)
Seat 3: Nacho935 (49111, 22.50€ bounty)
Seat 4: wildcats5700 (13637, 22.50€ bounty)
Seat 5: torresmo123 (14842, 22.50€ bounty)
Seat 6: L1mitless (20210, 22.50€ bounty)
*** ANTE/BLINDS ***
sakahamo posts ante 70
SonnyFranco1 posts ante 70
Nacho935 posts ante 70
wildcats5700 posts ante 70
torresmo123 posts ante 70
L1mitless posts ante 70
sakahamo posts small blind 300
SonnyFranco1 posts big blind 600
Dealt to torresmo123 [7h 8h]
*** PRE-FLOP *** 
Nacho935 folds
wildcats5700 folds
torresmo123 folds
L1mitless raises 618 to 1218
sakahamo folds
SonnyFranco1 calls 618
*** FLOP *** [Qs 5c 3s]
SonnyFranco1 checks
L1mitless bets 789
SonnyFranco1 folds
L1mitless collected 3945 from pot
*** SUMMARY ***
Total pot 3945 | No rake
Board: [Qs 5c 3s]
Seat 6: L1mitless (button) won 3945


Winamax Poker - Tournament "PRIME TIME" buyIn: 45€ + 5€ level: 8 - HandId: #3196806993784340522-66-1707944023 - Holdem no limit (80/350/700) - 2024/02/14 20:53:43 UTC
Table: 'PRIME TIME(744314630)#0041' 6-max (real money) Seat #1 is the button
Seat 1: sakahamo (26451, 45€ bounty)
Seat 2: SonnyFranco1 (37257, 22.50€ bounty)
Seat 3: Nacho935 (49041, 22.50€ bounty)
Seat 4: wildcats5700 (13567, 22.50€ bounty)
Seat 5: torresmo123 (14772, 22.50€ bounty)
Seat 6: L1mitless (22078, 22.50€ bounty)
*** ANTE/BLINDS ***
SonnyFranco1 posts ante 80
Nacho935 posts ante 80
sakahamo posts ante 80
wildcats5700 posts ante 80
torresmo123 posts ante 80
L1mitless posts ante 80
SonnyFranco1 posts small blind 350
Nacho935 posts big blind 700
Dealt to torresmo123 [5c 7c]
*** PRE-FLOP *** 
wildcats5700 folds
torresmo123 folds
L1mitless folds
sakahamo raises 1050 to 1750
SonnyFranco1 folds
Nacho935 raises 2450 to 4200
sakahamo calls 2450
*** FLOP *** [7h Kc 6s]
Nacho935 checks
sakahamo checks
*** TURN *** [7h Kc 6s][Jd]
Nacho935 bets 4200
sakahamo calls 4200
*** RIVER *** [7h Kc 6s Jd][Jh]
Nacho935 bets 8400
sakahamo folds
Nacho935 collected 26030 from pot
*** SUMMARY ***
Total pot 26030 | No rake
Board: [7h Kc 6s Jd Jh]
Seat 3: Nacho935 (big blind) won 26030


Winamax Poker - Tournament "PRIME TIME" buyIn: 45€ + 5€ level: 8 - HandId: #3196806993784340522-67-1707944461 - Holdem no limit (80/350/700) - 2024/02/14 21:01:01 UTC
Table: 'PRIME TIME(744314630)#0041' 6-max (real money) Seat #2 is the button
Seat 1: sakahamo (17971, 45€ bounty)
Seat 2: SonnyFranco1 (36827, 22.50€ bounty)
Seat 3: Nacho935 (58191, 22.50€ bounty)
Seat 4: wildcats5700 (13487, 22.50€ bounty)
Seat 5: torresmo123 (14692, 22.50€ bounty)
Seat 6: L1mitless (21998, 22.50€ bounty)
*** ANTE/BLINDS ***
Nacho935 posts ante 80
wildcats5700 posts ante 80
sakahamo posts ante 80
SonnyFranco1 posts ante 80
torresmo123 posts ante 80
L1mitless posts ante 80
Nacho935 posts small blind 350
wildcats5700 posts big blind 700
Dealt to torresmo123 [Jd 2s]
*** PRE-FLOP *** 
torresmo123 folds
L1mitless folds
sakahamo folds
SonnyFranco1 raises 700 to 1400
Nacho935 folds
wildcats5700 folds
SonnyFranco1 collected 2930 from pot
*** SUMMARY ***
Total pot 2930 | No rake
Seat 2: SonnyFranco1 (button) won 2930


Winamax Poker - Tournament "PRIME TIME" buyIn: 45€ + 5€ level: 8 - HandId: #3196806993784340522-68-1707944541 - Holdem no limit (80/350/700) - 2024/02/14 21:02:21 UTC
Table: 'PRIME TIME(744314630)#0041' 6-max (real money) Seat #3 is the button
Seat 1: sakahamo (17891, 45€ bounty)
Seat 2: SonnyFranco1 (38277, 22.50€ bounty)
Seat 3: Nacho935 (57761, 22.50€ bounty)
Seat 4: wildcats5700 (12707, 22.50€ bounty)
Seat 5: torresmo123 (14612, 22.50€ bounty)
Seat 6: L1mitless (21918, 22.50€ bounty)
*** ANTE/BLINDS ***
wildcats5700 posts ante 80
torresmo123 posts ante 80
sakahamo posts ante 80
SonnyFranco1 posts ante 80
Nacho935 posts ante 80
L1mitless posts ante 80
wildcats5700 posts small blind 350
torresmo123 posts big blind 700
Dealt to torresmo123 [9h 9c]
*** PRE-FLOP *** 
L1mitless folds
sakahamo raises 700 to 1400
SonnyFranco1 folds
Nacho935 folds
wildcats5700 folds
torresmo123 raises 13132 to 14532 and is all-in
sakahamo raises 3279 to 17811 and is all-in
*** FLOP *** [3d 4s Ah]
*** TURN *** [3d 4s Ah][8h]
*** RIVER *** [3d 4s Ah 8h][8c]
*** SHOW DOWN ***
sakahamo shows [Tc Kh] (One pair : 8)
torresmo123 shows [9h 9c] (Two pairs : 9 and 8)
torresmo123 collected 29894 from main pot
sakahamo collected 3279 from side pot 1
*** SUMMARY ***
Total pot 33173 | No rake
Board: [3d 4s Ah 8h 8c]
Seat 1: sakahamo showed [Tc Kh] and won 3279 with One pair : 8
Seat 5: torresmo123 (big blind) showed [9h 9c] and won 29894 with Two pairs : 9 and 8


Winamax Poker - Tournament "PRIME TIME" buyIn: 45€ + 5€ level: 8 - HandId: #3196806993784340522-69-1707944569 - Holdem no limit (80/350/700) - 2024/02/14 21:02:49 UTC
Table: 'PRIME TIME(744314630)#0041' 6-max (real money) Seat #4 is the button
Seat 1: sakahamo (3279, 45€ bounty)
Seat 2: SonnyFranco1 (38197, 22.50€ bounty)
Seat 3: Nacho935 (57681, 22.50€ bounty)
Seat 4: wildcats5700 (12277, 22.50€ bounty)
Seat 5: torresmo123 (29894, 22.50€ bounty)
Seat 6: L1mitless (21838, 22.50€ bounty)
*** ANTE/BLINDS ***
torresmo123 posts ante 80
L1mitless posts ante 80
sakahamo posts ante 80
SonnyFranco1 posts ante 80
Nacho935 posts ante 80
wildcats5700 posts ante 80
torresmo123 posts small blind 350
L1mitless posts big blind 700
Dealt to torresmo123 [Kd Td]
*** PRE-FLOP *** 
sakahamo raises 2499 to 3199 and is all-in
SonnyFranco1 folds
Nacho935 raises 54402 to 57601 and is all-in
wildcats5700 folds
torresmo123 folds
L1mitless folds
*** FLOP *** [3h Tc Qh]
*** TURN *** [3h Tc Qh][As]
*** RIVER *** [3h Tc Qh As][6c]
*** SHOW DOWN ***
sakahamo shows [Jh Js] (One pair : Jacks)
Nacho935 shows [Ac Kh] (One pair : Aces)
Nacho935 collected 62330 from pot
*** SUMMARY ***
Total pot 62330 | No rake
Board: [3h Tc Qh As 6c]
Seat 1: sakahamo showed [Jh Js] and lost with One pair : Jacks
Seat 3: Nacho935 showed [Ac Kh] and won 62330 with One pair : Aces


Winamax Poker - Tournament "PRIME TIME" buyIn: 45€ + 5€ level: 8 - HandId: #3196806993784340522-70-1707944610 - Holdem no limit (80/350/700) - 2024/02/14 21:03:30 UTC
Table: 'PRIME TIME(744314630)#0041' 6-max (real money) Seat #5 is the button
Seat 2: SonnyFranco1 (38117, 22.50€ bounty)
Seat 3: Nacho935 (62330, 45€ bounty)
Seat 4: wildcats5700 (12197, 22.50€ bounty)
Seat 5: torresmo123 (29464, 22.50€ bounty)
Seat 6: L1mitless (21058, 22.50€ bounty)
*** ANTE/BLINDS ***
L1mitless posts ante 80
SonnyFranco1 posts ante 80
Nacho935 posts ante 80
wildcats5700 posts ante 80
torresmo123 posts ante 80
L1mitless posts small blind 350
SonnyFranco1 posts big blind 700
Dealt to torresmo123 [Jh Ac]
*** PRE-FLOP *** 
Nacho935 folds
wildcats5700 folds
torresmo123 raises 770 to 1470
L1mitless folds
SonnyFranco1 folds
torresmo123 collected 2920 from pot
*** SUMMARY ***
Total pot 2920 | No rake
Seat 5: torresmo123 (button) won 2920


Winamax Poker - Tournament "PRIME TIME" buyIn: 45€ + 5€ level: 8 - HandId: #3196806993784340522-71-1707944641 - Holdem no limit (80/350/700) - 2024/02/14 21:04:01 UTC
Table: 'PRIME TIME(744314630)#0041' 6-max (real money) Seat #6 is the button
Seat 2: SonnyFranco1 (37337, 22.50€ bounty)
Seat 3: Nacho935 (62250, 45€ bounty)
Seat 4: wildcats5700 (12117, 22.50€ bounty)
Seat 5: torresmo123 (30834, 22.50€ bounty)
Seat 6: L1mitless (20628, 22.50€ bounty)
*** ANTE/BLINDS ***
SonnyFranco1 posts ante 80
Nacho935 posts ante 80
wildcats5700 posts ante 80
torresmo123 posts ante 80
L1mitless posts ante 80
SonnyFranco1 posts small blind 350
Nacho935 posts big blind 700
Dealt to torresmo123 [2c Jh]
*** PRE-FLOP *** 
wildcats5700 folds
torresmo123 folds
L1mitless folds
SonnyFranco1 raises 1400 to 2100
Nacho935 folds
SonnyFranco1 collected 3200 from pot
*** SUMMARY ***
Total pot 3200 | No rake
Seat 2: SonnyFranco1 (small blind) won 3200


Winamax Poker - Tournament "PRIME TIME" buyIn: 45€ + 5€ level: 8 - HandId: #3196806993784340522-72-1707944675 - Holdem no limit (80/350/700) - 2024/02/14 21:04:35 UTC
Table: 'PRIME TIME(744314630)#0041' 6-max (real money) Seat #2 is the button
Seat 2: SonnyFranco1 (38357, 22.50€ bounty)
Seat 3: Nacho935 (61470, 45€ bounty)
Seat 4: wildcats5700 (12037, 22.50€ bounty)
Seat 5: torresmo123 (30754, 22.50€ bounty)
Seat 6: L1mitless (20548, 22.50€ bounty)
*** ANTE/BLINDS ***
Nacho935 posts ante 80
wildcats5700 posts ante 80
SonnyFranco1 posts ante 80
torresmo123 posts ante 80
L1mitless posts ante 80
Nacho935 posts small blind 350
wildcats5700 posts big blind 700
Dealt to torresmo123 [8s Kc]
*** PRE-FLOP *** 
torresmo123 folds
L1mitless folds
SonnyFranco1 folds
Nacho935 raises 700 to 1400
wildcats5700 folds
Nacho935 collected 2500 from pot
*** SUMMARY ***
Total pot 2500 | No rake
Seat 3: Nacho935 (small blind) won 2500


Winamax Poker - Tournament "PRIME TIME" buyIn: 45€ + 5€ level: 8 - HandId: #3196806993784340522-73-1707944694 - Holdem no limit (80/350/700) - 2024/02/14 21:04:54 UTC
Table: 'PRIME TIME(744314630)#0041' 6-max (real money) Seat #3 is the button
Seat 2: SonnyFranco1 (38277, 22.50€ bounty)
Seat 3: Nacho935 (62490, 45€ bounty)
Seat 4: wildcats5700 (11257, 22.50€ bounty)
Seat 5: torresmo123 (30674, 22.50€ bounty)
Seat 6: L1mitless (20468, 22.50€ bounty)
*** ANTE/BLINDS ***
wildcats5700 posts ante 80
torresmo123 posts ante 80
SonnyFranco1 posts ante 80
Nacho935 posts ante 80
L1mitless posts ante 80
wildcats5700 posts small blind 350
torresmo123 posts big blind 700
Dealt to torresmo123 [Th Kc]
*** PRE-FLOP *** 
L1mitless folds
SonnyFranco1 folds
Nacho935 folds
wildcats5700 folds
torresmo123 collected 1450 from pot
*** SUMMARY ***
Total pot 1450 | No rake
Seat 5: torresmo123 (big blind) won 1450


Winamax Poker - Tournament "PRIME TIME" buyIn: 45€ + 5€ level: 8 - HandId: #3196806993784340522-74-1707944708 - Holdem no limit (80/350/700) - 2024/02/14 21:05:08 UTC
Table: 'PRIME TIME(744314630)#0041' 6-max (real money) Seat #4 is the button
Seat 2: SonnyFranco1 (38197, 22.50€ bounty)
Seat 3: Nacho935 (62410, 45€ bounty)
Seat 4: wildcats5700 (10827, 22.50€ bounty)
Seat 5: torresmo123 (31344, 22.50€ bounty)
Seat 6: L1mitless (20388, 22.50€ bounty)
*** ANTE/BLINDS ***
torresmo123 posts ante 80
L1mitless posts ante 80
SonnyFranco1 posts ante 80
Nacho935 posts ante 80
wildcats5700 posts ante 80
torresmo123 posts small blind 350
L1mitless posts big blind 700
Dealt to torresmo123 [Ah 8h]
*** PRE-FLOP *** 
SonnyFranco1 folds
Nacho935 folds
wildcats5700 folds
torresmo123 raises 1750 to 2450
L1mitless folds
torresmo123 collected 3550 from pot
*** SUMMARY ***
Total pot 3550 | No rake
Seat 5: torresmo123 (small blind) won 3550


Winamax Poker - Tournament "PRIME TIME" buyIn: 45€ + 5€ level: 8 - HandId: #3196806993784340522-75-1707944745 - Holdem no limit (80/350/700) - 2024/02/14 21:05:45 UTC
Table: 'PRIME TIME(744314630)#0041' 6-max (real money) Seat #5 is the button
Seat 2: SonnyFranco1 (38117, 22.50€ bounty)
Seat 3: Nacho935 (62330, 45€ bounty)
Seat 4: wildcats5700 (10747, 22.50€ bounty)
Seat 5: torresmo123 (32364, 22.50€ bounty)
Seat 6: L1mitless (19608, 22.50€ bounty)
*** ANTE/BLINDS ***
L1mitless posts ante 80
SonnyFranco1 posts ante 80
Nacho935 posts ante 80
wildcats5700 posts ante 80
torresmo123 posts ante 80
L1mitless posts small blind 350
SonnyFranco1 posts big blind 700
Dealt to torresmo123 [3c 9d]
*** PRE-FLOP *** 
Nacho935 folds
wildcats5700 calls 700
torresmo123 folds
L1mitless calls 350
SonnyFranco1 checks
*** FLOP *** [Qc 4c 8c]
L1mitless checks
SonnyFranco1 checks
wildcats5700 bets 2500
L1mitless folds
SonnyFranco1 folds
wildcats5700 collected 5000 from pot
*** SUMMARY ***
Total pot 5000 | No rake
Board: [Qc 4c 8c]
Seat 4: wildcats5700 won 5000


Winamax Poker - Tournament "PRIME TIME" buyIn: 45€ + 5€ level: 9 - HandId: #3196806993784340522-76-1707944804 - Holdem no limit (100/400/800) - 2024/02/14 21:06:44 UTC
Table: 'PRIME TIME(744314630)#0041' 6-max (real money) Seat #6 is the button
Seat 2: SonnyFranco1 (37337, 22.50€ bounty)
Seat 3: Nacho935 (62250, 45€ bounty)
Seat 4: wildcats5700 (12467, 22.50€ bounty)
Seat 5: torresmo123 (32284, 22.50€ bounty)
Seat 6: L1mitless (18828, 22.50€ bounty)
*** ANTE/BLINDS ***
SonnyFranco1 posts ante 100
Nacho935 posts ante 100
wildcats5700 posts ante 100
torresmo123 posts ante 100
L1mitless posts ante 100
SonnyFranco1 posts small blind 400
Nacho935 posts big blind 800
Dealt to torresmo123 [8d 3c]
*** PRE-FLOP *** 
wildcats5700 calls 800
torresmo123 folds
L1mitless folds
SonnyFranco1 folds
Nacho935 raises 2400 to 3200
wildcats5700 folds
Nacho935 collected 4900 from pot
*** SUMMARY ***
Total pot 4900 | No rake
Seat 3: Nacho935 (big blind) won 4900


Winamax Poker - Tournament "PRIME TIME" buyIn: 45€ + 5€ level: 9 - HandId: #3196806993784340522-77-1707944842 - Holdem no limit (100/400/800) - 2024/02/14 21:07:22 UTC
Table: 'PRIME TIME(744314630)#0041' 6-max (real money) Seat #2 is the button
Seat 1: the old lady (13051, 22.50€ bounty)
Seat 2: SonnyFranco1 (36837, 22.50€ bounty)
Seat 3: Nacho935 (63850, 45€ bounty)
Seat 4: wildcats5700 (11567, 22.50€ bounty)
Seat 5: torresmo123 (32184, 22.50€ bounty)
Seat 6: L1mitless (18728, 22.50€ bounty)
*** ANTE/BLINDS ***
Nacho935 posts ante 100
wildcats5700 posts ante 100
the old lady posts ante 100
SonnyFranco1 posts ante 100
torresmo123 posts ante 100
L1mitless posts ante 100
Nacho935 posts small blind 400
wildcats5700 posts big blind 800
Dealt to torresmo123 [8s 4s]
*** PRE-FLOP *** 
torresmo123 folds
L1mitless folds
the old lady raises 12151 to 12951 and is all-in
SonnyFranco1 folds
Nacho935 folds
wildcats5700 folds
the old lady collected 14751 from pot
*** SUMMARY ***
Total pot 14751 | No rake
Seat 1: the old lady won 14751


Winamax Poker - Tournament "PRIME TIME" buyIn: 45€ + 5€ level: 9 - HandId: #3196806993784340522-78-1707944868 - Holdem no limit (100/400/800) - 2024/02/14 21:07:48 UTC
Table: 'PRIME TIME(744314630)#0041' 6-max (real money) Seat #3 is the button
Seat 1: the old lady (14751, 22.50€ bounty)
Seat 2: SonnyFranco1 (36737, 22.50€ bounty)
Seat 3: Nacho935 (63350, 45€ bounty)
Seat 4: wildcats5700 (10667, 22.50€ bounty)
Seat 5: torresmo123 (32084, 22.50€ bounty)
Seat 6: L1mitless (18628, 22.50€ bounty)
*** ANTE/BLINDS ***
wildcats5700 posts ante 100
torresmo123 posts ante 100
the old lady posts ante 100
SonnyFranco1 posts ante 100
Nacho935 posts ante 100
L1mitless posts ante 100
wildcats5700 posts small blind 400
torresmo123 posts big blind 800
Dealt to torresmo123 [5s Ks]
*** PRE-FLOP *** 
L1mitless folds
the old lady raises 960 to 1760
SonnyFranco1 folds
Nacho935 folds
wildcats5700 folds
torresmo123 raises 30224 to 31984 and is all-in
the old lady calls 12891 and is all-in
*** FLOP *** [Jc 8s Ts]
*** TURN *** [Jc 8s Ts][9d]
*** RIVER *** [Jc 8s Ts 9d][5d]
*** SHOW DOWN ***
the old lady shows [Ad As] (One pair : Aces)
torresmo123 shows [5s Ks] (One pair : 5)
torresmo123 collected 17333 from side pot 1
the old lady collected 30302 from main pot
*** SUMMARY ***
Total pot 47635 | No rake
Board: [Jc 8s Ts 9d 5d]
Seat 1: the old lady showed [Ad As] and won 30302 with One pair : Aces
Seat 5: torresmo123 (big blind) showed [5s Ks] and won 17333 with One pair : 5


Winamax Poker - Tournament "PRIME TIME" buyIn: 45€ + 5€ level: 9 - HandId: #3196806993784340522-79-1707944930 - Holdem no limit (100/400/800) - 2024/02/14 21:08:50 UTC
Table: 'PRIME TIME(744314630)#0041' 6-max (real money) Seat #4 is the button
Seat 1: the old lady (30302, 22.50€ bounty)
Seat 2: SonnyFranco1 (36637, 22.50€ bounty)
Seat 3: Nacho935 (63250, 45€ bounty)
Seat 4: wildcats5700 (10167, 22.50€ bounty)
Seat 5: torresmo123 (17333, 22.50€ bounty)
Seat 6: L1mitless (18528, 22.50€ bounty)
*** ANTE/BLINDS ***
torresmo123 posts ante 100
L1mitless posts ante 100
the old lady posts ante 100
SonnyFranco1 posts ante 100
Nacho935 posts ante 100
wildcats5700 posts ante 100
torresmo123 posts small blind 400
L1mitless posts big blind 800
Dealt to torresmo123 [Qc As]
*** PRE-FLOP *** 
the old lady folds
SonnyFranco1 folds
Nacho935 folds
wildcats5700 folds
torresmo123 raises 16433 to 17233 and is all-in
L1mitless folds
torresmo123 collected 18633 from pot
*** SUMMARY ***
Total pot 18633 | No rake
Seat 5: torresmo123 (small blind) won 18633


Winamax Poker - Tournament "PRIME TIME" buyIn: 45€ + 5€ level: 9 - HandId: #3196806993784340522-80-1707944976 - Holdem no limit (100/400/800) - 2024/02/14 21:09:36 UTC
Table: 'PRIME TIME(744314630)#0041' 6-max (real money) Seat #5 is the button
Seat 1: the old lady (30202, 22.50€ bounty)
Seat 2: SonnyFranco1 (36537, 22.50€ bounty)
Seat 3: Nacho935 (63150, 45€ bounty)
Seat 4: wildcats5700 (10067, 22.50€ bounty)
Seat 5: torresmo123 (18633, 22.50€ bounty)
Seat 6: L1mitless (17628, 22.50€ bounty)
*** ANTE/BLINDS ***
L1mitless posts ante 100
the old lady posts ante 100
SonnyFranco1 posts ante 100
Nacho935 posts ante 100
wildcats5700 posts ante 100
torresmo123 posts ante 100
L1mitless posts small blind 400
the old lady posts big blind 800
Dealt to torresmo123 [As Ad]
*** PRE-FLOP *** 
SonnyFranco1 folds
Nacho935 raises 1200 to 2000
wildcats5700 folds
torresmo123 calls 2000
L1mitless folds
the old lady folds
*** FLOP *** [7h 6d 5c]
Nacho935 checks
torresmo123 bets 1914
Nacho935 calls 1914
*** TURN *** [7h 6d 5c][8c]
Nacho935 checks
torresmo123 checks
*** RIVER *** [7h 6d 5c 8c][Ks]
Nacho935 bets 4400
torresmo123 calls 4400
*** SHOW DOWN ***
torresmo123 shows [As Ad] (One pair : Aces)
Nacho935 shows [7d 7c] (Trips of 7)
Nacho935 collected 18428 from pot
*** SUMMARY ***
Total pot 18428 | No rake
Board: [7h 6d 5c 8c Ks]
Seat 3: Nacho935 showed [7d 7c] and won 18428 with Trips of 7
Seat 5: torresmo123 (button) showed [As Ad] and lost with One pair : Aces


Winamax Poker - Tournament "PRIME TIME" buyIn: 45€ + 5€ level: 9 - HandId: #3196806993784340522-81-1707945084 - Holdem no limit (100/400/800) - 2024/02/14 21:11:24 UTC
Table: 'PRIME TIME(744314630)#0041' 6-max (real money) Seat #6 is the button
Seat 1: the old lady (29302, 22.50€ bounty)
Seat 2: SonnyFranco1 (36437, 22.50€ bounty)
Seat 3: Nacho935 (73164, 45€ bounty)
Seat 4: wildcats5700 (9967, 22.50€ bounty)
Seat 5: torresmo123 (10219, 22.50€ bounty)
Seat 6: L1mitless (17128, 22.50€ bounty)
*** ANTE/BLINDS ***
the old lady posts ante 100
SonnyFranco1 posts ante 100
Nacho935 posts ante 100
wildcats5700 posts ante 100
torresmo123 posts ante 100
L1mitless posts ante 100
the old lady posts small blind 400
SonnyFranco1 posts big blind 800
Dealt to torresmo123 [Js 4h]
*** PRE-FLOP *** 
Nacho935 folds
wildcats5700 calls 800
torresmo123 folds
L1mitless folds
the old lady raises 28402 to 29202 and is all-in
SonnyFranco1 folds
wildcats5700 calls 9067 and is all-in
*** FLOP *** [Ts Qd 7d]
*** TURN *** [Ts Qd 7d][4c]
*** RIVER *** [Ts Qd 7d 4c][7s]
*** SHOW DOWN ***
wildcats5700 shows [Kh Jd] (One pair : 7)
the old lady shows [Kc As] (One pair : 7)
the old lady collected 40469 from pot
*** SUMMARY ***
Total pot 40469 | No rake
Board: [Ts Qd 7d 4c 7s]
Seat 1: the old lady (small blind) showed [Kc As] and won 40469 with One pair : 7
Seat 4: wildcats5700 showed [Kh Jd] and lost with One pair : 7


Winamax Poker - Tournament "PRIME TIME" buyIn: 45€ + 5€ level: 9 - HandId: #3196806993784340522-82-1707945151 - Holdem no limit (100/400/800) - 2024/02/14 21:12:31 UTC
Table: 'PRIME TIME(744314630)#0041' 6-max (real money) Seat #1 is the button
Seat 1: the old lady (40469, 33.75€ bounty)
Seat 2: SonnyFranco1 (35537, 22.50€ bounty)
Seat 3: Nacho935 (73064, 45€ bounty)
Seat 5: torresmo123 (10119, 22.50€ bounty)
Seat 6: L1mitless (17028, 22.50€ bounty)
*** ANTE/BLINDS ***
SonnyFranco1 posts ante 100
Nacho935 posts ante 100
the old lady posts ante 100
torresmo123 posts ante 100
L1mitless posts ante 100
SonnyFranco1 posts small blind 400
Nacho935 posts big blind 800
Dealt to torresmo123 [8s 4s]
*** PRE-FLOP *** 
torresmo123 folds
L1mitless folds
the old lady folds
SonnyFranco1 calls 400
Nacho935 checks
*** FLOP *** [4d Td Ks]
SonnyFranco1 checks
Nacho935 bets 800
SonnyFranco1 folds
Nacho935 collected 2900 from pot
*** SUMMARY ***
Total pot 2900 | No rake
Board: [4d Td Ks]
Seat 3: Nacho935 (big blind) won 2900


Winamax Poker - Tournament "PRIME TIME" buyIn: 45€ + 5€ level: 10 - HandId: #3196806993784340522-83-1707945197 - Holdem no limit (120/500/1000) - 2024/02/14 21:13:17 UTC
Table: 'PRIME TIME(744314630)#0041' 6-max (real money) Seat #2 is the button
Seat 1: the old lady (40369, 33.75€ bounty)
Seat 2: SonnyFranco1 (34637, 22.50€ bounty)
Seat 3: Nacho935 (74264, 45€ bounty)
Seat 5: torresmo123 (10019, 22.50€ bounty)
Seat 6: L1mitless (16928, 22.50€ bounty)
*** ANTE/BLINDS ***
Nacho935 posts ante 120
torresmo123 posts ante 120
the old lady posts ante 120
SonnyFranco1 posts ante 120
L1mitless posts ante 120
Nacho935 posts small blind 500
torresmo123 posts big blind 1000
Dealt to torresmo123 [Js 9s]
*** PRE-FLOP *** 
L1mitless folds
the old lady raises 1300 to 2300
SonnyFranco1 folds
Nacho935 folds
torresmo123 calls 1300
*** FLOP *** [7s 9c Jh]
torresmo123 checks
the old lady checks
*** TURN *** [7s 9c Jh][9h]
torresmo123 checks
the old lady bets 3500
torresmo123 calls 3500
*** RIVER *** [7s 9c Jh 9h][8c]
torresmo123 checks
the old lady checks
*** SHOW DOWN ***
the old lady shows [5c 5d] (Two pairs : 9 and 5)
torresmo123 shows [Js 9s] (Full of 9 and Jacks)
torresmo123 collected 12700 from pot
*** SUMMARY ***
Total pot 12700 | No rake
Board: [7s 9c Jh 9h 8c]
Seat 1: the old lady showed [5c 5d] and lost with Two pairs : 9 and 5
Seat 5: torresmo123 (big blind) showed [Js 9s] and won 12700 with Full of 9 and Jacks


Winamax Poker - Tournament "PRIME TIME" buyIn: 45€ + 5€ level: 10 - HandId: #3196806993784340522-84-1707945285 - Holdem no limit (120/500/1000) - 2024/02/14 21:14:45 UTC
Table: 'PRIME TIME(744314630)#0041' 6-max (real money) Seat #3 is the button
Seat 1: the old lady (34449, 33.75€ bounty)
Seat 2: SonnyFranco1 (34517, 22.50€ bounty)
Seat 3: Nacho935 (73644, 45€ bounty)
Seat 4: Hibou-taupe9 (20000, 22.50€ bounty)
Seat 5: torresmo123 (16799, 22.50€ bounty)
Seat 6: L1mitless (16808, 22.50€ bounty)
*** ANTE/BLINDS ***
torresmo123 posts ante 120
L1mitless posts ante 120
the old lady posts ante 120
SonnyFranco1 posts ante 120
Nacho935 posts ante 120
torresmo123 posts small blind 500
L1mitless posts big blind 1000
Dealt to torresmo123 [6h 8h]
*** PRE-FLOP *** 
the old lady folds
SonnyFranco1 folds
Nacho935 raises 1000 to 2000
torresmo123 calls 1500
L1mitless raises 14688 to 16688 and is all-in
Nacho935 folds
torresmo123 folds
L1mitless collected 21288 from pot
*** SUMMARY ***
Total pot 21288 | No rake
Seat 6: L1mitless (big blind) won 21288


Winamax Poker - Tournament "PRIME TIME" buyIn: 45€ + 5€ level: 10 - HandId: #3196806993784340522-85-1707945339 - Holdem no limit (120/500/1000) - 2024/02/14 21:15:39 UTC
Table: 'PRIME TIME(744314630)#0041' 6-max (real money) Seat #5 is the button
Seat 1: the old lady (34329, 33.75€ bounty)
Seat 2: SonnyFranco1 (34397, 22.50€ bounty)
Seat 3: Nacho935 (71524, 45€ bounty)
Seat 4: Hibou-taupe9 (20000, 22.50€ bounty)
Seat 5: torresmo123 (14679, 22.50€ bounty)
Seat 6: L1mitless (21288, 22.50€ bounty)
*** ANTE/BLINDS ***
L1mitless posts ante 120
the old lady posts ante 120
SonnyFranco1 posts ante 120
Nacho935 posts ante 120
Hibou-taupe9 posts ante 120
torresmo123 posts ante 120
L1mitless posts small blind 500
the old lady posts big blind 1000
Dealt to torresmo123 [9c 7c]
*** PRE-FLOP *** 
SonnyFranco1 folds
Nacho935 folds
Hibou-taupe9 raises 3220 to 4220
torresmo123 folds
L1mitless folds
the old lady folds
Hibou-taupe9 collected 6440 from pot
*** SUMMARY ***
Total pot 6440 | No rake
Seat 4: Hibou-taupe9 won 6440


Winamax Poker - Tournament "PRIME TIME" buyIn: 45€ + 5€ level: 10 - HandId: #3196806993784340522-86-1707945396 - Holdem no limit (120/500/1000) - 2024/02/14 21:16:36 UTC
Table: 'PRIME TIME(744314630)#0041' 6-max (real money) Seat #6 is the button
Seat 1: the old lady (33209, 33.75€ bounty)
Seat 2: SonnyFranco1 (34277, 22.50€ bounty)
Seat 3: Nacho935 (71404, 45€ bounty)
Seat 4: Hibou-taupe9 (22100, 22.50€ bounty)
Seat 5: torresmo123 (14559, 22.50€ bounty)
Seat 6: L1mitless (20668, 22.50€ bounty)
*** ANTE/BLINDS ***
the old lady posts ante 120
SonnyFranco1 posts ante 120
Nacho935 posts ante 120
Hibou-taupe9 posts ante 120
torresmo123 posts ante 120
L1mitless posts ante 120
the old lady posts small blind 500
SonnyFranco1 posts big blind 1000
Dealt to torresmo123 [Jc Ad]
*** PRE-FLOP *** 
Nacho935 folds
Hibou-taupe9 folds
torresmo123 raises 13439 to 14439 and is all-in
L1mitless folds
the old lady folds
SonnyFranco1 folds
torresmo123 collected 16659 from pot
*** SUMMARY ***
Total pot 16659 | No rake
Seat 5: torresmo123 won 16659


Winamax Poker - Tournament "PRIME TIME" buyIn: 45€ + 5€ level: 10 - HandId: #3196806993784340522-87-1707945444 - Holdem no limit (120/500/1000) - 2024/02/14 21:17:24 UTC
Table: 'PRIME TIME(744314630)#0041' 6-max (real money) Seat #1 is the button
Seat 1: the old lady (32589, 33.75€ bounty)
Seat 2: SonnyFranco1 (33157, 22.50€ bounty)
Seat 3: Nacho935 (71284, 45€ bounty)
Seat 4: Hibou-taupe9 (21980, 22.50€ bounty)
Seat 5: torresmo123 (16659, 22.50€ bounty)
Seat 6: L1mitless (20548, 22.50€ bounty)
*** ANTE/BLINDS ***
SonnyFranco1 posts ante 120
Nacho935 posts ante 120
the old lady posts ante 120
Hibou-taupe9 posts ante 120
torresmo123 posts ante 120
L1mitless posts ante 120
SonnyFranco1 posts small blind 500
Nacho935 posts big blind 1000
Dealt to torresmo123 [5s Kd]
*** PRE-FLOP *** 
Hibou-taupe9 raises 2000 to 3000
torresmo123 folds
L1mitless folds
the old lady folds
SonnyFranco1 folds
Nacho935 folds
Hibou-taupe9 collected 5220 from pot
*** SUMMARY ***
Total pot 5220 | No rake
Seat 4: Hibou-taupe9 won 5220


Winamax Poker - Tournament "PRIME TIME" buyIn: 45€ + 5€ level: 10 - HandId: #3196806993784340522-88-1707945469 - Holdem no limit (120/500/1000) - 2024/02/14 21:17:49 UTC
Table: 'PRIME TIME(744314630)#0041' 6-max (real money) Seat #2 is the button
Seat 1: the old lady (32469, 33.75€ bounty)
Seat 2: SonnyFranco1 (32537, 22.50€ bounty)
Seat 3: Nacho935 (70164, 45€ bounty)
Seat 4: Hibou-taupe9 (24080, 22.50€ bounty)
Seat 5: torresmo123 (16539, 22.50€ bounty)
Seat 6: L1mitless (20428, 22.50€ bounty)
*** ANTE/BLINDS ***
Nacho935 posts ante 120
Hibou-taupe9 posts ante 120
the old lady posts ante 120
SonnyFranco1 posts ante 120
torresmo123 posts ante 120
L1mitless posts ante 120
Nacho935 posts small blind 500
Hibou-taupe9 posts big blind 1000
Dealt to torresmo123 [7h As]
*** PRE-FLOP *** 
torresmo123 folds
L1mitless raises 1030 to 2030
the old lady folds
SonnyFranco1 folds
Nacho935 folds
Hibou-taupe9 calls 1030
*** FLOP *** [6h Qc 6d]
Hibou-taupe9 checks
L1mitless bets 1320
Hibou-taupe9 calls 1320
*** TURN *** [6h Qc 6d][7c]
Hibou-taupe9 checks
L1mitless checks
*** RIVER *** [6h Qc 6d 7c][3s]
Hibou-taupe9 bets 7920
L1mitless folds
Hibou-taupe9 collected 15840 from pot
*** SUMMARY ***
Total pot 15840 | No rake
Board: [6h Qc 6d 7c 3s]
Seat 4: Hibou-taupe9 (big blind) won 15840


Winamax Poker - Tournament "PRIME TIME" buyIn: 45€ + 5€ level: 10 - HandId: #3196806993784340522-89-1707945525 - Holdem no limit (120/500/1000) - 2024/02/14 21:18:45 UTC
Table: 'PRIME TIME(744314630)#0041' 6-max (real money) Seat #3 is the button
Seat 1: the old lady (32349, 33.75€ bounty)
Seat 2: SonnyFranco1 (32417, 22.50€ bounty)
Seat 3: Nacho935 (69544, 45€ bounty)
Seat 4: Hibou-taupe9 (28530, 22.50€ bounty)
Seat 5: torresmo123 (16419, 22.50€ bounty)
Seat 6: L1mitless (16958, 22.50€ bounty)
*** ANTE/BLINDS ***
Hibou-taupe9 posts ante 120
torresmo123 posts ante 120
the old lady posts ante 120
SonnyFranco1 posts ante 120
Nacho935 posts ante 120
L1mitless posts ante 120
Hibou-taupe9 posts small blind 500
torresmo123 posts big blind 1000
Dealt to torresmo123 [Kh Ah]
*** PRE-FLOP *** 
L1mitless folds
the old lady folds
SonnyFranco1 folds
Nacho935 folds
Hibou-taupe9 raises 1000 to 2000
torresmo123 raises 14299 to 16299 and is all-in
Hibou-taupe9 folds
torresmo123 collected 19019 from pot
*** SUMMARY ***
Total pot 19019 | No rake
Seat 5: torresmo123 (big blind) won 19019


Winamax Poker - Tournament "PRIME TIME" buyIn: 45€ + 5€ level: 10 - HandId: #3196806993784340522-90-1707945585 - Holdem no limit (120/500/1000) - 2024/02/14 21:19:45 UTC
Table: 'PRIME TIME(744314630)#0041' 6-max (real money) Seat #4 is the button
Seat 1: the old lady (32229, 33.75€ bounty)
Seat 2: SonnyFranco1 (32297, 22.50€ bounty)
Seat 3: Nacho935 (69424, 45€ bounty)
Seat 4: Hibou-taupe9 (26410, 22.50€ bounty)
Seat 5: torresmo123 (19019, 22.50€ bounty)
Seat 6: L1mitless (16838, 22.50€ bounty)
*** ANTE/BLINDS ***
torresmo123 posts ante 120
L1mitless posts ante 120
the old lady posts ante 120
SonnyFranco1 posts ante 120
Nacho935 posts ante 120
Hibou-taupe9 posts ante 120
torresmo123 posts small blind 500
L1mitless posts big blind 1000
Dealt to torresmo123 [2h 2c]
*** PRE-FLOP *** 
the old lady folds
SonnyFranco1 folds
Nacho935 folds
Hibou-taupe9 raises 2000 to 3000
torresmo123 raises 15899 to 18899 and is all-in
L1mitless folds
Hibou-taupe9 raises 7391 to 26290 and is all-in
*** FLOP *** [3c Th Jh]
*** TURN *** [3c Th Jh][6h]
*** RIVER *** [3c Th Jh 6h][2d]
*** SHOW DOWN ***
Hibou-taupe9 shows [As 6c] (One pair : 6)
torresmo123 shows [2h 2c] (Trips of 2)
torresmo123 collected 39518 from main pot
Hibou-taupe9 collected 7391 from side pot 1
*** SUMMARY ***
Total pot 46909 | No rake
Board: [3c Th Jh 6h 2d]
Seat 4: Hibou-taupe9 (button) showed [As 6c] and won 7391 with One pair : 6
Seat 5: torresmo123 (small blind) showed [2h 2c] and won 39518 with Trips of 2


Winamax Poker - Tournament "PRIME TIME" buyIn: 45€ + 5€ level: 11 - HandId: #3196806993784340522-91-1707945629 - Holdem no limit (140/600/1200) - 2024/02/14 21:20:29 UTC
Table: 'PRIME TIME(744314630)#0041' 6-max (real money) Seat #5 is the button
Seat 1: the old lady (32109, 33.75€ bounty)
Seat 2: SonnyFranco1 (32177, 22.50€ bounty)
Seat 3: Nacho935 (69304, 45€ bounty)
Seat 4: Hibou-taupe9 (7391, 22.50€ bounty)
Seat 5: torresmo123 (39518, 22.50€ bounty)
Seat 6: L1mitless (15718, 22.50€ bounty)
*** ANTE/BLINDS ***
L1mitless posts ante 140
the old lady posts ante 140
SonnyFranco1 posts ante 140
Nacho935 posts ante 140
Hibou-taupe9 posts ante 140
torresmo123 posts ante 140
L1mitless posts small blind 600
the old lady posts big blind 1200
Dealt to torresmo123 [2h 4h]
*** PRE-FLOP *** 
SonnyFranco1 folds
Nacho935 folds
Hibou-taupe9 raises 6051 to 7251 and is all-in
torresmo123 folds
L1mitless raises 8327 to 15578 and is all-in
the old lady folds
*** FLOP *** [Th Js Ts]
*** TURN *** [Th Js Ts][Tc]
*** RIVER *** [Th Js Ts Tc][Ah]
*** SHOW DOWN ***
Hibou-taupe9 shows [4d Qd] (Trips of Tens)
L1mitless shows [Kd 3h] (Trips of Tens)
L1mitless collected 24869 from pot
*** SUMMARY ***
Total pot 24869 | No rake
Board: [Th Js Ts Tc Ah]
Seat 4: Hibou-taupe9 showed [4d Qd] and lost with Trips of Tens
Seat 6: L1mitless (small blind) showed [Kd 3h] and won 24869 with Trips of Tens


Winamax Poker - Tournament "PRIME TIME" buyIn: 45€ + 5€ level: 11 - HandId: #3196806993784340522-92-1707945675 - Holdem no limit (140/600/1200) - 2024/02/14 21:21:15 UTC
Table: 'PRIME TIME(744314630)#0041' 6-max (real money) Seat #6 is the button
Seat 1: the old lady (30769, 33.75€ bounty)
Seat 2: SonnyFranco1 (32037, 22.50€ bounty)
Seat 3: Nacho935 (69164, 45€ bounty)
Seat 5: torresmo123 (39378, 22.50€ bounty)
Seat 6: L1mitless (24869, 33.75€ bounty)
*** ANTE/BLINDS ***
the old lady posts ante 140
SonnyFranco1 posts ante 140
Nacho935 posts ante 140
torresmo123 posts ante 140
L1mitless posts ante 140
the old lady posts small blind 600
SonnyFranco1 posts big blind 1200
Dealt to torresmo123 [6s Ks]
*** PRE-FLOP *** 
Nacho935 folds
torresmo123 raises 1320 to 2520
L1mitless folds
the old lady folds
SonnyFranco1 calls 1320
*** FLOP *** [6h 4s 2s]
SonnyFranco1 checks
torresmo123 bets 2092
SonnyFranco1 calls 2092
*** TURN *** [6h 4s 2s][Tc]
SonnyFranco1 checks
torresmo123 bets 5788
SonnyFranco1 calls 5788
*** RIVER *** [6h 4s 2s Tc][Jd]
SonnyFranco1 checks
torresmo123 checks
*** SHOW DOWN ***
torresmo123 shows [6s Ks] (One pair : 6)
SonnyFranco1 shows [Td As] (One pair : Tens)
SonnyFranco1 collected 22100 from pot
*** SUMMARY ***
Total pot 22100 | No rake
Board: [6h 4s 2s Tc Jd]
Seat 2: SonnyFranco1 (big blind) showed [Td As] and won 22100 with One pair : Tens
Seat 5: torresmo123 showed [6s Ks] and lost with One pair : 6


Winamax Poker - Tournament "PRIME TIME" buyIn: 45€ + 5€ level: 11 - HandId: #3196806993784340522-93-1707945785 - Holdem no limit (140/600/1200) - 2024/02/14 21:23:05 UTC
Table: 'PRIME TIME(744314630)#0041' 6-max (real money) Seat #1 is the button
Seat 1: the old lady (30029, 33.75€ bounty)
Seat 2: SonnyFranco1 (43597, 22.50€ bounty)
Seat 3: Nacho935 (69024, 45€ bounty)
Seat 4: wlfparis (47513, 22.50€ bounty)
Seat 5: torresmo123 (28838, 22.50€ bounty)
Seat 6: L1mitless (24729, 33.75€ bounty)
*** ANTE/BLINDS ***
SonnyFranco1 posts ante 140
Nacho935 posts ante 140
the old lady posts ante 140
wlfparis posts ante 140
torresmo123 posts ante 140
L1mitless posts ante 140
SonnyFranco1 posts small blind 600
Nacho935 posts big blind 1200
Dealt to torresmo123 [Th 6c]
*** PRE-FLOP *** 
wlfparis folds
torresmo123 folds
L1mitless folds
the old lady folds
SonnyFranco1 folds
Nacho935 collected 2640 from pot
*** SUMMARY ***
Total pot 2640 | No rake
Seat 3: Nacho935 (big blind) won 2640


Winamax Poker - Tournament "PRIME TIME" buyIn: 45€ + 5€ level: 11 - HandId: #3196806993784340522-94-1707945801 - Holdem no limit (140/600/1200) - 2024/02/14 21:23:21 UTC
Table: 'PRIME TIME(744314630)#0041' 6-max (real money) Seat #2 is the button
Seat 1: the old lady (29889, 33.75€ bounty)
Seat 2: SonnyFranco1 (42857, 22.50€ bounty)
Seat 3: Nacho935 (70324, 45€ bounty)
Seat 4: wlfparis (47373, 22.50€ bounty)
Seat 5: torresmo123 (28698, 22.50€ bounty)
Seat 6: L1mitless (24589, 33.75€ bounty)
*** ANTE/BLINDS ***
Nacho935 posts ante 140
wlfparis posts ante 140
the old lady posts ante 140
SonnyFranco1 posts ante 140
torresmo123 posts ante 140
L1mitless posts ante 140
Nacho935 posts small blind 600
wlfparis posts big blind 1200
Dealt to torresmo123 [5d Th]
*** PRE-FLOP *** 
torresmo123 folds
L1mitless folds
the old lady raises 1440 to 2640
SonnyFranco1 folds
Nacho935 folds
wlfparis calls 1440
*** FLOP *** [7h Ac 2h]
wlfparis checks
the old lady bets 1680
wlfparis folds
the old lady collected 8400 from pot
*** SUMMARY ***
Total pot 8400 | No rake
Board: [7h Ac 2h]
Seat 1: the old lady won 8400


Winamax Poker - Tournament "PRIME TIME" buyIn: 45€ + 5€ level: 11 - HandId: #3196806993784340522-95-1707945847 - Holdem no limit (140/600/1200) - 2024/02/14 21:24:07 UTC
Table: 'PRIME TIME(744314630)#0041' 6-max (real money) Seat #3 is the button
Seat 1: the old lady (33829, 33.75€ bounty)
Seat 2: SonnyFranco1 (42717, 22.50€ bounty)
Seat 3: Nacho935 (69584, 45€ bounty)
Seat 4: wlfparis (44593, 22.50€ bounty)
Seat 5: torresmo123 (28558, 22.50€ bounty)
Seat 6: L1mitless (24449, 33.75€ bounty)
*** ANTE/BLINDS ***
wlfparis posts ante 140
torresmo123 posts ante 140
the old lady posts ante 140
SonnyFranco1 posts ante 140
Nacho935 posts ante 140
L1mitless posts ante 140
wlfparis posts small blind 600
torresmo123 posts big blind 1200
Dealt to torresmo123 [Ac Qc]
*** PRE-FLOP *** 
L1mitless folds
the old lady raises 1440 to 2640
SonnyFranco1 folds
Nacho935 calls 2640
wlfparis folds
torresmo123 raises 25778 to 28418 and is all-in
the old lady folds
Nacho935 folds
torresmo123 collected 35138 from pot
*** SUMMARY ***
Total pot 35138 | No rake
Seat 5: torresmo123 (big blind) won 35138


Winamax Poker - Tournament "PRIME TIME" buyIn: 45€ + 5€ level: 11 - HandId: #3196806993784340522-96-1707945902 - Holdem no limit (140/600/1200) - 2024/02/14 21:25:02 UTC
Table: 'PRIME TIME(744314630)#0041' 6-max (real money) Seat #4 is the button
Seat 1: the old lady (31049, 33.75€ bounty)
Seat 2: SonnyFranco1 (42577, 22.50€ bounty)
Seat 3: Nacho935 (66804, 45€ bounty)
Seat 4: wlfparis (43853, 22.50€ bounty)
Seat 5: torresmo123 (35138, 22.50€ bounty)
Seat 6: L1mitless (24309, 33.75€ bounty)
*** ANTE/BLINDS ***
torresmo123 posts ante 140
L1mitless posts ante 140
the old lady posts ante 140
SonnyFranco1 posts ante 140
Nacho935 posts ante 140
wlfparis posts ante 140
torresmo123 posts small blind 600
L1mitless posts big blind 1200
Dealt to torresmo123 [7s Qd]
*** PRE-FLOP *** 
the old lady folds
SonnyFranco1 folds
Nacho935 raises 1200 to 2400
wlfparis raises 5400 to 7800
torresmo123 folds
L1mitless folds
Nacho935 calls 5400
*** FLOP *** [6h Ah 5d]
Nacho935 checks
wlfparis checks
*** TURN *** [6h Ah 5d][2s]
Nacho935 bets 7800
wlfparis calls 7800
*** RIVER *** [6h Ah 5d 2s][Ac]
Nacho935 bets 11844
wlfparis folds
Nacho935 collected 45684 from pot
*** SUMMARY ***
Total pot 45684 | No rake
Board: [6h Ah 5d 2s Ac]
Seat 3: Nacho935 won 45684


Winamax Poker - Tournament "PRIME TIME" buyIn: 45€ + 5€ level: 11 - HandId: #3196806993784340522-97-1707945999 - Holdem no limit (140/600/1200) - 2024/02/14 21:26:39 UTC
Table: 'PRIME TIME(744314630)#0041' 6-max (real money) Seat #5 is the button
Seat 1: the old lady (30909, 33.75€ bounty)
Seat 2: SonnyFranco1 (42437, 22.50€ bounty)
Seat 3: Nacho935 (84904, 45€ bounty)
Seat 4: wlfparis (28113, 22.50€ bounty)
Seat 5: torresmo123 (34398, 22.50€ bounty)
Seat 6: L1mitless (22969, 33.75€ bounty)
*** ANTE/BLINDS ***
L1mitless posts ante 140
the old lady posts ante 140
SonnyFranco1 posts ante 140
Nacho935 posts ante 140
wlfparis posts ante 140
torresmo123 posts ante 140
L1mitless posts small blind 600
the old lady posts big blind 1200
Dealt to torresmo123 [4c 4s]
*** PRE-FLOP *** 
SonnyFranco1 folds
Nacho935 raises 1200 to 2400
wlfparis folds
torresmo123 calls 2400
L1mitless folds
the old lady calls 1200
*** FLOP *** [Qd 3s Td]
the old lady checks
Nacho935 checks
torresmo123 checks
*** TURN *** [Qd 3s Td][Qs]
the old lady checks
Nacho935 bets 2400
torresmo123 calls 2400
the old lady folds
*** RIVER *** [Qd 3s Td Qs][3h]
Nacho935 bets 5400
torresmo123 folds
Nacho935 collected 18840 from pot
*** SUMMARY ***
Total pot 18840 | No rake
Board: [Qd 3s Td Qs 3h]
Seat 3: Nacho935 won 18840


Winamax Poker - Tournament "PRIME TIME" buyIn: 45€ + 5€ level: 12 - HandId: #3196806993784340522-98-1707946159 - Holdem no limit (160/700/1400) - 2024/02/14 21:29:19 UTC
Table: 'PRIME TIME(744314630)#0041' 6-max (real money) Seat #6 is the button
Seat 1: the old lady (28369, 33.75€ bounty)
Seat 2: SonnyFranco1 (42297, 22.50€ bounty)
Seat 3: Nacho935 (93404, 45€ bounty)
Seat 4: wlfparis (27973, 22.50€ bounty)
Seat 5: torresmo123 (29458, 22.50€ bounty)
Seat 6: L1mitless (22229, 33.75€ bounty)
*** ANTE/BLINDS ***
the old lady posts ante 160
SonnyFranco1 posts ante 160
Nacho935 posts ante 160
wlfparis posts ante 160
torresmo123 posts ante 160
L1mitless posts ante 160
the old lady posts small blind 700
SonnyFranco1 posts big blind 1400
Dealt to torresmo123 [7h 8h]
*** PRE-FLOP *** 
Nacho935 folds
wlfparis raises 26413 to 27813 and is all-in
torresmo123 folds
L1mitless folds
the old lady folds
SonnyFranco1 folds
wlfparis collected 30873 from pot
*** SUMMARY ***
Total pot 30873 | No rake
Seat 4: wlfparis won 30873


Winamax Poker - Tournament "PRIME TIME" buyIn: 45€ + 5€ level: 12 - HandId: #3196806993784340522-99-1707946187 - Holdem no limit (160/700/1400) - 2024/02/14 21:29:47 UTC
Table: 'PRIME TIME(744314630)#0041' 6-max (real money) Seat #1 is the button
Seat 1: the old lady (27509, 33.75€ bounty)
Seat 2: SonnyFranco1 (40737, 22.50€ bounty)
Seat 3: Nacho935 (93244, 45€ bounty)
Seat 4: wlfparis (30873, 22.50€ bounty)
Seat 5: torresmo123 (29298, 22.50€ bounty)
Seat 6: L1mitless (22069, 33.75€ bounty)
*** ANTE/BLINDS ***
SonnyFranco1 posts ante 160
Nacho935 posts ante 160
the old lady posts ante 160
wlfparis posts ante 160
torresmo123 posts ante 160
L1mitless posts ante 160
SonnyFranco1 posts small blind 700
Nacho935 posts big blind 1400
Dealt to torresmo123 [7s 8h]
*** PRE-FLOP *** 
wlfparis folds
torresmo123 folds
L1mitless raises 1400 to 2800
the old lady folds
SonnyFranco1 folds
Nacho935 calls 1400
*** FLOP *** [As Ts Kd]
Nacho935 checks
L1mitless bets 1815
Nacho935 calls 1815
*** TURN *** [As Ts Kd][8d]
Nacho935 checks
L1mitless bets 3920
Nacho935 calls 3920
*** RIVER *** [As Ts Kd 8d][Jh]
Nacho935 bets 14000
L1mitless calls 13374 and is all-in
*** SHOW DOWN ***
Nacho935 shows [9h Ks] (One pair : Kings)
L1mitless shows [Ac Ad] (Trips of Aces)
L1mitless collected 45478 from main pot
Nacho935 collected 626 from side pot 1
*** SUMMARY ***
Total pot 46104 | No rake
Board: [As Ts Kd 8d Jh]
Seat 3: Nacho935 (big blind) showed [9h Ks] and won 626 with One pair : Kings
Seat 6: L1mitless showed [Ac Ad] and won 45478 with Trips of Aces


Winamax Poker - Tournament "PRIME TIME" buyIn: 45€ + 5€ level: 12 - HandId: #3196806993784340522-100-1707946276 - Holdem no limit (160/700/1400) - 2024/02/14 21:31:16 UTC
Table: 'PRIME TIME(744314630)#0041' 6-max (real money) Seat #2 is the button
Seat 1: the old lady (27349, 33.75€ bounty)
Seat 2: SonnyFranco1 (39877, 22.50€ bounty)
Seat 3: Nacho935 (71175, 45€ bounty)
Seat 4: wlfparis (30713, 22.50€ bounty)
Seat 5: torresmo123 (29138, 22.50€ bounty)
Seat 6: L1mitless (45478, 33.75€ bounty)
*** ANTE/BLINDS ***
Nacho935 posts ante 160
wlfparis posts ante 160
the old lady posts ante 160
SonnyFranco1 posts ante 160
torresmo123 posts ante 160
L1mitless posts ante 160
Nacho935 posts small blind 700
wlfparis posts big blind 1400
Dealt to torresmo123 [2s Ts]
*** PRE-FLOP *** 
torresmo123 folds
L1mitless raises 1400 to 2800
the old lady folds
SonnyFranco1 folds
Nacho935 folds
wlfparis raises 27753 to 30553 and is all-in
L1mitless folds
wlfparis collected 35013 from pot
*** SUMMARY ***
Total pot 35013 | No rake
Seat 4: wlfparis (big blind) won 35013


Winamax Poker - Tournament "PRIME TIME" buyIn: 45€ + 5€ level: 12 - HandId: #3196806993784340522-101-1707946318 - Holdem no limit (160/700/1400) - 2024/02/14 21:31:58 UTC
Table: 'PRIME TIME(744314630)#0041' 6-max (real money) Seat #3 is the button
Seat 1: the old lady (27189, 33.75€ bounty)
Seat 2: SonnyFranco1 (39717, 22.50€ bounty)
Seat 3: Nacho935 (70315, 45€ bounty)
Seat 4: wlfparis (35013, 22.50€ bounty)
Seat 5: torresmo123 (28978, 22.50€ bounty)
Seat 6: L1mitless (42518, 33.75€ bounty)
*** ANTE/BLINDS ***
wlfparis posts ante 160
torresmo123 posts ante 160
the old lady posts ante 160
SonnyFranco1 posts ante 160
Nacho935 posts ante 160
L1mitless posts ante 160
wlfparis posts small blind 700
torresmo123 posts big blind 1400
Dealt to torresmo123 [8d 7d]
*** PRE-FLOP *** 
L1mitless folds
the old lady folds
SonnyFranco1 raises 1400 to 2800
Nacho935 folds
wlfparis folds
torresmo123 calls 1400
*** FLOP *** [2d Td 6c]
torresmo123 checks
SonnyFranco1 bets 2396
torresmo123 raises 5304 to 7700
SonnyFranco1 calls 5304
*** TURN *** [2d Td 6c][6d]
torresmo123 bets 4532
SonnyFranco1 folds
torresmo123 collected 27192 from pot
*** SUMMARY ***
Total pot 27192 | No rake
Board: [2d Td 6c 6d]
Seat 5: torresmo123 (big blind) won 27192


Winamax Poker - Tournament "PRIME TIME" buyIn: 45€ + 5€ level: 12 - HandId: #3196806993784340522-102-1707946399 - Holdem no limit (160/700/1400) - 2024/02/14 21:33:19 UTC
Table: 'PRIME TIME(744314630)#0041' 6-max (real money) Seat #4 is the button
Seat 1: the old lady (27029, 33.75€ bounty)
Seat 2: SonnyFranco1 (29057, 22.50€ bounty)
Seat 3: Nacho935 (70155, 45€ bounty)
Seat 4: wlfparis (34153, 22.50€ bounty)
Seat 5: torresmo123 (40978, 22.50€ bounty)
Seat 6: L1mitless (42358, 33.75€ bounty)
*** ANTE/BLINDS ***
torresmo123 posts ante 160
L1mitless posts ante 160
the old lady posts ante 160
SonnyFranco1 posts ante 160
Nacho935 posts ante 160
wlfparis posts ante 160
torresmo123 posts small blind 700
L1mitless posts big blind 1400
Dealt to torresmo123 [As 9d]
*** PRE-FLOP *** 
the old lady folds
SonnyFranco1 raises 1400 to 2800
Nacho935 folds
wlfparis calls 2800
torresmo123 folds
L1mitless folds
*** FLOP *** [Jc 5s Kh]
SonnyFranco1 checks
wlfparis checks
*** TURN *** [Jc 5s Kh][9c]
SonnyFranco1 checks
wlfparis bets 3031
SonnyFranco1 folds
wlfparis collected 11691 from pot
*** SUMMARY ***
Total pot 11691 | No rake
Board: [Jc 5s Kh 9c]
Seat 4: wlfparis (button) won 11691


Winamax Poker - Tournament "PRIME TIME" buyIn: 45€ + 5€ level: 13 - HandId: #3196806993784340522-103-1707946479 - Holdem no limit (200/800/1600) - 2024/02/14 21:34:39 UTC
Table: 'PRIME TIME(744314630)#0041' 6-max (real money) Seat #5 is the button
Seat 1: the old lady (26869, 33.75€ bounty)
Seat 2: SonnyFranco1 (26097, 22.50€ bounty)
Seat 3: Nacho935 (69995, 45€ bounty)
Seat 4: wlfparis (39853, 22.50€ bounty)
Seat 5: torresmo123 (40118, 22.50€ bounty)
Seat 6: L1mitless (40798, 33.75€ bounty)
*** ANTE/BLINDS ***
L1mitless posts ante 200
the old lady posts ante 200
SonnyFranco1 posts ante 200
Nacho935 posts ante 200
wlfparis posts ante 200
torresmo123 posts ante 200
L1mitless posts small blind 800
the old lady posts big blind 1600
Dealt to torresmo123 [Jd 8s]
*** PRE-FLOP *** 
SonnyFranco1 folds
Nacho935 folds
wlfparis raises 1600 to 3200
torresmo123 folds
L1mitless folds
the old lady calls 1600
*** FLOP *** [7d 6c 6d]
the old lady checks
wlfparis bets 2940
the old lady raises 4260 to 7200
wlfparis calls 4260
*** TURN *** [7d 6c 6d][Qh]
the old lady checks
wlfparis bets 4000
the old lady calls 4000
*** RIVER *** [7d 6c 6d Qh][5d]
the old lady checks
wlfparis checks
*** SHOW DOWN ***
the old lady shows [7s Th] (Two pairs : 7 and 6)
wlfparis shows [7c Ac] (Two pairs : 7 and 6)
wlfparis collected 30800 from pot
*** SUMMARY ***
Total pot 30800 | No rake
Board: [7d 6c 6d Qh 5d]
Seat 1: the old lady (big blind) showed [7s Th] and lost with Two pairs : 7 and 6
Seat 4: wlfparis showed [7c Ac] and won 30800 with Two pairs : 7 and 6


Winamax Poker - Tournament "PRIME TIME" buyIn: 45€ + 5€ level: 13 - HandId: #3196806993784340522-104-1707946608 - Holdem no limit (200/800/1600) - 2024/02/14 21:36:48 UTC
Table: 'PRIME TIME(744314630)#0041' 6-max (real money) Seat #6 is the button
Seat 1: the old lady (12269, 33.75€ bounty)
Seat 2: SonnyFranco1 (25897, 22.50€ bounty)
Seat 3: Nacho935 (69795, 45€ bounty)
Seat 4: wlfparis (56053, 22.50€ bounty)
Seat 5: torresmo123 (39918, 22.50€ bounty)
Seat 6: L1mitless (39798, 33.75€ bounty)
*** ANTE/BLINDS ***
the old lady posts ante 200
SonnyFranco1 posts ante 200
Nacho935 posts ante 200
wlfparis posts ante 200
torresmo123 posts ante 200
L1mitless posts ante 200
the old lady posts small blind 800
SonnyFranco1 posts big blind 1600
Dealt to torresmo123 [6h 4c]
*** PRE-FLOP *** 
Nacho935 raises 1600 to 3200
wlfparis folds
torresmo123 folds
L1mitless folds
the old lady folds
SonnyFranco1 folds
Nacho935 collected 6800 from pot
*** SUMMARY ***
Total pot 6800 | No rake
Seat 3: Nacho935 won 6800


Winamax Poker - Tournament "PRIME TIME" buyIn: 45€ + 5€ level: 13 - HandId: #3196806993784340522-105-1707946639 - Holdem no limit (200/800/1600) - 2024/02/14 21:37:19 UTC
Table: 'PRIME TIME(744314630)#0041' 6-max (real money) Seat #1 is the button
Seat 1: the old lady (11269, 33.75€ bounty)
Seat 2: SonnyFranco1 (24097, 22.50€ bounty)
Seat 3: Nacho935 (73195, 45€ bounty)
Seat 4: wlfparis (55853, 22.50€ bounty)
Seat 5: torresmo123 (39718, 22.50€ bounty)
Seat 6: L1mitless (39598, 33.75€ bounty)
*** ANTE/BLINDS ***
SonnyFranco1 posts ante 200
Nacho935 posts ante 200
the old lady posts ante 200
wlfparis posts ante 200
torresmo123 posts ante 200
L1mitless posts ante 200
SonnyFranco1 posts small blind 800
Nacho935 posts big blind 1600
Dealt to torresmo123 [3d Jh]
*** PRE-FLOP *** 
wlfparis folds
torresmo123 folds
L1mitless folds
the old lady folds
SonnyFranco1 calls 800
Nacho935 checks
*** FLOP *** [4s 9d 7s]
SonnyFranco1 bets 1600
Nacho935 folds
SonnyFranco1 collected 6000 from pot
*** SUMMARY ***
Total pot 6000 | No rake
Board: [4s 9d 7s]
Seat 2: SonnyFranco1 (small blind) won 6000


Winamax Poker - Tournament "PRIME TIME" buyIn: 45€ + 5€ level: 13 - HandId: #3196806993784340522-106-1707946677 - Holdem no limit (200/800/1600) - 2024/02/14 21:37:57 UTC
Table: 'PRIME TIME(744314630)#0041' 6-max (real money) Seat #2 is the button
Seat 1: the old lady (11069, 33.75€ bounty)
Seat 2: SonnyFranco1 (26697, 22.50€ bounty)
Seat 3: Nacho935 (71395, 45€ bounty)
Seat 4: wlfparis (55653, 22.50€ bounty)
Seat 5: torresmo123 (39518, 22.50€ bounty)
Seat 6: L1mitless (39398, 33.75€ bounty)
*** ANTE/BLINDS ***
Nacho935 posts ante 200
wlfparis posts ante 200
the old lady posts ante 200
SonnyFranco1 posts ante 200
torresmo123 posts ante 200
L1mitless posts ante 200
Nacho935 posts small blind 800
wlfparis posts big blind 1600
Dealt to torresmo123 [As 9s]
*** PRE-FLOP *** 
torresmo123 raises 1760 to 3360
L1mitless folds
the old lady folds
SonnyFranco1 folds
Nacho935 calls 2560
wlfparis calls 1760
*** FLOP *** [8c 6d 7s]
Nacho935 checks
wlfparis checks
torresmo123 bets 3722
Nacho935 calls 3722
wlfparis raises 48371 to 52093 and is all-in
torresmo123 calls 32236 and is all-in
Nacho935 folds
*** TURN *** [8c 6d 7s][Kh]
*** RIVER *** [8c 6d 7s Kh][Jd]
*** SHOW DOWN ***
torresmo123 shows [As 9s] (High card : Ace)
wlfparis shows [9c 7d] (One pair : 7)
wlfparis collected 103053 from pot
*** SUMMARY ***
Total pot 103053 | No rake
Board: [8c 6d 7s Kh Jd]
Seat 4: wlfparis (big blind) showed [9c 7d] and won 103053 with One pair : 7
Seat 5: torresmo123 showed [As 9s] and lost with High card : Ace


