Winamax Poker - Tournament "TEA TIME" buyIn: 18€ + 2€ level: -733727167 - HandId: #3180765591581491282-42-1707150983 - Holdem no limit (25/100/200) - 2024/02/05 16:36:23 UTC
Table: 'TEA TIME(740579700)#0081' 6-max (real money) Seat #3 is the button
Seat 1: ArseneLupinK (18414, 9€ bounty)
Seat 2: torresmo123 (20000, 9€ bounty)
Seat 3: JaMmin_JaRs (12666, 9€ bounty)
Seat 4: TheBlind1 (17018, 9€ bounty)
Seat 5: longimanus (19410, 9€ bounty)
Seat 6: SinVice (87412, 22.50€ bounty)
*** ANTE/BLINDS ***
TheBlind1 posts ante 25
longimanus posts ante 25
ArseneLupinK posts ante 25
torresmo123 posts ante 25
JaMmin_JaRs posts ante 25
SinVice posts ante 25
TheBlind1 posts small blind 100
longimanus posts big blind 200
Dealt to torresmo123 [Jd 2c]
*** PRE-FLOP *** 
SinVice folds
ArseneLupinK raises 240 to 440
torresmo123 folds
JaMmin_JaRs folds
TheBlind1 folds
longimanus folds
ArseneLupinK collected 890 from pot
*** SUMMARY ***
Total pot 890 | No rake
Seat 1: ArseneLupinK won 890


Winamax Poker - Tournament "TEA TIME" buyIn: 18€ + 2€ level: -733727167 - HandId: #3180765591581491282-43-1707151011 - Holdem no limit (25/100/200) - 2024/02/05 16:36:51 UTC
Table: 'TEA TIME(740579700)#0081' 6-max (real money) Seat #4 is the button
Seat 1: ArseneLupinK (18839, 9€ bounty)
Seat 2: torresmo123 (19975, 9€ bounty)
Seat 3: JaMmin_JaRs (12641, 9€ bounty)
Seat 4: TheBlind1 (16893, 9€ bounty)
Seat 5: longimanus (19185, 9€ bounty)
Seat 6: SinVice (87387, 22.50€ bounty)
*** ANTE/BLINDS ***
longimanus posts ante 25
SinVice posts ante 25
ArseneLupinK posts ante 25
torresmo123 posts ante 25
JaMmin_JaRs posts ante 25
TheBlind1 posts ante 25
longimanus posts small blind 100
SinVice posts big blind 200
Dealt to torresmo123 [As 2c]
*** PRE-FLOP *** 
ArseneLupinK folds
torresmo123 folds
JaMmin_JaRs raises 200 to 400
TheBlind1 folds
longimanus folds
SinVice calls 200
*** FLOP *** [2d 7s 6s]
SinVice checks
JaMmin_JaRs checks
*** TURN *** [2d 7s 6s][8c]
SinVice bets 683
JaMmin_JaRs calls 683
*** RIVER *** [2d 7s 6s 8c][Th]
SinVice checks
JaMmin_JaRs checks
*** SHOW DOWN ***
JaMmin_JaRs shows [5d 5c] (One pair : 5)
SinVice shows [Ah 6h] (One pair : 6)
SinVice collected 2416 from pot
*** SUMMARY ***
Total pot 2416 | No rake
Board: [2d 7s 6s 8c Th]
Seat 3: JaMmin_JaRs showed [5d 5c] and lost with One pair : 5
Seat 6: SinVice (big blind) showed [Ah 6h] and won 2416 with One pair : 6


Winamax Poker - Tournament "TEA TIME" buyIn: 18€ + 2€ level: -733727167 - HandId: #3180765591581491282-44-1707151053 - Holdem no limit (25/100/200) - 2024/02/05 16:37:33 UTC
Table: 'TEA TIME(740579700)#0081' 6-max (real money) Seat #5 is the button
Seat 1: ArseneLupinK (18814, 9€ bounty)
Seat 2: torresmo123 (19950, 9€ bounty)
Seat 3: JaMmin_JaRs (11533, 9€ bounty)
Seat 4: TheBlind1 (16868, 9€ bounty)
Seat 5: longimanus (19060, 9€ bounty)
Seat 6: SinVice (88695, 22.50€ bounty)
*** ANTE/BLINDS ***
SinVice posts ante 25
ArseneLupinK posts ante 25
torresmo123 posts ante 25
JaMmin_JaRs posts ante 25
TheBlind1 posts ante 25
longimanus posts ante 25
SinVice posts small blind 100
ArseneLupinK posts big blind 200
Dealt to torresmo123 [3s As]
*** PRE-FLOP *** 
torresmo123 raises 220 to 420
JaMmin_JaRs folds
TheBlind1 calls 420
longimanus folds
SinVice folds
ArseneLupinK calls 220
*** FLOP *** [5d 6h 4s]
ArseneLupinK checks
torresmo123 checks
TheBlind1 bets 755
ArseneLupinK folds
torresmo123 folds
TheBlind1 collected 2265 from pot
*** SUMMARY ***
Total pot 2265 | No rake
Board: [5d 6h 4s]
Seat 4: TheBlind1 won 2265


Winamax Poker - Tournament "TEA TIME" buyIn: 18€ + 2€ level: -733727167 - HandId: #3180765591581491282-45-1707151101 - Holdem no limit (25/100/200) - 2024/02/05 16:38:21 UTC
Table: 'TEA TIME(740579700)#0081' 6-max (real money) Seat #6 is the button
Seat 1: ArseneLupinK (18369, 9€ bounty)
Seat 2: torresmo123 (19505, 9€ bounty)
Seat 3: JaMmin_JaRs (11508, 9€ bounty)
Seat 4: TheBlind1 (17933, 9€ bounty)
Seat 5: longimanus (19035, 9€ bounty)
Seat 6: SinVice (88570, 22.50€ bounty)
*** ANTE/BLINDS ***
ArseneLupinK posts ante 25
torresmo123 posts ante 25
JaMmin_JaRs posts ante 25
TheBlind1 posts ante 25
longimanus posts ante 25
SinVice posts ante 25
ArseneLupinK posts small blind 100
torresmo123 posts big blind 200
Dealt to torresmo123 [5d Ks]
*** PRE-FLOP *** 
JaMmin_JaRs folds
TheBlind1 folds
longimanus folds
SinVice folds
ArseneLupinK calls 100
torresmo123 raises 600 to 800
ArseneLupinK folds
torresmo123 collected 1150 from pot
*** SUMMARY ***
Total pot 1150 | No rake
Seat 2: torresmo123 (big blind) won 1150


Winamax Poker - Tournament "TEA TIME" buyIn: 18€ + 2€ level: -733727167 - HandId: #3180765591581491282-46-1707151134 - Holdem no limit (25/100/200) - 2024/02/05 16:38:54 UTC
Table: 'TEA TIME(740579700)#0081' 6-max (real money) Seat #1 is the button
Seat 1: ArseneLupinK (18144, 9€ bounty)
Seat 2: torresmo123 (19830, 9€ bounty)
Seat 3: JaMmin_JaRs (11483, 9€ bounty)
Seat 4: TheBlind1 (17908, 9€ bounty)
Seat 5: longimanus (19010, 9€ bounty)
Seat 6: SinVice (88545, 22.50€ bounty)
*** ANTE/BLINDS ***
torresmo123 posts ante 25
JaMmin_JaRs posts ante 25
ArseneLupinK posts ante 25
TheBlind1 posts ante 25
longimanus posts ante 25
SinVice posts ante 25
torresmo123 posts small blind 100
JaMmin_JaRs posts big blind 200
Dealt to torresmo123 [6c 8h]
*** PRE-FLOP *** 
TheBlind1 folds
longimanus raises 400 to 600
SinVice folds
ArseneLupinK raises 1300 to 1900
torresmo123 folds
JaMmin_JaRs raises 3300 to 5200
longimanus folds
ArseneLupinK folds
JaMmin_JaRs collected 7950 from pot
*** SUMMARY ***
Total pot 7950 | No rake
Seat 3: JaMmin_JaRs (big blind) won 7950


Winamax Poker - Tournament "TEA TIME" buyIn: 18€ + 2€ level: 2 - HandId: #3180765591581491282-47-1707151222 - Holdem no limit (30/125/250) - 2024/02/05 16:40:22 UTC
Table: 'TEA TIME(740579700)#0081' 6-max (real money) Seat #2 is the button
Seat 1: ArseneLupinK (16219, 9€ bounty)
Seat 2: torresmo123 (19705, 9€ bounty)
Seat 3: JaMmin_JaRs (14208, 9€ bounty)
Seat 4: TheBlind1 (17883, 9€ bounty)
Seat 5: longimanus (18385, 9€ bounty)
Seat 6: SinVice (88520, 22.50€ bounty)
*** ANTE/BLINDS ***
JaMmin_JaRs posts ante 30
TheBlind1 posts ante 30
ArseneLupinK posts ante 30
torresmo123 posts ante 30
longimanus posts ante 30
SinVice posts ante 30
JaMmin_JaRs posts small blind 125
TheBlind1 posts big blind 250
Dealt to torresmo123 [2h 3h]
*** PRE-FLOP *** 
longimanus folds
SinVice folds
ArseneLupinK raises 300 to 550
torresmo123 calls 550
JaMmin_JaRs folds
TheBlind1 calls 300
*** FLOP *** [5h 8s 7h]
TheBlind1 checks
ArseneLupinK checks
torresmo123 checks
*** TURN *** [5h 8s 7h][Qd]
TheBlind1 bets 978
ArseneLupinK raises 2933 to 3911
torresmo123 folds
TheBlind1 calls 2933
*** RIVER *** [5h 8s 7h Qd][2c]
TheBlind1 checks
ArseneLupinK bets 11728 and is all-in
TheBlind1 folds
ArseneLupinK collected 21505 from pot
*** SUMMARY ***
Total pot 21505 | No rake
Board: [5h 8s 7h Qd 2c]
Seat 1: ArseneLupinK won 21505


Winamax Poker - Tournament "TEA TIME" buyIn: 18€ + 2€ level: 2 - HandId: #3180765591581491282-48-1707151397 - Holdem no limit (30/125/250) - 2024/02/05 16:43:17 UTC
Table: 'TEA TIME(740579700)#0081' 6-max (real money) Seat #3 is the button
Seat 1: ArseneLupinK (21505, 9€ bounty)
Seat 2: torresmo123 (19125, 9€ bounty)
Seat 3: JaMmin_JaRs (14053, 9€ bounty)
Seat 4: TheBlind1 (13392, 9€ bounty)
Seat 5: longimanus (18355, 9€ bounty)
Seat 6: SinVice (88490, 22.50€ bounty)
*** ANTE/BLINDS ***
TheBlind1 posts ante 30
longimanus posts ante 30
ArseneLupinK posts ante 30
torresmo123 posts ante 30
JaMmin_JaRs posts ante 30
SinVice posts ante 30
TheBlind1 posts small blind 125
longimanus posts big blind 250
Dealt to torresmo123 [6h Qh]
*** PRE-FLOP *** 
SinVice folds
ArseneLupinK folds
torresmo123 raises 275 to 525
JaMmin_JaRs folds
TheBlind1 folds
longimanus folds
torresmo123 collected 1080 from pot
*** SUMMARY ***
Total pot 1080 | No rake
Seat 2: torresmo123 won 1080


Winamax Poker - Tournament "TEA TIME" buyIn: 18€ + 2€ level: 2 - HandId: #3180765591581491282-49-1707151438 - Holdem no limit (30/125/250) - 2024/02/05 16:43:58 UTC
Table: 'TEA TIME(740579700)#0081' 6-max (real money) Seat #4 is the button
Seat 1: ArseneLupinK (21475, 9€ bounty)
Seat 2: torresmo123 (19650, 9€ bounty)
Seat 3: JaMmin_JaRs (14023, 9€ bounty)
Seat 4: TheBlind1 (13237, 9€ bounty)
Seat 5: longimanus (18075, 9€ bounty)
Seat 6: SinVice (88460, 22.50€ bounty)
*** ANTE/BLINDS ***
longimanus posts ante 30
SinVice posts ante 30
ArseneLupinK posts ante 30
torresmo123 posts ante 30
JaMmin_JaRs posts ante 30
TheBlind1 posts ante 30
longimanus posts small blind 125
SinVice posts big blind 250
Dealt to torresmo123 [8c 2d]
*** PRE-FLOP *** 
ArseneLupinK folds
torresmo123 folds
JaMmin_JaRs raises 250 to 500
TheBlind1 folds
longimanus folds
SinVice folds
JaMmin_JaRs collected 1055 from pot
*** SUMMARY ***
Total pot 1055 | No rake
Seat 3: JaMmin_JaRs won 1055


Winamax Poker - Tournament "TEA TIME" buyIn: 18€ + 2€ level: 2 - HandId: #3180765591581491282-50-1707151457 - Holdem no limit (30/125/250) - 2024/02/05 16:44:17 UTC
Table: 'TEA TIME(740579700)#0081' 6-max (real money) Seat #5 is the button
Seat 1: ArseneLupinK (21445, 9€ bounty)
Seat 2: torresmo123 (19620, 9€ bounty)
Seat 3: JaMmin_JaRs (14548, 9€ bounty)
Seat 4: TheBlind1 (13207, 9€ bounty)
Seat 5: longimanus (17920, 9€ bounty)
Seat 6: SinVice (88180, 22.50€ bounty)
*** ANTE/BLINDS ***
SinVice posts ante 30
ArseneLupinK posts ante 30
torresmo123 posts ante 30
JaMmin_JaRs posts ante 30
TheBlind1 posts ante 30
longimanus posts ante 30
SinVice posts small blind 125
ArseneLupinK posts big blind 250
Dealt to torresmo123 [Jd 3c]
*** PRE-FLOP *** 
torresmo123 folds
JaMmin_JaRs folds
TheBlind1 folds
longimanus folds
SinVice folds
ArseneLupinK collected 555 from pot
*** SUMMARY ***
Total pot 555 | No rake
Seat 1: ArseneLupinK (big blind) won 555


Winamax Poker - Tournament "TEA TIME" buyIn: 18€ + 2€ level: 2 - HandId: #3180765591581491282-51-1707151468 - Holdem no limit (30/125/250) - 2024/02/05 16:44:28 UTC
Table: 'TEA TIME(740579700)#0081' 6-max (real money) Seat #6 is the button
Seat 1: ArseneLupinK (21720, 9€ bounty)
Seat 2: torresmo123 (19590, 9€ bounty)
Seat 3: JaMmin_JaRs (14518, 9€ bounty)
Seat 4: TheBlind1 (13177, 9€ bounty)
Seat 5: longimanus (17890, 9€ bounty)
Seat 6: SinVice (88025, 22.50€ bounty)
*** ANTE/BLINDS ***
ArseneLupinK posts ante 30
torresmo123 posts ante 30
JaMmin_JaRs posts ante 30
TheBlind1 posts ante 30
longimanus posts ante 30
SinVice posts ante 30
ArseneLupinK posts small blind 125
torresmo123 posts big blind 250
Dealt to torresmo123 [2c Ts]
*** PRE-FLOP *** 
JaMmin_JaRs folds
TheBlind1 folds
longimanus folds
SinVice folds
ArseneLupinK calls 125
torresmo123 raises 750 to 1000
ArseneLupinK calls 750
*** FLOP *** [8d 5c 6d]
ArseneLupinK checks
torresmo123 checks
*** TURN *** [8d 5c 6d][7h]
ArseneLupinK bets 1090
torresmo123 calls 1090
*** RIVER *** [8d 5c 6d 7h][3s]
ArseneLupinK bets 4360
torresmo123 folds
ArseneLupinK collected 8720 from pot
*** SUMMARY ***
Total pot 8720 | No rake
Board: [8d 5c 6d 7h 3s]
Seat 1: ArseneLupinK (small blind) won 8720


Winamax Poker - Tournament "TEA TIME" buyIn: 18€ + 2€ level: 2 - HandId: #3180765591581491282-52-1707151567 - Holdem no limit (30/125/250) - 2024/02/05 16:46:07 UTC
Table: 'TEA TIME(740579700)#0081' 6-max (real money) Seat #1 is the button
Seat 1: ArseneLupinK (23960, 9€ bounty)
Seat 2: torresmo123 (17470, 9€ bounty)
Seat 3: JaMmin_JaRs (14488, 9€ bounty)
Seat 4: TheBlind1 (13147, 9€ bounty)
Seat 5: longimanus (17860, 9€ bounty)
Seat 6: SinVice (87995, 22.50€ bounty)
*** ANTE/BLINDS ***
torresmo123 posts ante 30
JaMmin_JaRs posts ante 30
ArseneLupinK posts ante 30
TheBlind1 posts ante 30
longimanus posts ante 30
SinVice posts ante 30
torresmo123 posts small blind 125
JaMmin_JaRs posts big blind 250
Dealt to torresmo123 [5s 6s]
*** PRE-FLOP *** 
TheBlind1 raises 250 to 500
longimanus folds
SinVice folds
ArseneLupinK folds
torresmo123 calls 375
JaMmin_JaRs folds
*** FLOP *** [3d Ad 9d]
torresmo123 checks
TheBlind1 bets 472
torresmo123 raises 903 to 1375
TheBlind1 folds
torresmo123 collected 3277 from pot
*** SUMMARY ***
Total pot 3277 | No rake
Board: [3d Ad 9d]
Seat 2: torresmo123 (small blind) won 3277


Winamax Poker - Tournament "TEA TIME" buyIn: 18€ + 2€ level: 2 - HandId: #3180765591581491282-53-1707151624 - Holdem no limit (30/125/250) - 2024/02/05 16:47:04 UTC
Table: 'TEA TIME(740579700)#0081' 6-max (real money) Seat #2 is the button
Seat 1: ArseneLupinK (23930, 9€ bounty)
Seat 2: torresmo123 (18842, 9€ bounty)
Seat 3: JaMmin_JaRs (14208, 9€ bounty)
Seat 4: TheBlind1 (12145, 9€ bounty)
Seat 5: longimanus (17830, 9€ bounty)
Seat 6: SinVice (87965, 22.50€ bounty)
*** ANTE/BLINDS ***
JaMmin_JaRs posts ante 30
TheBlind1 posts ante 30
ArseneLupinK posts ante 30
torresmo123 posts ante 30
longimanus posts ante 30
SinVice posts ante 30
JaMmin_JaRs posts small blind 125
TheBlind1 posts big blind 250
Dealt to torresmo123 [Kd Ad]
*** PRE-FLOP *** 
longimanus folds
SinVice folds
ArseneLupinK raises 300 to 550
torresmo123 raises 1375 to 1925
JaMmin_JaRs raises 2825 to 4750
TheBlind1 folds
ArseneLupinK raises 19150 to 23900 and is all-in
torresmo123 calls 16887 and is all-in
JaMmin_JaRs calls 9428 and is all-in
*** FLOP *** [Qh Ah 3s]
*** TURN *** [Qh Ah 3s][Tc]
*** RIVER *** [Qh Ah 3s Tc][7s]
*** SHOW DOWN ***
torresmo123 shows [Kd Ad] (One pair : Aces)
JaMmin_JaRs shows [Ac Ks] (One pair : Aces)
ArseneLupinK shows [Qc Qs] (Trips of Queens)
ArseneLupinK collected 57320 from pot
*** SUMMARY ***
Total pot 57320 | No rake
Board: [Qh Ah 3s Tc 7s]
Seat 1: ArseneLupinK showed [Qc Qs] and won 57320 with Trips of Queens
Seat 2: torresmo123 (button) showed [Kd Ad] and lost with One pair : Aces
Seat 3: JaMmin_JaRs (small blind) showed [Ac Ks] and lost with One pair : Aces


Winamax Poker - Tournament "TEA TIME" buyIn: 18€ + 2€ level: 3 - HandId: #3180765591581491324-22-1707151713 - Holdem no limit (35/150/300) - 2024/02/05 16:48:33 UTC
Table: 'TEA TIME(740579700)#0123' 6-max (real money) Seat #6 is the button
Seat 1: Greedyblastr (20050, 9€ bounty)
Seat 2: -BarackOmaha (41517, 13.50€ bounty)
Seat 3: torresmo123 (20000, 9€ bounty)
Seat 4: Escudero18 (20000, 9€ bounty)
Seat 5: LaPokerRoom (18566, 9€ bounty)
Seat 6: ev_genius (17243, 9€ bounty)
*** ANTE/BLINDS ***
Greedyblastr posts ante 35
-BarackOmaha posts ante 35
torresmo123 posts ante 35
Escudero18 posts ante 35
LaPokerRoom posts ante 35
ev_genius posts ante 35
Greedyblastr posts small blind 150
-BarackOmaha posts big blind 300
Dealt to torresmo123 [7c 3c]
*** PRE-FLOP *** 
torresmo123 folds
Escudero18 folds
LaPokerRoom folds
ev_genius folds
Greedyblastr calls 150
-BarackOmaha raises 750 to 1050
Greedyblastr calls 750
*** FLOP *** [2c 6c Kc]
Greedyblastr checks
-BarackOmaha checks
*** TURN *** [2c 6c Kc][4s]
Greedyblastr checks
-BarackOmaha bets 578
Greedyblastr calls 578
*** RIVER *** [2c 6c Kc 4s][As]
Greedyblastr checks
-BarackOmaha bets 2253
Greedyblastr folds
-BarackOmaha collected 5719 from pot
*** SUMMARY ***
Total pot 5719 | No rake
Board: [2c 6c Kc 4s As]
Seat 2: -BarackOmaha (big blind) won 5719


Winamax Poker - Tournament "TEA TIME" buyIn: 18€ + 2€ level: 3 - HandId: #3180765591581491324-23-1707151780 - Holdem no limit (35/150/300) - 2024/02/05 16:49:40 UTC
Table: 'TEA TIME(740579700)#0123' 6-max (real money) Seat #1 is the button
Seat 1: Greedyblastr (18387, 9€ bounty)
Seat 2: -BarackOmaha (43320, 13.50€ bounty)
Seat 3: torresmo123 (19965, 9€ bounty)
Seat 4: Escudero18 (19965, 9€ bounty)
Seat 5: LaPokerRoom (18531, 9€ bounty)
Seat 6: ev_genius (17208, 9€ bounty)
*** ANTE/BLINDS ***
-BarackOmaha posts ante 35
torresmo123 posts ante 35
Greedyblastr posts ante 35
Escudero18 posts ante 35
LaPokerRoom posts ante 35
ev_genius posts ante 35
-BarackOmaha posts small blind 150
torresmo123 posts big blind 300
Dealt to torresmo123 [2c 6d]
*** PRE-FLOP *** 
Escudero18 folds
LaPokerRoom raises 300 to 600
ev_genius raises 1200 to 1800
Greedyblastr folds
-BarackOmaha folds
torresmo123 folds
LaPokerRoom folds
ev_genius collected 3060 from pot
*** SUMMARY ***
Total pot 3060 | No rake
Seat 6: ev_genius won 3060


Winamax Poker - Tournament "TEA TIME" buyIn: 18€ + 2€ level: 3 - HandId: #3180765591581491324-24-1707151798 - Holdem no limit (35/150/300) - 2024/02/05 16:49:58 UTC
Table: 'TEA TIME(740579700)#0123' 6-max (real money) Seat #2 is the button
Seat 1: Greedyblastr (18352, 9€ bounty)
Seat 2: -BarackOmaha (43135, 13.50€ bounty)
Seat 3: torresmo123 (19630, 9€ bounty)
Seat 4: Escudero18 (19930, 9€ bounty)
Seat 5: LaPokerRoom (17896, 9€ bounty)
Seat 6: ev_genius (18433, 9€ bounty)
*** ANTE/BLINDS ***
torresmo123 posts ante 35
Escudero18 posts ante 35
Greedyblastr posts ante 35
-BarackOmaha posts ante 35
LaPokerRoom posts ante 35
ev_genius posts ante 35
torresmo123 posts small blind 150
Escudero18 posts big blind 300
Dealt to torresmo123 [Ah 3h]
*** PRE-FLOP *** 
LaPokerRoom calls 300
ev_genius raises 1050 to 1350
Greedyblastr calls 1350
-BarackOmaha folds
torresmo123 calls 1200
Escudero18 folds
LaPokerRoom calls 1050
*** FLOP *** [5d Qs 8d]
torresmo123 checks
LaPokerRoom checks
ev_genius checks
Greedyblastr checks
*** TURN *** [5d Qs 8d][9h]
torresmo123 checks
LaPokerRoom checks
ev_genius bets 2955
Greedyblastr folds
torresmo123 folds
LaPokerRoom raises 6649 to 9604
ev_genius calls 6649
*** RIVER *** [5d Qs 8d 9h][4h]
LaPokerRoom bets 6907 and is all-in
ev_genius folds
LaPokerRoom collected 32025 from pot
*** SUMMARY ***
Total pot 32025 | No rake
Board: [5d Qs 8d 9h 4h]
Seat 5: LaPokerRoom won 32025


Winamax Poker - Tournament "TEA TIME" buyIn: 18€ + 2€ level: 3 - HandId: #3180765591581491324-25-1707151889 - Holdem no limit (35/150/300) - 2024/02/05 16:51:29 UTC
Table: 'TEA TIME(740579700)#0123' 6-max (real money) Seat #3 is the button
Seat 1: Greedyblastr (16967, 9€ bounty)
Seat 2: -BarackOmaha (43100, 13.50€ bounty)
Seat 3: torresmo123 (18245, 9€ bounty)
Seat 4: Escudero18 (19595, 9€ bounty)
Seat 5: LaPokerRoom (32025, 9€ bounty)
Seat 6: ev_genius (7444, 9€ bounty)
*** ANTE/BLINDS ***
Escudero18 posts ante 35
LaPokerRoom posts ante 35
Greedyblastr posts ante 35
-BarackOmaha posts ante 35
torresmo123 posts ante 35
ev_genius posts ante 35
Escudero18 posts small blind 150
LaPokerRoom posts big blind 300
Dealt to torresmo123 [5h 8h]
*** PRE-FLOP *** 
ev_genius folds
Greedyblastr raises 330 to 630
-BarackOmaha folds
torresmo123 calls 630
Escudero18 folds
LaPokerRoom calls 330
*** FLOP *** [7h Jh Qh]
LaPokerRoom checks
Greedyblastr checks
torresmo123 bets 743
LaPokerRoom raises 1043 to 1786
Greedyblastr folds
torresmo123 calls 1043
*** TURN *** [7h Jh Qh][9d]
LaPokerRoom bets 4791
torresmo123 calls 4791
*** RIVER *** [7h Jh Qh 9d][Kd]
LaPokerRoom bets 24783 and is all-in
torresmo123 calls 11003 and is all-in
*** SHOW DOWN ***
torresmo123 shows [5h 8h] (Flush Queen high)
LaPokerRoom shows [Ah Td] (Straight Ace high)
LaPokerRoom collected 13780 from side pot 1
torresmo123 collected 37410 from main pot
*** SUMMARY ***
Total pot 51190 | No rake
Board: [7h Jh Qh 9d Kd]
Seat 3: torresmo123 (button) showed [5h 8h] and won 37410 with Flush Queen high
Seat 5: LaPokerRoom (big blind) showed [Ah Td] and won 13780 with Straight Ace high


Winamax Poker - Tournament "TEA TIME" buyIn: 18€ + 2€ level: 3 - HandId: #3180765591581491324-26-1707152031 - Holdem no limit (35/150/300) - 2024/02/05 16:53:51 UTC
Table: 'TEA TIME(740579700)#0123' 6-max (real money) Seat #4 is the button
Seat 1: Greedyblastr (16302, 9€ bounty)
Seat 2: -BarackOmaha (43065, 13.50€ bounty)
Seat 3: torresmo123 (37410, 9€ bounty)
Seat 4: Escudero18 (19410, 9€ bounty)
Seat 5: LaPokerRoom (13780, 9€ bounty)
Seat 6: ev_genius (7409, 9€ bounty)
*** ANTE/BLINDS ***
LaPokerRoom posts ante 35
ev_genius posts ante 35
Greedyblastr posts ante 35
-BarackOmaha posts ante 35
torresmo123 posts ante 35
Escudero18 posts ante 35
LaPokerRoom posts small blind 150
ev_genius posts big blind 300
Dealt to torresmo123 [5c 3d]
*** PRE-FLOP *** 
Greedyblastr folds
-BarackOmaha folds
torresmo123 folds
Escudero18 raises 300 to 600
LaPokerRoom calls 450
ev_genius raises 6774 to 7374 and is all-in
Escudero18 raises 12001 to 19375 and is all-in
LaPokerRoom calls 13145 and is all-in
*** FLOP *** [Kh 9c 8c]
*** TURN *** [Kh 9c 8c][4h]
*** RIVER *** [Kh 9c 8c 4h][Js]
*** SHOW DOWN ***
LaPokerRoom shows [Qs Jh] (One pair : Jacks)
ev_genius shows [Qd Ah] (High card : Ace)
Escudero18 shows [Kd Ts] (One pair : Kings)
Escudero18 collected 40704 from pot
*** SUMMARY ***
Total pot 40704 | No rake
Board: [Kh 9c 8c 4h Js]
Seat 4: Escudero18 (button) showed [Kd Ts] and won 40704 with One pair : Kings
Seat 5: LaPokerRoom (small blind) showed [Qs Jh] and lost with One pair : Jacks
Seat 6: ev_genius (big blind) showed [Qd Ah] and lost with High card : Ace


Winamax Poker - Tournament "TEA TIME" buyIn: 18€ + 2€ level: 3 - HandId: #3180765591581491324-27-1707152055 - Holdem no limit (35/150/300) - 2024/02/05 16:54:15 UTC
Table: 'TEA TIME(740579700)#0123' 6-max (real money) Seat #5 is the button
Seat 1: Greedyblastr (16267, 9€ bounty)
Seat 2: -BarackOmaha (43030, 13.50€ bounty)
Seat 3: torresmo123 (37375, 9€ bounty)
Seat 4: Escudero18 (40704, 18€ bounty)
Seat 6: chateau-if (37253, 9€ bounty)
*** ANTE/BLINDS ***
Greedyblastr posts ante 35
-BarackOmaha posts ante 35
torresmo123 posts ante 35
Escudero18 posts ante 35
Greedyblastr posts big blind 300
Dealt to torresmo123 [Jh 6s]
*** PRE-FLOP *** 
-BarackOmaha folds
torresmo123 folds
Escudero18 folds
Greedyblastr collected 440 from pot
*** SUMMARY ***
Total pot 440 | No rake
Seat 1: Greedyblastr (big blind) won 440


Winamax Poker - Tournament "TEA TIME" buyIn: 18€ + 2€ level: 3 - HandId: #3180765591581491324-28-1707152064 - Holdem no limit (35/150/300) - 2024/02/05 16:54:24 UTC
Table: 'TEA TIME(740579700)#0123' 6-max (real money) Seat #6 is the button
Seat 1: Greedyblastr (16372, 9€ bounty)
Seat 2: -BarackOmaha (42995, 13.50€ bounty)
Seat 3: torresmo123 (37340, 9€ bounty)
Seat 4: Escudero18 (40669, 18€ bounty)
Seat 5: CptOrgazmo (20000, 9€ bounty)
Seat 6: chateau-if (37253, 9€ bounty)
*** ANTE/BLINDS ***
Greedyblastr posts ante 35
-BarackOmaha posts ante 35
torresmo123 posts ante 35
Escudero18 posts ante 35
CptOrgazmo posts ante 35
Greedyblastr posts small blind 150
-BarackOmaha posts big blind 300
Dealt to torresmo123 [3h 9h]
*** PRE-FLOP *** 
torresmo123 folds
Escudero18 raises 300 to 600
CptOrgazmo folds
Greedyblastr raises 2100 to 2700
-BarackOmaha folds
Escudero18 folds
Greedyblastr collected 3775 from pot
*** SUMMARY ***
Total pot 3775 | No rake
Seat 1: Greedyblastr (small blind) won 3775


Winamax Poker - Tournament "TEA TIME" buyIn: 18€ + 2€ level: 3 - HandId: #3180765591581491324-29-1707152088 - Holdem no limit (35/150/300) - 2024/02/05 16:54:48 UTC
Table: 'TEA TIME(740579700)#0123' 6-max (real money) Seat #1 is the button
Seat 1: Greedyblastr (17412, 9€ bounty)
Seat 2: -BarackOmaha (42660, 13.50€ bounty)
Seat 3: torresmo123 (37305, 9€ bounty)
Seat 4: Escudero18 (40034, 18€ bounty)
Seat 5: CptOrgazmo (19965, 9€ bounty)
Seat 6: chateau-if (37253, 9€ bounty)
*** ANTE/BLINDS ***
-BarackOmaha posts ante 35
torresmo123 posts ante 35
Greedyblastr posts ante 35
Escudero18 posts ante 35
CptOrgazmo posts ante 35
chateau-if posts ante 35
-BarackOmaha posts small blind 150
torresmo123 posts big blind 300
Dealt to torresmo123 [Kd 8h]
*** PRE-FLOP *** 
Escudero18 folds
CptOrgazmo folds
chateau-if raises 600 to 900
Greedyblastr folds
-BarackOmaha folds
torresmo123 calls 600
*** FLOP *** [2s 7h Ad]
torresmo123 checks
chateau-if bets 691
torresmo123 folds
chateau-if collected 2851 from pot
*** SUMMARY ***
Total pot 2851 | No rake
Board: [2s 7h Ad]
Seat 6: chateau-if won 2851


Winamax Poker - Tournament "TEA TIME" buyIn: 18€ + 2€ level: 3 - HandId: #3180765591581491324-30-1707152460 - Holdem no limit (35/150/300) - 2024/02/05 17:01:00 UTC
Table: 'TEA TIME(740579700)#0123' 6-max (real money) Seat #2 is the button
Seat 1: Greedyblastr (17377, 9€ bounty)
Seat 2: -BarackOmaha (42475, 13.50€ bounty)
Seat 3: torresmo123 (36370, 9€ bounty)
Seat 4: Escudero18 (39999, 18€ bounty)
Seat 5: CptOrgazmo (19930, 9€ bounty)
Seat 6: chateau-if (38478, 9€ bounty)
*** ANTE/BLINDS ***
torresmo123 posts ante 35
Escudero18 posts ante 35
Greedyblastr posts ante 35
-BarackOmaha posts ante 35
CptOrgazmo posts ante 35
chateau-if posts ante 35
torresmo123 posts small blind 150
Escudero18 posts big blind 300
Dealt to torresmo123 [3h 5d]
*** PRE-FLOP *** 
CptOrgazmo raises 450 to 750
chateau-if folds
Greedyblastr folds
-BarackOmaha folds
torresmo123 folds
Escudero18 calls 450
*** FLOP *** [Qc 9c Ah]
Escudero18 checks
CptOrgazmo bets 1209
Escudero18 folds
CptOrgazmo collected 3069 from pot
*** SUMMARY ***
Total pot 3069 | No rake
Board: [Qc 9c Ah]
Seat 5: CptOrgazmo won 3069


Winamax Poker - Tournament "TEA TIME" buyIn: 18€ + 2€ level: 3 - HandId: #3180765591581491324-31-1707152502 - Holdem no limit (35/150/300) - 2024/02/05 17:01:42 UTC
Table: 'TEA TIME(740579700)#0123' 6-max (real money) Seat #3 is the button
Seat 1: Greedyblastr (17342, 9€ bounty)
Seat 2: -BarackOmaha (42440, 13.50€ bounty)
Seat 3: torresmo123 (36185, 9€ bounty)
Seat 4: Escudero18 (39214, 18€ bounty)
Seat 5: CptOrgazmo (21005, 9€ bounty)
*** ANTE/BLINDS ***
Escudero18 posts ante 35
CptOrgazmo posts ante 35
Greedyblastr posts ante 35
-BarackOmaha posts ante 35
torresmo123 posts ante 35
Escudero18 posts small blind 150
CptOrgazmo posts big blind 300
Dealt to torresmo123 [4s Ah]
*** PRE-FLOP *** 
Greedyblastr folds
-BarackOmaha folds
torresmo123 raises 375 to 675
Escudero18 folds
CptOrgazmo calls 375
*** FLOP *** [4c 2s 9c]
CptOrgazmo checks
torresmo123 checks
*** TURN *** [4c 2s 9c][3c]
CptOrgazmo bets 1256
torresmo123 calls 1256
*** RIVER *** [4c 2s 9c 3c][Kh]
CptOrgazmo checks
torresmo123 checks
*** SHOW DOWN ***
torresmo123 shows [4s Ah] (One pair : 4)
CptOrgazmo shows [9d Jh] (One pair : 9)
CptOrgazmo collected 4187 from pot
*** SUMMARY ***
Total pot 4187 | No rake
Board: [4c 2s 9c 3c Kh]
Seat 3: torresmo123 (button) showed [4s Ah] and lost with One pair : 4
Seat 5: CptOrgazmo (big blind) showed [9d Jh] and won 4187 with One pair : 9


Winamax Poker - Tournament "TEA TIME" buyIn: 18€ + 2€ level: 4 - HandId: #3180765591581491324-32-1707152589 - Holdem no limit (40/175/350) - 2024/02/05 17:03:09 UTC
Table: 'TEA TIME(740579700)#0123' 6-max (real money) Seat #4 is the button
Seat 1: Greedyblastr (17307, 9€ bounty)
Seat 2: -BarackOmaha (42405, 13.50€ bounty)
Seat 3: torresmo123 (34219, 9€ bounty)
Seat 4: Escudero18 (39029, 18€ bounty)
Seat 5: CptOrgazmo (23226, 9€ bounty)
Seat 6: kiskisbitch (20000, 9€ bounty)
*** ANTE/BLINDS ***
CptOrgazmo posts ante 40
kiskisbitch posts ante 40
Greedyblastr posts ante 40
-BarackOmaha posts ante 40
torresmo123 posts ante 40
Escudero18 posts ante 40
CptOrgazmo posts small blind 175
kiskisbitch posts big blind 350
Dealt to torresmo123 [4c 3s]
*** PRE-FLOP *** 
Greedyblastr folds
-BarackOmaha folds
torresmo123 folds
Escudero18 folds
CptOrgazmo calls 175
kiskisbitch checks
*** FLOP *** [2s Kd Kc]
CptOrgazmo checks
kiskisbitch bets 350
CptOrgazmo calls 350
*** TURN *** [2s Kd Kc][9s]
CptOrgazmo checks
kiskisbitch bets 2132
CptOrgazmo calls 2132
*** RIVER *** [2s Kd Kc 9s][9d]
CptOrgazmo checks
kiskisbitch checks
*** SHOW DOWN ***
kiskisbitch shows [Tc 6h] (Two pairs : Kings and 9)
CptOrgazmo shows [Kh 8s] (Full of Kings and 9)
CptOrgazmo collected 5904 from pot
*** SUMMARY ***
Total pot 5904 | No rake
Board: [2s Kd Kc 9s 9d]
Seat 5: CptOrgazmo (small blind) showed [Kh 8s] and won 5904 with Full of Kings and 9
Seat 6: kiskisbitch (big blind) showed [Tc 6h] and lost with Two pairs : Kings and 9


Winamax Poker - Tournament "TEA TIME" buyIn: 18€ + 2€ level: 4 - HandId: #3180765591581491324-33-1707152699 - Holdem no limit (40/175/350) - 2024/02/05 17:04:59 UTC
Table: 'TEA TIME(740579700)#0123' 6-max (real money) Seat #5 is the button
Seat 1: Greedyblastr (17267, 9€ bounty)
Seat 2: -BarackOmaha (42365, 13.50€ bounty)
Seat 3: torresmo123 (34179, 9€ bounty)
Seat 4: Escudero18 (38989, 18€ bounty)
Seat 5: CptOrgazmo (26258, 9€ bounty)
Seat 6: kiskisbitch (17128, 9€ bounty)
*** ANTE/BLINDS ***
kiskisbitch posts ante 40
Greedyblastr posts ante 40
-BarackOmaha posts ante 40
torresmo123 posts ante 40
Escudero18 posts ante 40
CptOrgazmo posts ante 40
kiskisbitch posts small blind 175
Greedyblastr posts big blind 350
Dealt to torresmo123 [5h 5c]
*** PRE-FLOP *** 
-BarackOmaha raises 420 to 770
torresmo123 calls 770
Escudero18 folds
CptOrgazmo folds
kiskisbitch folds
Greedyblastr calls 420
*** FLOP *** [Qd 6c 3h]
Greedyblastr checks
-BarackOmaha bets 954
torresmo123 calls 954
Greedyblastr folds
*** TURN *** [Qd 6c 3h][2d]
-BarackOmaha bets 3011
torresmo123 calls 3011
*** RIVER *** [Qd 6c 3h 2d][Qs]
-BarackOmaha checks
torresmo123 checks
*** SHOW DOWN ***
torresmo123 shows [5h 5c] (Two pairs : Queens and 5)
-BarackOmaha shows [3d 3c] (Full of 3 and Queens)
-BarackOmaha collected 10655 from pot
*** SUMMARY ***
Total pot 10655 | No rake
Board: [Qd 6c 3h 2d Qs]
Seat 2: -BarackOmaha showed [3d 3c] and won 10655 with Full of 3 and Queens
Seat 3: torresmo123 showed [5h 5c] and lost with Two pairs : Queens and 5


Winamax Poker - Tournament "TEA TIME" buyIn: 18€ + 2€ level: 4 - HandId: #3180765591581491324-34-1707152773 - Holdem no limit (40/175/350) - 2024/02/05 17:06:13 UTC
Table: 'TEA TIME(740579700)#0123' 6-max (real money) Seat #6 is the button
Seat 1: Greedyblastr (16457, 9€ bounty)
Seat 2: -BarackOmaha (48245, 13.50€ bounty)
Seat 3: torresmo123 (29404, 9€ bounty)
Seat 4: Escudero18 (38949, 18€ bounty)
Seat 5: CptOrgazmo (26218, 9€ bounty)
Seat 6: kiskisbitch (16913, 9€ bounty)
*** ANTE/BLINDS ***
Greedyblastr posts ante 40
-BarackOmaha posts ante 40
torresmo123 posts ante 40
Escudero18 posts ante 40
CptOrgazmo posts ante 40
kiskisbitch posts ante 40
Greedyblastr posts small blind 175
-BarackOmaha posts big blind 350
Dealt to torresmo123 [Js 4d]
*** PRE-FLOP *** 
torresmo123 folds
Escudero18 folds
CptOrgazmo folds
kiskisbitch folds
Greedyblastr calls 175
-BarackOmaha checks
*** FLOP *** [Jd Ts 2c]
Greedyblastr bets 350
-BarackOmaha folds
Greedyblastr collected 1290 from pot
*** SUMMARY ***
Total pot 1290 | No rake
Board: [Jd Ts 2c]
Seat 1: Greedyblastr (small blind) won 1290


Winamax Poker - Tournament "TEA TIME" buyIn: 18€ + 2€ level: 4 - HandId: #3180765591581491324-35-1707152811 - Holdem no limit (40/175/350) - 2024/02/05 17:06:51 UTC
Table: 'TEA TIME(740579700)#0123' 6-max (real money) Seat #1 is the button
Seat 1: Greedyblastr (17007, 9€ bounty)
Seat 2: -BarackOmaha (47855, 13.50€ bounty)
Seat 3: torresmo123 (29364, 9€ bounty)
Seat 4: Escudero18 (38909, 18€ bounty)
Seat 5: CptOrgazmo (26178, 9€ bounty)
Seat 6: kiskisbitch (16873, 9€ bounty)
*** ANTE/BLINDS ***
-BarackOmaha posts ante 40
torresmo123 posts ante 40
Greedyblastr posts ante 40
Escudero18 posts ante 40
CptOrgazmo posts ante 40
kiskisbitch posts ante 40
-BarackOmaha posts small blind 175
torresmo123 posts big blind 350
Dealt to torresmo123 [3c 8c]
*** PRE-FLOP *** 
Escudero18 folds
CptOrgazmo raises 525 to 875
kiskisbitch calls 875
Greedyblastr raises 2625 to 3500
-BarackOmaha folds
torresmo123 folds
CptOrgazmo folds
kiskisbitch folds
Greedyblastr collected 6015 from pot
*** SUMMARY ***
Total pot 6015 | No rake
Seat 1: Greedyblastr (button) won 6015


Winamax Poker - Tournament "TEA TIME" buyIn: 18€ + 2€ level: 4 - HandId: #3180765591581491324-36-1707152860 - Holdem no limit (40/175/350) - 2024/02/05 17:07:40 UTC
Table: 'TEA TIME(740579700)#0123' 6-max (real money) Seat #2 is the button
Seat 1: Greedyblastr (19482, 9€ bounty)
Seat 2: -BarackOmaha (47640, 13.50€ bounty)
Seat 3: torresmo123 (28974, 9€ bounty)
Seat 4: Escudero18 (38869, 18€ bounty)
Seat 5: CptOrgazmo (25263, 9€ bounty)
Seat 6: kiskisbitch (15958, 9€ bounty)
*** ANTE/BLINDS ***
torresmo123 posts ante 40
Escudero18 posts ante 40
Greedyblastr posts ante 40
-BarackOmaha posts ante 40
CptOrgazmo posts ante 40
kiskisbitch posts ante 40
torresmo123 posts small blind 175
Escudero18 posts big blind 350
Dealt to torresmo123 [Kc Ks]
*** PRE-FLOP *** 
CptOrgazmo folds
kiskisbitch folds
Greedyblastr folds
-BarackOmaha folds
torresmo123 raises 1050 to 1400
Escudero18 calls 1050
*** FLOP *** [4d Ac 8s]
torresmo123 bets 608
Escudero18 folds
torresmo123 collected 3648 from pot
*** SUMMARY ***
Total pot 3648 | No rake
Board: [4d Ac 8s]
Seat 3: torresmo123 (small blind) won 3648


Winamax Poker - Tournament "TEA TIME" buyIn: 18€ + 2€ level: 4 - HandId: #3180765591581491324-37-1707152916 - Holdem no limit (40/175/350) - 2024/02/05 17:08:36 UTC
Table: 'TEA TIME(740579700)#0123' 6-max (real money) Seat #3 is the button
Seat 1: Greedyblastr (19442, 9€ bounty)
Seat 2: -BarackOmaha (47600, 13.50€ bounty)
Seat 3: torresmo123 (30574, 9€ bounty)
Seat 4: Escudero18 (37429, 18€ bounty)
Seat 5: CptOrgazmo (25223, 9€ bounty)
Seat 6: kiskisbitch (15918, 9€ bounty)
*** ANTE/BLINDS ***
Escudero18 posts ante 40
CptOrgazmo posts ante 40
Greedyblastr posts ante 40
-BarackOmaha posts ante 40
torresmo123 posts ante 40
kiskisbitch posts ante 40
Escudero18 posts small blind 175
CptOrgazmo posts big blind 350
Dealt to torresmo123 [6c 5d]
*** PRE-FLOP *** 
kiskisbitch folds
Greedyblastr folds
-BarackOmaha folds
torresmo123 raises 438 to 788
Escudero18 folds
CptOrgazmo calls 438
*** FLOP *** [Jc 8h Kd]
CptOrgazmo checks
torresmo123 bets 657
CptOrgazmo folds
torresmo123 collected 2648 from pot
*** SUMMARY ***
Total pot 2648 | No rake
Board: [Jc 8h Kd]
Seat 3: torresmo123 (button) won 2648


Winamax Poker - Tournament "TEA TIME" buyIn: 18€ + 2€ level: 4 - HandId: #3180765591581491324-38-1707152960 - Holdem no limit (40/175/350) - 2024/02/05 17:09:20 UTC
Table: 'TEA TIME(740579700)#0123' 6-max (real money) Seat #4 is the button
Seat 1: Greedyblastr (19402, 9€ bounty)
Seat 2: -BarackOmaha (47560, 13.50€ bounty)
Seat 3: torresmo123 (31737, 9€ bounty)
Seat 4: Escudero18 (37214, 18€ bounty)
Seat 5: CptOrgazmo (24395, 9€ bounty)
Seat 6: kiskisbitch (15878, 9€ bounty)
*** ANTE/BLINDS ***
CptOrgazmo posts ante 40
kiskisbitch posts ante 40
Greedyblastr posts ante 40
-BarackOmaha posts ante 40
torresmo123 posts ante 40
Escudero18 posts ante 40
CptOrgazmo posts small blind 175
kiskisbitch posts big blind 350
Dealt to torresmo123 [8d 3d]
*** PRE-FLOP *** 
Greedyblastr folds
-BarackOmaha folds
torresmo123 folds
Escudero18 folds
CptOrgazmo calls 175
kiskisbitch raises 875 to 1225
CptOrgazmo calls 875
*** FLOP *** [5s 9s 8c]
CptOrgazmo checks
kiskisbitch bets 807
CptOrgazmo folds
kiskisbitch collected 3497 from pot
*** SUMMARY ***
Total pot 3497 | No rake
Board: [5s 9s 8c]
Seat 6: kiskisbitch (big blind) won 3497


Winamax Poker - Tournament "TEA TIME" buyIn: 18€ + 2€ level: 5 - HandId: #3180765591581491324-39-1707153015 - Holdem no limit (50/200/400) - 2024/02/05 17:10:15 UTC
Table: 'TEA TIME(740579700)#0123' 6-max (real money) Seat #5 is the button
Seat 1: Greedyblastr (19362, 9€ bounty)
Seat 2: -BarackOmaha (47520, 13.50€ bounty)
Seat 3: torresmo123 (31697, 9€ bounty)
Seat 4: Escudero18 (37174, 18€ bounty)
Seat 5: CptOrgazmo (23130, 9€ bounty)
Seat 6: kiskisbitch (17303, 9€ bounty)
*** ANTE/BLINDS ***
kiskisbitch posts ante 50
Greedyblastr posts ante 50
-BarackOmaha posts ante 50
torresmo123 posts ante 50
Escudero18 posts ante 50
CptOrgazmo posts ante 50
kiskisbitch posts small blind 200
Greedyblastr posts big blind 400
Dealt to torresmo123 [As 6h]
*** PRE-FLOP *** 
-BarackOmaha folds
torresmo123 folds
Escudero18 folds
CptOrgazmo raises 600 to 1000
kiskisbitch folds
Greedyblastr folds
CptOrgazmo collected 1900 from pot
*** SUMMARY ***
Total pot 1900 | No rake
Seat 5: CptOrgazmo (button) won 1900


Winamax Poker - Tournament "TEA TIME" buyIn: 18€ + 2€ level: 5 - HandId: #3180765591581491324-40-1707153055 - Holdem no limit (50/200/400) - 2024/02/05 17:10:55 UTC
Table: 'TEA TIME(740579700)#0123' 6-max (real money) Seat #6 is the button
Seat 1: Greedyblastr (18912, 9€ bounty)
Seat 2: -BarackOmaha (47470, 13.50€ bounty)
Seat 3: torresmo123 (31647, 9€ bounty)
Seat 4: Escudero18 (37124, 18€ bounty)
Seat 5: CptOrgazmo (23980, 9€ bounty)
Seat 6: kiskisbitch (17053, 9€ bounty)
*** ANTE/BLINDS ***
Greedyblastr posts ante 50
-BarackOmaha posts ante 50
torresmo123 posts ante 50
Escudero18 posts ante 50
CptOrgazmo posts ante 50
kiskisbitch posts ante 50
Greedyblastr posts small blind 200
-BarackOmaha posts big blind 400
Dealt to torresmo123 [8h 2d]
*** PRE-FLOP *** 
torresmo123 folds
Escudero18 raises 400 to 800
CptOrgazmo folds
kiskisbitch folds
Greedyblastr folds
-BarackOmaha folds
Escudero18 collected 1700 from pot
*** SUMMARY ***
Total pot 1700 | No rake
Seat 4: Escudero18 won 1700


Winamax Poker - Tournament "TEA TIME" buyIn: 18€ + 2€ level: 5 - HandId: #3180765591581491324-41-1707153113 - Holdem no limit (50/200/400) - 2024/02/05 17:11:53 UTC
Table: 'TEA TIME(740579700)#0123' 6-max (real money) Seat #1 is the button
Seat 1: Greedyblastr (18662, 9€ bounty)
Seat 2: -BarackOmaha (47020, 13.50€ bounty)
Seat 3: torresmo123 (31597, 9€ bounty)
Seat 4: Escudero18 (37974, 18€ bounty)
Seat 5: CptOrgazmo (23930, 9€ bounty)
Seat 6: kiskisbitch (17003, 9€ bounty)
*** ANTE/BLINDS ***
-BarackOmaha posts ante 50
torresmo123 posts ante 50
Greedyblastr posts ante 50
Escudero18 posts ante 50
CptOrgazmo posts ante 50
kiskisbitch posts ante 50
-BarackOmaha posts small blind 200
torresmo123 posts big blind 400
Dealt to torresmo123 [Qh Ah]
*** PRE-FLOP *** 
Escudero18 raises 400 to 800
CptOrgazmo folds
kiskisbitch folds
Greedyblastr calls 800
-BarackOmaha folds
torresmo123 raises 2800 to 3600
Escudero18 folds
Greedyblastr folds
torresmo123 collected 5700 from pot
*** SUMMARY ***
Total pot 5700 | No rake
Seat 3: torresmo123 (big blind) won 5700


Winamax Poker - Tournament "TEA TIME" buyIn: 18€ + 2€ level: 5 - HandId: #3180765591581491324-42-1707153188 - Holdem no limit (50/200/400) - 2024/02/05 17:13:08 UTC
Table: 'TEA TIME(740579700)#0123' 6-max (real money) Seat #2 is the button
Seat 1: Greedyblastr (17812, 9€ bounty)
Seat 2: -BarackOmaha (46770, 13.50€ bounty)
Seat 3: torresmo123 (33647, 9€ bounty)
Seat 4: Escudero18 (37124, 18€ bounty)
Seat 5: CptOrgazmo (23880, 9€ bounty)
Seat 6: kiskisbitch (16953, 9€ bounty)
*** ANTE/BLINDS ***
torresmo123 posts ante 50
Escudero18 posts ante 50
Greedyblastr posts ante 50
-BarackOmaha posts ante 50
CptOrgazmo posts ante 50
kiskisbitch posts ante 50
torresmo123 posts small blind 200
Escudero18 posts big blind 400
Dealt to torresmo123 [4s 2h]
*** PRE-FLOP *** 
CptOrgazmo folds
kiskisbitch folds
Greedyblastr folds
-BarackOmaha raises 480 to 880
torresmo123 folds
Escudero18 calls 480
*** FLOP *** [7s Ks 7h]
Escudero18 checks
-BarackOmaha checks
*** TURN *** [7s Ks 7h][4h]
Escudero18 checks
-BarackOmaha checks
*** RIVER *** [7s Ks 7h 4h][4c]
Escudero18 bets 791
-BarackOmaha folds
Escudero18 collected 3051 from pot
*** SUMMARY ***
Total pot 3051 | No rake
Board: [7s Ks 7h 4h 4c]
Seat 4: Escudero18 (big blind) won 3051


Winamax Poker - Tournament "TEA TIME" buyIn: 18€ + 2€ level: 5 - HandId: #3180765591581491324-43-1707153287 - Holdem no limit (50/200/400) - 2024/02/05 17:14:47 UTC
Table: 'TEA TIME(740579700)#0123' 6-max (real money) Seat #3 is the button
Seat 1: Greedyblastr (17762, 9€ bounty)
Seat 2: -BarackOmaha (45840, 13.50€ bounty)
Seat 3: torresmo123 (33397, 9€ bounty)
Seat 4: Escudero18 (38454, 18€ bounty)
Seat 5: CptOrgazmo (23830, 9€ bounty)
Seat 6: kiskisbitch (16903, 9€ bounty)
*** ANTE/BLINDS ***
Escudero18 posts ante 50
CptOrgazmo posts ante 50
Greedyblastr posts ante 50
-BarackOmaha posts ante 50
torresmo123 posts ante 50
kiskisbitch posts ante 50
Escudero18 posts small blind 200
CptOrgazmo posts big blind 400
Dealt to torresmo123 [Td 7d]
*** PRE-FLOP *** 
kiskisbitch raises 400 to 800
Greedyblastr folds
-BarackOmaha folds
torresmo123 calls 800
Escudero18 folds
CptOrgazmo folds
*** FLOP *** [Ts 2s Ac]
kiskisbitch bets 750
torresmo123 calls 750
*** TURN *** [Ts 2s Ac][Ad]
kiskisbitch bets 2680
torresmo123 calls 2680
*** RIVER *** [Ts 2s Ac Ad][Kh]
kiskisbitch bets 12623 and is all-in
torresmo123 folds
kiskisbitch collected 21983 from pot
*** SUMMARY ***
Total pot 21983 | No rake
Board: [Ts 2s Ac Ad Kh]
Seat 6: kiskisbitch won 21983


Winamax Poker - Tournament "TEA TIME" buyIn: 18€ + 2€ level: 5 - HandId: #3180765591581491324-44-1707153383 - Holdem no limit (50/200/400) - 2024/02/05 17:16:23 UTC
Table: 'TEA TIME(740579700)#0123' 6-max (real money) Seat #4 is the button
Seat 1: Greedyblastr (17712, 9€ bounty)
Seat 2: -BarackOmaha (45790, 13.50€ bounty)
Seat 3: torresmo123 (29117, 9€ bounty)
Seat 4: Escudero18 (38204, 18€ bounty)
Seat 5: CptOrgazmo (23380, 9€ bounty)
Seat 6: kiskisbitch (21983, 9€ bounty)
*** ANTE/BLINDS ***
CptOrgazmo posts ante 50
kiskisbitch posts ante 50
Greedyblastr posts ante 50
-BarackOmaha posts ante 50
torresmo123 posts ante 50
Escudero18 posts ante 50
CptOrgazmo posts small blind 200
kiskisbitch posts big blind 400
Dealt to torresmo123 [6s 9c]
*** PRE-FLOP *** 
Greedyblastr folds
-BarackOmaha folds
torresmo123 folds
Escudero18 folds
CptOrgazmo calls 200
kiskisbitch raises 1000 to 1400
CptOrgazmo folds
kiskisbitch collected 2100 from pot
*** SUMMARY ***
Total pot 2100 | No rake
Seat 6: kiskisbitch (big blind) won 2100


Winamax Poker - Tournament "TEA TIME" buyIn: 18€ + 2€ level: 5 - HandId: #3180765591581491324-45-1707153434 - Holdem no limit (50/200/400) - 2024/02/05 17:17:14 UTC
Table: 'TEA TIME(740579700)#0123' 6-max (real money) Seat #5 is the button
Seat 1: Greedyblastr (17662, 9€ bounty)
Seat 2: -BarackOmaha (45740, 13.50€ bounty)
Seat 3: torresmo123 (29067, 9€ bounty)
Seat 4: Escudero18 (38154, 18€ bounty)
Seat 5: CptOrgazmo (22930, 9€ bounty)
Seat 6: kiskisbitch (22633, 9€ bounty)
*** ANTE/BLINDS ***
kiskisbitch posts ante 50
Greedyblastr posts ante 50
-BarackOmaha posts ante 50
torresmo123 posts ante 50
Escudero18 posts ante 50
CptOrgazmo posts ante 50
kiskisbitch posts small blind 200
Greedyblastr posts big blind 400
Dealt to torresmo123 [Jc 3h]
*** PRE-FLOP *** 
-BarackOmaha folds
torresmo123 folds
Escudero18 folds
CptOrgazmo folds
kiskisbitch raises 1000 to 1400
Greedyblastr calls 1000
*** FLOP *** [Qd 5h 3s]
kiskisbitch checks
Greedyblastr bets 775
kiskisbitch folds
Greedyblastr collected 3875 from pot
*** SUMMARY ***
Total pot 3875 | No rake
Board: [Qd 5h 3s]
Seat 1: Greedyblastr (big blind) won 3875


Winamax Poker - Tournament "TEA TIME" buyIn: 18€ + 2€ level: 6 - HandId: #3180765591581491324-46-1707153481 - Holdem no limit (60/250/500) - 2024/02/05 17:18:01 UTC
Table: 'TEA TIME(740579700)#0123' 6-max (real money) Seat #6 is the button
Seat 1: Greedyblastr (19312, 9€ bounty)
Seat 2: -BarackOmaha (45690, 13.50€ bounty)
Seat 3: torresmo123 (29017, 9€ bounty)
Seat 4: Escudero18 (38104, 18€ bounty)
Seat 5: CptOrgazmo (22880, 9€ bounty)
Seat 6: kiskisbitch (21183, 9€ bounty)
*** ANTE/BLINDS ***
Greedyblastr posts ante 60
-BarackOmaha posts ante 60
torresmo123 posts ante 60
Escudero18 posts ante 60
CptOrgazmo posts ante 60
kiskisbitch posts ante 60
Greedyblastr posts small blind 250
-BarackOmaha posts big blind 500
Dealt to torresmo123 [Ad 6s]
*** PRE-FLOP *** 
torresmo123 folds
Escudero18 folds
CptOrgazmo raises 560 to 1060
kiskisbitch folds
Greedyblastr folds
-BarackOmaha folds
CptOrgazmo collected 2170 from pot
*** SUMMARY ***
Total pot 2170 | No rake
Seat 5: CptOrgazmo won 2170


Winamax Poker - Tournament "TEA TIME" buyIn: 18€ + 2€ level: 6 - HandId: #3180765591581491324-47-1707153519 - Holdem no limit (60/250/500) - 2024/02/05 17:18:39 UTC
Table: 'TEA TIME(740579700)#0123' 6-max (real money) Seat #1 is the button
Seat 1: Greedyblastr (19002, 9€ bounty)
Seat 2: -BarackOmaha (45130, 13.50€ bounty)
Seat 3: torresmo123 (28957, 9€ bounty)
Seat 4: Escudero18 (38044, 18€ bounty)
Seat 5: CptOrgazmo (23930, 9€ bounty)
Seat 6: kiskisbitch (21123, 9€ bounty)
*** ANTE/BLINDS ***
-BarackOmaha posts ante 60
torresmo123 posts ante 60
Greedyblastr posts ante 60
Escudero18 posts ante 60
CptOrgazmo posts ante 60
kiskisbitch posts ante 60
-BarackOmaha posts small blind 250
torresmo123 posts big blind 500
Dealt to torresmo123 [Jh Qd]
*** PRE-FLOP *** 
Escudero18 folds
CptOrgazmo folds
kiskisbitch folds
Greedyblastr raises 500 to 1000
-BarackOmaha folds
torresmo123 calls 500
*** FLOP *** [8s Kh 5h]
torresmo123 checks
Greedyblastr bets 653
torresmo123 raises 1860 to 2513
Greedyblastr folds
torresmo123 collected 5776 from pot
*** SUMMARY ***
Total pot 5776 | No rake
Board: [8s Kh 5h]
Seat 3: torresmo123 (big blind) won 5776


Winamax Poker - Tournament "TEA TIME" buyIn: 18€ + 2€ level: 6 - HandId: #3180765591581491324-48-1707153595 - Holdem no limit (60/250/500) - 2024/02/05 17:19:55 UTC
Table: 'TEA TIME(740579700)#0123' 6-max (real money) Seat #2 is the button
Seat 1: Greedyblastr (17289, 9€ bounty)
Seat 2: -BarackOmaha (44820, 13.50€ bounty)
Seat 3: torresmo123 (31160, 9€ bounty)
Seat 4: Escudero18 (37984, 18€ bounty)
Seat 5: CptOrgazmo (23870, 9€ bounty)
Seat 6: kiskisbitch (21063, 9€ bounty)
*** ANTE/BLINDS ***
torresmo123 posts ante 60
Escudero18 posts ante 60
Greedyblastr posts ante 60
-BarackOmaha posts ante 60
CptOrgazmo posts ante 60
kiskisbitch posts ante 60
torresmo123 posts small blind 250
Escudero18 posts big blind 500
Dealt to torresmo123 [2s 7d]
*** PRE-FLOP *** 
CptOrgazmo folds
kiskisbitch folds
Greedyblastr folds
-BarackOmaha raises 600 to 1100
torresmo123 folds
Escudero18 folds
-BarackOmaha collected 2210 from pot
*** SUMMARY ***
Total pot 2210 | No rake
Seat 2: -BarackOmaha (button) won 2210


Winamax Poker - Tournament "TEA TIME" buyIn: 18€ + 2€ level: 6 - HandId: #3180765591581491324-49-1707153623 - Holdem no limit (60/250/500) - 2024/02/05 17:20:23 UTC
Table: 'TEA TIME(740579700)#0123' 6-max (real money) Seat #3 is the button
Seat 1: Greedyblastr (17229, 9€ bounty)
Seat 2: -BarackOmaha (45870, 13.50€ bounty)
Seat 3: torresmo123 (30850, 9€ bounty)
Seat 4: Escudero18 (37424, 18€ bounty)
Seat 5: CptOrgazmo (23810, 9€ bounty)
Seat 6: kiskisbitch (21003, 9€ bounty)
*** ANTE/BLINDS ***
Escudero18 posts ante 60
CptOrgazmo posts ante 60
Greedyblastr posts ante 60
-BarackOmaha posts ante 60
torresmo123 posts ante 60
kiskisbitch posts ante 60
Escudero18 posts small blind 250
CptOrgazmo posts big blind 500
Dealt to torresmo123 [7c Tc]
*** PRE-FLOP *** 
kiskisbitch raises 500 to 1000
Greedyblastr folds
-BarackOmaha folds
torresmo123 calls 1000
Escudero18 folds
CptOrgazmo calls 500
*** FLOP *** [4d Jd 7s]
CptOrgazmo checks
kiskisbitch checks
torresmo123 bets 1191
CptOrgazmo calls 1191
kiskisbitch calls 1191
*** TURN *** [4d Jd 7s][Qc]
CptOrgazmo checks
kiskisbitch checks
torresmo123 checks
*** RIVER *** [4d Jd 7s Qc][Ks]
CptOrgazmo checks
kiskisbitch checks
torresmo123 checks
*** SHOW DOWN ***
torresmo123 shows [7c Tc] (One pair : 7)
CptOrgazmo shows [8h Jh] (One pair : Jacks)
kiskisbitch shows [Js 9s] (One pair : Jacks)
kiskisbitch collected 7183 from pot
*** SUMMARY ***
Total pot 7183 | No rake
Board: [4d Jd 7s Qc Ks]
Seat 3: torresmo123 (button) showed [7c Tc] and lost with One pair : 7
Seat 5: CptOrgazmo (big blind) showed [8h Jh] and lost with One pair : Jacks
Seat 6: kiskisbitch showed [Js 9s] and won 7183 with One pair : Jacks


Winamax Poker - Tournament "TEA TIME" buyIn: 18€ + 2€ level: 6 - HandId: #3180765591581491324-50-1707153754 - Holdem no limit (60/250/500) - 2024/02/05 17:22:34 UTC
Table: 'TEA TIME(740579700)#0123' 6-max (real money) Seat #4 is the button
Seat 1: Greedyblastr (17169, 9€ bounty)
Seat 2: -BarackOmaha (45810, 13.50€ bounty)
Seat 3: torresmo123 (28599, 9€ bounty)
Seat 4: Escudero18 (37114, 18€ bounty)
Seat 5: CptOrgazmo (21559, 9€ bounty)
Seat 6: kiskisbitch (25935, 9€ bounty)
*** ANTE/BLINDS ***
CptOrgazmo posts ante 60
kiskisbitch posts ante 60
Greedyblastr posts ante 60
-BarackOmaha posts ante 60
torresmo123 posts ante 60
Escudero18 posts ante 60
CptOrgazmo posts small blind 250
kiskisbitch posts big blind 500
Dealt to torresmo123 [Js 9h]
*** PRE-FLOP *** 
Greedyblastr folds
-BarackOmaha raises 600 to 1100
torresmo123 folds
Escudero18 calls 1100
CptOrgazmo folds
kiskisbitch folds
*** FLOP *** [5s 5d Qc]
-BarackOmaha checks
Escudero18 checks
*** TURN *** [5s 5d Qc][6c]
-BarackOmaha checks
Escudero18 bets 1159
-BarackOmaha folds
Escudero18 collected 4469 from pot
*** SUMMARY ***
Total pot 4469 | No rake
Board: [5s 5d Qc 6c]
Seat 4: Escudero18 (button) won 4469


Winamax Poker - Tournament "TEA TIME" buyIn: 18€ + 2€ level: 6 - HandId: #3180765591581491324-51-1707153801 - Holdem no limit (60/250/500) - 2024/02/05 17:23:21 UTC
Table: 'TEA TIME(740579700)#0123' 6-max (real money) Seat #5 is the button
Seat 1: Greedyblastr (17109, 9€ bounty)
Seat 2: -BarackOmaha (44650, 13.50€ bounty)
Seat 3: torresmo123 (28539, 9€ bounty)
Seat 4: Escudero18 (39264, 18€ bounty)
Seat 5: CptOrgazmo (21249, 9€ bounty)
Seat 6: kiskisbitch (25375, 9€ bounty)
*** ANTE/BLINDS ***
kiskisbitch posts ante 60
Greedyblastr posts ante 60
-BarackOmaha posts ante 60
torresmo123 posts ante 60
Escudero18 posts ante 60
CptOrgazmo posts ante 60
kiskisbitch posts small blind 250
Greedyblastr posts big blind 500
Dealt to torresmo123 [6d 2d]
*** PRE-FLOP *** 
-BarackOmaha folds
torresmo123 folds
Escudero18 folds
CptOrgazmo folds
kiskisbitch raises 1250 to 1750
Greedyblastr folds
kiskisbitch collected 2610 from pot
*** SUMMARY ***
Total pot 2610 | No rake
Seat 6: kiskisbitch (small blind) won 2610


Winamax Poker - Tournament "TEA TIME" buyIn: 18€ + 2€ level: 6 - HandId: #3180765591581491324-52-1707153817 - Holdem no limit (60/250/500) - 2024/02/05 17:23:37 UTC
Table: 'TEA TIME(740579700)#0123' 6-max (real money) Seat #6 is the button
Seat 1: Greedyblastr (16549, 9€ bounty)
Seat 2: -BarackOmaha (44590, 13.50€ bounty)
Seat 3: torresmo123 (28479, 9€ bounty)
Seat 4: Escudero18 (39204, 18€ bounty)
Seat 5: CptOrgazmo (21189, 9€ bounty)
Seat 6: kiskisbitch (26175, 9€ bounty)
*** ANTE/BLINDS ***
Greedyblastr posts ante 60
-BarackOmaha posts ante 60
torresmo123 posts ante 60
Escudero18 posts ante 60
CptOrgazmo posts ante 60
kiskisbitch posts ante 60
Greedyblastr posts small blind 250
-BarackOmaha posts big blind 500
Dealt to torresmo123 [Th 2s]
*** PRE-FLOP *** 
torresmo123 folds
Escudero18 folds
CptOrgazmo raises 560 to 1060
kiskisbitch folds
Greedyblastr raises 2440 to 3500
-BarackOmaha folds
CptOrgazmo folds
Greedyblastr collected 5420 from pot
*** SUMMARY ***
Total pot 5420 | No rake
Seat 1: Greedyblastr (small blind) won 5420


Winamax Poker - Tournament "TEA TIME" buyIn: 18€ + 2€ level: 6 - HandId: #3180765591581491324-53-1707153858 - Holdem no limit (60/250/500) - 2024/02/05 17:24:18 UTC
Table: 'TEA TIME(740579700)#0123' 6-max (real money) Seat #1 is the button
Seat 1: Greedyblastr (18409, 9€ bounty)
Seat 2: -BarackOmaha (44030, 13.50€ bounty)
Seat 3: torresmo123 (28419, 9€ bounty)
Seat 4: Escudero18 (39144, 18€ bounty)
Seat 5: CptOrgazmo (20069, 9€ bounty)
Seat 6: kiskisbitch (26115, 9€ bounty)
*** ANTE/BLINDS ***
-BarackOmaha posts ante 60
torresmo123 posts ante 60
Greedyblastr posts ante 60
Escudero18 posts ante 60
CptOrgazmo posts ante 60
kiskisbitch posts ante 60
-BarackOmaha posts small blind 250
torresmo123 posts big blind 500
Dealt to torresmo123 [2s 9h]
*** PRE-FLOP *** 
Escudero18 raises 750 to 1250
CptOrgazmo folds
kiskisbitch folds
Greedyblastr folds
-BarackOmaha folds
torresmo123 folds
Escudero18 collected 2360 from pot
*** SUMMARY ***
Total pot 2360 | No rake
Seat 4: Escudero18 won 2360


Winamax Poker - Tournament "TEA TIME" buyIn: 18€ + 2€ level: 6 - HandId: #3180765591581491324-54-1707153896 - Holdem no limit (60/250/500) - 2024/02/05 17:24:56 UTC
Table: 'TEA TIME(740579700)#0123' 6-max (real money) Seat #2 is the button
Seat 1: Greedyblastr (18349, 9€ bounty)
Seat 2: -BarackOmaha (43720, 13.50€ bounty)
Seat 3: torresmo123 (27859, 9€ bounty)
Seat 4: Escudero18 (40194, 18€ bounty)
Seat 5: CptOrgazmo (20009, 9€ bounty)
Seat 6: kiskisbitch (26055, 9€ bounty)
*** ANTE/BLINDS ***
torresmo123 posts ante 60
Escudero18 posts ante 60
Greedyblastr posts ante 60
-BarackOmaha posts ante 60
CptOrgazmo posts ante 60
kiskisbitch posts ante 60
torresmo123 posts small blind 250
Escudero18 posts big blind 500
Dealt to torresmo123 [7s 6d]
*** PRE-FLOP *** 
CptOrgazmo folds
kiskisbitch folds
Greedyblastr raises 550 to 1050
-BarackOmaha raises 2100 to 3150
torresmo123 folds
Escudero18 folds
Greedyblastr calls 2100
*** FLOP *** [9c Jd 6c]
Greedyblastr checks
-BarackOmaha bets 1853
Greedyblastr raises 13286 to 15139 and is all-in
-BarackOmaha folds
Greedyblastr collected 24402 from pot
*** SUMMARY ***
Total pot 24402 | No rake
Board: [9c Jd 6c]
Seat 1: Greedyblastr won 24402


Winamax Poker - Tournament "TEA TIME" buyIn: 18€ + 2€ level: 6 - HandId: #3180765591581491324-55-1707153954 - Holdem no limit (60/250/500) - 2024/02/05 17:25:54 UTC
Table: 'TEA TIME(740579700)#0123' 6-max (real money) Seat #3 is the button
Seat 1: Greedyblastr (24402, 9€ bounty)
Seat 2: -BarackOmaha (38657, 13.50€ bounty)
Seat 3: torresmo123 (27549, 9€ bounty)
Seat 4: Escudero18 (39634, 18€ bounty)
Seat 5: CptOrgazmo (19949, 9€ bounty)
Seat 6: kiskisbitch (25995, 9€ bounty)
*** ANTE/BLINDS ***
Escudero18 posts ante 60
CptOrgazmo posts ante 60
Greedyblastr posts ante 60
-BarackOmaha posts ante 60
torresmo123 posts ante 60
kiskisbitch posts ante 60
Escudero18 posts small blind 250
CptOrgazmo posts big blind 500
Dealt to torresmo123 [Js 5c]
*** PRE-FLOP *** 
kiskisbitch folds
Greedyblastr folds
-BarackOmaha raises 600 to 1100
torresmo123 folds
Escudero18 folds
CptOrgazmo calls 600
*** FLOP *** [7c 2h Kd]
CptOrgazmo checks
-BarackOmaha bets 984
CptOrgazmo folds
-BarackOmaha collected 3794 from pot
*** SUMMARY ***
Total pot 3794 | No rake
Board: [7c 2h Kd]
Seat 2: -BarackOmaha won 3794


Winamax Poker - Tournament "TEA TIME" buyIn: 18€ + 2€ level: 7 - HandId: #3180765591581491324-56-1707154015 - Holdem no limit (70/300/600) - 2024/02/05 17:26:55 UTC
Table: 'TEA TIME(740579700)#0123' 6-max (real money) Seat #4 is the button
Seat 1: Greedyblastr (24342, 9€ bounty)
Seat 2: -BarackOmaha (40307, 13.50€ bounty)
Seat 3: torresmo123 (27489, 9€ bounty)
Seat 4: Escudero18 (39324, 18€ bounty)
Seat 5: CptOrgazmo (18789, 9€ bounty)
Seat 6: kiskisbitch (25935, 9€ bounty)
*** ANTE/BLINDS ***
CptOrgazmo posts ante 70
kiskisbitch posts ante 70
Greedyblastr posts ante 70
-BarackOmaha posts ante 70
torresmo123 posts ante 70
Escudero18 posts ante 70
CptOrgazmo posts small blind 300
kiskisbitch posts big blind 600
Dealt to torresmo123 [6h 9d]
*** PRE-FLOP *** 
Greedyblastr folds
-BarackOmaha folds
torresmo123 folds
Escudero18 folds
CptOrgazmo folds
kiskisbitch collected 1320 from pot
*** SUMMARY ***
Total pot 1320 | No rake
Seat 6: kiskisbitch (big blind) won 1320


Winamax Poker - Tournament "TEA TIME" buyIn: 18€ + 2€ level: 7 - HandId: #3180765591581491324-57-1707154031 - Holdem no limit (70/300/600) - 2024/02/05 17:27:11 UTC
Table: 'TEA TIME(740579700)#0123' 6-max (real money) Seat #5 is the button
Seat 1: Greedyblastr (24272, 9€ bounty)
Seat 2: -BarackOmaha (40237, 13.50€ bounty)
Seat 3: torresmo123 (27419, 9€ bounty)
Seat 4: Escudero18 (39254, 18€ bounty)
Seat 5: CptOrgazmo (18419, 9€ bounty)
Seat 6: kiskisbitch (26585, 9€ bounty)
*** ANTE/BLINDS ***
kiskisbitch posts ante 70
Greedyblastr posts ante 70
-BarackOmaha posts ante 70
torresmo123 posts ante 70
Escudero18 posts ante 70
CptOrgazmo posts ante 70
kiskisbitch posts small blind 300
Greedyblastr posts big blind 600
Dealt to torresmo123 [Qc 8s]
*** PRE-FLOP *** 
-BarackOmaha folds
torresmo123 folds
Escudero18 folds
CptOrgazmo raises 672 to 1272
kiskisbitch folds
Greedyblastr calls 672
*** FLOP *** [4c 6h 3s]
Greedyblastr checks
CptOrgazmo bets 1142
Greedyblastr calls 1142
*** TURN *** [4c 6h 3s][9c]
Greedyblastr checks
CptOrgazmo bets 3606
Greedyblastr raises 18182 to 21788 and is all-in
CptOrgazmo folds
Greedyblastr collected 30942 from pot
*** SUMMARY ***
Total pot 30942 | No rake
Board: [4c 6h 3s 9c]
Seat 1: Greedyblastr (big blind) won 30942


Winamax Poker - Tournament "TEA TIME" buyIn: 18€ + 2€ level: 7 - HandId: #3180765591581491324-58-1707154098 - Holdem no limit (70/300/600) - 2024/02/05 17:28:18 UTC
Table: 'TEA TIME(740579700)#0123' 6-max (real money) Seat #6 is the button
Seat 1: Greedyblastr (30942, 9€ bounty)
Seat 2: -BarackOmaha (40167, 13.50€ bounty)
Seat 3: torresmo123 (27349, 9€ bounty)
Seat 4: Escudero18 (39184, 18€ bounty)
Seat 5: CptOrgazmo (12329, 9€ bounty)
Seat 6: kiskisbitch (26215, 9€ bounty)
*** ANTE/BLINDS ***
Greedyblastr posts ante 70
-BarackOmaha posts ante 70
torresmo123 posts ante 70
Escudero18 posts ante 70
CptOrgazmo posts ante 70
kiskisbitch posts ante 70
Greedyblastr posts small blind 300
-BarackOmaha posts big blind 600
Dealt to torresmo123 [Kh 6h]
*** PRE-FLOP *** 
torresmo123 raises 660 to 1260
Escudero18 calls 1260
CptOrgazmo folds
kiskisbitch folds
Greedyblastr folds
-BarackOmaha calls 660
*** FLOP *** [8c Ac 6s]
-BarackOmaha checks
torresmo123 checks
Escudero18 checks
*** TURN *** [8c Ac 6s][Th]
-BarackOmaha bets 2250
torresmo123 folds
Escudero18 folds
-BarackOmaha collected 6750 from pot
*** SUMMARY ***
Total pot 6750 | No rake
Board: [8c Ac 6s Th]
Seat 2: -BarackOmaha (big blind) won 6750


Winamax Poker - Tournament "TEA TIME" buyIn: 18€ + 2€ level: 7 - HandId: #3180765591581491324-59-1707154155 - Holdem no limit (70/300/600) - 2024/02/05 17:29:15 UTC
Table: 'TEA TIME(740579700)#0123' 6-max (real money) Seat #1 is the button
Seat 1: Greedyblastr (30572, 9€ bounty)
Seat 2: -BarackOmaha (43337, 13.50€ bounty)
Seat 3: torresmo123 (26019, 9€ bounty)
Seat 4: Escudero18 (37854, 18€ bounty)
Seat 5: CptOrgazmo (12259, 9€ bounty)
Seat 6: kiskisbitch (26145, 9€ bounty)
*** ANTE/BLINDS ***
-BarackOmaha posts ante 70
torresmo123 posts ante 70
Greedyblastr posts ante 70
Escudero18 posts ante 70
CptOrgazmo posts ante 70
kiskisbitch posts ante 70
-BarackOmaha posts small blind 300
torresmo123 posts big blind 600
Dealt to torresmo123 [6d 6c]
*** PRE-FLOP *** 
Escudero18 folds
CptOrgazmo folds
kiskisbitch raises 600 to 1200
Greedyblastr folds
-BarackOmaha calls 900
torresmo123 raises 24749 to 25949 and is all-in
kiskisbitch folds
-BarackOmaha folds
torresmo123 collected 28769 from pot
*** SUMMARY ***
Total pot 28769 | No rake
Seat 3: torresmo123 (big blind) won 28769


Winamax Poker - Tournament "TEA TIME" buyIn: 18€ + 2€ level: 7 - HandId: #3180765591581491324-60-1707154206 - Holdem no limit (70/300/600) - 2024/02/05 17:30:06 UTC
Table: 'TEA TIME(740579700)#0123' 6-max (real money) Seat #2 is the button
Seat 1: Greedyblastr (30502, 9€ bounty)
Seat 2: -BarackOmaha (42067, 13.50€ bounty)
Seat 3: torresmo123 (28769, 9€ bounty)
Seat 4: Escudero18 (37784, 18€ bounty)
Seat 5: CptOrgazmo (12189, 9€ bounty)
Seat 6: kiskisbitch (24875, 9€ bounty)
*** ANTE/BLINDS ***
torresmo123 posts ante 70
Escudero18 posts ante 70
Greedyblastr posts ante 70
-BarackOmaha posts ante 70
CptOrgazmo posts ante 70
kiskisbitch posts ante 70
torresmo123 posts small blind 300
Escudero18 posts big blind 600
Dealt to torresmo123 [Jc Jh]
*** PRE-FLOP *** 
CptOrgazmo folds
kiskisbitch raises 600 to 1200
Greedyblastr folds
-BarackOmaha folds
torresmo123 raises 3300 to 4500
Escudero18 folds
kiskisbitch folds
torresmo123 collected 6720 from pot
*** SUMMARY ***
Total pot 6720 | No rake
Seat 3: torresmo123 (small blind) won 6720


Winamax Poker - Tournament "TEA TIME" buyIn: 18€ + 2€ level: 7 - HandId: #3180765591581491324-61-1707154241 - Holdem no limit (70/300/600) - 2024/02/05 17:30:41 UTC
Table: 'TEA TIME(740579700)#0123' 6-max (real money) Seat #3 is the button
Seat 1: Greedyblastr (30432, 9€ bounty)
Seat 2: -BarackOmaha (41997, 13.50€ bounty)
Seat 3: torresmo123 (30919, 9€ bounty)
Seat 4: Escudero18 (37114, 18€ bounty)
Seat 5: CptOrgazmo (12119, 9€ bounty)
Seat 6: kiskisbitch (23605, 9€ bounty)
*** ANTE/BLINDS ***
Escudero18 posts ante 70
CptOrgazmo posts ante 70
Greedyblastr posts ante 70
-BarackOmaha posts ante 70
torresmo123 posts ante 70
kiskisbitch posts ante 70
Escudero18 posts small blind 300
CptOrgazmo posts big blind 600
Dealt to torresmo123 [Jh 2s]
*** PRE-FLOP *** 
kiskisbitch folds
Greedyblastr raises 660 to 1260
-BarackOmaha folds
torresmo123 folds
Escudero18 raises 1890 to 3150
CptOrgazmo folds
Greedyblastr calls 1890
*** FLOP *** [5h 7s 7h]
Escudero18 bets 1658
Greedyblastr calls 1658
*** TURN *** [5h 7s 7h][Ks]
Escudero18 bets 5515
Greedyblastr calls 5515
*** RIVER *** [5h 7s 7h Ks][4c]
Escudero18 bets 11115
Greedyblastr folds
Escudero18 collected 32781 from pot
*** SUMMARY ***
Total pot 32781 | No rake
Board: [5h 7s 7h Ks 4c]
Seat 4: Escudero18 (small blind) won 32781


Winamax Poker - Tournament "TEA TIME" buyIn: 18€ + 2€ level: 7 - HandId: #3180765591581491324-62-1707154325 - Holdem no limit (70/300/600) - 2024/02/05 17:32:05 UTC
Table: 'TEA TIME(740579700)#0123' 6-max (real money) Seat #4 is the button
Seat 1: Greedyblastr (20039, 9€ bounty)
Seat 2: -BarackOmaha (41927, 13.50€ bounty)
Seat 3: torresmo123 (30849, 9€ bounty)
Seat 4: Escudero18 (48387, 18€ bounty)
Seat 5: CptOrgazmo (11449, 9€ bounty)
Seat 6: kiskisbitch (23535, 9€ bounty)
*** ANTE/BLINDS ***
CptOrgazmo posts ante 70
kiskisbitch posts ante 70
Greedyblastr posts ante 70
-BarackOmaha posts ante 70
torresmo123 posts ante 70
Escudero18 posts ante 70
CptOrgazmo posts small blind 300
kiskisbitch posts big blind 600
Dealt to torresmo123 [Js 4h]
*** PRE-FLOP *** 
Greedyblastr folds
-BarackOmaha folds
torresmo123 folds
Escudero18 folds
CptOrgazmo folds
kiskisbitch collected 1320 from pot
*** SUMMARY ***
Total pot 1320 | No rake
Seat 6: kiskisbitch (big blind) won 1320


Winamax Poker - Tournament "TEA TIME" buyIn: 18€ + 2€ level: 7 - HandId: #3180765591581491324-63-1707154334 - Holdem no limit (70/300/600) - 2024/02/05 17:32:14 UTC
Table: 'TEA TIME(740579700)#0123' 6-max (real money) Seat #5 is the button
Seat 1: Greedyblastr (19969, 9€ bounty)
Seat 2: -BarackOmaha (41857, 13.50€ bounty)
Seat 3: torresmo123 (30779, 9€ bounty)
Seat 4: Escudero18 (48317, 18€ bounty)
Seat 5: CptOrgazmo (11079, 9€ bounty)
Seat 6: kiskisbitch (24185, 9€ bounty)
*** ANTE/BLINDS ***
kiskisbitch posts ante 70
Greedyblastr posts ante 70
-BarackOmaha posts ante 70
torresmo123 posts ante 70
Escudero18 posts ante 70
CptOrgazmo posts ante 70
kiskisbitch posts small blind 300
Greedyblastr posts big blind 600
Dealt to torresmo123 [Ks 2s]
*** PRE-FLOP *** 
-BarackOmaha folds
torresmo123 raises 660 to 1260
Escudero18 raises 1890 to 3150
CptOrgazmo folds
kiskisbitch folds
Greedyblastr folds
torresmo123 folds
Escudero18 collected 5730 from pot
*** SUMMARY ***
Total pot 5730 | No rake
Seat 4: Escudero18 won 5730


Winamax Poker - Tournament "TEA TIME" buyIn: 18€ + 2€ level: 7 - HandId: #3180765591581491324-64-1707154379 - Holdem no limit (70/300/600) - 2024/02/05 17:32:59 UTC
Table: 'TEA TIME(740579700)#0123' 6-max (real money) Seat #6 is the button
Seat 1: Greedyblastr (19299, 9€ bounty)
Seat 2: -BarackOmaha (41787, 13.50€ bounty)
Seat 3: torresmo123 (29449, 9€ bounty)
Seat 4: Escudero18 (50827, 18€ bounty)
Seat 5: CptOrgazmo (11009, 9€ bounty)
Seat 6: kiskisbitch (23815, 9€ bounty)
*** ANTE/BLINDS ***
Greedyblastr posts ante 70
-BarackOmaha posts ante 70
torresmo123 posts ante 70
Escudero18 posts ante 70
CptOrgazmo posts ante 70
kiskisbitch posts ante 70
Greedyblastr posts small blind 300
-BarackOmaha posts big blind 600
Dealt to torresmo123 [6h Kh]
*** PRE-FLOP *** 
torresmo123 raises 660 to 1260
Escudero18 folds
CptOrgazmo folds
kiskisbitch folds
Greedyblastr raises 17969 to 19229 and is all-in
-BarackOmaha raises 22488 to 41717 and is all-in
torresmo123 folds
*** FLOP *** [Ah As Ad]
*** TURN *** [Ah As Ad][7s]
*** RIVER *** [Ah As Ad 7s][Ts]
*** SHOW DOWN ***
Greedyblastr shows [Th Tc] (Full of Aces and Tens)
-BarackOmaha shows [Qh Qc] (Full of Aces and Queens)
-BarackOmaha collected 62626 from pot
*** SUMMARY ***
Total pot 62626 | No rake
Board: [Ah As Ad 7s Ts]
Seat 1: Greedyblastr (small blind) showed [Th Tc] and lost with Full of Aces and Tens
Seat 2: -BarackOmaha (big blind) showed [Qh Qc] and won 62626 with Full of Aces and Queens


Winamax Poker - Tournament "TEA TIME" buyIn: 18€ + 2€ level: 7 - HandId: #3180765591581491324-65-1707154426 - Holdem no limit (70/300/600) - 2024/02/05 17:33:46 UTC
Table: 'TEA TIME(740579700)#0123' 6-max (real money) Seat #1 is the button
Seat 2: -BarackOmaha (62626, 18€ bounty)
Seat 3: torresmo123 (28119, 9€ bounty)
Seat 4: Escudero18 (50757, 18€ bounty)
Seat 5: CptOrgazmo (10939, 9€ bounty)
Seat 6: kiskisbitch (23745, 9€ bounty)
*** ANTE/BLINDS ***
-BarackOmaha posts ante 70
torresmo123 posts ante 70
Escudero18 posts ante 70
CptOrgazmo posts ante 70
kiskisbitch posts ante 70
-BarackOmaha posts small blind 300
torresmo123 posts big blind 600
Dealt to torresmo123 [8d Qc]
*** PRE-FLOP *** 
Escudero18 folds
CptOrgazmo raises 600 to 1200
kiskisbitch folds
-BarackOmaha folds
torresmo123 calls 600
*** FLOP *** [Qh 4h Ts]
torresmo123 checks
CptOrgazmo bets 763
torresmo123 raises 999 to 1762
CptOrgazmo calls 999
*** TURN *** [Qh 4h Ts][2c]
torresmo123 bets 2169
CptOrgazmo calls 2169
*** RIVER *** [Qh 4h Ts 2c][Ac]
torresmo123 bets 6000
CptOrgazmo calls 5738 and is all-in
*** SHOW DOWN ***
CptOrgazmo shows [Kc Td] (One pair : Tens)
torresmo123 shows [8d Qc] (One pair : Queens)
torresmo123 collected 22650 from pot
*** SUMMARY ***
Total pot 22650 | No rake
Board: [Qh 4h Ts 2c Ac]
Seat 3: torresmo123 (big blind) showed [8d Qc] and won 22650 with One pair : Queens
Seat 5: CptOrgazmo showed [Kc Td] and lost with One pair : Tens


Winamax Poker - Tournament "TEA TIME" buyIn: 18€ + 2€ level: 8 - HandId: #3180765591581491324-66-1707154585 - Holdem no limit (80/350/700) - 2024/02/05 17:36:25 UTC
Table: 'TEA TIME(740579700)#0123' 6-max (real money) Seat #2 is the button
Seat 2: -BarackOmaha (62256, 18€ bounty)
Seat 3: torresmo123 (39568, 13.50€ bounty)
Seat 4: Escudero18 (50687, 18€ bounty)
Seat 6: kiskisbitch (23675, 9€ bounty)
*** ANTE/BLINDS ***
torresmo123 posts ante 80
Escudero18 posts ante 80
-BarackOmaha posts ante 80
kiskisbitch posts ante 80
torresmo123 posts small blind 350
Escudero18 posts big blind 700
Dealt to torresmo123 [6h 7s]
*** PRE-FLOP *** 
kiskisbitch folds
-BarackOmaha folds
torresmo123 calls 350
Escudero18 checks
*** FLOP *** [9c Qd 7h]
torresmo123 checks
Escudero18 bets 1118
torresmo123 calls 1118
*** TURN *** [9c Qd 7h][Kd]
torresmo123 checks
Escudero18 bets 2571
torresmo123 calls 2571
*** RIVER *** [9c Qd 7h Kd][Ts]
torresmo123 checks
Escudero18 checks
*** SHOW DOWN ***
Escudero18 shows [3d 6d] (High card : King)
torresmo123 shows [6h 7s] (One pair : 7)
torresmo123 collected 9098 from pot
*** SUMMARY ***
Total pot 9098 | No rake
Board: [9c Qd 7h Kd Ts]
Seat 3: torresmo123 (small blind) showed [6h 7s] and won 9098 with One pair : 7
Seat 4: Escudero18 (big blind) showed [3d 6d] and lost with High card : King


Winamax Poker - Tournament "TEA TIME" buyIn: 18€ + 2€ level: 8 - HandId: #3180765591581491324-67-1707154677 - Holdem no limit (80/350/700) - 2024/02/05 17:37:57 UTC
Table: 'TEA TIME(740579700)#0123' 6-max (real money) Seat #3 is the button
Seat 1: Alexsunrun (22532, 9€ bounty)
Seat 2: -BarackOmaha (62176, 18€ bounty)
Seat 3: torresmo123 (44197, 13.50€ bounty)
Seat 4: Escudero18 (46218, 18€ bounty)
Seat 5: Alexpilip97 (29080, 9€ bounty)
Seat 6: kiskisbitch (23595, 9€ bounty)
*** ANTE/BLINDS ***
Escudero18 posts ante 80
Alexpilip97 posts ante 80
Alexsunrun posts ante 80
-BarackOmaha posts ante 80
torresmo123 posts ante 80
kiskisbitch posts ante 80
Escudero18 posts small blind 350
Alexpilip97 posts big blind 700
Dealt to torresmo123 [Kc 9s]
*** PRE-FLOP *** 
kiskisbitch folds
Alexsunrun folds
-BarackOmaha folds
torresmo123 raises 875 to 1575
Escudero18 folds
Alexpilip97 calls 875
*** FLOP *** [2c Kd Qs]
Alexpilip97 checks
torresmo123 bets 796
Alexpilip97 raises 2004 to 2800
torresmo123 calls 2004
*** TURN *** [2c Kd Qs][2d]
Alexpilip97 bets 4550
torresmo123 calls 4550
*** RIVER *** [2c Kd Qs 2d][Qd]
Alexpilip97 checks
torresmo123 checks
*** SHOW DOWN ***
Alexpilip97 shows [Td Ac] (Two pairs : Queens and 2)
torresmo123 shows [Kc 9s] (Two pairs : Kings and Queens)
torresmo123 collected 18680 from pot
*** SUMMARY ***
Total pot 18680 | No rake
Board: [2c Kd Qs 2d Qd]
Seat 3: torresmo123 (button) showed [Kc 9s] and won 18680 with Two pairs : Kings and Queens
Seat 5: Alexpilip97 (big blind) showed [Td Ac] and lost with Two pairs : Queens and 2


Winamax Poker - Tournament "TEA TIME" buyIn: 18€ + 2€ level: 8 - HandId: #3180765591581491324-68-1707154768 - Holdem no limit (80/350/700) - 2024/02/05 17:39:28 UTC
Table: 'TEA TIME(740579700)#0123' 6-max (real money) Seat #4 is the button
Seat 1: Alexsunrun (22452, 9€ bounty)
Seat 2: -BarackOmaha (62096, 18€ bounty)
Seat 3: torresmo123 (53872, 13.50€ bounty)
Seat 4: Escudero18 (45788, 18€ bounty)
Seat 5: Alexpilip97 (20075, 9€ bounty)
Seat 6: kiskisbitch (23515, 9€ bounty)
*** ANTE/BLINDS ***
Alexpilip97 posts ante 80
kiskisbitch posts ante 80
Alexsunrun posts ante 80
-BarackOmaha posts ante 80
torresmo123 posts ante 80
Escudero18 posts ante 80
Alexpilip97 posts small blind 350
kiskisbitch posts big blind 700
Dealt to torresmo123 [5c 5s]
*** PRE-FLOP *** 
Alexsunrun raises 840 to 1540
-BarackOmaha raises 3080 to 4620
torresmo123 folds
Escudero18 folds
Alexpilip97 folds
kiskisbitch folds
Alexsunrun folds
-BarackOmaha collected 7690 from pot
*** SUMMARY ***
Total pot 7690 | No rake
Seat 2: -BarackOmaha won 7690


Winamax Poker - Tournament "TEA TIME" buyIn: 18€ + 2€ level: 8 - HandId: #3180765591581491324-69-1707154806 - Holdem no limit (80/350/700) - 2024/02/05 17:40:06 UTC
Table: 'TEA TIME(740579700)#0123' 6-max (real money) Seat #5 is the button
Seat 1: Alexsunrun (20832, 9€ bounty)
Seat 2: -BarackOmaha (65086, 18€ bounty)
Seat 3: torresmo123 (53792, 13.50€ bounty)
Seat 4: Escudero18 (45708, 18€ bounty)
Seat 5: Alexpilip97 (19645, 9€ bounty)
Seat 6: kiskisbitch (22735, 9€ bounty)
*** ANTE/BLINDS ***
kiskisbitch posts ante 80
Alexsunrun posts ante 80
-BarackOmaha posts ante 80
torresmo123 posts ante 80
Escudero18 posts ante 80
Alexpilip97 posts ante 80
kiskisbitch posts small blind 350
Alexsunrun posts big blind 700
Dealt to torresmo123 [8h 6c]
*** PRE-FLOP *** 
-BarackOmaha folds
torresmo123 folds
Escudero18 raises 1050 to 1750
Alexpilip97 calls 1750
kiskisbitch raises 20905 to 22655 and is all-in
Alexsunrun calls 20052 and is all-in
Escudero18 folds
Alexpilip97 folds
*** FLOP *** [Jh 6s 5d]
*** TURN *** [Jh 6s 5d][3s]
*** RIVER *** [Jh 6s 5d 3s][As]
*** SHOW DOWN ***
Alexsunrun shows [Qh Ah] (One pair : Aces)
kiskisbitch shows [Js Ad] (Two pairs : Aces and Jacks)
kiskisbitch collected 47387 from pot
*** SUMMARY ***
Total pot 47387 | No rake
Board: [Jh 6s 5d 3s As]
Seat 1: Alexsunrun (big blind) showed [Qh Ah] and lost with One pair : Aces
Seat 6: kiskisbitch (small blind) showed [Js Ad] and won 47387 with Two pairs : Aces and Jacks


Winamax Poker - Tournament "TEA TIME" buyIn: 18€ + 2€ level: 8 - HandId: #3180765591581491324-70-1707154861 - Holdem no limit (80/350/700) - 2024/02/05 17:41:01 UTC
Table: 'TEA TIME(740579700)#0123' 6-max (real money) Seat #6 is the button
Seat 2: -BarackOmaha (65006, 18€ bounty)
Seat 3: torresmo123 (53712, 13.50€ bounty)
Seat 4: Escudero18 (43878, 18€ bounty)
Seat 5: Alexpilip97 (17815, 9€ bounty)
Seat 6: kiskisbitch (47387, 13.50€ bounty)
*** ANTE/BLINDS ***
-BarackOmaha posts ante 80
torresmo123 posts ante 80
Escudero18 posts ante 80
Alexpilip97 posts ante 80
kiskisbitch posts ante 80
-BarackOmaha posts big blind 700
Dealt to torresmo123 [6h 5s]
*** PRE-FLOP *** 
torresmo123 folds
Escudero18 folds
Alexpilip97 folds
kiskisbitch raises 700 to 1400
-BarackOmaha folds
kiskisbitch collected 2500 from pot
*** SUMMARY ***
Total pot 2500 | No rake
Seat 6: kiskisbitch (button) won 2500


Winamax Poker - Tournament "TEA TIME" buyIn: 18€ + 2€ level: 8 - HandId: #3180765591581491324-71-1707154889 - Holdem no limit (80/350/700) - 2024/02/05 17:41:29 UTC
Table: 'TEA TIME(740579700)#0123' 6-max (real money) Seat #1 is the button
Seat 2: -BarackOmaha (64226, 18€ bounty)
Seat 3: torresmo123 (53632, 13.50€ bounty)
Seat 4: Escudero18 (43798, 18€ bounty)
Seat 5: Alexpilip97 (17735, 9€ bounty)
Seat 6: kiskisbitch (48407, 13.50€ bounty)
*** ANTE/BLINDS ***
-BarackOmaha posts ante 80
torresmo123 posts ante 80
Escudero18 posts ante 80
Alexpilip97 posts ante 80
kiskisbitch posts ante 80
-BarackOmaha posts small blind 350
torresmo123 posts big blind 700
Dealt to torresmo123 [5s 4h]
*** PRE-FLOP *** 
Escudero18 folds
Alexpilip97 raises 700 to 1400
kiskisbitch folds
-BarackOmaha folds
torresmo123 calls 700
*** FLOP *** [Td 8d 8s]
torresmo123 checks
Alexpilip97 bets 1400
torresmo123 folds
Alexpilip97 collected 4950 from pot
*** SUMMARY ***
Total pot 4950 | No rake
Board: [Td 8d 8s]
Seat 5: Alexpilip97 won 4950


Winamax Poker - Tournament "TEA TIME" buyIn: 18€ + 2€ level: 9 - HandId: #3180765591581491324-72-1707154926 - Holdem no limit (100/400/800) - 2024/02/05 17:42:06 UTC
Table: 'TEA TIME(740579700)#0123' 6-max (real money) Seat #2 is the button
Seat 1: Best Perri (20000, 9€ bounty)
Seat 2: -BarackOmaha (63796, 18€ bounty)
Seat 3: torresmo123 (52152, 13.50€ bounty)
Seat 4: Escudero18 (43718, 18€ bounty)
Seat 5: Alexpilip97 (19805, 9€ bounty)
Seat 6: kiskisbitch (48327, 13.50€ bounty)
*** ANTE/BLINDS ***
torresmo123 posts ante 100
Escudero18 posts ante 100
Best Perri posts ante 100
-BarackOmaha posts ante 100
Alexpilip97 posts ante 100
kiskisbitch posts ante 100
torresmo123 posts small blind 400
Escudero18 posts big blind 800
Dealt to torresmo123 [3c 6h]
*** PRE-FLOP *** 
Alexpilip97 folds
kiskisbitch raises 800 to 1600
Best Perri calls 1600
-BarackOmaha folds
torresmo123 folds
Escudero18 calls 800
*** FLOP *** [2c Ts 5h]
Escudero18 checks
kiskisbitch bets 1740
Best Perri folds
Escudero18 calls 1740
*** TURN *** [2c Ts 5h][3d]
Escudero18 checks
kiskisbitch bets 6218
Escudero18 calls 6218
*** RIVER *** [2c Ts 5h 3d][Ad]
Escudero18 bets 21716
kiskisbitch folds
Escudero18 collected 43432 from pot
*** SUMMARY ***
Total pot 43432 | No rake
Board: [2c Ts 5h 3d Ad]
Seat 4: Escudero18 (big blind) won 43432


Winamax Poker - Tournament "TEA TIME" buyIn: 18€ + 2€ level: 9 - HandId: #3180765591581491324-73-1707155044 - Holdem no limit (100/400/800) - 2024/02/05 17:44:04 UTC
Table: 'TEA TIME(740579700)#0123' 6-max (real money) Seat #3 is the button
Seat 1: Best Perri (18300, 9€ bounty)
Seat 2: -BarackOmaha (63696, 18€ bounty)
Seat 3: torresmo123 (51652, 13.50€ bounty)
Seat 4: Escudero18 (55776, 18€ bounty)
Seat 5: Alexpilip97 (19705, 9€ bounty)
Seat 6: kiskisbitch (38669, 13.50€ bounty)
*** ANTE/BLINDS ***
Escudero18 posts ante 100
Alexpilip97 posts ante 100
Best Perri posts ante 100
-BarackOmaha posts ante 100
torresmo123 posts ante 100
kiskisbitch posts ante 100
Escudero18 posts small blind 400
Alexpilip97 posts big blind 800
Dealt to torresmo123 [Ks 4c]
*** PRE-FLOP *** 
kiskisbitch folds
Best Perri folds
-BarackOmaha folds
torresmo123 raises 1000 to 1800
Escudero18 folds
Alexpilip97 calls 1000
*** FLOP *** [9d 3c Qs]
Alexpilip97 checks
torresmo123 bets 920
Alexpilip97 folds
torresmo123 collected 5520 from pot
*** SUMMARY ***
Total pot 5520 | No rake
Board: [9d 3c Qs]
Seat 3: torresmo123 (button) won 5520


Winamax Poker - Tournament "TEA TIME" buyIn: 18€ + 2€ level: 9 - HandId: #3180765591581491324-74-1707155073 - Holdem no limit (100/400/800) - 2024/02/05 17:44:33 UTC
Table: 'TEA TIME(740579700)#0123' 6-max (real money) Seat #4 is the button
Seat 1: Best Perri (18200, 9€ bounty)
Seat 2: -BarackOmaha (63596, 18€ bounty)
Seat 3: torresmo123 (54352, 13.50€ bounty)
Seat 4: Escudero18 (55276, 18€ bounty)
Seat 5: Alexpilip97 (17805, 9€ bounty)
Seat 6: kiskisbitch (38569, 13.50€ bounty)
*** ANTE/BLINDS ***
Alexpilip97 posts ante 100
kiskisbitch posts ante 100
Best Perri posts ante 100
-BarackOmaha posts ante 100
torresmo123 posts ante 100
Escudero18 posts ante 100
Alexpilip97 posts small blind 400
kiskisbitch posts big blind 800
Dealt to torresmo123 [6d 9c]
*** PRE-FLOP *** 
Best Perri raises 800 to 1600
-BarackOmaha folds
torresmo123 folds
Escudero18 folds
Alexpilip97 calls 1200
kiskisbitch folds
*** FLOP *** [8c 9s 2c]
Alexpilip97 checks
Best Perri checks
*** TURN *** [8c 9s 2c][Th]
Alexpilip97 checks
Best Perri checks
*** RIVER *** [8c 9s 2c Th][4c]
Alexpilip97 checks
Best Perri checks
*** SHOW DOWN ***
Best Perri shows [Qd Kh] (High card : King)
Alexpilip97 shows [3s 3c] (One pair : 3)
Alexpilip97 collected 4600 from pot
*** SUMMARY ***
Total pot 4600 | No rake
Board: [8c 9s 2c Th 4c]
Seat 1: Best Perri showed [Qd Kh] and lost with High card : King
Seat 5: Alexpilip97 (small blind) showed [3s 3c] and won 4600 with One pair : 3


Winamax Poker - Tournament "TEA TIME" buyIn: 18€ + 2€ level: 9 - HandId: #3180765591581491324-75-1707155131 - Holdem no limit (100/400/800) - 2024/02/05 17:45:31 UTC
Table: 'TEA TIME(740579700)#0123' 6-max (real money) Seat #5 is the button
Seat 1: Best Perri (16500, 9€ bounty)
Seat 2: -BarackOmaha (63496, 18€ bounty)
Seat 3: torresmo123 (54252, 13.50€ bounty)
Seat 4: Escudero18 (55176, 18€ bounty)
Seat 5: Alexpilip97 (20705, 9€ bounty)
Seat 6: kiskisbitch (37669, 13.50€ bounty)
*** ANTE/BLINDS ***
kiskisbitch posts ante 100
Best Perri posts ante 100
-BarackOmaha posts ante 100
torresmo123 posts ante 100
Escudero18 posts ante 100
Alexpilip97 posts ante 100
kiskisbitch posts small blind 400
Best Perri posts big blind 800
Dealt to torresmo123 [Ad 2s]
*** PRE-FLOP *** 
-BarackOmaha folds
torresmo123 folds
Escudero18 folds
Alexpilip97 folds
kiskisbitch raises 36769 to 37569 and is all-in
Best Perri calls 15600 and is all-in
*** FLOP *** [9s 6h 5h]
*** TURN *** [9s 6h 5h][9d]
*** RIVER *** [9s 6h 5h 9d][Kd]
*** SHOW DOWN ***
Best Perri shows [As 2h] (One pair : 9)
kiskisbitch shows [8c Kc] (Two pairs : Kings and 9)
kiskisbitch collected 54569 from pot
*** SUMMARY ***
Total pot 54569 | No rake
Board: [9s 6h 5h 9d Kd]
Seat 1: Best Perri (big blind) showed [As 2h] and lost with One pair : 9
Seat 6: kiskisbitch (small blind) showed [8c Kc] and won 54569 with Two pairs : Kings and 9


Winamax Poker - Tournament "TEA TIME" buyIn: 18€ + 2€ level: 9 - HandId: #3180765591581491324-76-1707155181 - Holdem no limit (100/400/800) - 2024/02/05 17:46:21 UTC
Table: 'TEA TIME(740579700)#0123' 6-max (real money) Seat #6 is the button
Seat 2: -BarackOmaha (63396, 18€ bounty)
Seat 3: torresmo123 (54152, 13.50€ bounty)
Seat 4: Escudero18 (55076, 18€ bounty)
Seat 5: Alexpilip97 (20605, 9€ bounty)
Seat 6: kiskisbitch (54569, 18€ bounty)
*** ANTE/BLINDS ***
-BarackOmaha posts ante 100
torresmo123 posts ante 100
Escudero18 posts ante 100
Alexpilip97 posts ante 100
kiskisbitch posts ante 100
-BarackOmaha posts big blind 800
Dealt to torresmo123 [As 3h]
*** PRE-FLOP *** 
torresmo123 folds
Escudero18 folds
Alexpilip97 folds
kiskisbitch raises 800 to 1600
-BarackOmaha folds
kiskisbitch collected 2900 from pot
*** SUMMARY ***
Total pot 2900 | No rake
Seat 6: kiskisbitch (button) won 2900


Winamax Poker - Tournament "TEA TIME" buyIn: 18€ + 2€ level: 9 - HandId: #3180765591581491324-77-1707155205 - Holdem no limit (100/400/800) - 2024/02/05 17:46:45 UTC
Table: 'TEA TIME(740579700)#0123' 6-max (real money) Seat #1 is the button
Seat 2: -BarackOmaha (62496, 18€ bounty)
Seat 3: torresmo123 (54052, 13.50€ bounty)
Seat 4: Escudero18 (54976, 18€ bounty)
Seat 5: Alexpilip97 (20505, 9€ bounty)
Seat 6: kiskisbitch (55769, 18€ bounty)
*** ANTE/BLINDS ***
-BarackOmaha posts ante 100
torresmo123 posts ante 100
Escudero18 posts ante 100
Alexpilip97 posts ante 100
kiskisbitch posts ante 100
-BarackOmaha posts small blind 400
torresmo123 posts big blind 800
Dealt to torresmo123 [Qd Jh]
*** PRE-FLOP *** 
Escudero18 folds
Alexpilip97 raises 800 to 1600
kiskisbitch folds
-BarackOmaha folds
torresmo123 calls 800
*** FLOP *** [4c Kh 7s]
torresmo123 checks
Alexpilip97 bets 1435
torresmo123 raises 2565 to 4000
Alexpilip97 folds
torresmo123 collected 9535 from pot
*** SUMMARY ***
Total pot 9535 | No rake
Board: [4c Kh 7s]
Seat 3: torresmo123 (big blind) won 9535


Winamax Poker - Tournament "TEA TIME" buyIn: 18€ + 2€ level: 9 - HandId: #3180765591581491324-78-1707155271 - Holdem no limit (100/400/800) - 2024/02/05 17:47:51 UTC
Table: 'TEA TIME(740579700)#0123' 6-max (real money) Seat #2 is the button
Seat 1: Je vais tt p (20000, 9€ bounty)
Seat 2: -BarackOmaha (61996, 18€ bounty)
Seat 3: torresmo123 (57887, 13.50€ bounty)
Seat 4: Escudero18 (54876, 18€ bounty)
Seat 5: Alexpilip97 (17370, 9€ bounty)
Seat 6: kiskisbitch (55669, 18€ bounty)
*** ANTE/BLINDS ***
torresmo123 posts ante 100
Escudero18 posts ante 100
Je vais tt p posts ante 100
-BarackOmaha posts ante 100
Alexpilip97 posts ante 100
kiskisbitch posts ante 100
torresmo123 posts small blind 400
Escudero18 posts big blind 800
Dealt to torresmo123 [8s 9d]
*** PRE-FLOP *** 
Alexpilip97 folds
kiskisbitch raises 800 to 1600
Je vais tt p calls 1600
-BarackOmaha raises 6400 to 8000
torresmo123 folds
Escudero18 folds
kiskisbitch folds
Je vais tt p raises 11900 to 19900 and is all-in
-BarackOmaha calls 11900
*** FLOP *** [2h 9s 6c]
*** TURN *** [2h 9s 6c][4d]
*** RIVER *** [2h 9s 6c 4d][6s]
*** SHOW DOWN ***
-BarackOmaha shows [Ks Qh] (One pair : 6)
Je vais tt p shows [Ah Kc] (One pair : 6)
Je vais tt p collected 43200 from pot
*** SUMMARY ***
Total pot 43200 | No rake
Board: [2h 9s 6c 4d 6s]
Seat 1: Je vais tt p showed [Ah Kc] and won 43200 with One pair : 6
Seat 2: -BarackOmaha (button) showed [Ks Qh] and lost with One pair : 6


Winamax Poker - Tournament "TEA TIME" buyIn: 18€ + 2€ level: 9 - HandId: #3180765591581491289-97-1707155389 - Holdem no limit (100/400/800) - 2024/02/05 17:49:49 UTC
Table: 'TEA TIME(740579700)#0088' 6-max (real money) Seat #5 is the button
Seat 1: MA-Sniper66 (76764, 27€ bounty)
Seat 2: ViteVite85 (19153, 22.50€ bounty)
Seat 3: torresmo123 (57387, 13.50€ bounty)
Seat 4: Trenks (54920, 13.50€ bounty)
Seat 5: bizbiz7 (105335, 22.50€ bounty)
Seat 6: sweetbini (300516, 47.25€ bounty)
*** ANTE/BLINDS ***
sweetbini posts ante 100
MA-Sniper66 posts ante 100
ViteVite85 posts ante 100
torresmo123 posts ante 100
Trenks posts ante 100
bizbiz7 posts ante 100
sweetbini posts small blind 400
MA-Sniper66 posts big blind 800
Dealt to torresmo123 [Js 5c]
*** PRE-FLOP *** 
ViteVite85 folds
torresmo123 folds
Trenks folds
bizbiz7 raises 800 to 1600
sweetbini folds
MA-Sniper66 calls 800
*** FLOP *** [3h 2c Qd]
MA-Sniper66 checks
bizbiz7 bets 1600
MA-Sniper66 folds
bizbiz7 collected 5800 from pot
*** SUMMARY ***
Total pot 5800 | No rake
Board: [3h 2c Qd]
Seat 5: bizbiz7 (button) won 5800


Winamax Poker - Tournament "TEA TIME" buyIn: 18€ + 2€ level: 10 - HandId: #3180765591581491289-98-1707155426 - Holdem no limit (120/500/1000) - 2024/02/05 17:50:26 UTC
Table: 'TEA TIME(740579700)#0088' 6-max (real money) Seat #6 is the button
Seat 1: MA-Sniper66 (75064, 27€ bounty)
Seat 2: ViteVite85 (19053, 22.50€ bounty)
Seat 3: torresmo123 (57287, 13.50€ bounty)
Seat 4: Trenks (54820, 13.50€ bounty)
Seat 5: bizbiz7 (107835, 22.50€ bounty)
Seat 6: sweetbini (300016, 47.25€ bounty)
*** ANTE/BLINDS ***
MA-Sniper66 posts ante 120
ViteVite85 posts ante 120
torresmo123 posts ante 120
Trenks posts ante 120
bizbiz7 posts ante 120
sweetbini posts ante 120
MA-Sniper66 posts small blind 500
ViteVite85 posts big blind 1000
Dealt to torresmo123 [7d 2d]
*** PRE-FLOP *** 
torresmo123 folds
Trenks folds
bizbiz7 folds
sweetbini folds
MA-Sniper66 folds
ViteVite85 collected 2220 from pot
*** SUMMARY ***
Total pot 2220 | No rake
Seat 2: ViteVite85 (big blind) won 2220


Winamax Poker - Tournament "TEA TIME" buyIn: 18€ + 2€ level: 10 - HandId: #3180765591581491289-99-1707155436 - Holdem no limit (120/500/1000) - 2024/02/05 17:50:36 UTC
Table: 'TEA TIME(740579700)#0088' 6-max (real money) Seat #1 is the button
Seat 1: MA-Sniper66 (74444, 27€ bounty)
Seat 2: ViteVite85 (20153, 22.50€ bounty)
Seat 3: torresmo123 (57167, 13.50€ bounty)
Seat 4: Trenks (54700, 13.50€ bounty)
Seat 5: bizbiz7 (107715, 22.50€ bounty)
Seat 6: sweetbini (299896, 47.25€ bounty)
*** ANTE/BLINDS ***
ViteVite85 posts ante 120
torresmo123 posts ante 120
MA-Sniper66 posts ante 120
Trenks posts ante 120
bizbiz7 posts ante 120
sweetbini posts ante 120
ViteVite85 posts small blind 500
torresmo123 posts big blind 1000
Dealt to torresmo123 [7s 4s]
*** PRE-FLOP *** 
Trenks folds
bizbiz7 raises 1000 to 2000
sweetbini folds
MA-Sniper66 folds
ViteVite85 folds
torresmo123 calls 1000
*** FLOP *** [7d Js Kd]
torresmo123 checks
bizbiz7 bets 2500
torresmo123 calls 2500
*** TURN *** [7d Js Kd][Ad]
torresmo123 checks
bizbiz7 bets 5000
torresmo123 folds
bizbiz7 collected 15220 from pot
*** SUMMARY ***
Total pot 15220 | No rake
Board: [7d Js Kd Ad]
Seat 5: bizbiz7 won 15220


Winamax Poker - Tournament "TEA TIME" buyIn: 18€ + 2€ level: 10 - HandId: #3180765591581491289-100-1707155519 - Holdem no limit (120/500/1000) - 2024/02/05 17:51:59 UTC
Table: 'TEA TIME(740579700)#0088' 6-max (real money) Seat #2 is the button
Seat 1: MA-Sniper66 (74324, 27€ bounty)
Seat 2: ViteVite85 (19533, 22.50€ bounty)
Seat 3: torresmo123 (52547, 13.50€ bounty)
Seat 4: Trenks (54580, 13.50€ bounty)
Seat 5: bizbiz7 (113315, 22.50€ bounty)
Seat 6: sweetbini (299776, 47.25€ bounty)
*** ANTE/BLINDS ***
torresmo123 posts ante 120
Trenks posts ante 120
MA-Sniper66 posts ante 120
ViteVite85 posts ante 120
bizbiz7 posts ante 120
sweetbini posts ante 120
torresmo123 posts small blind 500
Trenks posts big blind 1000
Dealt to torresmo123 [Qc Jc]
*** PRE-FLOP *** 
bizbiz7 folds
sweetbini folds
MA-Sniper66 calls 1000
ViteVite85 folds
torresmo123 raises 4000 to 5000
Trenks folds
MA-Sniper66 calls 4000
*** FLOP *** [2d Qs 8s]
torresmo123 bets 3868
MA-Sniper66 raises 3868 to 7736
torresmo123 calls 3868
*** TURN *** [2d Qs 8s][3d]
torresmo123 checks
MA-Sniper66 bets 9517
torresmo123 calls 9517
*** RIVER *** [2d Qs 8s 3d][5c]
torresmo123 checks
MA-Sniper66 bets 46226
torresmo123 calls 30174 and is all-in
*** SHOW DOWN ***
torresmo123 shows [Qc Jc] (One pair : Queens)
MA-Sniper66 shows [4s Ah] (Straight 5 high)
MA-Sniper66 collected 122626 from pot
*** SUMMARY ***
Total pot 122626 | No rake
Board: [2d Qs 8s 3d 5c]
Seat 1: MA-Sniper66 showed [4s Ah] and won 122626 with Straight 5 high
Seat 3: torresmo123 (small blind) showed [Qc Jc] and lost with One pair : Queens


