Winamax Poker - Tournament "AFTER WORK" buyIn: 18€ + 2€ level: 1 - HandId: #3205116900803608670-3-1708370273 - Holdem no limit (25/100/200) - 2024/02/19 19:17:53 UTC
Table: 'AFTER WORK(746249431)#0093' 6-max (real money) Seat #1 is the button
Seat 1: Heinsenbet2B (19650, 9€ bounty)
Seat 2: Sh1n1gano (20200, 9€ bounty)
Seat 4: JaodheR67 (19950, 9€ bounty)
Seat 5: WVanAert (20225, 9€ bounty)
Seat 6: torresmo123 (20000, 9€ bounty)
*** ANTE/BLINDS ***
Sh1n1gano posts ante 25
JaodheR67 posts ante 25
Heinsenbet2B posts ante 25
WVanAert posts ante 25
torresmo123 posts ante 25
Sh1n1gano posts small blind 100
JaodheR67 posts big blind 200
Dealt to torresmo123 [Ts 8s]
*** PRE-FLOP *** 
WVanAert folds
torresmo123 raises 200 to 400
Heinsenbet2B folds
Sh1n1gano folds
JaodheR67 folds
torresmo123 collected 825 from pot
*** SUMMARY ***
Total pot 825 | No rake
Seat 6: torresmo123 won 825


Winamax Poker - Tournament "AFTER WORK" buyIn: 18€ + 2€ level: 1 - HandId: #3205116900803608670-4-1708370294 - Holdem no limit (25/100/200) - 2024/02/19 19:18:14 UTC
Table: 'AFTER WORK(746249431)#0093' 6-max (real money) Seat #2 is the button
Seat 1: Heinsenbet2B (19625, 9€ bounty)
Seat 2: Sh1n1gano (20075, 9€ bounty)
Seat 3: Dixit179 (20000, 9€ bounty)
Seat 4: JaodheR67 (19725, 9€ bounty)
Seat 5: WVanAert (20200, 9€ bounty)
Seat 6: torresmo123 (20400, 9€ bounty)
*** ANTE/BLINDS ***
JaodheR67 posts ante 25
WVanAert posts ante 25
Heinsenbet2B posts ante 25
Sh1n1gano posts ante 25
torresmo123 posts ante 25
JaodheR67 posts small blind 100
WVanAert posts big blind 200
Dealt to torresmo123 [Kh Ks]
*** PRE-FLOP *** 
torresmo123 raises 200 to 400
Heinsenbet2B folds
Sh1n1gano folds
JaodheR67 folds
WVanAert folds
torresmo123 collected 825 from pot
*** SUMMARY ***
Total pot 825 | No rake
Seat 6: torresmo123 won 825


Winamax Poker - Tournament "AFTER WORK" buyIn: 18€ + 2€ level: 1 - HandId: #3205116900803608670-5-1708370322 - Holdem no limit (25/100/200) - 2024/02/19 19:18:42 UTC
Table: 'AFTER WORK(746249431)#0093' 6-max (real money) Seat #4 is the button
Seat 1: Heinsenbet2B (19600, 9€ bounty)
Seat 2: Sh1n1gano (20050, 9€ bounty)
Seat 3: Dixit179 (20000, 9€ bounty)
Seat 4: JaodheR67 (19600, 9€ bounty)
Seat 5: WVanAert (19975, 9€ bounty)
Seat 6: torresmo123 (20800, 9€ bounty)
*** ANTE/BLINDS ***
WVanAert posts ante 25
torresmo123 posts ante 25
Heinsenbet2B posts ante 25
Sh1n1gano posts ante 25
Dixit179 posts ante 25
JaodheR67 posts ante 25
WVanAert posts small blind 100
torresmo123 posts big blind 200
Dealt to torresmo123 [6d 4d]
*** PRE-FLOP *** 
Heinsenbet2B folds
Sh1n1gano folds
Dixit179 folds
JaodheR67 folds
WVanAert folds
torresmo123 collected 450 from pot
*** SUMMARY ***
Total pot 450 | No rake
Seat 6: torresmo123 (big blind) won 450


Winamax Poker - Tournament "AFTER WORK" buyIn: 18€ + 2€ level: 1 - HandId: #3205116900803608670-6-1708370344 - Holdem no limit (25/100/200) - 2024/02/19 19:19:04 UTC
Table: 'AFTER WORK(746249431)#0093' 6-max (real money) Seat #5 is the button
Seat 1: Heinsenbet2B (19575, 9€ bounty)
Seat 2: Sh1n1gano (20025, 9€ bounty)
Seat 3: Dixit179 (19975, 9€ bounty)
Seat 4: JaodheR67 (19575, 9€ bounty)
Seat 5: WVanAert (19850, 9€ bounty)
Seat 6: torresmo123 (21025, 9€ bounty)
*** ANTE/BLINDS ***
torresmo123 posts ante 25
Heinsenbet2B posts ante 25
Sh1n1gano posts ante 25
Dixit179 posts ante 25
JaodheR67 posts ante 25
WVanAert posts ante 25
torresmo123 posts small blind 100
Heinsenbet2B posts big blind 200
Dealt to torresmo123 [Ts 9c]
*** PRE-FLOP *** 
Sh1n1gano raises 260 to 460
Dixit179 folds
JaodheR67 folds
WVanAert folds
torresmo123 folds
Heinsenbet2B calls 260
*** FLOP *** [7d 3d 8d]
Heinsenbet2B checks
Sh1n1gano checks
*** TURN *** [7d 3d 8d][Js]
Heinsenbet2B checks
Sh1n1gano bets 644
Heinsenbet2B folds
Sh1n1gano collected 1814 from pot
*** SUMMARY ***
Total pot 1814 | No rake
Board: [7d 3d 8d Js]
Seat 2: Sh1n1gano won 1814


Winamax Poker - Tournament "AFTER WORK" buyIn: 18€ + 2€ level: 1 - HandId: #3205116900803608670-7-1708370426 - Holdem no limit (25/100/200) - 2024/02/19 19:20:26 UTC
Table: 'AFTER WORK(746249431)#0093' 6-max (real money) Seat #6 is the button
Seat 1: Heinsenbet2B (19090, 9€ bounty)
Seat 2: Sh1n1gano (20710, 9€ bounty)
Seat 3: Dixit179 (19950, 9€ bounty)
Seat 4: JaodheR67 (19550, 9€ bounty)
Seat 5: WVanAert (19825, 9€ bounty)
Seat 6: torresmo123 (20900, 9€ bounty)
*** ANTE/BLINDS ***
Heinsenbet2B posts ante 25
Sh1n1gano posts ante 25
Dixit179 posts ante 25
JaodheR67 posts ante 25
WVanAert posts ante 25
torresmo123 posts ante 25
Heinsenbet2B posts small blind 100
Sh1n1gano posts big blind 200
Dealt to torresmo123 [8c 8s]
*** PRE-FLOP *** 
Dixit179 raises 300 to 500
JaodheR67 folds
WVanAert folds
torresmo123 calls 500
Heinsenbet2B folds
Sh1n1gano folds
*** FLOP *** [5c 4h 5h]
Dixit179 checks
torresmo123 bets 479
Dixit179 calls 479
*** TURN *** [5c 4h 5h][3s]
Dixit179 checks
torresmo123 bets 2047
Dixit179 folds
torresmo123 collected 4455 from pot
*** SUMMARY ***
Total pot 4455 | No rake
Board: [5c 4h 5h 3s]
Seat 6: torresmo123 (button) won 4455


Winamax Poker - Tournament "AFTER WORK" buyIn: 18€ + 2€ level: 1 - HandId: #3205116900803608670-8-1708370503 - Holdem no limit (25/100/200) - 2024/02/19 19:21:43 UTC
Table: 'AFTER WORK(746249431)#0093' 6-max (real money) Seat #1 is the button
Seat 1: Heinsenbet2B (18965, 9€ bounty)
Seat 2: Sh1n1gano (20485, 9€ bounty)
Seat 3: Dixit179 (18946, 9€ bounty)
Seat 4: JaodheR67 (19525, 9€ bounty)
Seat 5: WVanAert (19800, 9€ bounty)
Seat 6: torresmo123 (22304, 9€ bounty)
*** ANTE/BLINDS ***
Sh1n1gano posts ante 25
Dixit179 posts ante 25
Heinsenbet2B posts ante 25
JaodheR67 posts ante 25
WVanAert posts ante 25
torresmo123 posts ante 25
Sh1n1gano posts small blind 100
Dixit179 posts big blind 200
Dealt to torresmo123 [As 5h]
*** PRE-FLOP *** 
JaodheR67 folds
WVanAert folds
torresmo123 raises 200 to 400
Heinsenbet2B folds
Sh1n1gano calls 300
Dixit179 raises 1600 to 2000
torresmo123 folds
Sh1n1gano folds
Dixit179 collected 2950 from pot
*** SUMMARY ***
Total pot 2950 | No rake
Seat 3: Dixit179 (big blind) won 2950


Winamax Poker - Tournament "AFTER WORK" buyIn: 18€ + 2€ level: 1 - HandId: #3205116900803608670-9-1708370581 - Holdem no limit (25/100/200) - 2024/02/19 19:23:01 UTC
Table: 'AFTER WORK(746249431)#0093' 6-max (real money) Seat #2 is the button
Seat 1: Heinsenbet2B (18940, 9€ bounty)
Seat 2: Sh1n1gano (20060, 9€ bounty)
Seat 3: Dixit179 (19871, 9€ bounty)
Seat 4: JaodheR67 (19500, 9€ bounty)
Seat 5: WVanAert (19775, 9€ bounty)
Seat 6: torresmo123 (21879, 9€ bounty)
*** ANTE/BLINDS ***
Dixit179 posts ante 25
JaodheR67 posts ante 25
Heinsenbet2B posts ante 25
Sh1n1gano posts ante 25
WVanAert posts ante 25
torresmo123 posts ante 25
Dixit179 posts small blind 100
JaodheR67 posts big blind 200
Dealt to torresmo123 [6s 8d]
*** PRE-FLOP *** 
WVanAert folds
torresmo123 folds
Heinsenbet2B raises 300 to 500
Sh1n1gano folds
Dixit179 folds
JaodheR67 folds
Heinsenbet2B collected 950 from pot
*** SUMMARY ***
Total pot 950 | No rake
Seat 1: Heinsenbet2B won 950


Winamax Poker - Tournament "AFTER WORK" buyIn: 18€ + 2€ level: 1 - HandId: #3205116900803608670-10-1708370623 - Holdem no limit (25/100/200) - 2024/02/19 19:23:43 UTC
Table: 'AFTER WORK(746249431)#0093' 6-max (real money) Seat #3 is the button
Seat 1: Heinsenbet2B (19365, 9€ bounty)
Seat 2: Sh1n1gano (20035, 9€ bounty)
Seat 3: Dixit179 (19746, 9€ bounty)
Seat 4: JaodheR67 (19275, 9€ bounty)
Seat 5: WVanAert (19750, 9€ bounty)
Seat 6: torresmo123 (21854, 9€ bounty)
*** ANTE/BLINDS ***
JaodheR67 posts ante 25
WVanAert posts ante 25
Heinsenbet2B posts ante 25
Sh1n1gano posts ante 25
Dixit179 posts ante 25
torresmo123 posts ante 25
JaodheR67 posts small blind 100
WVanAert posts big blind 200
Dealt to torresmo123 [Ks 6s]
*** PRE-FLOP *** 
torresmo123 raises 200 to 400
Heinsenbet2B folds
Sh1n1gano folds
Dixit179 folds
JaodheR67 folds
WVanAert raises 1650 to 2050
torresmo123 folds
WVanAert collected 2700 from pot
*** SUMMARY ***
Total pot 2700 | No rake
Seat 5: WVanAert (big blind) won 2700


Winamax Poker - Tournament "AFTER WORK" buyIn: 18€ + 2€ level: 1 - HandId: #3205116900803608670-11-1708370671 - Holdem no limit (25/100/200) - 2024/02/19 19:24:31 UTC
Table: 'AFTER WORK(746249431)#0093' 6-max (real money) Seat #4 is the button
Seat 1: Heinsenbet2B (19340, 9€ bounty)
Seat 2: Sh1n1gano (20010, 9€ bounty)
Seat 3: Dixit179 (19721, 9€ bounty)
Seat 4: JaodheR67 (19150, 9€ bounty)
Seat 5: WVanAert (20375, 9€ bounty)
Seat 6: torresmo123 (21429, 9€ bounty)
*** ANTE/BLINDS ***
WVanAert posts ante 25
torresmo123 posts ante 25
Heinsenbet2B posts ante 25
Sh1n1gano posts ante 25
Dixit179 posts ante 25
JaodheR67 posts ante 25
WVanAert posts small blind 100
torresmo123 posts big blind 200
Dealt to torresmo123 [8d 7s]
*** PRE-FLOP *** 
Heinsenbet2B folds
Sh1n1gano folds
Dixit179 raises 200 to 400
JaodheR67 folds
WVanAert folds
torresmo123 calls 200
*** FLOP *** [Kh Qc As]
torresmo123 checks
Dixit179 bets 368
torresmo123 folds
Dixit179 collected 1418 from pot
*** SUMMARY ***
Total pot 1418 | No rake
Board: [Kh Qc As]
Seat 3: Dixit179 won 1418


Winamax Poker - Tournament "AFTER WORK" buyIn: 18€ + 2€ level: 1 - HandId: #3205116900803608670-12-1708370732 - Holdem no limit (25/100/200) - 2024/02/19 19:25:32 UTC
Table: 'AFTER WORK(746249431)#0093' 6-max (real money) Seat #5 is the button
Seat 1: Heinsenbet2B (19315, 9€ bounty)
Seat 3: Dixit179 (20346, 9€ bounty)
Seat 4: JaodheR67 (19125, 9€ bounty)
Seat 5: WVanAert (20250, 9€ bounty)
Seat 6: torresmo123 (21004, 9€ bounty)
*** ANTE/BLINDS ***
torresmo123 posts ante 25
Heinsenbet2B posts ante 25
Dixit179 posts ante 25
JaodheR67 posts ante 25
WVanAert posts ante 25
torresmo123 posts small blind 100
Heinsenbet2B posts big blind 200
Dealt to torresmo123 [2s 4c]
*** PRE-FLOP *** 
Dixit179 folds
JaodheR67 raises 400 to 600
WVanAert calls 600
torresmo123 folds
Heinsenbet2B folds
*** FLOP *** [7c 5d Th]
JaodheR67 checks
WVanAert checks
*** TURN *** [7c 5d Th][7s]
JaodheR67 checks
WVanAert bets 813
JaodheR67 folds
WVanAert collected 2438 from pot
*** SUMMARY ***
Total pot 2438 | No rake
Board: [7c 5d Th 7s]
Seat 5: WVanAert (button) won 2438


Winamax Poker - Tournament "AFTER WORK" buyIn: 18€ + 2€ level: 1 - HandId: #3205116900803608670-13-1708370788 - Holdem no limit (25/100/200) - 2024/02/19 19:26:28 UTC
Table: 'AFTER WORK(746249431)#0093' 6-max (real money) Seat #6 is the button
Seat 1: Heinsenbet2B (19090, 9€ bounty)
Seat 2: Lagachettex3 (20000, 9€ bounty)
Seat 3: Dixit179 (20321, 9€ bounty)
Seat 4: JaodheR67 (18500, 9€ bounty)
Seat 5: WVanAert (21250, 9€ bounty)
Seat 6: torresmo123 (20879, 9€ bounty)
*** ANTE/BLINDS ***
Heinsenbet2B posts ante 25
Lagachettex3 posts ante 25
Dixit179 posts ante 25
JaodheR67 posts ante 25
WVanAert posts ante 25
torresmo123 posts ante 25
Heinsenbet2B posts small blind 100
Lagachettex3 posts big blind 200
Dealt to torresmo123 [4d Td]
*** PRE-FLOP *** 
Dixit179 folds
JaodheR67 folds
WVanAert raises 300 to 500
torresmo123 folds
Heinsenbet2B folds
Lagachettex3 calls 300
*** FLOP *** [Jd Ks Qd]
Lagachettex3 checks
WVanAert bets 438
Lagachettex3 folds
WVanAert collected 1688 from pot
*** SUMMARY ***
Total pot 1688 | No rake
Board: [Jd Ks Qd]
Seat 5: WVanAert won 1688


Winamax Poker - Tournament "AFTER WORK" buyIn: 18€ + 2€ level: 1 - HandId: #3205116900803608670-14-1708370829 - Holdem no limit (25/100/200) - 2024/02/19 19:27:09 UTC
Table: 'AFTER WORK(746249431)#0093' 6-max (real money) Seat #1 is the button
Seat 1: Heinsenbet2B (18965, 9€ bounty)
Seat 2: Lagachettex3 (19475, 9€ bounty)
Seat 3: Dixit179 (20296, 9€ bounty)
Seat 5: WVanAert (21975, 9€ bounty)
Seat 6: torresmo123 (20854, 9€ bounty)
*** ANTE/BLINDS ***
Lagachettex3 posts ante 25
Dixit179 posts ante 25
Heinsenbet2B posts ante 25
WVanAert posts ante 25
torresmo123 posts ante 25
Lagachettex3 posts small blind 100
Dixit179 posts big blind 200
Dealt to torresmo123 [4c 5h]
*** PRE-FLOP *** 
WVanAert raises 300 to 500
torresmo123 folds
Heinsenbet2B folds
Lagachettex3 raises 750 to 1250
Dixit179 folds
WVanAert calls 750
*** FLOP *** [Js 7c 9c]
Lagachettex3 checks
WVanAert checks
*** TURN *** [Js 7c 9c][Tc]
Lagachettex3 bets 1836
WVanAert calls 1836
*** RIVER *** [Js 7c 9c Tc][3h]
Lagachettex3 bets 4223
WVanAert folds
Lagachettex3 collected 10720 from pot
*** SUMMARY ***
Total pot 10720 | No rake
Board: [Js 7c 9c Tc 3h]
Seat 2: Lagachettex3 (small blind) won 10720


Winamax Poker - Tournament "AFTER WORK" buyIn: 18€ + 2€ level: 1 - HandId: #3205116900803608670-15-1708370887 - Holdem no limit (25/100/200) - 2024/02/19 19:28:07 UTC
Table: 'AFTER WORK(746249431)#0093' 6-max (real money) Seat #2 is the button
Seat 1: Heinsenbet2B (18940, 9€ bounty)
Seat 2: Lagachettex3 (22861, 9€ bounty)
Seat 3: Dixit179 (20071, 9€ bounty)
Seat 4: tercrack78 (20000, 9€ bounty)
Seat 5: WVanAert (18864, 9€ bounty)
Seat 6: torresmo123 (20829, 9€ bounty)
*** ANTE/BLINDS ***
Dixit179 posts ante 25
tercrack78 posts ante 25
Heinsenbet2B posts ante 25
Lagachettex3 posts ante 25
WVanAert posts ante 25
torresmo123 posts ante 25
Dixit179 posts small blind 100
tercrack78 posts big blind 200
Dealt to torresmo123 [5c Ac]
*** PRE-FLOP *** 
WVanAert folds
torresmo123 raises 200 to 400
Heinsenbet2B folds
Lagachettex3 folds
Dixit179 folds
tercrack78 calls 200
*** FLOP *** [Jh Th 2h]
tercrack78 checks
torresmo123 bets 347
tercrack78 folds
torresmo123 collected 1397 from pot
*** SUMMARY ***
Total pot 1397 | No rake
Board: [Jh Th 2h]
Seat 6: torresmo123 won 1397


Winamax Poker - Tournament "AFTER WORK" buyIn: 18€ + 2€ level: 1 - HandId: #3205116900803608670-16-1708370928 - Holdem no limit (25/100/200) - 2024/02/19 19:28:48 UTC
Table: 'AFTER WORK(746249431)#0093' 6-max (real money) Seat #3 is the button
Seat 1: Heinsenbet2B (18915, 9€ bounty)
Seat 2: Lagachettex3 (22836, 9€ bounty)
Seat 3: Dixit179 (19946, 9€ bounty)
Seat 4: tercrack78 (19575, 9€ bounty)
Seat 5: WVanAert (18839, 9€ bounty)
Seat 6: torresmo123 (21454, 9€ bounty)
*** ANTE/BLINDS ***
tercrack78 posts ante 25
WVanAert posts ante 25
Heinsenbet2B posts ante 25
Lagachettex3 posts ante 25
Dixit179 posts ante 25
torresmo123 posts ante 25
tercrack78 posts small blind 100
WVanAert posts big blind 200
Dealt to torresmo123 [Ts Qc]
*** PRE-FLOP *** 
torresmo123 raises 200 to 400
Heinsenbet2B calls 400
Lagachettex3 folds
Dixit179 raises 1400 to 1800
tercrack78 folds
WVanAert folds
torresmo123 folds
Heinsenbet2B folds
Dixit179 collected 3050 from pot
*** SUMMARY ***
Total pot 3050 | No rake
Seat 3: Dixit179 (button) won 3050


Winamax Poker - Tournament "AFTER WORK" buyIn: 18€ + 2€ level: 1 - HandId: #3205116900803608670-17-1708370978 - Holdem no limit (25/100/200) - 2024/02/19 19:29:38 UTC
Table: 'AFTER WORK(746249431)#0093' 6-max (real money) Seat #4 is the button
Seat 1: Heinsenbet2B (18490, 9€ bounty)
Seat 2: Lagachettex3 (22811, 9€ bounty)
Seat 3: Dixit179 (21171, 9€ bounty)
Seat 4: tercrack78 (19450, 9€ bounty)
Seat 5: WVanAert (18614, 9€ bounty)
Seat 6: torresmo123 (21029, 9€ bounty)
*** ANTE/BLINDS ***
WVanAert posts ante 25
torresmo123 posts ante 25
Heinsenbet2B posts ante 25
Lagachettex3 posts ante 25
Dixit179 posts ante 25
tercrack78 posts ante 25
WVanAert posts small blind 100
torresmo123 posts big blind 200
Dealt to torresmo123 [9s Js]
*** PRE-FLOP *** 
Heinsenbet2B folds
Lagachettex3 calls 200
Dixit179 raises 500 to 700
tercrack78 folds
WVanAert folds
torresmo123 calls 500
Lagachettex3 calls 500
*** FLOP *** [3s 8s 6h]
torresmo123 checks
Lagachettex3 checks
Dixit179 bets 800
torresmo123 calls 800
Lagachettex3 calls 800
*** TURN *** [3s 8s 6h][Ac]
torresmo123 checks
Lagachettex3 checks
Dixit179 checks
*** RIVER *** [3s 8s 6h Ac][6c]
torresmo123 checks
Lagachettex3 bets 3088
Dixit179 folds
torresmo123 folds
Lagachettex3 collected 7838 from pot
*** SUMMARY ***
Total pot 7838 | No rake
Board: [3s 8s 6h Ac 6c]
Seat 2: Lagachettex3 won 7838


Winamax Poker - Tournament "AFTER WORK" buyIn: 18€ + 2€ level: 1 - HandId: #3205116900803608670-18-1708371064 - Holdem no limit (25/100/200) - 2024/02/19 19:31:04 UTC
Table: 'AFTER WORK(746249431)#0093' 6-max (real money) Seat #5 is the button
Seat 1: Heinsenbet2B (18465, 9€ bounty)
Seat 3: Dixit179 (19646, 9€ bounty)
Seat 4: tercrack78 (19425, 9€ bounty)
Seat 5: WVanAert (18489, 9€ bounty)
Seat 6: torresmo123 (19504, 9€ bounty)
*** ANTE/BLINDS ***
torresmo123 posts ante 25
Heinsenbet2B posts ante 25
Dixit179 posts ante 25
tercrack78 posts ante 25
WVanAert posts ante 25
torresmo123 posts small blind 100
Heinsenbet2B posts big blind 200
Dealt to torresmo123 [8h 2d]
*** PRE-FLOP *** 
Dixit179 folds
tercrack78 raises 250 to 450
WVanAert folds
torresmo123 folds
Heinsenbet2B raises 1125 to 1575
tercrack78 calls 1125
*** FLOP *** [3h 3s 9d]
Heinsenbet2B bets 1181
tercrack78 calls 1181
*** TURN *** [3h 3s 9d][Th]
Heinsenbet2B bets 2869
tercrack78 folds
Heinsenbet2B collected 8606 from pot
*** SUMMARY ***
Total pot 8606 | No rake
Board: [3h 3s 9d Th]
Seat 1: Heinsenbet2B (big blind) won 8606


Winamax Poker - Tournament "AFTER WORK" buyIn: 18€ + 2€ level: 1 - HandId: #3205116900803608670-19-1708371111 - Holdem no limit (25/100/200) - 2024/02/19 19:31:51 UTC
Table: 'AFTER WORK(746249431)#0093' 6-max (real money) Seat #6 is the button
Seat 1: Heinsenbet2B (21421, 9€ bounty)
Seat 2: romdom3359 (20000, 9€ bounty)
Seat 3: Dixit179 (19621, 9€ bounty)
Seat 4: tercrack78 (16644, 9€ bounty)
Seat 5: WVanAert (18464, 9€ bounty)
Seat 6: torresmo123 (19379, 9€ bounty)
*** ANTE/BLINDS ***
Heinsenbet2B posts ante 25
romdom3359 posts ante 25
Dixit179 posts ante 25
tercrack78 posts ante 25
WVanAert posts ante 25
torresmo123 posts ante 25
Heinsenbet2B posts small blind 100
romdom3359 posts big blind 200
Dealt to torresmo123 [9h As]
*** PRE-FLOP *** 
Dixit179 folds
tercrack78 folds
WVanAert folds
torresmo123 raises 200 to 400
Heinsenbet2B folds
romdom3359 calls 200
*** FLOP *** [3c 4s 6h]
romdom3359 checks
torresmo123 bets 578
romdom3359 calls 578
*** TURN *** [3c 4s 6h][6s]
romdom3359 checks
torresmo123 checks
*** RIVER *** [3c 4s 6h 6s][Kd]
romdom3359 checks
torresmo123 checks
*** SHOW DOWN ***
romdom3359 shows [8h 5d] (One pair : 6)
torresmo123 shows [9h As] (One pair : 6)
torresmo123 collected 2206 from pot
*** SUMMARY ***
Total pot 2206 | No rake
Board: [3c 4s 6h 6s Kd]
Seat 2: romdom3359 (big blind) showed [8h 5d] and lost with One pair : 6
Seat 6: torresmo123 (button) showed [9h As] and won 2206 with One pair : 6


Winamax Poker - Tournament "AFTER WORK" buyIn: 18€ + 2€ level: 1 - HandId: #3205116900803608670-20-1708371175 - Holdem no limit (25/100/200) - 2024/02/19 19:32:55 UTC
Table: 'AFTER WORK(746249431)#0093' 6-max (real money) Seat #1 is the button
Seat 1: Heinsenbet2B (21296, 9€ bounty)
Seat 2: romdom3359 (18997, 9€ bounty)
Seat 3: Dixit179 (19596, 9€ bounty)
Seat 4: tercrack78 (16619, 9€ bounty)
Seat 5: WVanAert (18439, 9€ bounty)
Seat 6: torresmo123 (20582, 9€ bounty)
*** ANTE/BLINDS ***
romdom3359 posts ante 25
Dixit179 posts ante 25
Heinsenbet2B posts ante 25
tercrack78 posts ante 25
WVanAert posts ante 25
torresmo123 posts ante 25
romdom3359 posts small blind 100
Dixit179 posts big blind 200
Dealt to torresmo123 [8c 8s]
*** PRE-FLOP *** 
tercrack78 folds
WVanAert raises 300 to 500
torresmo123 calls 500
Heinsenbet2B folds
romdom3359 raises 1000 to 1500
Dixit179 folds
WVanAert folds
torresmo123 calls 1000
*** FLOP *** [Kh Qd Ad]
romdom3359 bets 3850
torresmo123 folds
romdom3359 collected 7700 from pot
*** SUMMARY ***
Total pot 7700 | No rake
Board: [Kh Qd Ad]
Seat 2: romdom3359 (small blind) won 7700


Winamax Poker - Tournament "AFTER WORK" buyIn: 18€ + 2€ level: 1 - HandId: #3205116900803608670-21-1708371248 - Holdem no limit (25/100/200) - 2024/02/19 19:34:08 UTC
Table: 'AFTER WORK(746249431)#0093' 6-max (real money) Seat #2 is the button
Seat 1: Heinsenbet2B (21271, 9€ bounty)
Seat 2: romdom3359 (21322, 9€ bounty)
Seat 3: Dixit179 (19371, 9€ bounty)
Seat 4: tercrack78 (16594, 9€ bounty)
Seat 5: WVanAert (17914, 9€ bounty)
Seat 6: torresmo123 (19057, 9€ bounty)
*** ANTE/BLINDS ***
Dixit179 posts ante 25
tercrack78 posts ante 25
Heinsenbet2B posts ante 25
romdom3359 posts ante 25
WVanAert posts ante 25
torresmo123 posts ante 25
Dixit179 posts small blind 100
tercrack78 posts big blind 200
Dealt to torresmo123 [7h 8c]
*** PRE-FLOP *** 
WVanAert raises 300 to 500
torresmo123 folds
Heinsenbet2B folds
romdom3359 folds
Dixit179 folds
tercrack78 calls 300
*** FLOP *** [7d 4s 6c]
tercrack78 checks
WVanAert checks
*** TURN *** [7d 4s 6c][Js]
tercrack78 checks
WVanAert checks
*** RIVER *** [7d 4s 6c Js][Qh]
tercrack78 checks
WVanAert checks
*** SHOW DOWN ***
WVanAert shows [8s As] (High card : Ace)
tercrack78 shows [Jh Ah] (One pair : Jacks)
tercrack78 collected 1250 from pot
*** SUMMARY ***
Total pot 1250 | No rake
Board: [7d 4s 6c Js Qh]
Seat 4: tercrack78 (big blind) showed [Jh Ah] and won 1250 with One pair : Jacks
Seat 5: WVanAert showed [8s As] and lost with High card : Ace


Winamax Poker - Tournament "AFTER WORK" buyIn: 18€ + 2€ level: 1 - HandId: #3205116900803608670-22-1708371342 - Holdem no limit (25/100/200) - 2024/02/19 19:35:42 UTC
Table: 'AFTER WORK(746249431)#0093' 6-max (real money) Seat #3 is the button
Seat 1: Heinsenbet2B (21246, 9€ bounty)
Seat 2: romdom3359 (21297, 9€ bounty)
Seat 3: Dixit179 (19246, 9€ bounty)
Seat 4: tercrack78 (17319, 9€ bounty)
Seat 5: WVanAert (17389, 9€ bounty)
Seat 6: torresmo123 (19032, 9€ bounty)
*** ANTE/BLINDS ***
tercrack78 posts ante 25
WVanAert posts ante 25
Heinsenbet2B posts ante 25
romdom3359 posts ante 25
Dixit179 posts ante 25
torresmo123 posts ante 25
tercrack78 posts small blind 100
WVanAert posts big blind 200
Dealt to torresmo123 [Tc 7s]
*** PRE-FLOP *** 
torresmo123 folds
Heinsenbet2B folds
romdom3359 calls 200
Dixit179 raises 500 to 700
tercrack78 folds
WVanAert folds
romdom3359 calls 500
*** FLOP *** [3h 5h 2d]
romdom3359 checks
Dixit179 bets 648
romdom3359 calls 648
*** TURN *** [3h 5h 2d][5c]
romdom3359 checks
Dixit179 checks
*** RIVER *** [3h 5h 2d 5c][9d]
romdom3359 bets 2517
Dixit179 calls 2517
*** SHOW DOWN ***
Dixit179 shows [8s 9s] (Two pairs : 9 and 5)
romdom3359 shows [Ah 4d] (Straight 5 high)
romdom3359 collected 8180 from pot
*** SUMMARY ***
Total pot 8180 | No rake
Board: [3h 5h 2d 5c 9d]
Seat 2: romdom3359 showed [Ah 4d] and won 8180 with Straight 5 high
Seat 3: Dixit179 (button) showed [8s 9s] and lost with Two pairs : 9 and 5


Winamax Poker - Tournament "AFTER WORK" buyIn: 18€ + 2€ level: 1 - HandId: #3205116900803608670-23-1708371409 - Holdem no limit (25/100/200) - 2024/02/19 19:36:49 UTC
Table: 'AFTER WORK(746249431)#0093' 6-max (real money) Seat #4 is the button
Seat 1: Heinsenbet2B (21221, 9€ bounty)
Seat 2: romdom3359 (25587, 9€ bounty)
Seat 3: Dixit179 (15356, 9€ bounty)
Seat 4: tercrack78 (17194, 9€ bounty)
Seat 5: WVanAert (17164, 9€ bounty)
Seat 6: torresmo123 (19007, 9€ bounty)
*** ANTE/BLINDS ***
WVanAert posts ante 25
torresmo123 posts ante 25
Heinsenbet2B posts ante 25
romdom3359 posts ante 25
Dixit179 posts ante 25
tercrack78 posts ante 25
WVanAert posts small blind 100
torresmo123 posts big blind 200
Dealt to torresmo123 [3c 6h]
*** PRE-FLOP *** 
Heinsenbet2B raises 300 to 500
romdom3359 calls 500
Dixit179 folds
tercrack78 calls 500
WVanAert folds
torresmo123 folds
*** FLOP *** [5c 3s Jc]
Heinsenbet2B checks
romdom3359 checks
tercrack78 checks
*** TURN *** [5c 3s Jc][4s]
Heinsenbet2B bets 1000
romdom3359 calls 1000
tercrack78 folds
*** RIVER *** [5c 3s Jc 4s][Qh]
Heinsenbet2B checks
romdom3359 checks
*** SHOW DOWN ***
romdom3359 shows [6d 6s] (One pair : 6)
Heinsenbet2B shows [8h Jh] (One pair : Jacks)
Heinsenbet2B collected 3950 from pot
*** SUMMARY ***
Total pot 3950 | No rake
Board: [5c 3s Jc 4s Qh]
Seat 1: Heinsenbet2B showed [8h Jh] and won 3950 with One pair : Jacks
Seat 2: romdom3359 showed [6d 6s] and lost with One pair : 6


Winamax Poker - Tournament "AFTER WORK" buyIn: 18€ + 2€ level: 1 - HandId: #3205116900803608670-24-1708371458 - Holdem no limit (25/100/200) - 2024/02/19 19:37:38 UTC
Table: 'AFTER WORK(746249431)#0093' 6-max (real money) Seat #5 is the button
Seat 1: Heinsenbet2B (23646, 9€ bounty)
Seat 2: romdom3359 (24062, 9€ bounty)
Seat 3: Dixit179 (15331, 9€ bounty)
Seat 4: tercrack78 (16669, 9€ bounty)
Seat 5: WVanAert (17039, 9€ bounty)
Seat 6: torresmo123 (18782, 9€ bounty)
*** ANTE/BLINDS ***
torresmo123 posts ante 25
Heinsenbet2B posts ante 25
romdom3359 posts ante 25
Dixit179 posts ante 25
tercrack78 posts ante 25
WVanAert posts ante 25
torresmo123 posts small blind 100
Heinsenbet2B posts big blind 200
Dealt to torresmo123 [3c 9h]
*** PRE-FLOP *** 
romdom3359 raises 200 to 400
Dixit179 folds
tercrack78 folds
WVanAert folds
torresmo123 folds
Heinsenbet2B folds
romdom3359 collected 850 from pot
*** SUMMARY ***
Total pot 850 | No rake
Seat 2: romdom3359 won 850


Winamax Poker - Tournament "AFTER WORK" buyIn: 18€ + 2€ level: 1 - HandId: #3205116900803608670-25-1708371479 - Holdem no limit (25/100/200) - 2024/02/19 19:37:59 UTC
Table: 'AFTER WORK(746249431)#0093' 6-max (real money) Seat #6 is the button
Seat 1: Heinsenbet2B (23421, 9€ bounty)
Seat 2: romdom3359 (24487, 9€ bounty)
Seat 3: Dixit179 (15306, 9€ bounty)
Seat 4: tercrack78 (16644, 9€ bounty)
Seat 5: WVanAert (17014, 9€ bounty)
Seat 6: torresmo123 (18657, 9€ bounty)
*** ANTE/BLINDS ***
Heinsenbet2B posts ante 25
romdom3359 posts ante 25
Dixit179 posts ante 25
tercrack78 posts ante 25
WVanAert posts ante 25
torresmo123 posts ante 25
Heinsenbet2B posts small blind 100
romdom3359 posts big blind 200
Dealt to torresmo123 [4s 5s]
*** PRE-FLOP *** 
Dixit179 folds
tercrack78 folds
WVanAert folds
torresmo123 raises 200 to 400
Heinsenbet2B folds
romdom3359 folds
torresmo123 collected 850 from pot
*** SUMMARY ***
Total pot 850 | No rake
Seat 6: torresmo123 (button) won 850


Winamax Poker - Tournament "AFTER WORK" buyIn: 18€ + 2€ level: 1 - HandId: #3205116900803608670-26-1708371518 - Holdem no limit (25/100/200) - 2024/02/19 19:38:38 UTC
Table: 'AFTER WORK(746249431)#0093' 6-max (real money) Seat #1 is the button
Seat 1: Heinsenbet2B (23296, 9€ bounty)
Seat 2: romdom3359 (24262, 9€ bounty)
Seat 3: Dixit179 (15281, 9€ bounty)
Seat 4: tercrack78 (16619, 9€ bounty)
Seat 5: WVanAert (16989, 9€ bounty)
Seat 6: torresmo123 (19082, 9€ bounty)
*** ANTE/BLINDS ***
romdom3359 posts ante 25
Dixit179 posts ante 25
Heinsenbet2B posts ante 25
tercrack78 posts ante 25
WVanAert posts ante 25
torresmo123 posts ante 25
romdom3359 posts small blind 100
Dixit179 posts big blind 200
Dealt to torresmo123 [2d 2h]
*** PRE-FLOP *** 
tercrack78 folds
WVanAert folds
torresmo123 raises 200 to 400
Heinsenbet2B folds
romdom3359 raises 800 to 1200
Dixit179 folds
torresmo123 calls 800
*** FLOP *** [Th 7s Ac]
romdom3359 bets 2200
torresmo123 folds
romdom3359 collected 4950 from pot
*** SUMMARY ***
Total pot 4950 | No rake
Board: [Th 7s Ac]
Seat 2: romdom3359 (small blind) won 4950


Winamax Poker - Tournament "AFTER WORK" buyIn: 18€ + 2€ level: 1 - HandId: #3205116900803608670-27-1708371585 - Holdem no limit (25/100/200) - 2024/02/19 19:39:45 UTC
Table: 'AFTER WORK(746249431)#0093' 6-max (real money) Seat #2 is the button
Seat 1: Heinsenbet2B (23271, 9€ bounty)
Seat 2: romdom3359 (25787, 9€ bounty)
Seat 3: Dixit179 (15056, 9€ bounty)
Seat 4: tercrack78 (16594, 9€ bounty)
Seat 5: WVanAert (16964, 9€ bounty)
Seat 6: torresmo123 (17857, 9€ bounty)
*** ANTE/BLINDS ***
Dixit179 posts ante 25
tercrack78 posts ante 25
Heinsenbet2B posts ante 25
romdom3359 posts ante 25
WVanAert posts ante 25
torresmo123 posts ante 25
Dixit179 posts small blind 100
tercrack78 posts big blind 200
Dealt to torresmo123 [4d Ks]
*** PRE-FLOP *** 
WVanAert folds
torresmo123 folds
Heinsenbet2B raises 300 to 500
romdom3359 folds
Dixit179 folds
tercrack78 calls 300
*** FLOP *** [5s 8s 6d]
tercrack78 checks
Heinsenbet2B bets 700
tercrack78 folds
Heinsenbet2B collected 1950 from pot
*** SUMMARY ***
Total pot 1950 | No rake
Board: [5s 8s 6d]
Seat 1: Heinsenbet2B won 1950


Winamax Poker - Tournament "AFTER WORK" buyIn: 18€ + 2€ level: 1 - HandId: #3205116900803608670-28-1708371636 - Holdem no limit (25/100/200) - 2024/02/19 19:40:36 UTC
Table: 'AFTER WORK(746249431)#0093' 6-max (real money) Seat #3 is the button
Seat 1: Heinsenbet2B (23996, 9€ bounty)
Seat 2: romdom3359 (25762, 9€ bounty)
Seat 3: Dixit179 (14931, 9€ bounty)
Seat 4: tercrack78 (16069, 9€ bounty)
Seat 5: WVanAert (16939, 9€ bounty)
Seat 6: torresmo123 (17832, 9€ bounty)
*** ANTE/BLINDS ***
tercrack78 posts ante 25
WVanAert posts ante 25
Heinsenbet2B posts ante 25
romdom3359 posts ante 25
Dixit179 posts ante 25
torresmo123 posts ante 25
tercrack78 posts small blind 100
WVanAert posts big blind 200
Dealt to torresmo123 [2s 6s]
*** PRE-FLOP *** 
torresmo123 folds
Heinsenbet2B folds
romdom3359 folds
Dixit179 raises 200 to 400
tercrack78 calls 300
WVanAert calls 200
*** FLOP *** [7s 8s 9c]
tercrack78 checks
WVanAert checks
Dixit179 checks
*** TURN *** [7s 8s 9c][9h]
tercrack78 bets 473
WVanAert calls 473
Dixit179 folds
*** RIVER *** [7s 8s 9c 9h][4c]
tercrack78 bets 904
WVanAert calls 904
*** SHOW DOWN ***
WVanAert shows [Js 8h] (Two pairs : 9 and 8)
tercrack78 shows [9d 8d] (Full of 9 and 8)
tercrack78 collected 4104 from pot
*** SUMMARY ***
Total pot 4104 | No rake
Board: [7s 8s 9c 9h 4c]
Seat 4: tercrack78 (small blind) showed [9d 8d] and won 4104 with Full of 9 and 8
Seat 5: WVanAert (big blind) showed [Js 8h] and lost with Two pairs : 9 and 8


Winamax Poker - Tournament "AFTER WORK" buyIn: 18€ + 2€ level: 1 - HandId: #3205116900803608670-29-1708371706 - Holdem no limit (25/100/200) - 2024/02/19 19:41:46 UTC
Table: 'AFTER WORK(746249431)#0093' 6-max (real money) Seat #4 is the button
Seat 1: Heinsenbet2B (23971, 9€ bounty)
Seat 2: romdom3359 (25737, 9€ bounty)
Seat 3: Dixit179 (14506, 9€ bounty)
Seat 4: tercrack78 (18371, 9€ bounty)
Seat 5: WVanAert (15137, 9€ bounty)
Seat 6: torresmo123 (17807, 9€ bounty)
*** ANTE/BLINDS ***
WVanAert posts ante 25
torresmo123 posts ante 25
Heinsenbet2B posts ante 25
romdom3359 posts ante 25
Dixit179 posts ante 25
tercrack78 posts ante 25
WVanAert posts small blind 100
torresmo123 posts big blind 200
Dealt to torresmo123 [Ts 5d]
*** PRE-FLOP *** 
Heinsenbet2B raises 300 to 500
romdom3359 folds
Dixit179 raises 1000 to 1500
tercrack78 folds
WVanAert folds
torresmo123 folds
Heinsenbet2B calls 1000
*** FLOP *** [5h Td Kd]
Heinsenbet2B checks
Dixit179 checks
*** TURN *** [5h Td Kd][7h]
Heinsenbet2B bets 1700
Dixit179 folds
Heinsenbet2B collected 5150 from pot
*** SUMMARY ***
Total pot 5150 | No rake
Board: [5h Td Kd 7h]
Seat 1: Heinsenbet2B won 5150


Winamax Poker - Tournament "AFTER WORK" buyIn: 18€ + 2€ level: 1 - HandId: #3205116900803608670-30-1708371757 - Holdem no limit (25/100/200) - 2024/02/19 19:42:37 UTC
Table: 'AFTER WORK(746249431)#0093' 6-max (real money) Seat #5 is the button
Seat 1: Heinsenbet2B (25896, 9€ bounty)
Seat 2: romdom3359 (25712, 9€ bounty)
Seat 3: Dixit179 (12981, 9€ bounty)
Seat 4: tercrack78 (18346, 9€ bounty)
Seat 5: WVanAert (15012, 9€ bounty)
Seat 6: torresmo123 (17582, 9€ bounty)
*** ANTE/BLINDS ***
torresmo123 posts ante 25
Heinsenbet2B posts ante 25
romdom3359 posts ante 25
Dixit179 posts ante 25
tercrack78 posts ante 25
WVanAert posts ante 25
torresmo123 posts small blind 100
Heinsenbet2B posts big blind 200
Dealt to torresmo123 [4s 3h]
*** PRE-FLOP *** 
romdom3359 folds
Dixit179 raises 200 to 400
tercrack78 folds
WVanAert raises 1000 to 1400
torresmo123 folds
Heinsenbet2B folds
Dixit179 raises 2200 to 3600
WVanAert calls 2200
*** FLOP *** [9s 2d 3c]
Dixit179 bets 1200
WVanAert folds
Dixit179 collected 8850 from pot
*** SUMMARY ***
Total pot 8850 | No rake
Board: [9s 2d 3c]
Seat 3: Dixit179 won 8850


Winamax Poker - Tournament "AFTER WORK" buyIn: 18€ + 2€ level: 1 - HandId: #3205116900803608670-31-1708371799 - Holdem no limit (25/100/200) - 2024/02/19 19:43:19 UTC
Table: 'AFTER WORK(746249431)#0093' 6-max (real money) Seat #6 is the button
Seat 1: Heinsenbet2B (25671, 9€ bounty)
Seat 2: romdom3359 (25687, 9€ bounty)
Seat 3: Dixit179 (17006, 9€ bounty)
Seat 4: tercrack78 (18321, 9€ bounty)
Seat 5: WVanAert (11387, 9€ bounty)
Seat 6: torresmo123 (17457, 9€ bounty)
*** ANTE/BLINDS ***
Heinsenbet2B posts ante 25
romdom3359 posts ante 25
Dixit179 posts ante 25
tercrack78 posts ante 25
WVanAert posts ante 25
torresmo123 posts ante 25
Heinsenbet2B posts small blind 100
romdom3359 posts big blind 200
Dealt to torresmo123 [7d 6h]
*** PRE-FLOP *** 
Dixit179 raises 200 to 400
tercrack78 folds
WVanAert folds
torresmo123 folds
Heinsenbet2B folds
romdom3359 calls 200
*** FLOP *** [8h Js Jc]
romdom3359 checks
Dixit179 bets 300
romdom3359 calls 300
*** TURN *** [8h Js Jc][Ac]
romdom3359 checks
Dixit179 checks
*** RIVER *** [8h Js Jc Ac][Kh]
romdom3359 checks
Dixit179 bets 2000
romdom3359 folds
Dixit179 collected 3650 from pot
*** SUMMARY ***
Total pot 3650 | No rake
Board: [8h Js Jc Ac Kh]
Seat 3: Dixit179 won 3650


Winamax Poker - Tournament "AFTER WORK" buyIn: 18€ + 2€ level: 1 - HandId: #3205116900803608670-32-1708371853 - Holdem no limit (25/100/200) - 2024/02/19 19:44:13 UTC
Table: 'AFTER WORK(746249431)#0093' 6-max (real money) Seat #1 is the button
Seat 1: Heinsenbet2B (25546, 9€ bounty)
Seat 2: romdom3359 (24962, 9€ bounty)
Seat 3: Dixit179 (17931, 9€ bounty)
Seat 4: tercrack78 (18296, 9€ bounty)
Seat 5: WVanAert (11362, 9€ bounty)
Seat 6: torresmo123 (17432, 9€ bounty)
*** ANTE/BLINDS ***
romdom3359 posts ante 25
Dixit179 posts ante 25
Heinsenbet2B posts ante 25
tercrack78 posts ante 25
WVanAert posts ante 25
torresmo123 posts ante 25
romdom3359 posts small blind 100
Dixit179 posts big blind 200
Dealt to torresmo123 [As 5h]
*** PRE-FLOP *** 
tercrack78 folds
WVanAert raises 250 to 450
torresmo123 folds
Heinsenbet2B folds
romdom3359 calls 350
Dixit179 folds
*** FLOP *** [Ac Qd 9h]
romdom3359 checks
WVanAert checks
*** TURN *** [Ac Qd 9h][5s]
romdom3359 checks
WVanAert checks
*** RIVER *** [Ac Qd 9h 5s][7s]
romdom3359 checks
WVanAert checks
*** SHOW DOWN ***
WVanAert shows [Kh Jd] (High card : Ace)
romdom3359 shows [Tc 9d] (One pair : 9)
romdom3359 collected 1250 from pot
*** SUMMARY ***
Total pot 1250 | No rake
Board: [Ac Qd 9h 5s 7s]
Seat 2: romdom3359 (small blind) showed [Tc 9d] and won 1250 with One pair : 9
Seat 5: WVanAert showed [Kh Jd] and lost with High card : Ace


Winamax Poker - Tournament "AFTER WORK" buyIn: 18€ + 2€ level: 1 - HandId: #3205116900803608670-33-1708371919 - Holdem no limit (25/100/200) - 2024/02/19 19:45:19 UTC
Table: 'AFTER WORK(746249431)#0093' 6-max (real money) Seat #2 is the button
Seat 1: Heinsenbet2B (25521, 9€ bounty)
Seat 2: romdom3359 (25737, 9€ bounty)
Seat 3: Dixit179 (17706, 9€ bounty)
Seat 4: tercrack78 (18271, 9€ bounty)
Seat 5: WVanAert (10887, 9€ bounty)
Seat 6: torresmo123 (17407, 9€ bounty)
*** ANTE/BLINDS ***
Dixit179 posts ante 25
tercrack78 posts ante 25
Heinsenbet2B posts ante 25
romdom3359 posts ante 25
WVanAert posts ante 25
torresmo123 posts ante 25
Dixit179 posts small blind 100
tercrack78 posts big blind 200
Dealt to torresmo123 [Jh 4d]
*** PRE-FLOP *** 
WVanAert raises 250 to 450
torresmo123 folds
Heinsenbet2B raises 1250 to 1700
romdom3359 calls 1700
Dixit179 folds
tercrack78 folds
WVanAert folds
*** FLOP *** [Qd 2c 5s]
Heinsenbet2B checks
romdom3359 bets 1505
Heinsenbet2B calls 1505
*** TURN *** [Qd 2c 5s][6h]
Heinsenbet2B checks
romdom3359 checks
*** RIVER *** [Qd 2c 5s 6h][4s]
Heinsenbet2B bets 5848
romdom3359 calls 5848
*** SHOW DOWN ***
romdom3359 shows [8h 8c] (One pair : 8)
Heinsenbet2B shows [Kd Kh] (One pair : Kings)
Heinsenbet2B collected 19006 from pot
*** SUMMARY ***
Total pot 19006 | No rake
Board: [Qd 2c 5s 6h 4s]
Seat 1: Heinsenbet2B showed [Kd Kh] and won 19006 with One pair : Kings
Seat 2: romdom3359 (button) showed [8h 8c] and lost with One pair : 8


Winamax Poker - Tournament "AFTER WORK" buyIn: 18€ + 2€ level: 1 - HandId: #3205116900803608670-34-1708371978 - Holdem no limit (25/100/200) - 2024/02/19 19:46:18 UTC
Table: 'AFTER WORK(746249431)#0093' 6-max (real money) Seat #3 is the button
Seat 1: Heinsenbet2B (35449, 9€ bounty)
Seat 2: romdom3359 (16659, 9€ bounty)
Seat 3: Dixit179 (17581, 9€ bounty)
Seat 4: tercrack78 (18046, 9€ bounty)
Seat 5: WVanAert (10412, 9€ bounty)
Seat 6: torresmo123 (17382, 9€ bounty)
*** ANTE/BLINDS ***
tercrack78 posts ante 25
WVanAert posts ante 25
Heinsenbet2B posts ante 25
romdom3359 posts ante 25
Dixit179 posts ante 25
torresmo123 posts ante 25
tercrack78 posts small blind 100
WVanAert posts big blind 200
Dealt to torresmo123 [Jh Js]
*** PRE-FLOP *** 
torresmo123 raises 200 to 400
Heinsenbet2B folds
romdom3359 calls 400
Dixit179 folds
tercrack78 calls 300
WVanAert folds
*** FLOP *** [7h Qh 9c]
tercrack78 checks
torresmo123 checks
romdom3359 checks
*** TURN *** [7h Qh 9c][2c]
tercrack78 checks
torresmo123 checks
romdom3359 checks
*** RIVER *** [7h Qh 9c 2c][Jc]
tercrack78 checks
torresmo123 bets 512
romdom3359 folds
tercrack78 folds
torresmo123 collected 2062 from pot
*** SUMMARY ***
Total pot 2062 | No rake
Board: [7h Qh 9c 2c Jc]
Seat 6: torresmo123 won 2062


Winamax Poker - Tournament "AFTER WORK" buyIn: 18€ + 2€ level: 1 - HandId: #3205116900803608670-35-1708372057 - Holdem no limit (25/100/200) - 2024/02/19 19:47:37 UTC
Table: 'AFTER WORK(746249431)#0093' 6-max (real money) Seat #4 is the button
Seat 1: Heinsenbet2B (35424, 9€ bounty)
Seat 2: romdom3359 (16234, 9€ bounty)
Seat 3: Dixit179 (17556, 9€ bounty)
Seat 4: tercrack78 (17621, 9€ bounty)
Seat 5: WVanAert (10187, 9€ bounty)
Seat 6: torresmo123 (18507, 9€ bounty)
*** ANTE/BLINDS ***
WVanAert posts ante 25
torresmo123 posts ante 25
Heinsenbet2B posts ante 25
romdom3359 posts ante 25
Dixit179 posts ante 25
tercrack78 posts ante 25
WVanAert posts small blind 100
torresmo123 posts big blind 200
Dealt to torresmo123 [8s Js]
*** PRE-FLOP *** 
Heinsenbet2B raises 200 to 400
romdom3359 folds
Dixit179 folds
tercrack78 raises 1000 to 1400
WVanAert folds
torresmo123 folds
Heinsenbet2B calls 1000
*** FLOP *** [4c 5c Jd]
Heinsenbet2B checks
tercrack78 bets 1138
Heinsenbet2B calls 1138
*** TURN *** [4c 5c Jd][Ts]
Heinsenbet2B checks
tercrack78 bets 2763
Heinsenbet2B folds
tercrack78 collected 8289 from pot
*** SUMMARY ***
Total pot 8289 | No rake
Board: [4c 5c Jd Ts]
Seat 4: tercrack78 (button) won 8289


Winamax Poker - Tournament "AFTER WORK" buyIn: 18€ + 2€ level: 1 - HandId: #3205116900803608670-36-1708372144 - Holdem no limit (25/100/200) - 2024/02/19 19:49:04 UTC
Table: 'AFTER WORK(746249431)#0093' 6-max (real money) Seat #5 is the button
Seat 1: Heinsenbet2B (32861, 9€ bounty)
Seat 2: romdom3359 (16209, 9€ bounty)
Seat 3: Dixit179 (17531, 9€ bounty)
Seat 4: tercrack78 (20584, 9€ bounty)
Seat 5: WVanAert (10062, 9€ bounty)
Seat 6: torresmo123 (18282, 9€ bounty)
*** ANTE/BLINDS ***
torresmo123 posts ante 25
Heinsenbet2B posts ante 25
romdom3359 posts ante 25
Dixit179 posts ante 25
tercrack78 posts ante 25
WVanAert posts ante 25
torresmo123 posts small blind 100
Heinsenbet2B posts big blind 200
Dealt to torresmo123 [Jd 7h]
*** PRE-FLOP *** 
romdom3359 folds
Dixit179 folds
tercrack78 folds
WVanAert folds
torresmo123 calls 100
Heinsenbet2B checks
*** FLOP *** [5c 5s Kc]
torresmo123 bets 200
Heinsenbet2B folds
torresmo123 collected 750 from pot
*** SUMMARY ***
Total pot 750 | No rake
Board: [5c 5s Kc]
Seat 6: torresmo123 (small blind) won 750


Winamax Poker - Tournament "AFTER WORK" buyIn: 18€ + 2€ level: 1 - HandId: #3205116900803608670-37-1708372173 - Holdem no limit (25/100/200) - 2024/02/19 19:49:33 UTC
Table: 'AFTER WORK(746249431)#0093' 6-max (real money) Seat #6 is the button
Seat 1: Heinsenbet2B (32636, 9€ bounty)
Seat 2: romdom3359 (16184, 9€ bounty)
Seat 3: Dixit179 (17506, 9€ bounty)
Seat 4: tercrack78 (20559, 9€ bounty)
Seat 5: WVanAert (10037, 9€ bounty)
Seat 6: torresmo123 (18607, 9€ bounty)
*** ANTE/BLINDS ***
Heinsenbet2B posts ante 25
romdom3359 posts ante 25
Dixit179 posts ante 25
tercrack78 posts ante 25
WVanAert posts ante 25
torresmo123 posts ante 25
Heinsenbet2B posts small blind 100
romdom3359 posts big blind 200
Dealt to torresmo123 [Jc Kh]
*** PRE-FLOP *** 
Dixit179 folds
tercrack78 folds
WVanAert folds
torresmo123 raises 200 to 400
Heinsenbet2B raises 1200 to 1600
romdom3359 calls 1400
torresmo123 folds
*** FLOP *** [5c 7c Ks]
Heinsenbet2B checks
romdom3359 checks
*** TURN *** [5c 7c Ks][7s]
Heinsenbet2B checks
romdom3359 bets 400
Heinsenbet2B folds
romdom3359 collected 4150 from pot
*** SUMMARY ***
Total pot 4150 | No rake
Board: [5c 7c Ks 7s]
Seat 2: romdom3359 (big blind) won 4150


Winamax Poker - Tournament "AFTER WORK" buyIn: 18€ + 2€ level: 2 - HandId: #3205116900803608670-38-1708372225 - Holdem no limit (30/125/250) - 2024/02/19 19:50:25 UTC
Table: 'AFTER WORK(746249431)#0093' 6-max (real money) Seat #1 is the button
Seat 1: Heinsenbet2B (31011, 9€ bounty)
Seat 2: romdom3359 (18309, 9€ bounty)
Seat 3: Dixit179 (17481, 9€ bounty)
Seat 4: tercrack78 (20534, 9€ bounty)
Seat 5: WVanAert (10012, 9€ bounty)
Seat 6: torresmo123 (18182, 9€ bounty)
*** ANTE/BLINDS ***
romdom3359 posts ante 30
Dixit179 posts ante 30
Heinsenbet2B posts ante 30
tercrack78 posts ante 30
WVanAert posts ante 30
torresmo123 posts ante 30
romdom3359 posts small blind 125
Dixit179 posts big blind 250
Dealt to torresmo123 [Ah 5s]
*** PRE-FLOP *** 
tercrack78 folds
WVanAert folds
torresmo123 raises 250 to 500
Heinsenbet2B folds
romdom3359 calls 375
Dixit179 calls 250
*** FLOP *** [Jh 7c 5h]
romdom3359 checks
Dixit179 checks
torresmo123 checks
*** TURN *** [Jh 7c 5h][Jc]
romdom3359 checks
Dixit179 bets 840
torresmo123 folds
romdom3359 folds
Dixit179 collected 2520 from pot
*** SUMMARY ***
Total pot 2520 | No rake
Board: [Jh 7c 5h Jc]
Seat 3: Dixit179 (big blind) won 2520


Winamax Poker - Tournament "AFTER WORK" buyIn: 18€ + 2€ level: 2 - HandId: #3205116900803608670-39-1708372313 - Holdem no limit (30/125/250) - 2024/02/19 19:51:53 UTC
Table: 'AFTER WORK(746249431)#0093' 6-max (real money) Seat #2 is the button
Seat 1: Heinsenbet2B (30981, 9€ bounty)
Seat 2: romdom3359 (17779, 9€ bounty)
Seat 3: Dixit179 (18631, 9€ bounty)
Seat 4: tercrack78 (20504, 9€ bounty)
Seat 5: WVanAert (9982, 9€ bounty)
Seat 6: torresmo123 (17652, 9€ bounty)
*** ANTE/BLINDS ***
Dixit179 posts ante 30
tercrack78 posts ante 30
Heinsenbet2B posts ante 30
romdom3359 posts ante 30
WVanAert posts ante 30
torresmo123 posts ante 30
Dixit179 posts small blind 125
tercrack78 posts big blind 250
Dealt to torresmo123 [6h 9h]
*** PRE-FLOP *** 
WVanAert folds
torresmo123 folds
Heinsenbet2B folds
romdom3359 raises 250 to 500
Dixit179 folds
tercrack78 folds
romdom3359 collected 1055 from pot
*** SUMMARY ***
Total pot 1055 | No rake
Seat 2: romdom3359 (button) won 1055


Winamax Poker - Tournament "AFTER WORK" buyIn: 18€ + 2€ level: 2 - HandId: #3205116900803608670-40-1708372354 - Holdem no limit (30/125/250) - 2024/02/19 19:52:34 UTC
Table: 'AFTER WORK(746249431)#0093' 6-max (real money) Seat #3 is the button
Seat 1: Heinsenbet2B (30951, 9€ bounty)
Seat 2: romdom3359 (18304, 9€ bounty)
Seat 3: Dixit179 (18476, 9€ bounty)
Seat 4: tercrack78 (20224, 9€ bounty)
Seat 5: WVanAert (9952, 9€ bounty)
Seat 6: torresmo123 (17622, 9€ bounty)
*** ANTE/BLINDS ***
tercrack78 posts ante 30
WVanAert posts ante 30
Heinsenbet2B posts ante 30
romdom3359 posts ante 30
Dixit179 posts ante 30
torresmo123 posts ante 30
tercrack78 posts small blind 125
WVanAert posts big blind 250
Dealt to torresmo123 [3d 3s]
*** PRE-FLOP *** 
torresmo123 raises 250 to 500
Heinsenbet2B folds
romdom3359 raises 1000 to 1500
Dixit179 folds
tercrack78 folds
WVanAert folds
torresmo123 calls 1000
*** FLOP *** [Ah 2s 3h]
torresmo123 checks
romdom3359 bets 9091
torresmo123 raises 7001 to 16092 and is all-in
romdom3359 calls 7001
*** TURN *** [Ah 2s 3h][8d]
*** RIVER *** [Ah 2s 3h 8d][Qh]
*** SHOW DOWN ***
romdom3359 shows [Jc Jh] (One pair : Jacks)
torresmo123 shows [3d 3s] (Trips of 3)
torresmo123 collected 35739 from pot
*** SUMMARY ***
Total pot 35739 | No rake
Board: [Ah 2s 3h 8d Qh]
Seat 2: romdom3359 showed [Jc Jh] and lost with One pair : Jacks
Seat 6: torresmo123 showed [3d 3s] and won 35739 with Trips of 3


Winamax Poker - Tournament "AFTER WORK" buyIn: 18€ + 2€ level: 2 - HandId: #3205116900803608670-41-1708372433 - Holdem no limit (30/125/250) - 2024/02/19 19:53:53 UTC
Table: 'AFTER WORK(746249431)#0093' 6-max (real money) Seat #4 is the button
Seat 1: Heinsenbet2B (30921, 9€ bounty)
Seat 2: romdom3359 (682, 9€ bounty)
Seat 3: Dixit179 (18446, 9€ bounty)
Seat 4: tercrack78 (20069, 9€ bounty)
Seat 5: WVanAert (9672, 9€ bounty)
Seat 6: torresmo123 (35739, 9€ bounty)
*** ANTE/BLINDS ***
WVanAert posts ante 30
torresmo123 posts ante 30
Heinsenbet2B posts ante 30
romdom3359 posts ante 30
Dixit179 posts ante 30
tercrack78 posts ante 30
WVanAert posts small blind 125
torresmo123 posts big blind 250
Dealt to torresmo123 [6s Qd]
*** PRE-FLOP *** 
Heinsenbet2B folds
romdom3359 folds
Dixit179 folds
tercrack78 folds
WVanAert calls 125
torresmo123 checks
*** FLOP *** [Th Qc 2d]
WVanAert checks
torresmo123 bets 250
WVanAert calls 250
*** TURN *** [Th Qc 2d][Kd]
WVanAert checks
torresmo123 checks
*** RIVER *** [Th Qc 2d Kd][4s]
WVanAert checks
torresmo123 bets 649
WVanAert calls 649
*** SHOW DOWN ***
WVanAert shows [Tc 8c] (One pair : Tens)
torresmo123 shows [6s Qd] (One pair : Queens)
torresmo123 collected 2478 from pot
*** SUMMARY ***
Total pot 2478 | No rake
Board: [Th Qc 2d Kd 4s]
Seat 5: WVanAert (small blind) showed [Tc 8c] and lost with One pair : Tens
Seat 6: torresmo123 (big blind) showed [6s Qd] and won 2478 with One pair : Queens


Winamax Poker - Tournament "AFTER WORK" buyIn: 18€ + 2€ level: 2 - HandId: #3205116900803608670-42-1708372860 - Holdem no limit (30/125/250) - 2024/02/19 20:01:00 UTC
Table: 'AFTER WORK(746249431)#0093' 6-max (real money) Seat #5 is the button
Seat 1: Heinsenbet2B (30891, 9€ bounty)
Seat 2: romdom3359 (652, 9€ bounty)
Seat 3: Dixit179 (18416, 9€ bounty)
Seat 4: tercrack78 (20039, 9€ bounty)
Seat 5: WVanAert (8493, 9€ bounty)
Seat 6: torresmo123 (37038, 9€ bounty)
*** ANTE/BLINDS ***
torresmo123 posts ante 30
Heinsenbet2B posts ante 30
romdom3359 posts ante 30
Dixit179 posts ante 30
tercrack78 posts ante 30
WVanAert posts ante 30
torresmo123 posts small blind 125
Heinsenbet2B posts big blind 250
Dealt to torresmo123 [Kd Ts]
*** PRE-FLOP *** 
romdom3359 raises 372 to 622 and is all-in
Dixit179 raises 1253 to 1875
tercrack78 folds
WVanAert folds
torresmo123 calls 1750
Heinsenbet2B folds
*** FLOP *** [4c 9c 5s]
torresmo123 checks
Dixit179 bets 2401
torresmo123 folds
*** TURN *** [4c 9c 5s][Qd]
*** RIVER *** [4c 9c 5s Qd][9d]
*** SHOW DOWN ***
romdom3359 shows [Th Ad] (One pair : 9)
Dixit179 shows [Qc Qh] (Full of Queens and 9)
Dixit179 collected 7203 from pot
*** SUMMARY ***
Total pot 7203 | No rake
Board: [4c 9c 5s Qd 9d]
Seat 2: romdom3359 showed [Th Ad] and lost with One pair : 9
Seat 3: Dixit179 showed [Qc Qh] and won 7203 with Full of Queens and 9


Winamax Poker - Tournament "AFTER WORK" buyIn: 18€ + 2€ level: 2 - HandId: #3205116900803608670-43-1708372914 - Holdem no limit (30/125/250) - 2024/02/19 20:01:54 UTC
Table: 'AFTER WORK(746249431)#0093' 6-max (real money) Seat #6 is the button
Seat 1: Heinsenbet2B (30611, 9€ bounty)
Seat 3: Dixit179 (21313, 13.50€ bounty)
Seat 4: tercrack78 (20009, 9€ bounty)
Seat 5: WVanAert (8463, 9€ bounty)
Seat 6: torresmo123 (35133, 9€ bounty)
*** ANTE/BLINDS ***
Heinsenbet2B posts ante 30
Dixit179 posts ante 30
tercrack78 posts ante 30
WVanAert posts ante 30
torresmo123 posts ante 30
Heinsenbet2B posts small blind 125
Dixit179 posts big blind 250
Dealt to torresmo123 [6c 2d]
*** PRE-FLOP *** 
tercrack78 folds
WVanAert folds
torresmo123 folds
Heinsenbet2B folds
Dixit179 collected 525 from pot
*** SUMMARY ***
Total pot 525 | No rake
Seat 3: Dixit179 (big blind) won 525


Winamax Poker - Tournament "AFTER WORK" buyIn: 18€ + 2€ level: 2 - HandId: #3205116900803608670-44-1708372942 - Holdem no limit (30/125/250) - 2024/02/19 20:02:22 UTC
Table: 'AFTER WORK(746249431)#0093' 6-max (real money) Seat #1 is the button
Seat 1: Heinsenbet2B (30456, 9€ bounty)
Seat 2: Algonzsen (20000, 9€ bounty)
Seat 3: Dixit179 (21558, 13.50€ bounty)
Seat 4: tercrack78 (19979, 9€ bounty)
Seat 5: WVanAert (8433, 9€ bounty)
Seat 6: torresmo123 (35103, 9€ bounty)
*** ANTE/BLINDS ***
Dixit179 posts ante 30
tercrack78 posts ante 30
Heinsenbet2B posts ante 30
WVanAert posts ante 30
torresmo123 posts ante 30
Dixit179 posts small blind 125
tercrack78 posts big blind 250
Dealt to torresmo123 [Kd 8s]
*** PRE-FLOP *** 
WVanAert raises 250 to 500
torresmo123 folds
Heinsenbet2B folds
Dixit179 folds
tercrack78 folds
WVanAert collected 1025 from pot
*** SUMMARY ***
Total pot 1025 | No rake
Seat 5: WVanAert won 1025


Winamax Poker - Tournament "AFTER WORK" buyIn: 18€ + 2€ level: 2 - HandId: #3205116900803608670-45-1708372965 - Holdem no limit (30/125/250) - 2024/02/19 20:02:45 UTC
Table: 'AFTER WORK(746249431)#0093' 6-max (real money) Seat #3 is the button
Seat 1: Heinsenbet2B (30426, 9€ bounty)
Seat 2: Algonzsen (20000, 9€ bounty)
Seat 3: Dixit179 (21403, 13.50€ bounty)
Seat 4: tercrack78 (19699, 9€ bounty)
Seat 5: WVanAert (8928, 9€ bounty)
Seat 6: torresmo123 (35073, 9€ bounty)
*** ANTE/BLINDS ***
tercrack78 posts ante 30
WVanAert posts ante 30
Heinsenbet2B posts ante 30
Algonzsen posts ante 30
Dixit179 posts ante 30
torresmo123 posts ante 30
tercrack78 posts small blind 125
WVanAert posts big blind 250
Dealt to torresmo123 [9c 9d]
*** PRE-FLOP *** 
torresmo123 raises 250 to 500
Heinsenbet2B folds
Algonzsen folds
Dixit179 folds
tercrack78 folds
WVanAert calls 250
*** FLOP *** [5d Ac Qc]
WVanAert checks
torresmo123 bets 261
WVanAert folds
torresmo123 collected 1566 from pot
*** SUMMARY ***
Total pot 1566 | No rake
Board: [5d Ac Qc]
Seat 6: torresmo123 won 1566


Winamax Poker - Tournament "AFTER WORK" buyIn: 18€ + 2€ level: 3 - HandId: #3205116900803608670-46-1708373099 - Holdem no limit (35/150/300) - 2024/02/19 20:04:59 UTC
Table: 'AFTER WORK(746249431)#0093' 6-max (real money) Seat #4 is the button
Seat 1: Heinsenbet2B (30396, 9€ bounty)
Seat 2: Algonzsen (19970, 9€ bounty)
Seat 3: Dixit179 (21373, 13.50€ bounty)
Seat 4: tercrack78 (19544, 9€ bounty)
Seat 5: WVanAert (8398, 9€ bounty)
Seat 6: torresmo123 (35848, 9€ bounty)
*** ANTE/BLINDS ***
WVanAert posts ante 35
torresmo123 posts ante 35
Heinsenbet2B posts ante 35
Algonzsen posts ante 35
Dixit179 posts ante 35
tercrack78 posts ante 35
WVanAert posts small blind 150
torresmo123 posts big blind 300
Dealt to torresmo123 [Js 6d]
*** PRE-FLOP *** 
Heinsenbet2B raises 300 to 600
Algonzsen folds
Dixit179 folds
tercrack78 folds
WVanAert folds
torresmo123 folds
Heinsenbet2B collected 1260 from pot
*** SUMMARY ***
Total pot 1260 | No rake
Seat 1: Heinsenbet2B won 1260


Winamax Poker - Tournament "AFTER WORK" buyIn: 18€ + 2€ level: 3 - HandId: #3205116900803608670-47-1708373133 - Holdem no limit (35/150/300) - 2024/02/19 20:05:33 UTC
Table: 'AFTER WORK(746249431)#0093' 6-max (real money) Seat #5 is the button
Seat 1: Heinsenbet2B (31021, 9€ bounty)
Seat 2: Algonzsen (19935, 9€ bounty)
Seat 3: Dixit179 (21338, 13.50€ bounty)
Seat 4: tercrack78 (19509, 9€ bounty)
Seat 5: WVanAert (8213, 9€ bounty)
Seat 6: torresmo123 (35513, 9€ bounty)
*** ANTE/BLINDS ***
torresmo123 posts ante 35
Heinsenbet2B posts ante 35
Algonzsen posts ante 35
Dixit179 posts ante 35
tercrack78 posts ante 35
WVanAert posts ante 35
torresmo123 posts small blind 150
Heinsenbet2B posts big blind 300
Dealt to torresmo123 [Jc 2h]
*** PRE-FLOP *** 
Algonzsen calls 300
Dixit179 folds
tercrack78 folds
WVanAert folds
torresmo123 folds
Heinsenbet2B raises 750 to 1050
Algonzsen folds
Heinsenbet2B collected 1710 from pot
*** SUMMARY ***
Total pot 1710 | No rake
Seat 1: Heinsenbet2B (big blind) won 1710


Winamax Poker - Tournament "AFTER WORK" buyIn: 18€ + 2€ level: 3 - HandId: #3205116900803608670-48-1708373169 - Holdem no limit (35/150/300) - 2024/02/19 20:06:09 UTC
Table: 'AFTER WORK(746249431)#0093' 6-max (real money) Seat #6 is the button
Seat 1: Heinsenbet2B (31646, 9€ bounty)
Seat 2: Algonzsen (19600, 9€ bounty)
Seat 3: Dixit179 (21303, 13.50€ bounty)
Seat 4: tercrack78 (19474, 9€ bounty)
Seat 5: WVanAert (8178, 9€ bounty)
Seat 6: torresmo123 (35328, 9€ bounty)
*** ANTE/BLINDS ***
Heinsenbet2B posts ante 35
Algonzsen posts ante 35
Dixit179 posts ante 35
tercrack78 posts ante 35
WVanAert posts ante 35
torresmo123 posts ante 35
Heinsenbet2B posts small blind 150
Algonzsen posts big blind 300
Dealt to torresmo123 [8d 7d]
*** PRE-FLOP *** 
Dixit179 folds
tercrack78 folds
WVanAert folds
torresmo123 raises 300 to 600
Heinsenbet2B folds
Algonzsen folds
torresmo123 collected 1260 from pot
*** SUMMARY ***
Total pot 1260 | No rake
Seat 6: torresmo123 (button) won 1260


Winamax Poker - Tournament "AFTER WORK" buyIn: 18€ + 2€ level: 3 - HandId: #3205116900803608670-49-1708373206 - Holdem no limit (35/150/300) - 2024/02/19 20:06:46 UTC
Table: 'AFTER WORK(746249431)#0093' 6-max (real money) Seat #1 is the button
Seat 1: Heinsenbet2B (31461, 9€ bounty)
Seat 2: Algonzsen (19265, 9€ bounty)
Seat 3: Dixit179 (21268, 13.50€ bounty)
Seat 4: tercrack78 (19439, 9€ bounty)
Seat 5: WVanAert (8143, 9€ bounty)
Seat 6: torresmo123 (35953, 9€ bounty)
*** ANTE/BLINDS ***
Algonzsen posts ante 35
Dixit179 posts ante 35
Heinsenbet2B posts ante 35
tercrack78 posts ante 35
WVanAert posts ante 35
torresmo123 posts ante 35
Algonzsen posts small blind 150
Dixit179 posts big blind 300
Dealt to torresmo123 [As 9c]
*** PRE-FLOP *** 
tercrack78 folds
WVanAert folds
torresmo123 raises 300 to 600
Heinsenbet2B folds
Algonzsen calls 450
Dixit179 raises 2100 to 2700
torresmo123 folds
Algonzsen folds
Dixit179 collected 4110 from pot
*** SUMMARY ***
Total pot 4110 | No rake
Seat 3: Dixit179 (big blind) won 4110


Winamax Poker - Tournament "AFTER WORK" buyIn: 18€ + 2€ level: 3 - HandId: #3205116900803608670-50-1708373256 - Holdem no limit (35/150/300) - 2024/02/19 20:07:36 UTC
Table: 'AFTER WORK(746249431)#0093' 6-max (real money) Seat #2 is the button
Seat 1: Heinsenbet2B (31426, 9€ bounty)
Seat 2: Algonzsen (18630, 9€ bounty)
Seat 3: Dixit179 (22643, 13.50€ bounty)
Seat 4: tercrack78 (19404, 9€ bounty)
Seat 5: WVanAert (8108, 9€ bounty)
Seat 6: torresmo123 (35318, 9€ bounty)
*** ANTE/BLINDS ***
Dixit179 posts ante 35
tercrack78 posts ante 35
Heinsenbet2B posts ante 35
Algonzsen posts ante 35
WVanAert posts ante 35
torresmo123 posts ante 35
Dixit179 posts small blind 150
tercrack78 posts big blind 300
Dealt to torresmo123 [7c 2s]
*** PRE-FLOP *** 
WVanAert raises 300 to 600
torresmo123 folds
Heinsenbet2B folds
Algonzsen folds
Dixit179 calls 450
tercrack78 folds
*** FLOP *** [5h Td 4d]
Dixit179 checks
WVanAert bets 1112
Dixit179 folds
WVanAert collected 2822 from pot
*** SUMMARY ***
Total pot 2822 | No rake
Board: [5h Td 4d]
Seat 5: WVanAert won 2822


Winamax Poker - Tournament "AFTER WORK" buyIn: 18€ + 2€ level: 3 - HandId: #3205116900803608670-51-1708373328 - Holdem no limit (35/150/300) - 2024/02/19 20:08:48 UTC
Table: 'AFTER WORK(746249431)#0093' 6-max (real money) Seat #3 is the button
Seat 1: Heinsenbet2B (31391, 9€ bounty)
Seat 2: Algonzsen (18595, 9€ bounty)
Seat 3: Dixit179 (22008, 13.50€ bounty)
Seat 4: tercrack78 (19069, 9€ bounty)
Seat 5: WVanAert (9183, 9€ bounty)
Seat 6: torresmo123 (35283, 9€ bounty)
*** ANTE/BLINDS ***
tercrack78 posts ante 35
WVanAert posts ante 35
Heinsenbet2B posts ante 35
Algonzsen posts ante 35
Dixit179 posts ante 35
torresmo123 posts ante 35
tercrack78 posts small blind 150
WVanAert posts big blind 300
Dealt to torresmo123 [Jc Js]
*** PRE-FLOP *** 
torresmo123 raises 300 to 600
Heinsenbet2B folds
Algonzsen folds
Dixit179 folds
tercrack78 folds
WVanAert folds
torresmo123 collected 1260 from pot
*** SUMMARY ***
Total pot 1260 | No rake
Seat 6: torresmo123 won 1260


Winamax Poker - Tournament "AFTER WORK" buyIn: 18€ + 2€ level: 3 - HandId: #3205116900803608670-52-1708373356 - Holdem no limit (35/150/300) - 2024/02/19 20:09:16 UTC
Table: 'AFTER WORK(746249431)#0093' 6-max (real money) Seat #4 is the button
Seat 1: Heinsenbet2B (31356, 9€ bounty)
Seat 2: Algonzsen (18560, 9€ bounty)
Seat 3: Dixit179 (21973, 13.50€ bounty)
Seat 4: tercrack78 (18884, 9€ bounty)
Seat 5: WVanAert (8848, 9€ bounty)
Seat 6: torresmo123 (35908, 9€ bounty)
*** ANTE/BLINDS ***
WVanAert posts ante 35
torresmo123 posts ante 35
Heinsenbet2B posts ante 35
Algonzsen posts ante 35
Dixit179 posts ante 35
tercrack78 posts ante 35
WVanAert posts small blind 150
torresmo123 posts big blind 300
Dealt to torresmo123 [Ah 5h]
*** PRE-FLOP *** 
Heinsenbet2B raises 450 to 750
Algonzsen folds
Dixit179 folds
tercrack78 folds
WVanAert folds
torresmo123 calls 450
*** FLOP *** [Jc 4c 3h]
torresmo123 checks
Heinsenbet2B checks
*** TURN *** [Jc 4c 3h][8s]
torresmo123 checks
Heinsenbet2B checks
*** RIVER *** [Jc 4c 3h 8s][5s]
torresmo123 bets 300
Heinsenbet2B folds
torresmo123 collected 2160 from pot
*** SUMMARY ***
Total pot 2160 | No rake
Board: [Jc 4c 3h 8s 5s]
Seat 6: torresmo123 (big blind) won 2160


Winamax Poker - Tournament "AFTER WORK" buyIn: 18€ + 2€ level: 4 - HandId: #3205116900803608670-53-1708373443 - Holdem no limit (40/175/350) - 2024/02/19 20:10:43 UTC
Table: 'AFTER WORK(746249431)#0093' 6-max (real money) Seat #5 is the button
Seat 1: Heinsenbet2B (30571, 9€ bounty)
Seat 2: Algonzsen (18525, 9€ bounty)
Seat 3: Dixit179 (21938, 13.50€ bounty)
Seat 4: tercrack78 (18849, 9€ bounty)
Seat 5: WVanAert (8663, 9€ bounty)
Seat 6: torresmo123 (36983, 9€ bounty)
*** ANTE/BLINDS ***
torresmo123 posts ante 40
Heinsenbet2B posts ante 40
Algonzsen posts ante 40
Dixit179 posts ante 40
tercrack78 posts ante 40
WVanAert posts ante 40
torresmo123 posts small blind 175
Heinsenbet2B posts big blind 350
Dealt to torresmo123 [5h 6d]
*** PRE-FLOP *** 
Algonzsen raises 350 to 700
Dixit179 folds
tercrack78 calls 700
WVanAert folds
torresmo123 folds
Heinsenbet2B folds
*** FLOP *** [Qh 4h 9d]
Algonzsen bets 758
tercrack78 folds
Algonzsen collected 2923 from pot
*** SUMMARY ***
Total pot 2923 | No rake
Board: [Qh 4h 9d]
Seat 2: Algonzsen won 2923


Winamax Poker - Tournament "AFTER WORK" buyIn: 18€ + 2€ level: 4 - HandId: #3205116900803608670-54-1708373480 - Holdem no limit (40/175/350) - 2024/02/19 20:11:20 UTC
Table: 'AFTER WORK(746249431)#0093' 6-max (real money) Seat #6 is the button
Seat 1: Heinsenbet2B (30181, 9€ bounty)
Seat 2: Algonzsen (19950, 9€ bounty)
Seat 3: Dixit179 (21898, 13.50€ bounty)
Seat 4: tercrack78 (18109, 9€ bounty)
Seat 5: WVanAert (8623, 9€ bounty)
Seat 6: torresmo123 (36768, 9€ bounty)
*** ANTE/BLINDS ***
Heinsenbet2B posts ante 40
Algonzsen posts ante 40
Dixit179 posts ante 40
tercrack78 posts ante 40
WVanAert posts ante 40
torresmo123 posts ante 40
Heinsenbet2B posts small blind 175
Algonzsen posts big blind 350
Dealt to torresmo123 [2c Td]
*** PRE-FLOP *** 
Dixit179 folds
tercrack78 folds
WVanAert folds
torresmo123 folds
Heinsenbet2B folds
Algonzsen collected 765 from pot
*** SUMMARY ***
Total pot 765 | No rake
Seat 2: Algonzsen (big blind) won 765


Winamax Poker - Tournament "AFTER WORK" buyIn: 18€ + 2€ level: 4 - HandId: #3205116900803608670-55-1708373518 - Holdem no limit (40/175/350) - 2024/02/19 20:11:58 UTC
Table: 'AFTER WORK(746249431)#0093' 6-max (real money) Seat #1 is the button
Seat 1: Heinsenbet2B (29966, 9€ bounty)
Seat 2: Algonzsen (20325, 9€ bounty)
Seat 3: Dixit179 (21858, 13.50€ bounty)
Seat 4: tercrack78 (18069, 9€ bounty)
Seat 5: WVanAert (8583, 9€ bounty)
Seat 6: torresmo123 (36728, 9€ bounty)
*** ANTE/BLINDS ***
Algonzsen posts ante 40
Dixit179 posts ante 40
Heinsenbet2B posts ante 40
tercrack78 posts ante 40
WVanAert posts ante 40
torresmo123 posts ante 40
Algonzsen posts small blind 175
Dixit179 posts big blind 350
Dealt to torresmo123 [6h Kc]
*** PRE-FLOP *** 
tercrack78 folds
WVanAert folds
torresmo123 folds
Heinsenbet2B folds
Algonzsen folds
Dixit179 collected 765 from pot
*** SUMMARY ***
Total pot 765 | No rake
Seat 3: Dixit179 (big blind) won 765


Winamax Poker - Tournament "AFTER WORK" buyIn: 18€ + 2€ level: 4 - HandId: #3205116900803608670-56-1708373540 - Holdem no limit (40/175/350) - 2024/02/19 20:12:20 UTC
Table: 'AFTER WORK(746249431)#0093' 6-max (real money) Seat #2 is the button
Seat 1: Heinsenbet2B (29926, 9€ bounty)
Seat 2: Algonzsen (20110, 9€ bounty)
Seat 3: Dixit179 (22233, 13.50€ bounty)
Seat 4: tercrack78 (18029, 9€ bounty)
Seat 5: WVanAert (8543, 9€ bounty)
Seat 6: torresmo123 (36688, 9€ bounty)
*** ANTE/BLINDS ***
Dixit179 posts ante 40
tercrack78 posts ante 40
Heinsenbet2B posts ante 40
Algonzsen posts ante 40
WVanAert posts ante 40
torresmo123 posts ante 40
Dixit179 posts small blind 175
tercrack78 posts big blind 350
Dealt to torresmo123 [Js 5h]
*** PRE-FLOP *** 
WVanAert folds
torresmo123 folds
Heinsenbet2B folds
Algonzsen folds
Dixit179 raises 875 to 1225
tercrack78 raises 3500 to 4725
Dixit179 folds
tercrack78 collected 6190 from pot
*** SUMMARY ***
Total pot 6190 | No rake
Seat 4: tercrack78 (big blind) won 6190


Winamax Poker - Tournament "AFTER WORK" buyIn: 18€ + 2€ level: 4 - HandId: #3205116900803608670-57-1708373582 - Holdem no limit (40/175/350) - 2024/02/19 20:13:02 UTC
Table: 'AFTER WORK(746249431)#0093' 6-max (real money) Seat #3 is the button
Seat 1: Heinsenbet2B (29886, 9€ bounty)
Seat 2: Algonzsen (20070, 9€ bounty)
Seat 3: Dixit179 (20968, 13.50€ bounty)
Seat 4: tercrack78 (19454, 9€ bounty)
Seat 5: WVanAert (8503, 9€ bounty)
Seat 6: torresmo123 (36648, 9€ bounty)
*** ANTE/BLINDS ***
tercrack78 posts ante 40
WVanAert posts ante 40
Heinsenbet2B posts ante 40
Algonzsen posts ante 40
Dixit179 posts ante 40
torresmo123 posts ante 40
tercrack78 posts small blind 175
WVanAert posts big blind 350
Dealt to torresmo123 [5s 7d]
*** PRE-FLOP *** 
torresmo123 folds
Heinsenbet2B folds
Algonzsen folds
Dixit179 raises 350 to 700
tercrack78 folds
WVanAert folds
Dixit179 collected 1465 from pot
*** SUMMARY ***
Total pot 1465 | No rake
Seat 3: Dixit179 (button) won 1465


Winamax Poker - Tournament "AFTER WORK" buyIn: 18€ + 2€ level: 4 - HandId: #3205116900803608670-58-1708373606 - Holdem no limit (40/175/350) - 2024/02/19 20:13:26 UTC
Table: 'AFTER WORK(746249431)#0093' 6-max (real money) Seat #4 is the button
Seat 1: Heinsenbet2B (29846, 9€ bounty)
Seat 2: Algonzsen (20030, 9€ bounty)
Seat 3: Dixit179 (21693, 13.50€ bounty)
Seat 4: tercrack78 (19239, 9€ bounty)
Seat 5: WVanAert (8113, 9€ bounty)
Seat 6: torresmo123 (36608, 9€ bounty)
*** ANTE/BLINDS ***
WVanAert posts ante 40
torresmo123 posts ante 40
Heinsenbet2B posts ante 40
Algonzsen posts ante 40
Dixit179 posts ante 40
tercrack78 posts ante 40
WVanAert posts small blind 175
torresmo123 posts big blind 350
Dealt to torresmo123 [3c Jh]
*** PRE-FLOP *** 
Heinsenbet2B raises 350 to 700
Algonzsen folds
Dixit179 folds
tercrack78 folds
WVanAert folds
torresmo123 folds
Heinsenbet2B collected 1465 from pot
*** SUMMARY ***
Total pot 1465 | No rake
Seat 1: Heinsenbet2B won 1465


Winamax Poker - Tournament "AFTER WORK" buyIn: 18€ + 2€ level: 4 - HandId: #3205116900803608670-59-1708373636 - Holdem no limit (40/175/350) - 2024/02/19 20:13:56 UTC
Table: 'AFTER WORK(746249431)#0093' 6-max (real money) Seat #5 is the button
Seat 1: Heinsenbet2B (30571, 9€ bounty)
Seat 2: Algonzsen (19990, 9€ bounty)
Seat 3: Dixit179 (21653, 13.50€ bounty)
Seat 4: tercrack78 (19199, 9€ bounty)
Seat 5: WVanAert (7898, 9€ bounty)
Seat 6: torresmo123 (36218, 9€ bounty)
*** ANTE/BLINDS ***
torresmo123 posts ante 40
Heinsenbet2B posts ante 40
Algonzsen posts ante 40
Dixit179 posts ante 40
tercrack78 posts ante 40
WVanAert posts ante 40
torresmo123 posts small blind 175
Heinsenbet2B posts big blind 350
Dealt to torresmo123 [6h 8d]
*** PRE-FLOP *** 
Algonzsen raises 350 to 700
Dixit179 folds
tercrack78 folds
WVanAert calls 700
torresmo123 folds
Heinsenbet2B calls 350
*** FLOP *** [6s Kd Ac]
Heinsenbet2B checks
Algonzsen checks
WVanAert checks
*** TURN *** [6s Kd Ac][Js]
Heinsenbet2B checks
Algonzsen checks
WVanAert bets 1635
Heinsenbet2B folds
Algonzsen calls 1635
*** RIVER *** [6s Kd Ac Js][5h]
Algonzsen checks
WVanAert bets 5523 and is all-in
Algonzsen folds
WVanAert collected 11308 from pot
*** SUMMARY ***
Total pot 11308 | No rake
Board: [6s Kd Ac Js 5h]
Seat 5: WVanAert (button) won 11308


Winamax Poker - Tournament "AFTER WORK" buyIn: 18€ + 2€ level: 4 - HandId: #3205116900803608670-60-1708373727 - Holdem no limit (40/175/350) - 2024/02/19 20:15:27 UTC
Table: 'AFTER WORK(746249431)#0093' 6-max (real money) Seat #6 is the button
Seat 1: Heinsenbet2B (29831, 9€ bounty)
Seat 2: Algonzsen (17615, 9€ bounty)
Seat 3: Dixit179 (21613, 13.50€ bounty)
Seat 4: tercrack78 (19159, 9€ bounty)
Seat 5: WVanAert (11308, 9€ bounty)
Seat 6: torresmo123 (36003, 9€ bounty)
*** ANTE/BLINDS ***
Heinsenbet2B posts ante 40
Algonzsen posts ante 40
Dixit179 posts ante 40
tercrack78 posts ante 40
WVanAert posts ante 40
torresmo123 posts ante 40
Heinsenbet2B posts small blind 175
Algonzsen posts big blind 350
Dealt to torresmo123 [8c 7h]
*** PRE-FLOP *** 
Dixit179 folds
tercrack78 folds
WVanAert raises 350 to 700
torresmo123 folds
Heinsenbet2B raises 1990 to 2690
Algonzsen folds
WVanAert folds
Heinsenbet2B collected 3980 from pot
*** SUMMARY ***
Total pot 3980 | No rake
Seat 1: Heinsenbet2B (small blind) won 3980


Winamax Poker - Tournament "AFTER WORK" buyIn: 18€ + 2€ level: 4 - HandId: #3205116900803608670-61-1708373802 - Holdem no limit (40/175/350) - 2024/02/19 20:16:42 UTC
Table: 'AFTER WORK(746249431)#0093' 6-max (real money) Seat #1 is the button
Seat 1: Heinsenbet2B (31081, 9€ bounty)
Seat 2: Algonzsen (17225, 9€ bounty)
Seat 3: Dixit179 (21573, 13.50€ bounty)
Seat 4: tercrack78 (19119, 9€ bounty)
Seat 5: WVanAert (10568, 9€ bounty)
Seat 6: torresmo123 (35963, 9€ bounty)
*** ANTE/BLINDS ***
Algonzsen posts ante 40
Dixit179 posts ante 40
Heinsenbet2B posts ante 40
tercrack78 posts ante 40
WVanAert posts ante 40
torresmo123 posts ante 40
Algonzsen posts small blind 175
Dixit179 posts big blind 350
Dealt to torresmo123 [5h 3h]
*** PRE-FLOP *** 
tercrack78 folds
WVanAert raises 350 to 700
torresmo123 folds
Heinsenbet2B folds
Algonzsen calls 525
Dixit179 folds
*** FLOP *** [Td 8s Kh]
Algonzsen checks
WVanAert bets 697
Algonzsen folds
WVanAert collected 2687 from pot
*** SUMMARY ***
Total pot 2687 | No rake
Board: [Td 8s Kh]
Seat 5: WVanAert won 2687


Winamax Poker - Tournament "AFTER WORK" buyIn: 18€ + 2€ level: 5 - HandId: #3205116900803608670-62-1708373858 - Holdem no limit (50/200/400) - 2024/02/19 20:17:38 UTC
Table: 'AFTER WORK(746249431)#0093' 6-max (real money) Seat #2 is the button
Seat 1: Heinsenbet2B (31041, 9€ bounty)
Seat 2: Algonzsen (16485, 9€ bounty)
Seat 3: Dixit179 (21183, 13.50€ bounty)
Seat 4: tercrack78 (19079, 9€ bounty)
Seat 5: WVanAert (11818, 9€ bounty)
Seat 6: torresmo123 (35923, 9€ bounty)
*** ANTE/BLINDS ***
Dixit179 posts ante 50
tercrack78 posts ante 50
Heinsenbet2B posts ante 50
Algonzsen posts ante 50
WVanAert posts ante 50
torresmo123 posts ante 50
Dixit179 posts small blind 200
tercrack78 posts big blind 400
Dealt to torresmo123 [6c 5s]
*** PRE-FLOP *** 
WVanAert raises 400 to 800
torresmo123 folds
Heinsenbet2B folds
Algonzsen folds
Dixit179 folds
tercrack78 folds
WVanAert collected 1700 from pot
*** SUMMARY ***
Total pot 1700 | No rake
Seat 5: WVanAert won 1700


Winamax Poker - Tournament "AFTER WORK" buyIn: 18€ + 2€ level: 5 - HandId: #3205116900803608670-63-1708373893 - Holdem no limit (50/200/400) - 2024/02/19 20:18:13 UTC
Table: 'AFTER WORK(746249431)#0093' 6-max (real money) Seat #3 is the button
Seat 1: Heinsenbet2B (30991, 9€ bounty)
Seat 2: Algonzsen (16435, 9€ bounty)
Seat 3: Dixit179 (20933, 13.50€ bounty)
Seat 4: tercrack78 (18629, 9€ bounty)
Seat 5: WVanAert (12668, 9€ bounty)
Seat 6: torresmo123 (35873, 9€ bounty)
*** ANTE/BLINDS ***
tercrack78 posts ante 50
WVanAert posts ante 50
Heinsenbet2B posts ante 50
Algonzsen posts ante 50
Dixit179 posts ante 50
torresmo123 posts ante 50
tercrack78 posts small blind 200
WVanAert posts big blind 400
Dealt to torresmo123 [Kc Js]
*** PRE-FLOP *** 
torresmo123 raises 400 to 800
Heinsenbet2B folds
Algonzsen folds
Dixit179 raises 1800 to 2600
tercrack78 folds
WVanAert folds
torresmo123 calls 1800
*** FLOP *** [7s 4s Jc]
torresmo123 checks
Dixit179 bets 2000
torresmo123 calls 2000
*** TURN *** [7s 4s Jc][6s]
torresmo123 bets 2000
Dixit179 calls 2000
*** RIVER *** [7s 4s Jc 6s][6h]
torresmo123 checks
Dixit179 checks
*** SHOW DOWN ***
Dixit179 shows [Td Jd] (Two pairs : Jacks and 6)
torresmo123 shows [Kc Js] (Two pairs : Jacks and 6)
torresmo123 collected 14100 from pot
*** SUMMARY ***
Total pot 14100 | No rake
Board: [7s 4s Jc 6s 6h]
Seat 3: Dixit179 (button) showed [Td Jd] and lost with Two pairs : Jacks and 6
Seat 6: torresmo123 showed [Kc Js] and won 14100 with Two pairs : Jacks and 6


Winamax Poker - Tournament "AFTER WORK" buyIn: 18€ + 2€ level: 5 - HandId: #3205116900803608670-64-1708374005 - Holdem no limit (50/200/400) - 2024/02/19 20:20:05 UTC
Table: 'AFTER WORK(746249431)#0093' 6-max (real money) Seat #4 is the button
Seat 1: Heinsenbet2B (30941, 9€ bounty)
Seat 2: Algonzsen (16385, 9€ bounty)
Seat 3: Dixit179 (14283, 13.50€ bounty)
Seat 4: tercrack78 (18379, 9€ bounty)
Seat 5: WVanAert (12218, 9€ bounty)
Seat 6: torresmo123 (43323, 9€ bounty)
*** ANTE/BLINDS ***
WVanAert posts ante 50
torresmo123 posts ante 50
Heinsenbet2B posts ante 50
Algonzsen posts ante 50
Dixit179 posts ante 50
tercrack78 posts ante 50
WVanAert posts small blind 200
torresmo123 posts big blind 400
Dealt to torresmo123 [3s 2d]
*** PRE-FLOP *** 
Heinsenbet2B folds
Algonzsen folds
Dixit179 raises 400 to 800
tercrack78 folds
WVanAert raises 11368 to 12168 and is all-in
torresmo123 folds
Dixit179 folds
WVanAert collected 13668 from pot
*** SUMMARY ***
Total pot 13668 | No rake
Seat 5: WVanAert (small blind) won 13668


Winamax Poker - Tournament "AFTER WORK" buyIn: 18€ + 2€ level: 5 - HandId: #3205116900803608670-65-1708374057 - Holdem no limit (50/200/400) - 2024/02/19 20:20:57 UTC
Table: 'AFTER WORK(746249431)#0093' 6-max (real money) Seat #5 is the button
Seat 1: Heinsenbet2B (30891, 9€ bounty)
Seat 2: Algonzsen (16335, 9€ bounty)
Seat 3: Dixit179 (13433, 13.50€ bounty)
Seat 4: tercrack78 (18329, 9€ bounty)
Seat 5: WVanAert (13668, 9€ bounty)
Seat 6: torresmo123 (42873, 9€ bounty)
*** ANTE/BLINDS ***
torresmo123 posts ante 50
Heinsenbet2B posts ante 50
Algonzsen posts ante 50
Dixit179 posts ante 50
tercrack78 posts ante 50
WVanAert posts ante 50
torresmo123 posts small blind 200
Heinsenbet2B posts big blind 400
Dealt to torresmo123 [5s 8d]
*** PRE-FLOP *** 
Algonzsen calls 400
Dixit179 raises 800 to 1200
tercrack78 folds
WVanAert folds
torresmo123 folds
Heinsenbet2B folds
Algonzsen calls 800
*** FLOP *** [6c Ad Qh]
Algonzsen checks
Dixit179 bets 1000
Algonzsen folds
Dixit179 collected 4300 from pot
*** SUMMARY ***
Total pot 4300 | No rake
Board: [6c Ad Qh]
Seat 3: Dixit179 won 4300


Winamax Poker - Tournament "AFTER WORK" buyIn: 18€ + 2€ level: 5 - HandId: #3205116900803608670-66-1708374084 - Holdem no limit (50/200/400) - 2024/02/19 20:21:24 UTC
Table: 'AFTER WORK(746249431)#0093' 6-max (real money) Seat #6 is the button
Seat 1: Heinsenbet2B (30441, 9€ bounty)
Seat 2: Algonzsen (15085, 9€ bounty)
Seat 3: Dixit179 (15483, 13.50€ bounty)
Seat 4: tercrack78 (18279, 9€ bounty)
Seat 5: WVanAert (13618, 9€ bounty)
Seat 6: torresmo123 (42623, 9€ bounty)
*** ANTE/BLINDS ***
Heinsenbet2B posts ante 50
Algonzsen posts ante 50
Dixit179 posts ante 50
tercrack78 posts ante 50
WVanAert posts ante 50
torresmo123 posts ante 50
Heinsenbet2B posts small blind 200
Algonzsen posts big blind 400
Dealt to torresmo123 [6c 8s]
*** PRE-FLOP *** 
Dixit179 folds
tercrack78 folds
WVanAert folds
torresmo123 raises 500 to 900
Heinsenbet2B raises 2900 to 3800
Algonzsen folds
torresmo123 folds
Heinsenbet2B collected 5400 from pot
*** SUMMARY ***
Total pot 5400 | No rake
Seat 1: Heinsenbet2B (small blind) won 5400


Winamax Poker - Tournament "AFTER WORK" buyIn: 18€ + 2€ level: 5 - HandId: #3205116900803608670-67-1708374131 - Holdem no limit (50/200/400) - 2024/02/19 20:22:11 UTC
Table: 'AFTER WORK(746249431)#0093' 6-max (real money) Seat #1 is the button
Seat 1: Heinsenbet2B (31991, 9€ bounty)
Seat 2: Algonzsen (14635, 9€ bounty)
Seat 3: Dixit179 (15433, 13.50€ bounty)
Seat 4: tercrack78 (18229, 9€ bounty)
Seat 5: WVanAert (13568, 9€ bounty)
Seat 6: torresmo123 (41673, 9€ bounty)
*** ANTE/BLINDS ***
Algonzsen posts ante 50
Dixit179 posts ante 50
Heinsenbet2B posts ante 50
tercrack78 posts ante 50
WVanAert posts ante 50
torresmo123 posts ante 50
Algonzsen posts small blind 200
Dixit179 posts big blind 400
Dealt to torresmo123 [Ad Td]
*** PRE-FLOP *** 
tercrack78 folds
WVanAert folds
torresmo123 raises 440 to 840
Heinsenbet2B folds
Algonzsen folds
Dixit179 calls 440
*** FLOP *** [3c 4s Kd]
Dixit179 checks
torresmo123 bets 436
Dixit179 calls 436
*** TURN *** [3c 4s Kd][Qc]
Dixit179 checks
torresmo123 bets 3000
Dixit179 folds
torresmo123 collected 6052 from pot
*** SUMMARY ***
Total pot 6052 | No rake
Board: [3c 4s Kd Qc]
Seat 6: torresmo123 won 6052


Winamax Poker - Tournament "AFTER WORK" buyIn: 18€ + 2€ level: 5 - HandId: #3205116900803608670-68-1708374183 - Holdem no limit (50/200/400) - 2024/02/19 20:23:03 UTC
Table: 'AFTER WORK(746249431)#0093' 6-max (real money) Seat #2 is the button
Seat 1: Heinsenbet2B (31941, 9€ bounty)
Seat 2: Algonzsen (14385, 9€ bounty)
Seat 3: Dixit179 (14107, 13.50€ bounty)
Seat 4: tercrack78 (18179, 9€ bounty)
Seat 5: WVanAert (13518, 9€ bounty)
Seat 6: torresmo123 (43399, 9€ bounty)
*** ANTE/BLINDS ***
Dixit179 posts ante 50
tercrack78 posts ante 50
Heinsenbet2B posts ante 50
Algonzsen posts ante 50
WVanAert posts ante 50
torresmo123 posts ante 50
Dixit179 posts small blind 200
tercrack78 posts big blind 400
Dealt to torresmo123 [9d 3d]
*** PRE-FLOP *** 
WVanAert folds
torresmo123 folds
Heinsenbet2B folds
Algonzsen raises 600 to 1000
Dixit179 folds
tercrack78 folds
Algonzsen collected 1900 from pot
*** SUMMARY ***
Total pot 1900 | No rake
Seat 2: Algonzsen (button) won 1900


Winamax Poker - Tournament "AFTER WORK" buyIn: 18€ + 2€ level: 5 - HandId: #3205116900803608670-69-1708374211 - Holdem no limit (50/200/400) - 2024/02/19 20:23:31 UTC
Table: 'AFTER WORK(746249431)#0093' 6-max (real money) Seat #3 is the button
Seat 1: Heinsenbet2B (31891, 9€ bounty)
Seat 2: Algonzsen (15235, 9€ bounty)
Seat 3: Dixit179 (13857, 13.50€ bounty)
Seat 4: tercrack78 (17729, 9€ bounty)
Seat 5: WVanAert (13468, 9€ bounty)
Seat 6: torresmo123 (43349, 9€ bounty)
*** ANTE/BLINDS ***
tercrack78 posts ante 50
WVanAert posts ante 50
Heinsenbet2B posts ante 50
Algonzsen posts ante 50
Dixit179 posts ante 50
torresmo123 posts ante 50
tercrack78 posts small blind 200
WVanAert posts big blind 400
Dealt to torresmo123 [7h 5s]
*** PRE-FLOP *** 
torresmo123 folds
Heinsenbet2B folds
Algonzsen folds
Dixit179 raises 400 to 800
tercrack78 calls 600
WVanAert calls 400
*** FLOP *** [6s 4d 6d]
tercrack78 checks
WVanAert checks
Dixit179 bets 800
tercrack78 calls 800
WVanAert folds
*** TURN *** [6s 4d 6d][8h]
tercrack78 checks
Dixit179 bets 1600
tercrack78 calls 1600
*** RIVER *** [6s 4d 6d 8h][4s]
tercrack78 bets 2625
Dixit179 raises 3775 to 6400
tercrack78 raises 8079 to 14479 and is all-in
Dixit179 folds
tercrack78 collected 28379 from pot
*** SUMMARY ***
Total pot 28379 | No rake
Board: [6s 4d 6d 8h 4s]
Seat 4: tercrack78 (small blind) won 28379


Winamax Poker - Tournament "AFTER WORK" buyIn: 18€ + 2€ level: 6 - HandId: #3205116900803608670-70-1708374340 - Holdem no limit (60/250/500) - 2024/02/19 20:25:40 UTC
Table: 'AFTER WORK(746249431)#0093' 6-max (real money) Seat #4 is the button
Seat 1: Heinsenbet2B (31841, 9€ bounty)
Seat 2: Algonzsen (15185, 9€ bounty)
Seat 3: Dixit179 (4207, 13.50€ bounty)
Seat 4: tercrack78 (28379, 9€ bounty)
Seat 5: WVanAert (12618, 9€ bounty)
Seat 6: torresmo123 (43299, 9€ bounty)
*** ANTE/BLINDS ***
WVanAert posts ante 60
torresmo123 posts ante 60
Heinsenbet2B posts ante 60
Algonzsen posts ante 60
Dixit179 posts ante 60
tercrack78 posts ante 60
WVanAert posts small blind 250
torresmo123 posts big blind 500
Dealt to torresmo123 [3h Ts]
*** PRE-FLOP *** 
Heinsenbet2B raises 500 to 1000
Algonzsen folds
Dixit179 folds
tercrack78 folds
WVanAert folds
torresmo123 folds
Heinsenbet2B collected 2110 from pot
*** SUMMARY ***
Total pot 2110 | No rake
Seat 1: Heinsenbet2B won 2110


Winamax Poker - Tournament "AFTER WORK" buyIn: 18€ + 2€ level: 6 - HandId: #3205116900803608670-71-1708374374 - Holdem no limit (60/250/500) - 2024/02/19 20:26:14 UTC
Table: 'AFTER WORK(746249431)#0093' 6-max (real money) Seat #5 is the button
Seat 1: Heinsenbet2B (32891, 9€ bounty)
Seat 2: Algonzsen (15125, 9€ bounty)
Seat 3: Dixit179 (4147, 13.50€ bounty)
Seat 4: tercrack78 (28319, 9€ bounty)
Seat 5: WVanAert (12308, 9€ bounty)
Seat 6: torresmo123 (42739, 9€ bounty)
*** ANTE/BLINDS ***
torresmo123 posts ante 60
Heinsenbet2B posts ante 60
Algonzsen posts ante 60
Dixit179 posts ante 60
tercrack78 posts ante 60
WVanAert posts ante 60
torresmo123 posts small blind 250
Heinsenbet2B posts big blind 500
Dealt to torresmo123 [6s Ks]
*** PRE-FLOP *** 
Algonzsen folds
Dixit179 folds
tercrack78 folds
WVanAert raises 500 to 1000
torresmo123 calls 750
Heinsenbet2B folds
*** FLOP *** [Kh Qh Ac]
torresmo123 checks
WVanAert bets 1001
torresmo123 calls 1001
*** TURN *** [Kh Qh Ac][Td]
torresmo123 checks
WVanAert checks
*** RIVER *** [Kh Qh Ac Td][8s]
torresmo123 checks
WVanAert checks
*** SHOW DOWN ***
WVanAert shows [7c 6c] (High card : Ace)
torresmo123 shows [6s Ks] (One pair : Kings)
torresmo123 collected 4862 from pot
*** SUMMARY ***
Total pot 4862 | No rake
Board: [Kh Qh Ac Td 8s]
Seat 5: WVanAert (button) showed [7c 6c] and lost with High card : Ace
Seat 6: torresmo123 (small blind) showed [6s Ks] and won 4862 with One pair : Kings


Winamax Poker - Tournament "AFTER WORK" buyIn: 18€ + 2€ level: 6 - HandId: #3205116900803608670-72-1708374476 - Holdem no limit (60/250/500) - 2024/02/19 20:27:56 UTC
Table: 'AFTER WORK(746249431)#0093' 6-max (real money) Seat #6 is the button
Seat 1: Heinsenbet2B (32331, 9€ bounty)
Seat 2: Algonzsen (15065, 9€ bounty)
Seat 3: Dixit179 (4087, 13.50€ bounty)
Seat 4: tercrack78 (28259, 9€ bounty)
Seat 5: WVanAert (10247, 9€ bounty)
Seat 6: torresmo123 (45540, 9€ bounty)
*** ANTE/BLINDS ***
Heinsenbet2B posts ante 60
Algonzsen posts ante 60
Dixit179 posts ante 60
tercrack78 posts ante 60
WVanAert posts ante 60
torresmo123 posts ante 60
Heinsenbet2B posts small blind 250
Algonzsen posts big blind 500
Dealt to torresmo123 [6c Tc]
*** PRE-FLOP *** 
Dixit179 folds
tercrack78 folds
WVanAert raises 500 to 1000
torresmo123 folds
Heinsenbet2B folds
Algonzsen calls 500
*** FLOP *** [8d 9s 3h]
Algonzsen checks
WVanAert checks
*** TURN *** [8d 9s 3h][9c]
Algonzsen checks
WVanAert bets 914
Algonzsen calls 914
*** RIVER *** [8d 9s 3h 9c][Qs]
Algonzsen checks
WVanAert checks
*** SHOW DOWN ***
WVanAert shows [7d Ac] (One pair : 9)
Algonzsen shows [3c 5c] (Two pairs : 9 and 3)
Algonzsen collected 4438 from pot
*** SUMMARY ***
Total pot 4438 | No rake
Board: [8d 9s 3h 9c Qs]
Seat 2: Algonzsen (big blind) showed [3c 5c] and won 4438 with Two pairs : 9 and 3
Seat 5: WVanAert showed [7d Ac] and lost with One pair : 9


Winamax Poker - Tournament "AFTER WORK" buyIn: 18€ + 2€ level: 6 - HandId: #3205116900803608670-73-1708374543 - Holdem no limit (60/250/500) - 2024/02/19 20:29:03 UTC
Table: 'AFTER WORK(746249431)#0093' 6-max (real money) Seat #1 is the button
Seat 1: Heinsenbet2B (32021, 9€ bounty)
Seat 2: Algonzsen (17529, 9€ bounty)
Seat 3: Dixit179 (4027, 13.50€ bounty)
Seat 4: tercrack78 (28199, 9€ bounty)
Seat 5: WVanAert (8273, 9€ bounty)
Seat 6: torresmo123 (45480, 9€ bounty)
*** ANTE/BLINDS ***
Algonzsen posts ante 60
Dixit179 posts ante 60
Heinsenbet2B posts ante 60
tercrack78 posts ante 60
WVanAert posts ante 60
torresmo123 posts ante 60
Algonzsen posts small blind 250
Dixit179 posts big blind 500
Dealt to torresmo123 [6h 7c]
*** PRE-FLOP *** 
tercrack78 folds
WVanAert folds
torresmo123 folds
Heinsenbet2B folds
Algonzsen folds
Dixit179 collected 1110 from pot
*** SUMMARY ***
Total pot 1110 | No rake
Seat 3: Dixit179 (big blind) won 1110


Winamax Poker - Tournament "AFTER WORK" buyIn: 18€ + 2€ level: 6 - HandId: #3205116900803608670-74-1708374635 - Holdem no limit (60/250/500) - 2024/02/19 20:30:35 UTC
Table: 'AFTER WORK(746249431)#0093' 6-max (real money) Seat #2 is the button
Seat 1: Heinsenbet2B (31961, 9€ bounty)
Seat 2: Algonzsen (17219, 9€ bounty)
Seat 3: Dixit179 (4577, 13.50€ bounty)
Seat 4: tercrack78 (28139, 9€ bounty)
Seat 6: torresmo123 (45420, 9€ bounty)
*** ANTE/BLINDS ***
Dixit179 posts ante 60
tercrack78 posts ante 60
Heinsenbet2B posts ante 60
Algonzsen posts ante 60
torresmo123 posts ante 60
Dixit179 posts small blind 250
tercrack78 posts big blind 500
Dealt to torresmo123 [9s Td]
*** PRE-FLOP *** 
torresmo123 folds
Heinsenbet2B raises 750 to 1250
Algonzsen folds
Dixit179 raises 3267 to 4517 and is all-in
tercrack78 folds
Heinsenbet2B calls 3267
*** FLOP *** [8c 4d 9c]
*** TURN *** [8c 4d 9c][Kd]
*** RIVER *** [8c 4d 9c Kd][9d]
*** SHOW DOWN ***
Heinsenbet2B shows [Qh Jd] (One pair : 9)
Dixit179 shows [Tc Ad] (One pair : 9)
Dixit179 collected 9834 from pot
*** SUMMARY ***
Total pot 9834 | No rake
Board: [8c 4d 9c Kd 9d]
Seat 1: Heinsenbet2B showed [Qh Jd] and lost with One pair : 9
Seat 3: Dixit179 (small blind) showed [Tc Ad] and won 9834 with One pair : 9


Winamax Poker - Tournament "AFTER WORK" buyIn: 18€ + 2€ level: 6 - HandId: #3205116900803608670-75-1708374672 - Holdem no limit (60/250/500) - 2024/02/19 20:31:12 UTC
Table: 'AFTER WORK(746249431)#0093' 6-max (real money) Seat #3 is the button
Seat 1: Heinsenbet2B (27384, 9€ bounty)
Seat 2: Algonzsen (17159, 9€ bounty)
Seat 3: Dixit179 (9834, 13.50€ bounty)
Seat 4: tercrack78 (27579, 9€ bounty)
Seat 6: torresmo123 (45360, 9€ bounty)
*** ANTE/BLINDS ***
tercrack78 posts ante 60
torresmo123 posts ante 60
Heinsenbet2B posts ante 60
Algonzsen posts ante 60
Dixit179 posts ante 60
tercrack78 posts small blind 250
torresmo123 posts big blind 500
Dealt to torresmo123 [Ts 6h]
*** PRE-FLOP *** 
Heinsenbet2B folds
Algonzsen folds
Dixit179 raises 500 to 1000
tercrack78 folds
torresmo123 folds
Dixit179 collected 2050 from pot
*** SUMMARY ***
Total pot 2050 | No rake
Seat 3: Dixit179 (button) won 2050


Winamax Poker - Tournament "AFTER WORK" buyIn: 18€ + 2€ level: 7 - HandId: #3205116900803608670-76-1708374698 - Holdem no limit (70/300/600) - 2024/02/19 20:31:38 UTC
Table: 'AFTER WORK(746249431)#0093' 6-max (real money) Seat #4 is the button
Seat 1: Heinsenbet2B (27324, 9€ bounty)
Seat 2: Algonzsen (17099, 9€ bounty)
Seat 3: Dixit179 (10824, 13.50€ bounty)
Seat 4: tercrack78 (27269, 9€ bounty)
Seat 6: torresmo123 (44800, 9€ bounty)
*** ANTE/BLINDS ***
torresmo123 posts ante 70
Heinsenbet2B posts ante 70
Algonzsen posts ante 70
Dixit179 posts ante 70
tercrack78 posts ante 70
torresmo123 posts small blind 300
Heinsenbet2B posts big blind 600
Dealt to torresmo123 [As 8c]
*** PRE-FLOP *** 
Algonzsen folds
Dixit179 folds
tercrack78 folds
torresmo123 raises 1500 to 2100
Heinsenbet2B folds
torresmo123 collected 3050 from pot
*** SUMMARY ***
Total pot 3050 | No rake
Seat 6: torresmo123 (small blind) won 3050


Winamax Poker - Tournament "AFTER WORK" buyIn: 18€ + 2€ level: 7 - HandId: #3205116900803608670-77-1708374723 - Holdem no limit (70/300/600) - 2024/02/19 20:32:03 UTC
Table: 'AFTER WORK(746249431)#0093' 6-max (real money) Seat #6 is the button
Seat 1: Heinsenbet2B (26654, 9€ bounty)
Seat 2: Algonzsen (17029, 9€ bounty)
Seat 3: Dixit179 (10754, 13.50€ bounty)
Seat 4: tercrack78 (27199, 9€ bounty)
Seat 6: torresmo123 (45680, 9€ bounty)
*** ANTE/BLINDS ***
Heinsenbet2B posts ante 70
Algonzsen posts ante 70
Dixit179 posts ante 70
tercrack78 posts ante 70
torresmo123 posts ante 70
Heinsenbet2B posts small blind 300
Algonzsen posts big blind 600
Dealt to torresmo123 [3d 5d]
*** PRE-FLOP *** 
Dixit179 raises 600 to 1200
tercrack78 folds
torresmo123 calls 1200
Heinsenbet2B folds
Algonzsen raises 600 to 1800
Dixit179 calls 600
torresmo123 calls 600
*** FLOP *** [5s 6s Jd]
Algonzsen checks
Dixit179 checks
torresmo123 checks
*** TURN *** [5s 6s Jd][8h]
Algonzsen bets 2118
Dixit179 raises 6766 to 8884 and is all-in
torresmo123 folds
Algonzsen raises 6275 to 15159 and is all-in
*** RIVER *** [5s 6s Jd 8h][7s]
*** SHOW DOWN ***
Algonzsen shows [Ac Qd] (High card : Ace)
Dixit179 shows [9s As] (Flush Ace high)
Dixit179 collected 23818 from main pot
Algonzsen collected 6275 from side pot 1
*** SUMMARY ***
Total pot 30093 | No rake
Board: [5s 6s Jd 8h 7s]
Seat 2: Algonzsen (big blind) showed [Ac Qd] and won 6275 with High card : Ace
Seat 3: Dixit179 showed [9s As] and won 23818 with Flush Ace high


Winamax Poker - Tournament "AFTER WORK" buyIn: 18€ + 2€ level: 7 - HandId: #3205116900803608670-78-1708374817 - Holdem no limit (70/300/600) - 2024/02/19 20:33:37 UTC
Table: 'AFTER WORK(746249431)#0093' 6-max (real money) Seat #1 is the button
Seat 1: Heinsenbet2B (26284, 9€ bounty)
Seat 2: Algonzsen (6275, 9€ bounty)
Seat 3: Dixit179 (23818, 13.50€ bounty)
Seat 4: tercrack78 (27129, 9€ bounty)
Seat 6: torresmo123 (43810, 9€ bounty)
*** ANTE/BLINDS ***
Algonzsen posts ante 70
Dixit179 posts ante 70
Heinsenbet2B posts ante 70
tercrack78 posts ante 70
torresmo123 posts ante 70
Algonzsen posts small blind 300
Dixit179 posts big blind 600
Dealt to torresmo123 [3c 9h]
*** PRE-FLOP *** 
tercrack78 folds
torresmo123 folds
Heinsenbet2B folds
Algonzsen folds
Dixit179 collected 1250 from pot
*** SUMMARY ***
Total pot 1250 | No rake
Seat 3: Dixit179 (big blind) won 1250


Winamax Poker - Tournament "AFTER WORK" buyIn: 18€ + 2€ level: 7 - HandId: #3205116900803608670-79-1708374843 - Holdem no limit (70/300/600) - 2024/02/19 20:34:03 UTC
Table: 'AFTER WORK(746249431)#0093' 6-max (real money) Seat #2 is the button
Seat 1: Heinsenbet2B (26214, 9€ bounty)
Seat 2: Algonzsen (5905, 9€ bounty)
Seat 3: Dixit179 (24398, 13.50€ bounty)
Seat 4: tercrack78 (27059, 9€ bounty)
Seat 5: Mort-Vivant (20000, 9€ bounty)
Seat 6: torresmo123 (43740, 9€ bounty)
*** ANTE/BLINDS ***
Dixit179 posts ante 70
tercrack78 posts ante 70
Heinsenbet2B posts ante 70
Algonzsen posts ante 70
Mort-Vivant posts ante 70
torresmo123 posts ante 70
Dixit179 posts small blind 300
tercrack78 posts big blind 600
Dealt to torresmo123 [6h As]
*** PRE-FLOP *** 
Mort-Vivant calls 600
torresmo123 folds
Heinsenbet2B folds
Algonzsen folds
Dixit179 folds
tercrack78 checks
*** FLOP *** [7h 9s 2h]
tercrack78 checks
Mort-Vivant bets 672
tercrack78 folds
Mort-Vivant collected 2592 from pot
*** SUMMARY ***
Total pot 2592 | No rake
Board: [7h 9s 2h]
Seat 5: Mort-Vivant won 2592


Winamax Poker - Tournament "AFTER WORK" buyIn: 18€ + 2€ level: 7 - HandId: #3205116900803608670-80-1708374882 - Holdem no limit (70/300/600) - 2024/02/19 20:34:42 UTC
Table: 'AFTER WORK(746249431)#0093' 6-max (real money) Seat #3 is the button
Seat 1: Heinsenbet2B (26144, 9€ bounty)
Seat 2: Algonzsen (5835, 9€ bounty)
Seat 3: Dixit179 (24028, 13.50€ bounty)
Seat 4: tercrack78 (26389, 9€ bounty)
Seat 5: Mort-Vivant (21250, 9€ bounty)
Seat 6: torresmo123 (43670, 9€ bounty)
*** ANTE/BLINDS ***
tercrack78 posts ante 70
Mort-Vivant posts ante 70
Heinsenbet2B posts ante 70
Algonzsen posts ante 70
Dixit179 posts ante 70
torresmo123 posts ante 70
tercrack78 posts small blind 300
Mort-Vivant posts big blind 600
Dealt to torresmo123 [8c Kd]
*** PRE-FLOP *** 
torresmo123 folds
Heinsenbet2B raises 600 to 1200
Algonzsen folds
Dixit179 folds
tercrack78 calls 900
Mort-Vivant calls 600
*** FLOP *** [7d 6d 5c]
tercrack78 checks
Mort-Vivant bets 1407
Heinsenbet2B raises 2714 to 4121
tercrack78 folds
Mort-Vivant folds
Heinsenbet2B collected 9548 from pot
*** SUMMARY ***
Total pot 9548 | No rake
Board: [7d 6d 5c]
Seat 1: Heinsenbet2B won 9548


Winamax Poker - Tournament "AFTER WORK" buyIn: 18€ + 2€ level: 7 - HandId: #3205116900803608670-81-1708374950 - Holdem no limit (70/300/600) - 2024/02/19 20:35:50 UTC
Table: 'AFTER WORK(746249431)#0093' 6-max (real money) Seat #4 is the button
Seat 1: Heinsenbet2B (30301, 9€ bounty)
Seat 2: Algonzsen (5765, 9€ bounty)
Seat 3: Dixit179 (23958, 13.50€ bounty)
Seat 4: tercrack78 (25119, 9€ bounty)
Seat 5: Mort-Vivant (18573, 9€ bounty)
Seat 6: torresmo123 (43600, 9€ bounty)
*** ANTE/BLINDS ***
Mort-Vivant posts ante 70
torresmo123 posts ante 70
Heinsenbet2B posts ante 70
Algonzsen posts ante 70
Dixit179 posts ante 70
tercrack78 posts ante 70
Mort-Vivant posts small blind 300
torresmo123 posts big blind 600
Dealt to torresmo123 [As 2c]
*** PRE-FLOP *** 
Heinsenbet2B folds
Algonzsen raises 5095 to 5695 and is all-in
Dixit179 folds
tercrack78 folds
Mort-Vivant raises 12808 to 18503 and is all-in
torresmo123 folds
*** FLOP *** [9d 8h 6s]
*** TURN *** [9d 8h 6s][8s]
*** RIVER *** [9d 8h 6s 8s][3s]
*** SHOW DOWN ***
Algonzsen shows [Jc 8c] (Trips of 8)
Mort-Vivant shows [Kd 7c] (One pair : 8)
Mort-Vivant collected 12808 from side pot 1
Algonzsen collected 12410 from main pot
*** SUMMARY ***
Total pot 25218 | No rake
Board: [9d 8h 6s 8s 3s]
Seat 2: Algonzsen showed [Jc 8c] and won 12410 with Trips of 8
Seat 5: Mort-Vivant (small blind) showed [Kd 7c] and won 12808 with One pair : 8


Winamax Poker - Tournament "AFTER WORK" buyIn: 18€ + 2€ level: 7 - HandId: #3205116900803608670-82-1708374998 - Holdem no limit (70/300/600) - 2024/02/19 20:36:38 UTC
Table: 'AFTER WORK(746249431)#0093' 6-max (real money) Seat #5 is the button
Seat 1: Heinsenbet2B (30231, 9€ bounty)
Seat 2: Algonzsen (12410, 9€ bounty)
Seat 3: Dixit179 (23888, 13.50€ bounty)
Seat 4: tercrack78 (25049, 9€ bounty)
Seat 5: Mort-Vivant (12808, 9€ bounty)
Seat 6: torresmo123 (42930, 9€ bounty)
*** ANTE/BLINDS ***
torresmo123 posts ante 70
Heinsenbet2B posts ante 70
Algonzsen posts ante 70
Dixit179 posts ante 70
tercrack78 posts ante 70
Mort-Vivant posts ante 70
torresmo123 posts small blind 300
Heinsenbet2B posts big blind 600
Dealt to torresmo123 [Ks 3h]
*** PRE-FLOP *** 
Algonzsen folds
Dixit179 raises 600 to 1200
tercrack78 folds
Mort-Vivant folds
torresmo123 folds
Heinsenbet2B raises 3300 to 4500
Dixit179 folds
Heinsenbet2B collected 6420 from pot
*** SUMMARY ***
Total pot 6420 | No rake
Seat 1: Heinsenbet2B (big blind) won 6420


Winamax Poker - Tournament "AFTER WORK" buyIn: 18€ + 2€ level: 7 - HandId: #3205116900803608670-83-1708375018 - Holdem no limit (70/300/600) - 2024/02/19 20:36:58 UTC
Table: 'AFTER WORK(746249431)#0093' 6-max (real money) Seat #6 is the button
Seat 1: Heinsenbet2B (32081, 9€ bounty)
Seat 2: Algonzsen (12340, 9€ bounty)
Seat 3: Dixit179 (22618, 13.50€ bounty)
Seat 4: tercrack78 (24979, 9€ bounty)
Seat 5: Mort-Vivant (12738, 9€ bounty)
Seat 6: torresmo123 (42560, 9€ bounty)
*** ANTE/BLINDS ***
Heinsenbet2B posts ante 70
Algonzsen posts ante 70
Dixit179 posts ante 70
tercrack78 posts ante 70
Mort-Vivant posts ante 70
torresmo123 posts ante 70
Heinsenbet2B posts small blind 300
Algonzsen posts big blind 600
Dealt to torresmo123 [Ks Qd]
*** PRE-FLOP *** 
Dixit179 folds
tercrack78 folds
Mort-Vivant folds
torresmo123 raises 600 to 1200
Heinsenbet2B folds
Algonzsen raises 11070 to 12270 and is all-in
torresmo123 calls 11070
*** FLOP *** [Ac Jh Qs]
*** TURN *** [Ac Jh Qs][4h]
*** RIVER *** [Ac Jh Qs 4h][Kc]
*** SHOW DOWN ***
torresmo123 shows [Ks Qd] (Two pairs : Kings and Queens)
Algonzsen shows [Ts Tc] (Straight Ace high)
Algonzsen collected 25260 from pot
*** SUMMARY ***
Total pot 25260 | No rake
Board: [Ac Jh Qs 4h Kc]
Seat 2: Algonzsen (big blind) showed [Ts Tc] and won 25260 with Straight Ace high
Seat 6: torresmo123 (button) showed [Ks Qd] and lost with Two pairs : Kings and Queens


Winamax Poker - Tournament "AFTER WORK" buyIn: 18€ + 2€ level: 7 - HandId: #3205116900803608670-84-1708375066 - Holdem no limit (70/300/600) - 2024/02/19 20:37:46 UTC
Table: 'AFTER WORK(746249431)#0093' 6-max (real money) Seat #1 is the button
Seat 1: Heinsenbet2B (31711, 9€ bounty)
Seat 2: Algonzsen (25260, 9€ bounty)
Seat 3: Dixit179 (22548, 13.50€ bounty)
Seat 4: tercrack78 (24909, 9€ bounty)
Seat 5: Mort-Vivant (12668, 9€ bounty)
Seat 6: torresmo123 (30220, 9€ bounty)
*** ANTE/BLINDS ***
Algonzsen posts ante 70
Dixit179 posts ante 70
Heinsenbet2B posts ante 70
tercrack78 posts ante 70
Mort-Vivant posts ante 70
torresmo123 posts ante 70
Algonzsen posts small blind 300
Dixit179 posts big blind 600
Dealt to torresmo123 [8c 8d]
*** PRE-FLOP *** 
tercrack78 raises 750 to 1350
Mort-Vivant folds
torresmo123 calls 1350
Heinsenbet2B folds
Algonzsen raises 1350 to 2700
Dixit179 folds
tercrack78 calls 1350
torresmo123 raises 27450 to 30150 and is all-in
Algonzsen calls 22490 and is all-in
tercrack78 folds
*** FLOP *** [7c 3d Jd]
*** TURN *** [7c 3d Jd][Ts]
*** RIVER *** [7c 3d Jd Ts][Ac]
*** SHOW DOWN ***
Algonzsen shows [Ad Ah] (Trips of Aces)
torresmo123 shows [8c 8d] (One pair : 8)
torresmo123 collected 4960 from side pot 1
Algonzsen collected 54100 from main pot
*** SUMMARY ***
Total pot 59060 | No rake
Board: [7c 3d Jd Ts Ac]
Seat 2: Algonzsen (small blind) showed [Ad Ah] and won 54100 with Trips of Aces
Seat 6: torresmo123 showed [8c 8d] and won 4960 with One pair : 8


Winamax Poker - Tournament "AFTER WORK" buyIn: 18€ + 2€ level: 8 - HandId: #3205116900803608670-85-1708375189 - Holdem no limit (80/350/700) - 2024/02/19 20:39:49 UTC
Table: 'AFTER WORK(746249431)#0093' 6-max (real money) Seat #2 is the button
Seat 1: Heinsenbet2B (31641, 9€ bounty)
Seat 2: Algonzsen (54100, 9€ bounty)
Seat 3: Dixit179 (21878, 13.50€ bounty)
Seat 4: tercrack78 (22139, 9€ bounty)
Seat 5: Mort-Vivant (12598, 9€ bounty)
Seat 6: torresmo123 (4960, 9€ bounty)
*** ANTE/BLINDS ***
Dixit179 posts ante 80
tercrack78 posts ante 80
Heinsenbet2B posts ante 80
Algonzsen posts ante 80
Mort-Vivant posts ante 80
torresmo123 posts ante 80
Dixit179 posts small blind 350
tercrack78 posts big blind 700
Dealt to torresmo123 [Th Ks]
*** PRE-FLOP *** 
Mort-Vivant calls 700
torresmo123 folds
Heinsenbet2B folds
Algonzsen folds
Dixit179 calls 350
tercrack78 checks
*** FLOP *** [8d Ts 9c]
Dixit179 checks
tercrack78 checks
Mort-Vivant bets 1677
Dixit179 folds
tercrack78 folds
Mort-Vivant collected 4257 from pot
*** SUMMARY ***
Total pot 4257 | No rake
Board: [8d Ts 9c]
Seat 5: Mort-Vivant won 4257


Winamax Poker - Tournament "AFTER WORK" buyIn: 18€ + 2€ level: 8 - HandId: #3205116900803608670-86-1708375288 - Holdem no limit (80/350/700) - 2024/02/19 20:41:28 UTC
Table: 'AFTER WORK(746249431)#0093' 6-max (real money) Seat #3 is the button
Seat 1: Heinsenbet2B (31561, 9€ bounty)
Seat 2: Algonzsen (54020, 9€ bounty)
Seat 3: Dixit179 (21098, 13.50€ bounty)
Seat 4: tercrack78 (21359, 9€ bounty)
Seat 5: Mort-Vivant (14398, 9€ bounty)
Seat 6: torresmo123 (4880, 9€ bounty)
*** ANTE/BLINDS ***
tercrack78 posts ante 80
Mort-Vivant posts ante 80
Heinsenbet2B posts ante 80
Algonzsen posts ante 80
Dixit179 posts ante 80
torresmo123 posts ante 80
tercrack78 posts small blind 350
Mort-Vivant posts big blind 700
Dealt to torresmo123 [6h Qh]
*** PRE-FLOP *** 
torresmo123 folds
Heinsenbet2B raises 700 to 1400
Algonzsen folds
Dixit179 folds
tercrack78 raises 3980 to 5380
Mort-Vivant folds
Heinsenbet2B raises 26101 to 31481 and is all-in
tercrack78 calls 15899 and is all-in
*** FLOP *** [Kd 9s Th]
*** TURN *** [Kd 9s Th][7h]
*** RIVER *** [Kd 9s Th 7h][As]
*** SHOW DOWN ***
tercrack78 shows [Jd Jh] (One pair : Jacks)
Heinsenbet2B shows [Ad Qc] (One pair : Aces)
Heinsenbet2B collected 53940 from pot
*** SUMMARY ***
Total pot 53940 | No rake
Board: [Kd 9s Th 7h As]
Seat 1: Heinsenbet2B showed [Ad Qc] and won 53940 with One pair : Aces
Seat 4: tercrack78 (small blind) showed [Jd Jh] and lost with One pair : Jacks


Winamax Poker - Tournament "AFTER WORK" buyIn: 18€ + 2€ level: 8 - HandId: #3205116900803608670-87-1708375354 - Holdem no limit (80/350/700) - 2024/02/19 20:42:34 UTC
Table: 'AFTER WORK(746249431)#0093' 6-max (real money) Seat #4 is the button
Seat 1: Heinsenbet2B (53940, 13.50€ bounty)
Seat 2: Algonzsen (53940, 9€ bounty)
Seat 3: Dixit179 (21018, 13.50€ bounty)
Seat 5: Mort-Vivant (13618, 9€ bounty)
Seat 6: torresmo123 (4800, 9€ bounty)
*** ANTE/BLINDS ***
Mort-Vivant posts ante 80
torresmo123 posts ante 80
Heinsenbet2B posts ante 80
Algonzsen posts ante 80
Dixit179 posts ante 80
Mort-Vivant posts small blind 350
torresmo123 posts big blind 700
Dealt to torresmo123 [6c As]
*** PRE-FLOP *** 
Heinsenbet2B raises 1050 to 1750
Algonzsen folds
Dixit179 folds
Mort-Vivant folds
torresmo123 calls 1050
*** FLOP *** [Js Jh Jc]
torresmo123 bets 2970 and is all-in
Heinsenbet2B folds
torresmo123 collected 7220 from pot
*** SUMMARY ***
Total pot 7220 | No rake
Board: [Js Jh Jc]
Seat 6: torresmo123 (big blind) won 7220


Winamax Poker - Tournament "AFTER WORK" buyIn: 18€ + 2€ level: 8 - HandId: #3205116900803608670-88-1708375392 - Holdem no limit (80/350/700) - 2024/02/19 20:43:12 UTC
Table: 'AFTER WORK(746249431)#0093' 6-max (real money) Seat #5 is the button
Seat 1: Heinsenbet2B (52110, 13.50€ bounty)
Seat 2: Algonzsen (53860, 9€ bounty)
Seat 3: Dixit179 (20938, 13.50€ bounty)
Seat 4: fish1320 (125539, 27€ bounty)
Seat 5: Mort-Vivant (13188, 9€ bounty)
Seat 6: torresmo123 (7220, 9€ bounty)
*** ANTE/BLINDS ***
torresmo123 posts ante 80
Heinsenbet2B posts ante 80
Algonzsen posts ante 80
Dixit179 posts ante 80
fish1320 posts ante 80
Mort-Vivant posts ante 80
torresmo123 posts small blind 350
Heinsenbet2B posts big blind 700
Dealt to torresmo123 [4d Qd]
*** PRE-FLOP *** 
Algonzsen folds
Dixit179 folds
fish1320 raises 700 to 1400
Mort-Vivant raises 11708 to 13108 and is all-in
torresmo123 folds
Heinsenbet2B folds
fish1320 folds
Mort-Vivant collected 16038 from pot
*** SUMMARY ***
Total pot 16038 | No rake
Seat 5: Mort-Vivant (button) won 16038


Winamax Poker - Tournament "AFTER WORK" buyIn: 18€ + 2€ level: 8 - HandId: #3205116900803608670-89-1708375419 - Holdem no limit (80/350/700) - 2024/02/19 20:43:39 UTC
Table: 'AFTER WORK(746249431)#0093' 6-max (real money) Seat #6 is the button
Seat 1: Heinsenbet2B (51330, 13.50€ bounty)
Seat 2: Algonzsen (53780, 9€ bounty)
Seat 3: Dixit179 (20858, 13.50€ bounty)
Seat 4: fish1320 (124059, 27€ bounty)
Seat 5: Mort-Vivant (16038, 9€ bounty)
Seat 6: torresmo123 (6790, 9€ bounty)
*** ANTE/BLINDS ***
Heinsenbet2B posts ante 80
Algonzsen posts ante 80
Dixit179 posts ante 80
fish1320 posts ante 80
Mort-Vivant posts ante 80
torresmo123 posts ante 80
Heinsenbet2B posts small blind 350
Algonzsen posts big blind 700
Dealt to torresmo123 [Kd 3h]
*** PRE-FLOP *** 
Dixit179 folds
fish1320 folds
Mort-Vivant calls 700
torresmo123 folds
Heinsenbet2B folds
Algonzsen checks
*** FLOP *** [5d 7h 5h]
Algonzsen checks
Mort-Vivant bets 781
Algonzsen folds
Mort-Vivant collected 3011 from pot
*** SUMMARY ***
Total pot 3011 | No rake
Board: [5d 7h 5h]
Seat 5: Mort-Vivant won 3011


Winamax Poker - Tournament "AFTER WORK" buyIn: 18€ + 2€ level: 8 - HandId: #3205116900803608670-90-1708375462 - Holdem no limit (80/350/700) - 2024/02/19 20:44:22 UTC
Table: 'AFTER WORK(746249431)#0093' 6-max (real money) Seat #1 is the button
Seat 1: Heinsenbet2B (50900, 13.50€ bounty)
Seat 2: Algonzsen (53000, 9€ bounty)
Seat 3: Dixit179 (20778, 13.50€ bounty)
Seat 4: fish1320 (123979, 27€ bounty)
Seat 5: Mort-Vivant (17488, 9€ bounty)
Seat 6: torresmo123 (6710, 9€ bounty)
*** ANTE/BLINDS ***
Algonzsen posts ante 80
Dixit179 posts ante 80
Heinsenbet2B posts ante 80
fish1320 posts ante 80
Mort-Vivant posts ante 80
torresmo123 posts ante 80
Algonzsen posts small blind 350
Dixit179 posts big blind 700
Dealt to torresmo123 [Qd 3d]
*** PRE-FLOP *** 
fish1320 folds
Mort-Vivant folds
torresmo123 folds
Heinsenbet2B folds
Algonzsen folds
Dixit179 collected 1530 from pot
*** SUMMARY ***
Total pot 1530 | No rake
Seat 3: Dixit179 (big blind) won 1530


Winamax Poker - Tournament "AFTER WORK" buyIn: 18€ + 2€ level: 8 - HandId: #3205116900803608670-91-1708375482 - Holdem no limit (80/350/700) - 2024/02/19 20:44:42 UTC
Table: 'AFTER WORK(746249431)#0093' 6-max (real money) Seat #2 is the button
Seat 1: Heinsenbet2B (50820, 13.50€ bounty)
Seat 2: Algonzsen (52570, 9€ bounty)
Seat 3: Dixit179 (21528, 13.50€ bounty)
Seat 4: fish1320 (123899, 27€ bounty)
Seat 5: Mort-Vivant (17408, 9€ bounty)
Seat 6: torresmo123 (6630, 9€ bounty)
*** ANTE/BLINDS ***
Dixit179 posts ante 80
fish1320 posts ante 80
Heinsenbet2B posts ante 80
Algonzsen posts ante 80
Mort-Vivant posts ante 80
torresmo123 posts ante 80
Dixit179 posts small blind 350
fish1320 posts big blind 700
Dealt to torresmo123 [4h 7s]
*** PRE-FLOP *** 
Mort-Vivant folds
torresmo123 folds
Heinsenbet2B folds
Algonzsen calls 700
Dixit179 folds
fish1320 raises 2230 to 2930
Algonzsen calls 2230
*** FLOP *** [Qh 2c 6c]
fish1320 bets 4482
Algonzsen folds
fish1320 collected 11172 from pot
*** SUMMARY ***
Total pot 11172 | No rake
Board: [Qh 2c 6c]
Seat 4: fish1320 (big blind) won 11172


Winamax Poker - Tournament "AFTER WORK" buyIn: 18€ + 2€ level: 9 - HandId: #3205116900803608670-92-1708375533 - Holdem no limit (100/400/800) - 2024/02/19 20:45:33 UTC
Table: 'AFTER WORK(746249431)#0093' 6-max (real money) Seat #3 is the button
Seat 1: Heinsenbet2B (50740, 13.50€ bounty)
Seat 2: Algonzsen (49560, 9€ bounty)
Seat 3: Dixit179 (21098, 13.50€ bounty)
Seat 4: fish1320 (127579, 27€ bounty)
Seat 5: Mort-Vivant (17328, 9€ bounty)
Seat 6: torresmo123 (6550, 9€ bounty)
*** ANTE/BLINDS ***
fish1320 posts ante 100
Mort-Vivant posts ante 100
Heinsenbet2B posts ante 100
Algonzsen posts ante 100
Dixit179 posts ante 100
torresmo123 posts ante 100
fish1320 posts small blind 400
Mort-Vivant posts big blind 800
Dealt to torresmo123 [As Th]
*** PRE-FLOP *** 
torresmo123 raises 5650 to 6450 and is all-in
Heinsenbet2B folds
Algonzsen folds
Dixit179 raises 14548 to 20998 and is all-in
fish1320 folds
Mort-Vivant folds
*** FLOP *** [Qc Ad 4c]
*** TURN *** [Qc Ad 4c][Jd]
*** RIVER *** [Qc Ad 4c Jd][6s]
*** SHOW DOWN ***
torresmo123 shows [As Th] (One pair : Aces)
Dixit179 shows [Ac Js] (Two pairs : Aces and Jacks)
Dixit179 collected 29248 from pot
*** SUMMARY ***
Total pot 29248 | No rake
Board: [Qc Ad 4c Jd 6s]
Seat 3: Dixit179 (button) showed [Ac Js] and won 29248 with Two pairs : Aces and Jacks
Seat 6: torresmo123 showed [As Th] and lost with One pair : Aces


