Winamax Poker - Tournament "FLIPPER" buyIn: 18€ + 2€ level: 1 - HandId: #3205116703235112983-22-1708376460 - Holdem no limit (25/100/200) - 2024/02/19 21:01:00 UTC
Table: 'FLIPPER(746249385)#022' 6-max (real money) Seat #5 is the button
Seat 1: torresmo123 (20000, 9€ bounty)
Seat 2: Tata1407 (16076, 9€ bounty)
Seat 3: PORLAMAMA (16061, 9€ bounty)
Seat 4: gros gardons (22549, 9€ bounty)
Seat 5: Heinsenbet2B (24176, 9€ bounty)
Seat 6: Marmiton.org (15850, 9€ bounty)
*** ANTE/BLINDS ***
Marmiton.org posts ante 25
torresmo123 posts ante 25
Tata1407 posts ante 25
PORLAMAMA posts ante 25
gros gardons posts ante 25
Heinsenbet2B posts ante 25
Marmiton.org posts small blind 100
torresmo123 posts big blind 200
Dealt to torresmo123 [2d Kc]
*** PRE-FLOP *** 
Tata1407 raises 300 to 500
PORLAMAMA folds
gros gardons folds
Heinsenbet2B folds
Marmiton.org folds
torresmo123 calls 300
*** FLOP *** [9d 2c Qs]
torresmo123 checks
Tata1407 bets 500
torresmo123 calls 500
*** TURN *** [9d 2c Qs][Th]
torresmo123 checks
Tata1407 bets 1553
torresmo123 folds
Tata1407 collected 3803 from pot
*** SUMMARY ***
Total pot 3803 | No rake
Board: [9d 2c Qs Th]
Seat 2: Tata1407 won 3803


Winamax Poker - Tournament "FLIPPER" buyIn: 18€ + 2€ level: 1 - HandId: #3205116703235112983-23-1708376557 - Holdem no limit (25/100/200) - 2024/02/19 21:02:37 UTC
Table: 'FLIPPER(746249385)#022' 6-max (real money) Seat #6 is the button
Seat 1: torresmo123 (18975, 9€ bounty)
Seat 2: Tata1407 (17301, 9€ bounty)
Seat 3: PORLAMAMA (16036, 9€ bounty)
Seat 4: gros gardons (22524, 9€ bounty)
Seat 5: Heinsenbet2B (24151, 9€ bounty)
Seat 6: Marmiton.org (15725, 9€ bounty)
*** ANTE/BLINDS ***
torresmo123 posts ante 25
Tata1407 posts ante 25
PORLAMAMA posts ante 25
gros gardons posts ante 25
Heinsenbet2B posts ante 25
Marmiton.org posts ante 25
torresmo123 posts small blind 100
Tata1407 posts big blind 200
Dealt to torresmo123 [5c Kc]
*** PRE-FLOP *** 
PORLAMAMA raises 240 to 440
gros gardons folds
Heinsenbet2B calls 440
Marmiton.org folds
torresmo123 calls 340
Tata1407 calls 240
*** FLOP *** [8h 6c 7c]
torresmo123 checks
Tata1407 checks
PORLAMAMA checks
Heinsenbet2B checks
*** TURN *** [8h 6c 7c][7h]
torresmo123 checks
Tata1407 bets 1051
PORLAMAMA folds
Heinsenbet2B folds
torresmo123 calls 1051
*** RIVER *** [8h 6c 7c 7h][Kd]
torresmo123 checks
Tata1407 bets 2768
torresmo123 calls 2768
*** SHOW DOWN ***
Tata1407 shows [Jh 9s] (One pair : 7)
torresmo123 shows [5c Kc] (Two pairs : Kings and 7)
torresmo123 collected 9548 from pot
*** SUMMARY ***
Total pot 9548 | No rake
Board: [8h 6c 7c 7h Kd]
Seat 1: torresmo123 (small blind) showed [5c Kc] and won 9548 with Two pairs : Kings and 7
Seat 2: Tata1407 (big blind) showed [Jh 9s] and lost with One pair : 7


Winamax Poker - Tournament "FLIPPER" buyIn: 18€ + 2€ level: 1 - HandId: #3205116703235112983-24-1708376707 - Holdem no limit (25/100/200) - 2024/02/19 21:05:07 UTC
Table: 'FLIPPER(746249385)#022' 6-max (real money) Seat #1 is the button
Seat 1: torresmo123 (24239, 9€ bounty)
Seat 2: Tata1407 (13017, 9€ bounty)
Seat 3: PORLAMAMA (15571, 9€ bounty)
Seat 4: gros gardons (22499, 9€ bounty)
Seat 5: Heinsenbet2B (23686, 9€ bounty)
Seat 6: Marmiton.org (15700, 9€ bounty)
*** ANTE/BLINDS ***
Tata1407 posts ante 25
PORLAMAMA posts ante 25
torresmo123 posts ante 25
gros gardons posts ante 25
Heinsenbet2B posts ante 25
Marmiton.org posts ante 25
Tata1407 posts small blind 100
PORLAMAMA posts big blind 200
Dealt to torresmo123 [9c Jh]
*** PRE-FLOP *** 
gros gardons raises 400 to 600
Heinsenbet2B folds
Marmiton.org folds
torresmo123 folds
Tata1407 folds
PORLAMAMA folds
gros gardons collected 1050 from pot
*** SUMMARY ***
Total pot 1050 | No rake
Seat 4: gros gardons won 1050


Winamax Poker - Tournament "FLIPPER" buyIn: 18€ + 2€ level: 1 - HandId: #3205116703235112983-25-1708376739 - Holdem no limit (25/100/200) - 2024/02/19 21:05:39 UTC
Table: 'FLIPPER(746249385)#022' 6-max (real money) Seat #2 is the button
Seat 1: torresmo123 (24214, 9€ bounty)
Seat 2: Tata1407 (12892, 9€ bounty)
Seat 3: PORLAMAMA (15346, 9€ bounty)
Seat 4: gros gardons (22924, 9€ bounty)
Seat 5: Heinsenbet2B (23661, 9€ bounty)
Seat 6: Marmiton.org (15675, 9€ bounty)
*** ANTE/BLINDS ***
PORLAMAMA posts ante 25
gros gardons posts ante 25
torresmo123 posts ante 25
Tata1407 posts ante 25
Heinsenbet2B posts ante 25
Marmiton.org posts ante 25
PORLAMAMA posts small blind 100
gros gardons posts big blind 200
Dealt to torresmo123 [2c 5s]
*** PRE-FLOP *** 
Heinsenbet2B folds
Marmiton.org raises 200 to 400
torresmo123 folds
Tata1407 folds
PORLAMAMA folds
gros gardons calls 200
*** FLOP *** [6d Ac 3d]
gros gardons checks
Marmiton.org bets 263
gros gardons calls 263
*** TURN *** [6d Ac 3d][4c]
gros gardons checks
Marmiton.org bets 1576
gros gardons folds
Marmiton.org collected 3152 from pot
*** SUMMARY ***
Total pot 3152 | No rake
Board: [6d Ac 3d 4c]
Seat 6: Marmiton.org won 3152


Winamax Poker - Tournament "FLIPPER" buyIn: 18€ + 2€ level: 2 - HandId: #3205116703235112983-26-1708376794 - Holdem no limit (30/125/250) - 2024/02/19 21:06:34 UTC
Table: 'FLIPPER(746249385)#022' 6-max (real money) Seat #3 is the button
Seat 1: torresmo123 (24189, 9€ bounty)
Seat 2: Tata1407 (12867, 9€ bounty)
Seat 3: PORLAMAMA (15221, 9€ bounty)
Seat 4: gros gardons (22236, 9€ bounty)
Seat 5: Heinsenbet2B (23636, 9€ bounty)
Seat 6: Marmiton.org (16563, 9€ bounty)
*** ANTE/BLINDS ***
gros gardons posts ante 30
Heinsenbet2B posts ante 30
torresmo123 posts ante 30
Tata1407 posts ante 30
PORLAMAMA posts ante 30
Marmiton.org posts ante 30
gros gardons posts small blind 125
Heinsenbet2B posts big blind 250
Dealt to torresmo123 [5d 5c]
*** PRE-FLOP *** 
Marmiton.org folds
torresmo123 folds
Tata1407 folds
PORLAMAMA raises 300 to 550
gros gardons folds
Heinsenbet2B folds
PORLAMAMA collected 1105 from pot
*** SUMMARY ***
Total pot 1105 | No rake
Seat 3: PORLAMAMA (button) won 1105


Winamax Poker - Tournament "FLIPPER" buyIn: 18€ + 2€ level: 2 - HandId: #3205116703235112983-27-1708376838 - Holdem no limit (30/125/250) - 2024/02/19 21:07:18 UTC
Table: 'FLIPPER(746249385)#022' 6-max (real money) Seat #4 is the button
Seat 1: torresmo123 (24159, 9€ bounty)
Seat 2: Tata1407 (12837, 9€ bounty)
Seat 3: PORLAMAMA (15746, 9€ bounty)
Seat 4: gros gardons (22081, 9€ bounty)
Seat 5: Heinsenbet2B (23356, 9€ bounty)
Seat 6: Marmiton.org (16533, 9€ bounty)
*** ANTE/BLINDS ***
Heinsenbet2B posts ante 30
Marmiton.org posts ante 30
torresmo123 posts ante 30
Tata1407 posts ante 30
PORLAMAMA posts ante 30
gros gardons posts ante 30
Heinsenbet2B posts small blind 125
Marmiton.org posts big blind 250
Dealt to torresmo123 [Kh 7h]
*** PRE-FLOP *** 
torresmo123 raises 250 to 500
Tata1407 folds
PORLAMAMA folds
gros gardons folds
Heinsenbet2B raises 1500 to 2000
Marmiton.org raises 2922 to 4922
torresmo123 folds
Heinsenbet2B raises 18404 to 23326 and is all-in
Marmiton.org calls 11581 and is all-in
*** FLOP *** [5c 4c Qh]
*** TURN *** [5c 4c Qh][2d]
*** RIVER *** [5c 4c Qh 2d][Ks]
*** SHOW DOWN ***
Heinsenbet2B shows [Ad Qc] (One pair : Queens)
Marmiton.org shows [Ac Kc] (One pair : Kings)
Marmiton.org collected 33686 from main pot
Heinsenbet2B collected 6823 from side pot 1
*** SUMMARY ***
Total pot 40509 | No rake
Board: [5c 4c Qh 2d Ks]
Seat 5: Heinsenbet2B (small blind) showed [Ad Qc] and won 6823 with One pair : Queens
Seat 6: Marmiton.org (big blind) showed [Ac Kc] and won 33686 with One pair : Kings


Winamax Poker - Tournament "FLIPPER" buyIn: 18€ + 2€ level: 2 - HandId: #3205116703235112983-28-1708376903 - Holdem no limit (30/125/250) - 2024/02/19 21:08:23 UTC
Table: 'FLIPPER(746249385)#022' 6-max (real money) Seat #5 is the button
Seat 1: torresmo123 (23629, 9€ bounty)
Seat 2: Tata1407 (12807, 9€ bounty)
Seat 3: PORLAMAMA (15716, 9€ bounty)
Seat 4: gros gardons (22051, 9€ bounty)
Seat 5: Heinsenbet2B (6823, 9€ bounty)
Seat 6: Marmiton.org (33686, 9€ bounty)
*** ANTE/BLINDS ***
Marmiton.org posts ante 30
torresmo123 posts ante 30
Tata1407 posts ante 30
PORLAMAMA posts ante 30
gros gardons posts ante 30
Heinsenbet2B posts ante 30
Marmiton.org posts small blind 125
torresmo123 posts big blind 250
Dealt to torresmo123 [Tc Td]
*** PRE-FLOP *** 
Tata1407 folds
PORLAMAMA raises 300 to 550
gros gardons folds
Heinsenbet2B calls 550
Marmiton.org folds
torresmo123 raises 1825 to 2375
PORLAMAMA calls 1825
Heinsenbet2B folds
*** FLOP *** [7c 7d 2c]
torresmo123 bets 1375
PORLAMAMA calls 1375
*** TURN *** [7c 7d 2c][Ad]
torresmo123 checks
PORLAMAMA checks
*** RIVER *** [7c 7d 2c Ad][Js]
torresmo123 checks
PORLAMAMA bets 11936 and is all-in
torresmo123 folds
PORLAMAMA collected 20291 from pot
*** SUMMARY ***
Total pot 20291 | No rake
Board: [7c 7d 2c Ad Js]
Seat 3: PORLAMAMA won 20291


Winamax Poker - Tournament "FLIPPER" buyIn: 18€ + 2€ level: 2 - HandId: #3205116703235112983-29-1708377041 - Holdem no limit (30/125/250) - 2024/02/19 21:10:41 UTC
Table: 'FLIPPER(746249385)#022' 6-max (real money) Seat #6 is the button
Seat 1: torresmo123 (19849, 9€ bounty)
Seat 2: Tata1407 (12777, 9€ bounty)
Seat 3: PORLAMAMA (20291, 9€ bounty)
Seat 4: gros gardons (22021, 9€ bounty)
Seat 5: Heinsenbet2B (6243, 9€ bounty)
Seat 6: Marmiton.org (33531, 9€ bounty)
*** ANTE/BLINDS ***
torresmo123 posts ante 30
Tata1407 posts ante 30
PORLAMAMA posts ante 30
gros gardons posts ante 30
Heinsenbet2B posts ante 30
Marmiton.org posts ante 30
torresmo123 posts small blind 125
Tata1407 posts big blind 250
Dealt to torresmo123 [8c Jd]
*** PRE-FLOP *** 
PORLAMAMA raises 300 to 550
gros gardons folds
Heinsenbet2B folds
Marmiton.org calls 550
torresmo123 folds
Tata1407 folds
*** FLOP *** [Ad 6c Tc]
PORLAMAMA checks
Marmiton.org bets 828
PORLAMAMA calls 828
*** TURN *** [Ad 6c Tc][Th]
PORLAMAMA checks
Marmiton.org bets 3311
PORLAMAMA calls 3311
*** RIVER *** [Ad 6c Tc Th][7c]
PORLAMAMA checks
Marmiton.org checks
*** SHOW DOWN ***
Marmiton.org shows [Jc Qh] (One pair : Tens)
PORLAMAMA shows [9c As] (Two pairs : Aces and Tens)
PORLAMAMA collected 9933 from pot
*** SUMMARY ***
Total pot 9933 | No rake
Board: [Ad 6c Tc Th 7c]
Seat 3: PORLAMAMA showed [9c As] and won 9933 with Two pairs : Aces and Tens
Seat 6: Marmiton.org (button) showed [Jc Qh] and lost with One pair : Tens


Winamax Poker - Tournament "FLIPPER" buyIn: 18€ + 2€ level: 2 - HandId: #3205116703235112983-30-1708377093 - Holdem no limit (30/125/250) - 2024/02/19 21:11:33 UTC
Table: 'FLIPPER(746249385)#022' 6-max (real money) Seat #1 is the button
Seat 1: torresmo123 (19694, 9€ bounty)
Seat 2: Tata1407 (12497, 9€ bounty)
Seat 3: PORLAMAMA (25505, 9€ bounty)
Seat 4: gros gardons (21991, 9€ bounty)
Seat 5: Heinsenbet2B (6213, 9€ bounty)
Seat 6: Marmiton.org (28812, 9€ bounty)
*** ANTE/BLINDS ***
Tata1407 posts ante 30
PORLAMAMA posts ante 30
torresmo123 posts ante 30
gros gardons posts ante 30
Heinsenbet2B posts ante 30
Marmiton.org posts ante 30
Tata1407 posts small blind 125
PORLAMAMA posts big blind 250
Dealt to torresmo123 [9s Kc]
*** PRE-FLOP *** 
gros gardons folds
Heinsenbet2B raises 250 to 500
Marmiton.org folds
torresmo123 folds
Tata1407 calls 375
PORLAMAMA raises 1500 to 2000
Heinsenbet2B folds
Tata1407 folds
PORLAMAMA collected 3180 from pot
*** SUMMARY ***
Total pot 3180 | No rake
Seat 3: PORLAMAMA (big blind) won 3180


Winamax Poker - Tournament "FLIPPER" buyIn: 18€ + 2€ level: 3 - HandId: #3205116703235112983-31-1708377139 - Holdem no limit (35/150/300) - 2024/02/19 21:12:19 UTC
Table: 'FLIPPER(746249385)#022' 6-max (real money) Seat #2 is the button
Seat 1: torresmo123 (19664, 9€ bounty)
Seat 2: Tata1407 (11967, 9€ bounty)
Seat 3: PORLAMAMA (26655, 9€ bounty)
Seat 4: gros gardons (21961, 9€ bounty)
Seat 5: Heinsenbet2B (5683, 9€ bounty)
Seat 6: Marmiton.org (28782, 9€ bounty)
*** ANTE/BLINDS ***
PORLAMAMA posts ante 35
gros gardons posts ante 35
torresmo123 posts ante 35
Tata1407 posts ante 35
Heinsenbet2B posts ante 35
Marmiton.org posts ante 35
PORLAMAMA posts small blind 150
gros gardons posts big blind 300
Dealt to torresmo123 [6d 8h]
*** PRE-FLOP *** 
Heinsenbet2B folds
Marmiton.org folds
torresmo123 folds
Tata1407 raises 450 to 750
PORLAMAMA folds
gros gardons folds
Tata1407 collected 1410 from pot
*** SUMMARY ***
Total pot 1410 | No rake
Seat 2: Tata1407 (button) won 1410


Winamax Poker - Tournament "FLIPPER" buyIn: 18€ + 2€ level: 3 - HandId: #3205116703235112983-32-1708377169 - Holdem no limit (35/150/300) - 2024/02/19 21:12:49 UTC
Table: 'FLIPPER(746249385)#022' 6-max (real money) Seat #3 is the button
Seat 1: torresmo123 (19629, 9€ bounty)
Seat 2: Tata1407 (12592, 9€ bounty)
Seat 3: PORLAMAMA (26470, 9€ bounty)
Seat 4: gros gardons (21626, 9€ bounty)
Seat 5: Heinsenbet2B (5648, 9€ bounty)
Seat 6: Marmiton.org (28747, 9€ bounty)
*** ANTE/BLINDS ***
gros gardons posts ante 35
Heinsenbet2B posts ante 35
torresmo123 posts ante 35
Tata1407 posts ante 35
PORLAMAMA posts ante 35
Marmiton.org posts ante 35
gros gardons posts small blind 150
Heinsenbet2B posts big blind 300
Dealt to torresmo123 [Ks 9c]
*** PRE-FLOP *** 
Marmiton.org raises 375 to 675
torresmo123 folds
Tata1407 folds
PORLAMAMA calls 675
gros gardons folds
Heinsenbet2B folds
*** FLOP *** [Ac 4c Ah]
Marmiton.org checks
PORLAMAMA checks
*** TURN *** [Ac 4c Ah][5d]
Marmiton.org checks
PORLAMAMA bets 663
Marmiton.org raises 2536 to 3199
PORLAMAMA calls 2536
*** RIVER *** [Ac 4c Ah 5d][3c]
Marmiton.org bets 24838 and is all-in
PORLAMAMA folds
Marmiton.org collected 33246 from pot
*** SUMMARY ***
Total pot 33246 | No rake
Board: [Ac 4c Ah 5d 3c]
Seat 6: Marmiton.org won 33246


Winamax Poker - Tournament "FLIPPER" buyIn: 18€ + 2€ level: 1 - HandId: #3205116703235113034-1-1708377261 - Holdem no limit (35/150/300) - 2024/02/19 21:14:21 UTC
Table: 'FLIPPER(746249385)#073' 6-max (real money) Seat #6 is the button
Seat 1: HuXyaXya (22193, 13.50€ bounty)
Seat 2: BELUGA 68 (24687, 18€ bounty)
Seat 3: torresmo123 (19594, 9€ bounty)
Seat 4: yoogg (19165, 9€ bounty)
Seat 6: LUX 22 (20000, 9€ bounty)
*** ANTE/BLINDS ***
torresmo123 posts ante 35
yoogg posts ante 35
LUX 22 posts ante 35
torresmo123 posts small blind 150
yoogg posts big blind 300
Dealt to torresmo123 [Qh 5d]
*** PRE-FLOP *** 
LUX 22 calls 300
torresmo123 calls 150
yoogg checks
*** FLOP *** [3s 9c 7c]
torresmo123 checks
yoogg checks
LUX 22 checks
*** TURN *** [3s 9c 7c][6c]
torresmo123 checks
yoogg checks
LUX 22 bets 300
torresmo123 calls 300
yoogg calls 300
*** RIVER *** [3s 9c 7c 6c][Tc]
torresmo123 checks
yoogg bets 1800
LUX 22 raises 1800 to 3600
torresmo123 folds
yoogg folds
LUX 22 collected 7305 from pot
*** SUMMARY ***
Total pot 7305 | No rake
Board: [3s 9c 7c 6c Tc]
Seat 6: LUX 22 (button) won 7305


Winamax Poker - Tournament "FLIPPER" buyIn: 18€ + 2€ level: 1 - HandId: #3205116703235113034-2-1708377359 - Holdem no limit (35/150/300) - 2024/02/19 21:15:59 UTC
Table: 'FLIPPER(746249385)#073' 6-max (real money) Seat #3 is the button
Seat 1: HuXyaXya (22193, 13.50€ bounty)
Seat 2: BELUGA 68 (24687, 18€ bounty)
Seat 3: torresmo123 (18959, 9€ bounty)
Seat 4: yoogg (16730, 9€ bounty)
Seat 5: Bob.Falzar (20000, 9€ bounty)
Seat 6: LUX 22 (23070, 9€ bounty)
*** ANTE/BLINDS ***
yoogg posts ante 35
Bob.Falzar posts ante 35
HuXyaXya posts ante 35
BELUGA 68 posts ante 35
torresmo123 posts ante 35
LUX 22 posts ante 35
yoogg posts small blind 150
Bob.Falzar posts big blind 300
Dealt to torresmo123 [Kh 6s]
*** PRE-FLOP *** 
LUX 22 calls 300
HuXyaXya folds
BELUGA 68 folds
torresmo123 folds
yoogg folds
Bob.Falzar checks
*** FLOP *** [5c Qh 2s]
Bob.Falzar checks
LUX 22 checks
*** TURN *** [5c Qh 2s][8d]
Bob.Falzar checks
LUX 22 checks
*** RIVER *** [5c Qh 2s 8d][9d]
Bob.Falzar checks
LUX 22 bets 300
Bob.Falzar folds
LUX 22 collected 1260 from pot
*** SUMMARY ***
Total pot 1260 | No rake
Board: [5c Qh 2s 8d 9d]
Seat 6: LUX 22 won 1260


Winamax Poker - Tournament "FLIPPER" buyIn: 18€ + 2€ level: 4 - HandId: #3205116703235113034-3-1708377489 - Holdem no limit (40/175/350) - 2024/02/19 21:18:09 UTC
Table: 'FLIPPER(746249385)#073' 6-max (real money) Seat #4 is the button
Seat 1: HuXyaXya (22158, 13.50€ bounty)
Seat 2: BELUGA 68 (24652, 18€ bounty)
Seat 3: torresmo123 (18924, 9€ bounty)
Seat 4: yoogg (16545, 9€ bounty)
Seat 5: Bob.Falzar (19665, 9€ bounty)
Seat 6: LUX 22 (23695, 9€ bounty)
*** ANTE/BLINDS ***
Bob.Falzar posts ante 40
LUX 22 posts ante 40
HuXyaXya posts ante 40
BELUGA 68 posts ante 40
torresmo123 posts ante 40
yoogg posts ante 40
Bob.Falzar posts small blind 175
LUX 22 posts big blind 350
Dealt to torresmo123 [Ks 7h]
*** PRE-FLOP *** 
HuXyaXya folds
BELUGA 68 folds
torresmo123 folds
yoogg raises 350 to 700
Bob.Falzar raises 2450 to 3150
LUX 22 folds
yoogg folds
Bob.Falzar collected 4440 from pot
*** SUMMARY ***
Total pot 4440 | No rake
Seat 5: Bob.Falzar (small blind) won 4440


Winamax Poker - Tournament "FLIPPER" buyIn: 18€ + 2€ level: 4 - HandId: #3205116703235113034-4-1708377531 - Holdem no limit (40/175/350) - 2024/02/19 21:18:51 UTC
Table: 'FLIPPER(746249385)#073' 6-max (real money) Seat #5 is the button
Seat 1: HuXyaXya (22118, 13.50€ bounty)
Seat 2: BELUGA 68 (24612, 18€ bounty)
Seat 3: torresmo123 (18884, 9€ bounty)
Seat 4: yoogg (15805, 9€ bounty)
Seat 5: Bob.Falzar (20915, 9€ bounty)
Seat 6: LUX 22 (23305, 9€ bounty)
*** ANTE/BLINDS ***
LUX 22 posts ante 40
HuXyaXya posts ante 40
BELUGA 68 posts ante 40
torresmo123 posts ante 40
yoogg posts ante 40
Bob.Falzar posts ante 40
LUX 22 posts small blind 175
HuXyaXya posts big blind 350
Dealt to torresmo123 [8h 5c]
*** PRE-FLOP *** 
BELUGA 68 raises 385 to 735
torresmo123 folds
yoogg folds
Bob.Falzar folds
LUX 22 folds
HuXyaXya calls 385
*** FLOP *** [2s 7s 7d]
HuXyaXya checks
BELUGA 68 checks
*** TURN *** [2s 7s 7d][7h]
HuXyaXya checks
BELUGA 68 checks
*** RIVER *** [2s 7s 7d 7h][8d]
HuXyaXya bets 2800
BELUGA 68 folds
HuXyaXya collected 4685 from pot
*** SUMMARY ***
Total pot 4685 | No rake
Board: [2s 7s 7d 7h 8d]
Seat 1: HuXyaXya (big blind) won 4685


Winamax Poker - Tournament "FLIPPER" buyIn: 18€ + 2€ level: 4 - HandId: #3205116703235113034-5-1708377625 - Holdem no limit (40/175/350) - 2024/02/19 21:20:25 UTC
Table: 'FLIPPER(746249385)#073' 6-max (real money) Seat #6 is the button
Seat 1: HuXyaXya (23228, 13.50€ bounty)
Seat 2: BELUGA 68 (23837, 18€ bounty)
Seat 3: torresmo123 (18844, 9€ bounty)
Seat 4: yoogg (15765, 9€ bounty)
Seat 5: Bob.Falzar (20875, 9€ bounty)
Seat 6: LUX 22 (23090, 9€ bounty)
*** ANTE/BLINDS ***
HuXyaXya posts ante 40
BELUGA 68 posts ante 40
torresmo123 posts ante 40
yoogg posts ante 40
Bob.Falzar posts ante 40
LUX 22 posts ante 40
HuXyaXya posts small blind 175
BELUGA 68 posts big blind 350
Dealt to torresmo123 [6s Th]
*** PRE-FLOP *** 
torresmo123 folds
yoogg folds
Bob.Falzar folds
LUX 22 calls 350
HuXyaXya calls 175
BELUGA 68 checks
*** FLOP *** [Kd 7d 8h]
HuXyaXya bets 426
BELUGA 68 calls 426
LUX 22 raises 426 to 852
HuXyaXya folds
BELUGA 68 calls 426
*** TURN *** [Kd 7d 8h][3s]
BELUGA 68 checks
LUX 22 bets 3420
BELUGA 68 folds
LUX 22 collected 6840 from pot
*** SUMMARY ***
Total pot 6840 | No rake
Board: [Kd 7d 8h 3s]
Seat 6: LUX 22 (button) won 6840


Winamax Poker - Tournament "FLIPPER" buyIn: 18€ + 2€ level: 4 - HandId: #3205116703235113034-6-1708377677 - Holdem no limit (40/175/350) - 2024/02/19 21:21:17 UTC
Table: 'FLIPPER(746249385)#073' 6-max (real money) Seat #1 is the button
Seat 1: HuXyaXya (22412, 13.50€ bounty)
Seat 2: BELUGA 68 (22595, 18€ bounty)
Seat 3: torresmo123 (18804, 9€ bounty)
Seat 4: yoogg (15725, 9€ bounty)
Seat 5: Bob.Falzar (20835, 9€ bounty)
Seat 6: LUX 22 (25268, 9€ bounty)
*** ANTE/BLINDS ***
BELUGA 68 posts ante 40
torresmo123 posts ante 40
HuXyaXya posts ante 40
yoogg posts ante 40
Bob.Falzar posts ante 40
LUX 22 posts ante 40
BELUGA 68 posts small blind 175
torresmo123 posts big blind 350
Dealt to torresmo123 [Qh Ad]
*** PRE-FLOP *** 
yoogg folds
Bob.Falzar folds
LUX 22 calls 350
HuXyaXya folds
BELUGA 68 calls 175
torresmo123 raises 2100 to 2450
LUX 22 calls 2100
BELUGA 68 folds
*** FLOP *** [7s 2s 9h]
torresmo123 checks
LUX 22 bets 5490
torresmo123 folds
LUX 22 collected 10980 from pot
*** SUMMARY ***
Total pot 10980 | No rake
Board: [7s 2s 9h]
Seat 6: LUX 22 won 10980


Winamax Poker - Tournament "FLIPPER" buyIn: 18€ + 2€ level: 4 - HandId: #3205116703235113034-7-1708377770 - Holdem no limit (40/175/350) - 2024/02/19 21:22:50 UTC
Table: 'FLIPPER(746249385)#073' 6-max (real money) Seat #2 is the button
Seat 1: HuXyaXya (22372, 13.50€ bounty)
Seat 2: BELUGA 68 (22205, 18€ bounty)
Seat 3: torresmo123 (16314, 9€ bounty)
Seat 4: yoogg (15685, 9€ bounty)
Seat 5: Bob.Falzar (20795, 9€ bounty)
Seat 6: LUX 22 (28268, 9€ bounty)
*** ANTE/BLINDS ***
torresmo123 posts ante 40
yoogg posts ante 40
HuXyaXya posts ante 40
BELUGA 68 posts ante 40
Bob.Falzar posts ante 40
LUX 22 posts ante 40
torresmo123 posts small blind 175
yoogg posts big blind 350
Dealt to torresmo123 [4d Qd]
*** PRE-FLOP *** 
Bob.Falzar folds
LUX 22 folds
HuXyaXya folds
BELUGA 68 raises 385 to 735
torresmo123 calls 560
yoogg folds
*** FLOP *** [5d 3d 3s]
torresmo123 checks
BELUGA 68 bets 721
torresmo123 calls 721
*** TURN *** [5d 3d 3s][Jd]
torresmo123 checks
BELUGA 68 bets 1751
torresmo123 raises 3064 to 4815
BELUGA 68 calls 3064
*** RIVER *** [5d 3d 3s Jd][5h]
torresmo123 bets 10003 and is all-in
BELUGA 68 folds
torresmo123 collected 23135 from pot
*** SUMMARY ***
Total pot 23135 | No rake
Board: [5d 3d 3s Jd 5h]
Seat 3: torresmo123 (small blind) won 23135


Winamax Poker - Tournament "FLIPPER" buyIn: 18€ + 2€ level: 5 - HandId: #3205116703235113034-8-1708377876 - Holdem no limit (50/200/400) - 2024/02/19 21:24:36 UTC
Table: 'FLIPPER(746249385)#073' 6-max (real money) Seat #3 is the button
Seat 1: HuXyaXya (22332, 13.50€ bounty)
Seat 2: BELUGA 68 (15894, 18€ bounty)
Seat 3: torresmo123 (23135, 9€ bounty)
Seat 4: yoogg (15295, 9€ bounty)
Seat 5: Bob.Falzar (20755, 9€ bounty)
Seat 6: LUX 22 (28228, 9€ bounty)
*** ANTE/BLINDS ***
yoogg posts ante 50
Bob.Falzar posts ante 50
HuXyaXya posts ante 50
BELUGA 68 posts ante 50
torresmo123 posts ante 50
LUX 22 posts ante 50
yoogg posts small blind 200
Bob.Falzar posts big blind 400
Dealt to torresmo123 [9d 7d]
*** PRE-FLOP *** 
LUX 22 folds
HuXyaXya folds
BELUGA 68 folds
torresmo123 raises 400 to 800
yoogg raises 14445 to 15245 and is all-in
Bob.Falzar folds
torresmo123 folds
yoogg collected 16745 from pot
*** SUMMARY ***
Total pot 16745 | No rake
Seat 4: yoogg (small blind) won 16745


Winamax Poker - Tournament "FLIPPER" buyIn: 18€ + 2€ level: 5 - HandId: #3205116703235113034-9-1708377916 - Holdem no limit (50/200/400) - 2024/02/19 21:25:16 UTC
Table: 'FLIPPER(746249385)#073' 6-max (real money) Seat #4 is the button
Seat 1: HuXyaXya (22282, 13.50€ bounty)
Seat 2: BELUGA 68 (15844, 18€ bounty)
Seat 3: torresmo123 (22285, 9€ bounty)
Seat 4: yoogg (16745, 9€ bounty)
Seat 5: Bob.Falzar (20305, 9€ bounty)
Seat 6: LUX 22 (28178, 9€ bounty)
*** ANTE/BLINDS ***
Bob.Falzar posts ante 50
LUX 22 posts ante 50
HuXyaXya posts ante 50
BELUGA 68 posts ante 50
torresmo123 posts ante 50
yoogg posts ante 50
Bob.Falzar posts small blind 200
LUX 22 posts big blind 400
Dealt to torresmo123 [4c 7c]
*** PRE-FLOP *** 
HuXyaXya folds
BELUGA 68 folds
torresmo123 folds
yoogg folds
Bob.Falzar calls 200
LUX 22 checks
*** FLOP *** [3h Ad Jh]
Bob.Falzar checks
LUX 22 bets 400
Bob.Falzar calls 400
*** TURN *** [3h Ad Jh][Ah]
Bob.Falzar checks
LUX 22 bets 400
Bob.Falzar calls 400
*** RIVER *** [3h Ad Jh Ah][5d]
Bob.Falzar checks
LUX 22 bets 945
Bob.Falzar calls 945
*** SHOW DOWN ***
Bob.Falzar shows [7d Jd] (Two pairs : Aces and Jacks)
LUX 22 shows [3d 3c] (Full of 3 and Aces)
LUX 22 collected 4590 from pot
*** SUMMARY ***
Total pot 4590 | No rake
Board: [3h Ad Jh Ah 5d]
Seat 5: Bob.Falzar (small blind) showed [7d Jd] and lost with Two pairs : Aces and Jacks
Seat 6: LUX 22 (big blind) showed [3d 3c] and won 4590 with Full of 3 and Aces


Winamax Poker - Tournament "FLIPPER" buyIn: 18€ + 2€ level: 5 - HandId: #3205116703235113034-10-1708378004 - Holdem no limit (50/200/400) - 2024/02/19 21:26:44 UTC
Table: 'FLIPPER(746249385)#073' 6-max (real money) Seat #5 is the button
Seat 1: HuXyaXya (22232, 13.50€ bounty)
Seat 2: BELUGA 68 (15794, 18€ bounty)
Seat 3: torresmo123 (22235, 9€ bounty)
Seat 4: yoogg (16695, 9€ bounty)
Seat 5: Bob.Falzar (18110, 9€ bounty)
Seat 6: LUX 22 (30573, 9€ bounty)
*** ANTE/BLINDS ***
LUX 22 posts ante 50
HuXyaXya posts ante 50
BELUGA 68 posts ante 50
torresmo123 posts ante 50
yoogg posts ante 50
Bob.Falzar posts ante 50
LUX 22 posts small blind 200
HuXyaXya posts big blind 400
Dealt to torresmo123 [7c Qs]
*** PRE-FLOP *** 
BELUGA 68 folds
torresmo123 folds
yoogg raises 400 to 800
Bob.Falzar folds
LUX 22 calls 600
HuXyaXya calls 400
*** FLOP *** [Jd Ah 8s]
LUX 22 checks
HuXyaXya checks
yoogg checks
*** TURN *** [Jd Ah 8s][Th]
LUX 22 checks
HuXyaXya bets 2400
yoogg folds
LUX 22 calls 2400
*** RIVER *** [Jd Ah 8s Th][6c]
LUX 22 checks
HuXyaXya checks
*** SHOW DOWN ***
HuXyaXya shows [9s 5s] (High card : Ace)
LUX 22 shows [Tc 9c] (One pair : Tens)
LUX 22 collected 7500 from pot
*** SUMMARY ***
Total pot 7500 | No rake
Board: [Jd Ah 8s Th 6c]
Seat 1: HuXyaXya (big blind) showed [9s 5s] and lost with High card : Ace
Seat 6: LUX 22 (small blind) showed [Tc 9c] and won 7500 with One pair : Tens


Winamax Poker - Tournament "FLIPPER" buyIn: 18€ + 2€ level: 5 - HandId: #3205116703235113034-11-1708378072 - Holdem no limit (50/200/400) - 2024/02/19 21:27:52 UTC
Table: 'FLIPPER(746249385)#073' 6-max (real money) Seat #6 is the button
Seat 1: HuXyaXya (18982, 13.50€ bounty)
Seat 2: BELUGA 68 (15744, 18€ bounty)
Seat 3: torresmo123 (22185, 9€ bounty)
Seat 4: yoogg (15845, 9€ bounty)
Seat 5: Bob.Falzar (18060, 9€ bounty)
Seat 6: LUX 22 (34823, 9€ bounty)
*** ANTE/BLINDS ***
HuXyaXya posts ante 50
BELUGA 68 posts ante 50
torresmo123 posts ante 50
yoogg posts ante 50
Bob.Falzar posts ante 50
LUX 22 posts ante 50
HuXyaXya posts small blind 200
BELUGA 68 posts big blind 400
Dealt to torresmo123 [Qc Ts]
*** PRE-FLOP *** 
torresmo123 raises 400 to 800
yoogg folds
Bob.Falzar calls 800
LUX 22 folds
HuXyaXya folds
BELUGA 68 folds
*** FLOP *** [2c 4d 3s]
torresmo123 checks
Bob.Falzar checks
*** TURN *** [2c 4d 3s][4h]
torresmo123 bets 2125
Bob.Falzar folds
torresmo123 collected 4625 from pot
*** SUMMARY ***
Total pot 4625 | No rake
Board: [2c 4d 3s 4h]
Seat 3: torresmo123 won 4625


Winamax Poker - Tournament "FLIPPER" buyIn: 18€ + 2€ level: 5 - HandId: #3205116703235113034-12-1708378160 - Holdem no limit (50/200/400) - 2024/02/19 21:29:20 UTC
Table: 'FLIPPER(746249385)#073' 6-max (real money) Seat #1 is the button
Seat 1: HuXyaXya (18732, 13.50€ bounty)
Seat 2: BELUGA 68 (15294, 18€ bounty)
Seat 3: torresmo123 (23835, 9€ bounty)
Seat 4: yoogg (15795, 9€ bounty)
Seat 5: Bob.Falzar (17210, 9€ bounty)
Seat 6: LUX 22 (34773, 9€ bounty)
*** ANTE/BLINDS ***
BELUGA 68 posts ante 50
torresmo123 posts ante 50
HuXyaXya posts ante 50
yoogg posts ante 50
Bob.Falzar posts ante 50
LUX 22 posts ante 50
BELUGA 68 posts small blind 200
torresmo123 posts big blind 400
Dealt to torresmo123 [8d 9s]
*** PRE-FLOP *** 
yoogg raises 400 to 800
Bob.Falzar folds
LUX 22 folds
HuXyaXya folds
BELUGA 68 folds
torresmo123 calls 400
*** FLOP *** [Ac Js 4c]
torresmo123 checks
yoogg bets 735
torresmo123 folds
yoogg collected 2835 from pot
*** SUMMARY ***
Total pot 2835 | No rake
Board: [Ac Js 4c]
Seat 4: yoogg won 2835


Winamax Poker - Tournament "FLIPPER" buyIn: 18€ + 2€ level: 6 - HandId: #3205116703235113034-13-1708378206 - Holdem no limit (60/250/500) - 2024/02/19 21:30:06 UTC
Table: 'FLIPPER(746249385)#073' 6-max (real money) Seat #2 is the button
Seat 1: HuXyaXya (18682, 13.50€ bounty)
Seat 2: BELUGA 68 (15044, 18€ bounty)
Seat 3: torresmo123 (22985, 9€ bounty)
Seat 4: yoogg (17045, 9€ bounty)
Seat 5: Bob.Falzar (17160, 9€ bounty)
Seat 6: LUX 22 (34723, 9€ bounty)
*** ANTE/BLINDS ***
torresmo123 posts ante 60
yoogg posts ante 60
HuXyaXya posts ante 60
BELUGA 68 posts ante 60
Bob.Falzar posts ante 60
LUX 22 posts ante 60
torresmo123 posts small blind 250
yoogg posts big blind 500
Dealt to torresmo123 [2s 4s]
*** PRE-FLOP *** 
Bob.Falzar folds
LUX 22 calls 500
HuXyaXya folds
BELUGA 68 folds
torresmo123 calls 250
yoogg checks
*** FLOP *** [8s Kd Tc]
torresmo123 checks
yoogg checks
LUX 22 bets 500
torresmo123 folds
yoogg folds
LUX 22 collected 2360 from pot
*** SUMMARY ***
Total pot 2360 | No rake
Board: [8s Kd Tc]
Seat 6: LUX 22 won 2360


Winamax Poker - Tournament "FLIPPER" buyIn: 18€ + 2€ level: 6 - HandId: #3205116703235113034-14-1708378256 - Holdem no limit (60/250/500) - 2024/02/19 21:30:56 UTC
Table: 'FLIPPER(746249385)#073' 6-max (real money) Seat #3 is the button
Seat 1: HuXyaXya (18622, 13.50€ bounty)
Seat 2: BELUGA 68 (14984, 18€ bounty)
Seat 3: torresmo123 (22425, 9€ bounty)
Seat 4: yoogg (16485, 9€ bounty)
Seat 5: Bob.Falzar (17100, 9€ bounty)
Seat 6: LUX 22 (36023, 9€ bounty)
*** ANTE/BLINDS ***
yoogg posts ante 60
Bob.Falzar posts ante 60
HuXyaXya posts ante 60
BELUGA 68 posts ante 60
torresmo123 posts ante 60
LUX 22 posts ante 60
yoogg posts small blind 250
Bob.Falzar posts big blind 500
Dealt to torresmo123 [3h 8h]
*** PRE-FLOP *** 
LUX 22 calls 500
HuXyaXya raises 1500 to 2000
BELUGA 68 folds
torresmo123 folds
yoogg folds
Bob.Falzar folds
LUX 22 calls 1500
*** FLOP *** [9s 7h 4c]
LUX 22 checks
HuXyaXya bets 1686
LUX 22 calls 1686
*** TURN *** [9s 7h 4c][8c]
LUX 22 checks
HuXyaXya bets 2799
LUX 22 raises 29478 to 32277 and is all-in
HuXyaXya folds
LUX 22 collected 43558 from pot
*** SUMMARY ***
Total pot 43558 | No rake
Board: [9s 7h 4c 8c]
Seat 6: LUX 22 won 43558


Winamax Poker - Tournament "FLIPPER" buyIn: 18€ + 2€ level: 6 - HandId: #3205116703235113034-15-1708378363 - Holdem no limit (60/250/500) - 2024/02/19 21:32:43 UTC
Table: 'FLIPPER(746249385)#073' 6-max (real money) Seat #4 is the button
Seat 1: HuXyaXya (12077, 13.50€ bounty)
Seat 2: BELUGA 68 (14924, 18€ bounty)
Seat 3: torresmo123 (22365, 9€ bounty)
Seat 4: yoogg (16175, 9€ bounty)
Seat 5: Bob.Falzar (16540, 9€ bounty)
Seat 6: LUX 22 (43558, 9€ bounty)
*** ANTE/BLINDS ***
Bob.Falzar posts ante 60
LUX 22 posts ante 60
HuXyaXya posts ante 60
BELUGA 68 posts ante 60
torresmo123 posts ante 60
yoogg posts ante 60
Bob.Falzar posts small blind 250
LUX 22 posts big blind 500
Dealt to torresmo123 [Th 5s]
*** PRE-FLOP *** 
HuXyaXya folds
BELUGA 68 raises 750 to 1250
torresmo123 folds
yoogg folds
Bob.Falzar folds
LUX 22 calls 750
*** FLOP *** [4s 6s Ks]
LUX 22 bets 500
BELUGA 68 calls 500
*** TURN *** [4s 6s Ks][Tc]
LUX 22 checks
BELUGA 68 bets 1439
LUX 22 folds
BELUGA 68 collected 5549 from pot
*** SUMMARY ***
Total pot 5549 | No rake
Board: [4s 6s Ks Tc]
Seat 2: BELUGA 68 won 5549


Winamax Poker - Tournament "FLIPPER" buyIn: 18€ + 2€ level: 6 - HandId: #3205116703235113034-16-1708378429 - Holdem no limit (60/250/500) - 2024/02/19 21:33:49 UTC
Table: 'FLIPPER(746249385)#073' 6-max (real money) Seat #5 is the button
Seat 1: HuXyaXya (12017, 13.50€ bounty)
Seat 2: BELUGA 68 (17224, 18€ bounty)
Seat 3: torresmo123 (22305, 9€ bounty)
Seat 4: yoogg (16115, 9€ bounty)
Seat 5: Bob.Falzar (16230, 9€ bounty)
Seat 6: LUX 22 (41748, 9€ bounty)
*** ANTE/BLINDS ***
LUX 22 posts ante 60
HuXyaXya posts ante 60
BELUGA 68 posts ante 60
torresmo123 posts ante 60
yoogg posts ante 60
Bob.Falzar posts ante 60
LUX 22 posts small blind 250
HuXyaXya posts big blind 500
Dealt to torresmo123 [7h Jd]
*** PRE-FLOP *** 
BELUGA 68 folds
torresmo123 folds
yoogg folds
Bob.Falzar folds
LUX 22 calls 250
HuXyaXya checks
*** FLOP *** [9d 2h Ac]
LUX 22 checks
HuXyaXya bets 500
LUX 22 folds
HuXyaXya collected 1860 from pot
*** SUMMARY ***
Total pot 1860 | No rake
Board: [9d 2h Ac]
Seat 1: HuXyaXya (big blind) won 1860


Winamax Poker - Tournament "FLIPPER" buyIn: 18€ + 2€ level: 6 - HandId: #3205116703235113034-17-1708378473 - Holdem no limit (60/250/500) - 2024/02/19 21:34:33 UTC
Table: 'FLIPPER(746249385)#073' 6-max (real money) Seat #6 is the button
Seat 1: HuXyaXya (12817, 13.50€ bounty)
Seat 2: BELUGA 68 (17164, 18€ bounty)
Seat 3: torresmo123 (22245, 9€ bounty)
Seat 4: yoogg (16055, 9€ bounty)
Seat 5: Bob.Falzar (16170, 9€ bounty)
Seat 6: LUX 22 (41188, 9€ bounty)
*** ANTE/BLINDS ***
HuXyaXya posts ante 60
BELUGA 68 posts ante 60
torresmo123 posts ante 60
yoogg posts ante 60
Bob.Falzar posts ante 60
LUX 22 posts ante 60
HuXyaXya posts small blind 250
BELUGA 68 posts big blind 500
Dealt to torresmo123 [Kc Th]
*** PRE-FLOP *** 
torresmo123 raises 750 to 1250
yoogg calls 1250
Bob.Falzar folds
LUX 22 folds
HuXyaXya folds
BELUGA 68 folds
*** FLOP *** [4s 6h Qc]
torresmo123 checks
yoogg bets 1264
torresmo123 folds
yoogg collected 4874 from pot
*** SUMMARY ***
Total pot 4874 | No rake
Board: [4s 6h Qc]
Seat 4: yoogg won 4874


Winamax Poker - Tournament "FLIPPER" buyIn: 18€ + 2€ level: 6 - HandId: #3205116703235113034-18-1708378526 - Holdem no limit (60/250/500) - 2024/02/19 21:35:26 UTC
Table: 'FLIPPER(746249385)#073' 6-max (real money) Seat #1 is the button
Seat 1: HuXyaXya (12507, 13.50€ bounty)
Seat 2: BELUGA 68 (16604, 18€ bounty)
Seat 3: torresmo123 (20935, 9€ bounty)
Seat 4: yoogg (18355, 9€ bounty)
Seat 5: Bob.Falzar (16110, 9€ bounty)
Seat 6: LUX 22 (41128, 9€ bounty)
*** ANTE/BLINDS ***
BELUGA 68 posts ante 60
torresmo123 posts ante 60
HuXyaXya posts ante 60
yoogg posts ante 60
Bob.Falzar posts ante 60
LUX 22 posts ante 60
BELUGA 68 posts small blind 250
torresmo123 posts big blind 500
Dealt to torresmo123 [Kd 6d]
*** PRE-FLOP *** 
yoogg folds
Bob.Falzar folds
LUX 22 folds
HuXyaXya raises 500 to 1000
BELUGA 68 calls 750
torresmo123 calls 500
*** FLOP *** [Ac Ah As]
BELUGA 68 checks
torresmo123 checks
HuXyaXya bets 1109
BELUGA 68 folds
torresmo123 calls 1109
*** TURN *** [Ac Ah As][5h]
torresmo123 checks
HuXyaXya checks
*** RIVER *** [Ac Ah As 5h][9d]
torresmo123 checks
HuXyaXya checks
*** SHOW DOWN ***
HuXyaXya shows [Kc 8d] (Trips of Aces)
torresmo123 shows [Kd 6d] (Trips of Aces)
torresmo123 collected 2789 from pot
HuXyaXya collected 2789 from pot
*** SUMMARY ***
Total pot 5578 | No rake
Board: [Ac Ah As 5h 9d]
Seat 1: HuXyaXya (button) showed [Kc 8d] and won 2789 with Trips of Aces
Seat 3: torresmo123 (big blind) showed [Kd 6d] and won 2789 with Trips of Aces


Winamax Poker - Tournament "FLIPPER" buyIn: 18€ + 2€ level: 7 - HandId: #3205116703235113034-19-1708378605 - Holdem no limit (70/300/600) - 2024/02/19 21:36:45 UTC
Table: 'FLIPPER(746249385)#073' 6-max (real money) Seat #2 is the button
Seat 1: HuXyaXya (13127, 13.50€ bounty)
Seat 2: BELUGA 68 (15544, 18€ bounty)
Seat 3: torresmo123 (21555, 9€ bounty)
Seat 4: yoogg (18295, 9€ bounty)
Seat 5: Bob.Falzar (16050, 9€ bounty)
Seat 6: LUX 22 (41068, 9€ bounty)
*** ANTE/BLINDS ***
torresmo123 posts ante 70
yoogg posts ante 70
HuXyaXya posts ante 70
BELUGA 68 posts ante 70
Bob.Falzar posts ante 70
LUX 22 posts ante 70
torresmo123 posts small blind 300
yoogg posts big blind 600
Dealt to torresmo123 [Js 9d]
*** PRE-FLOP *** 
Bob.Falzar folds
LUX 22 folds
HuXyaXya raises 600 to 1200
BELUGA 68 folds
torresmo123 folds
yoogg raises 17025 to 18225 and is all-in
HuXyaXya folds
yoogg collected 20145 from pot
*** SUMMARY ***
Total pot 20145 | No rake
Seat 4: yoogg (big blind) won 20145


Winamax Poker - Tournament "FLIPPER" buyIn: 18€ + 2€ level: 7 - HandId: #3205116703235113026-44-1708378717 - Holdem no limit (70/300/600) - 2024/02/19 21:38:37 UTC
Table: 'FLIPPER(746249385)#065' 6-max (real money) Seat #2 is the button
Seat 1: torresmo123 (21185, 9€ bounty)
Seat 2: ShelbyWalk (33526, 13.50€ bounty)
Seat 3: PeaceDaBall (36351, 13.50€ bounty)
Seat 4: Seulementmoi (44187, 9€ bounty)
Seat 5: Linoleum23 (11383, 9€ bounty)
Seat 6: mehhiel (38483, 9€ bounty)
*** ANTE/BLINDS ***
PeaceDaBall posts ante 70
Seulementmoi posts ante 70
torresmo123 posts ante 70
ShelbyWalk posts ante 70
Linoleum23 posts ante 70
mehhiel posts ante 70
PeaceDaBall posts small blind 300
Seulementmoi posts big blind 600
Dealt to torresmo123 [6s Ah]
*** PRE-FLOP *** 
Linoleum23 folds
mehhiel folds
torresmo123 folds
ShelbyWalk raises 600 to 1200
PeaceDaBall folds
Seulementmoi folds
ShelbyWalk collected 2520 from pot
*** SUMMARY ***
Total pot 2520 | No rake
Seat 2: ShelbyWalk (button) won 2520


Winamax Poker - Tournament "FLIPPER" buyIn: 18€ + 2€ level: 7 - HandId: #3205116703235113026-45-1708378751 - Holdem no limit (70/300/600) - 2024/02/19 21:39:11 UTC
Table: 'FLIPPER(746249385)#065' 6-max (real money) Seat #3 is the button
Seat 1: torresmo123 (21115, 9€ bounty)
Seat 2: ShelbyWalk (34776, 13.50€ bounty)
Seat 3: PeaceDaBall (35981, 13.50€ bounty)
Seat 4: Seulementmoi (43517, 9€ bounty)
Seat 5: Linoleum23 (11313, 9€ bounty)
Seat 6: mehhiel (38413, 9€ bounty)
*** ANTE/BLINDS ***
Seulementmoi posts ante 70
Linoleum23 posts ante 70
torresmo123 posts ante 70
ShelbyWalk posts ante 70
PeaceDaBall posts ante 70
mehhiel posts ante 70
Seulementmoi posts small blind 300
Linoleum23 posts big blind 600
Dealt to torresmo123 [6d 3d]
*** PRE-FLOP *** 
mehhiel folds
torresmo123 folds
ShelbyWalk folds
PeaceDaBall folds
Seulementmoi raises 42847 to 43447 and is all-in
Linoleum23 calls 10643 and is all-in
*** FLOP *** [8s Ad 9c]
*** TURN *** [8s Ad 9c][Kc]
*** RIVER *** [8s Ad 9c Kc][6c]
*** SHOW DOWN ***
Seulementmoi shows [Jh 7d] (High card : Ace)
Linoleum23 shows [Qd Ks] (One pair : Kings)
Linoleum23 collected 22906 from main pot
Seulementmoi collected 32204 from side pot 1
*** SUMMARY ***
Total pot 55110 | No rake
Board: [8s Ad 9c Kc 6c]
Seat 4: Seulementmoi (small blind) showed [Jh 7d] and won 32204 with High card : Ace
Seat 5: Linoleum23 (big blind) showed [Qd Ks] and won 22906 with One pair : Kings


Winamax Poker - Tournament "FLIPPER" buyIn: 18€ + 2€ level: 7 - HandId: #3205116703235113026-46-1708378800 - Holdem no limit (70/300/600) - 2024/02/19 21:40:00 UTC
Table: 'FLIPPER(746249385)#065' 6-max (real money) Seat #4 is the button
Seat 1: torresmo123 (21045, 9€ bounty)
Seat 2: ShelbyWalk (34706, 13.50€ bounty)
Seat 3: PeaceDaBall (35911, 13.50€ bounty)
Seat 4: Seulementmoi (32204, 9€ bounty)
Seat 5: Linoleum23 (22906, 9€ bounty)
Seat 6: mehhiel (38343, 9€ bounty)
*** ANTE/BLINDS ***
Linoleum23 posts ante 70
mehhiel posts ante 70
torresmo123 posts ante 70
ShelbyWalk posts ante 70
PeaceDaBall posts ante 70
Seulementmoi posts ante 70
Linoleum23 posts small blind 300
mehhiel posts big blind 600
Dealt to torresmo123 [4s 2d]
*** PRE-FLOP *** 
torresmo123 folds
ShelbyWalk folds
PeaceDaBall raises 600 to 1200
Seulementmoi calls 1200
Linoleum23 raises 4116 to 5316
mehhiel folds
PeaceDaBall folds
Seulementmoi calls 4116
*** FLOP *** [Kc 7c Qs]
Linoleum23 bets 4884
Seulementmoi calls 4884
*** TURN *** [Kc 7c Qs][6c]
Linoleum23 checks
Seulementmoi bets 21934 and is all-in
Linoleum23 folds
Seulementmoi collected 44554 from pot
*** SUMMARY ***
Total pot 44554 | No rake
Board: [Kc 7c Qs 6c]
Seat 4: Seulementmoi (button) won 44554


Winamax Poker - Tournament "FLIPPER" buyIn: 18€ + 2€ level: 7 - HandId: #3205116703235113026-47-1708378851 - Holdem no limit (70/300/600) - 2024/02/19 21:40:51 UTC
Table: 'FLIPPER(746249385)#065' 6-max (real money) Seat #5 is the button
Seat 1: torresmo123 (20975, 9€ bounty)
Seat 2: ShelbyWalk (34636, 13.50€ bounty)
Seat 3: PeaceDaBall (34641, 13.50€ bounty)
Seat 4: Seulementmoi (44554, 9€ bounty)
Seat 5: Linoleum23 (12636, 9€ bounty)
Seat 6: mehhiel (37673, 9€ bounty)
*** ANTE/BLINDS ***
mehhiel posts ante 70
torresmo123 posts ante 70
ShelbyWalk posts ante 70
PeaceDaBall posts ante 70
Seulementmoi posts ante 70
Linoleum23 posts ante 70
mehhiel posts small blind 300
torresmo123 posts big blind 600
Dealt to torresmo123 [Ts 5d]
*** PRE-FLOP *** 
ShelbyWalk folds
PeaceDaBall folds
Seulementmoi raises 600 to 1200
Linoleum23 folds
mehhiel calls 900
torresmo123 folds
*** FLOP *** [Ac 4d Js]
mehhiel checks
Seulementmoi bets 1197
mehhiel folds
Seulementmoi collected 4617 from pot
*** SUMMARY ***
Total pot 4617 | No rake
Board: [Ac 4d Js]
Seat 4: Seulementmoi won 4617


Winamax Poker - Tournament "FLIPPER" buyIn: 18€ + 2€ level: 7 - HandId: #3205116703235113026-48-1708378896 - Holdem no limit (70/300/600) - 2024/02/19 21:41:36 UTC
Table: 'FLIPPER(746249385)#065' 6-max (real money) Seat #6 is the button
Seat 1: torresmo123 (20305, 9€ bounty)
Seat 2: ShelbyWalk (34566, 13.50€ bounty)
Seat 3: PeaceDaBall (34571, 13.50€ bounty)
Seat 4: Seulementmoi (46704, 9€ bounty)
Seat 5: Linoleum23 (12566, 9€ bounty)
Seat 6: mehhiel (36403, 9€ bounty)
*** ANTE/BLINDS ***
torresmo123 posts ante 70
ShelbyWalk posts ante 70
PeaceDaBall posts ante 70
Seulementmoi posts ante 70
Linoleum23 posts ante 70
mehhiel posts ante 70
torresmo123 posts small blind 300
ShelbyWalk posts big blind 600
Dealt to torresmo123 [Qs 5s]
*** PRE-FLOP *** 
PeaceDaBall folds
Seulementmoi folds
Linoleum23 raises 660 to 1260
mehhiel raises 3840 to 5100
torresmo123 folds
ShelbyWalk raises 29396 to 34496 and is all-in
Linoleum23 calls 11236 and is all-in
mehhiel calls 29396
*** FLOP *** [2d Qc Ad]
*** TURN *** [2d Qc Ad][Kc]
*** RIVER *** [2d Qc Ad Kc][6d]
*** SHOW DOWN ***
ShelbyWalk shows [Jh Jc] (One pair : Jacks)
Linoleum23 shows [Jd Js] (One pair : Jacks)
mehhiel shows [Ac Kd] (Two pairs : Aces and Kings)
mehhiel collected 82208 from pot
*** SUMMARY ***
Total pot 82208 | No rake
Board: [2d Qc Ad Kc 6d]
Seat 2: ShelbyWalk (big blind) showed [Jh Jc] and lost with One pair : Jacks
Seat 5: Linoleum23 showed [Jd Js] and lost with One pair : Jacks
Seat 6: mehhiel (button) showed [Ac Kd] and won 82208 with Two pairs : Aces and Kings


Winamax Poker - Tournament "FLIPPER" buyIn: 18€ + 2€ level: 8 - HandId: #3205116703235113026-49-1708378935 - Holdem no limit (80/350/700) - 2024/02/19 21:42:15 UTC
Table: 'FLIPPER(746249385)#065' 6-max (real money) Seat #1 is the button
Seat 1: torresmo123 (19935, 9€ bounty)
Seat 3: PeaceDaBall (34501, 13.50€ bounty)
Seat 4: Seulementmoi (46634, 9€ bounty)
Seat 6: mehhiel (84045, 20.25€ bounty)
*** ANTE/BLINDS ***
PeaceDaBall posts ante 80
torresmo123 posts ante 80
Seulementmoi posts ante 80
mehhiel posts ante 80
PeaceDaBall posts big blind 700
Dealt to torresmo123 [As Ah]
*** PRE-FLOP *** 
Seulementmoi folds
mehhiel folds
torresmo123 raises 700 to 1400
PeaceDaBall raises 4200 to 5600
torresmo123 calls 4200
*** FLOP *** [8d Jc Qh]
PeaceDaBall bets 4032
torresmo123 calls 4032
*** TURN *** [8d Jc Qh][Ts]
PeaceDaBall bets 14688
torresmo123 calls 10223 and is all-in
*** RIVER *** [8d Jc Qh Ts][9h]
*** SHOW DOWN ***
torresmo123 shows [As Ah] (Straight Queen high)
PeaceDaBall shows [Qs Ac] (Straight Queen high)
PeaceDaBall collected 24480 from side pot 1
torresmo123 collected 20015 from main pot
*** SUMMARY ***
Total pot 44495 | No rake
Board: [8d Jc Qh Ts 9h]
Seat 1: torresmo123 (button) showed [As Ah] and won 20015 with Straight Queen high
Seat 3: PeaceDaBall (big blind) showed [Qs Ac] and won 24480 with Straight Queen high


Winamax Poker - Tournament "FLIPPER" buyIn: 18€ + 2€ level: 8 - HandId: #3205116703235113026-50-1708379006 - Holdem no limit (80/350/700) - 2024/02/19 21:43:26 UTC
Table: 'FLIPPER(746249385)#065' 6-max (real money) Seat #2 is the button
Seat 1: torresmo123 (20015, 9€ bounty)
Seat 2: BP-Joker76 (27950, 9€ bounty)
Seat 3: PeaceDaBall (34581, 13.50€ bounty)
Seat 4: Seulementmoi (46554, 9€ bounty)
Seat 5: FreeBalka (53047, 13.50€ bounty)
Seat 6: mehhiel (83965, 20.25€ bounty)
*** ANTE/BLINDS ***
PeaceDaBall posts ante 80
Seulementmoi posts ante 80
torresmo123 posts ante 80
FreeBalka posts ante 80
mehhiel posts ante 80
PeaceDaBall posts small blind 350
Seulementmoi posts big blind 700
Dealt to torresmo123 [8c 3d]
*** PRE-FLOP *** 
FreeBalka folds
mehhiel folds
torresmo123 folds
PeaceDaBall folds
Seulementmoi collected 1450 from pot
*** SUMMARY ***
Total pot 1450 | No rake
Seat 4: Seulementmoi (big blind) won 1450


Winamax Poker - Tournament "FLIPPER" buyIn: 18€ + 2€ level: 8 - HandId: #3205116703235113026-51-1708379032 - Holdem no limit (80/350/700) - 2024/02/19 21:43:52 UTC
Table: 'FLIPPER(746249385)#065' 6-max (real money) Seat #3 is the button
Seat 1: torresmo123 (19935, 9€ bounty)
Seat 2: BP-Joker76 (27950, 9€ bounty)
Seat 3: PeaceDaBall (34151, 13.50€ bounty)
Seat 4: Seulementmoi (47224, 9€ bounty)
Seat 5: FreeBalka (52967, 13.50€ bounty)
Seat 6: mehhiel (83885, 20.25€ bounty)
*** ANTE/BLINDS ***
Seulementmoi posts ante 80
FreeBalka posts ante 80
torresmo123 posts ante 80
BP-Joker76 posts ante 80
PeaceDaBall posts ante 80
mehhiel posts ante 80
Seulementmoi posts small blind 350
FreeBalka posts big blind 700
Dealt to torresmo123 [Qc Qs]
*** PRE-FLOP *** 
mehhiel raises 1400 to 2100
torresmo123 raises 3850 to 5950
BP-Joker76 folds
PeaceDaBall folds
Seulementmoi folds
FreeBalka folds
mehhiel raises 14830 to 20780
torresmo123 calls 13905 and is all-in
*** FLOP *** [Th 7d 5d]
*** TURN *** [Th 7d 5d][9c]
*** RIVER *** [Th 7d 5d 9c][7h]
*** SHOW DOWN ***
torresmo123 shows [Qc Qs] (Two pairs : Queens and 7)
mehhiel shows [Kh Ah] (One pair : 7)
mehhiel collected 925 from side pot 1
torresmo123 collected 41240 from main pot
*** SUMMARY ***
Total pot 42165 | No rake
Board: [Th 7d 5d 9c 7h]
Seat 1: torresmo123 showed [Qc Qs] and won 41240 with Two pairs : Queens and 7
Seat 6: mehhiel showed [Kh Ah] and won 925 with One pair : 7


Winamax Poker - Tournament "FLIPPER" buyIn: 18€ + 2€ level: 8 - HandId: #3205116703235113026-52-1708379085 - Holdem no limit (80/350/700) - 2024/02/19 21:44:45 UTC
Table: 'FLIPPER(746249385)#065' 6-max (real money) Seat #4 is the button
Seat 1: torresmo123 (41240, 9€ bounty)
Seat 2: BP-Joker76 (27870, 9€ bounty)
Seat 3: PeaceDaBall (34071, 13.50€ bounty)
Seat 4: Seulementmoi (46794, 9€ bounty)
Seat 5: FreeBalka (52187, 13.50€ bounty)
Seat 6: mehhiel (63950, 20.25€ bounty)
*** ANTE/BLINDS ***
FreeBalka posts ante 80
mehhiel posts ante 80
torresmo123 posts ante 80
BP-Joker76 posts ante 80
PeaceDaBall posts ante 80
Seulementmoi posts ante 80
FreeBalka posts small blind 350
mehhiel posts big blind 700
Dealt to torresmo123 [3h As]
*** PRE-FLOP *** 
torresmo123 folds
BP-Joker76 folds
PeaceDaBall raises 700 to 1400
Seulementmoi calls 1400
FreeBalka raises 2450 to 3850
mehhiel folds
PeaceDaBall folds
Seulementmoi calls 2450
*** FLOP *** [2d Jh 4s]
FreeBalka bets 5140
Seulementmoi folds
FreeBalka collected 15420 from pot
*** SUMMARY ***
Total pot 15420 | No rake
Board: [2d Jh 4s]
Seat 5: FreeBalka (small blind) won 15420


Winamax Poker - Tournament "FLIPPER" buyIn: 18€ + 2€ level: 8 - HandId: #3205116703235113026-53-1708379136 - Holdem no limit (80/350/700) - 2024/02/19 21:45:36 UTC
Table: 'FLIPPER(746249385)#065' 6-max (real money) Seat #5 is the button
Seat 1: torresmo123 (41160, 9€ bounty)
Seat 2: BP-Joker76 (27790, 9€ bounty)
Seat 3: PeaceDaBall (32591, 13.50€ bounty)
Seat 4: Seulementmoi (42864, 9€ bounty)
Seat 5: FreeBalka (58537, 13.50€ bounty)
Seat 6: mehhiel (63170, 20.25€ bounty)
*** ANTE/BLINDS ***
mehhiel posts ante 80
torresmo123 posts ante 80
BP-Joker76 posts ante 80
PeaceDaBall posts ante 80
Seulementmoi posts ante 80
FreeBalka posts ante 80
mehhiel posts small blind 350
torresmo123 posts big blind 700
Dealt to torresmo123 [7s 4c]
*** PRE-FLOP *** 
BP-Joker76 raises 700 to 1400
PeaceDaBall folds
Seulementmoi folds
FreeBalka folds
mehhiel folds
torresmo123 folds
BP-Joker76 collected 2930 from pot
*** SUMMARY ***
Total pot 2930 | No rake
Seat 2: BP-Joker76 won 2930


Winamax Poker - Tournament "FLIPPER" buyIn: 18€ + 2€ level: 8 - HandId: #3205116703235113026-54-1708379182 - Holdem no limit (80/350/700) - 2024/02/19 21:46:22 UTC
Table: 'FLIPPER(746249385)#065' 6-max (real money) Seat #6 is the button
Seat 1: torresmo123 (40380, 9€ bounty)
Seat 2: BP-Joker76 (29240, 9€ bounty)
Seat 3: PeaceDaBall (32511, 13.50€ bounty)
Seat 4: Seulementmoi (42784, 9€ bounty)
Seat 5: FreeBalka (58457, 13.50€ bounty)
Seat 6: mehhiel (62740, 20.25€ bounty)
*** ANTE/BLINDS ***
torresmo123 posts ante 80
BP-Joker76 posts ante 80
PeaceDaBall posts ante 80
Seulementmoi posts ante 80
FreeBalka posts ante 80
mehhiel posts ante 80
torresmo123 posts small blind 350
BP-Joker76 posts big blind 700
Dealt to torresmo123 [Ah 4d]
*** PRE-FLOP *** 
PeaceDaBall raises 700 to 1400
Seulementmoi folds
FreeBalka folds
mehhiel calls 1400
torresmo123 folds
BP-Joker76 folds
*** FLOP *** [6d 9s Kh]
PeaceDaBall checks
mehhiel checks
*** TURN *** [6d 9s Kh][3c]
PeaceDaBall checks
mehhiel checks
*** RIVER *** [6d 9s Kh 3c][2d]
PeaceDaBall checks
mehhiel checks
*** SHOW DOWN ***
mehhiel shows [2s As] (One pair : 2)
PeaceDaBall shows [5h 5s] (One pair : 5)
PeaceDaBall collected 4330 from pot
*** SUMMARY ***
Total pot 4330 | No rake
Board: [6d 9s Kh 3c 2d]
Seat 3: PeaceDaBall showed [5h 5s] and won 4330 with One pair : 5
Seat 6: mehhiel (button) showed [2s As] and lost with One pair : 2


Winamax Poker - Tournament "FLIPPER" buyIn: 18€ + 2€ level: 9 - HandId: #3205116703235113023-66-1708379318 - Holdem no limit (100/400/800) - 2024/02/19 21:48:38 UTC
Table: 'FLIPPER(746249385)#062' 6-max (real money) Seat #1 is the button
Seat 1: SteppeShark (58568, 15.75€ bounty)
Seat 2: 4buru (9997, 13.50€ bounty)
Seat 3: Fil goude (113558, 32.62€ bounty)
Seat 4: Laz59 (33513, 9€ bounty)
Seat 5: tinjara (28875, 9€ bounty)
Seat 6: torresmo123 (39950, 9€ bounty)
*** ANTE/BLINDS ***
4buru posts ante 100
Fil goude posts ante 100
SteppeShark posts ante 100
Laz59 posts ante 100
tinjara posts ante 100
torresmo123 posts ante 100
4buru posts small blind 400
Fil goude posts big blind 800
Dealt to torresmo123 [4c 2h]
*** PRE-FLOP *** 
Laz59 folds
tinjara folds
torresmo123 folds
SteppeShark raises 800 to 1600
4buru folds
Fil goude calls 800
*** FLOP *** [Ts 3d Jc]
Fil goude checks
SteppeShark bets 1470
Fil goude folds
SteppeShark collected 5670 from pot
*** SUMMARY ***
Total pot 5670 | No rake
Board: [Ts 3d Jc]
Seat 1: SteppeShark (button) won 5670


Winamax Poker - Tournament "FLIPPER" buyIn: 18€ + 2€ level: 9 - HandId: #3205116703235113023-67-1708379376 - Holdem no limit (100/400/800) - 2024/02/19 21:49:36 UTC
Table: 'FLIPPER(746249385)#062' 6-max (real money) Seat #2 is the button
Seat 1: SteppeShark (61068, 15.75€ bounty)
Seat 2: 4buru (9497, 13.50€ bounty)
Seat 3: Fil goude (111858, 32.62€ bounty)
Seat 4: Laz59 (33413, 9€ bounty)
Seat 5: tinjara (28775, 9€ bounty)
Seat 6: torresmo123 (39850, 9€ bounty)
*** ANTE/BLINDS ***
Fil goude posts ante 100
Laz59 posts ante 100
SteppeShark posts ante 100
4buru posts ante 100
tinjara posts ante 100
torresmo123 posts ante 100
Fil goude posts small blind 400
Laz59 posts big blind 800
Dealt to torresmo123 [4c Qh]
*** PRE-FLOP *** 
tinjara raises 800 to 1600
torresmo123 folds
SteppeShark folds
4buru folds
Fil goude folds
Laz59 folds
tinjara collected 3400 from pot
*** SUMMARY ***
Total pot 3400 | No rake
Seat 5: tinjara won 3400


Winamax Poker - Tournament "FLIPPER" buyIn: 18€ + 2€ level: 9 - HandId: #3205116703235113023-68-1708379406 - Holdem no limit (100/400/800) - 2024/02/19 21:50:06 UTC
Table: 'FLIPPER(746249385)#062' 6-max (real money) Seat #3 is the button
Seat 1: SteppeShark (60968, 15.75€ bounty)
Seat 2: 4buru (9397, 13.50€ bounty)
Seat 3: Fil goude (111358, 32.62€ bounty)
Seat 4: Laz59 (32513, 9€ bounty)
Seat 5: tinjara (30475, 9€ bounty)
Seat 6: torresmo123 (39750, 9€ bounty)
*** ANTE/BLINDS ***
Laz59 posts ante 100
tinjara posts ante 100
SteppeShark posts ante 100
4buru posts ante 100
Fil goude posts ante 100
torresmo123 posts ante 100
Laz59 posts small blind 400
tinjara posts big blind 800
Dealt to torresmo123 [Jh Kh]
*** PRE-FLOP *** 
torresmo123 raises 800 to 1600
SteppeShark folds
4buru folds
Fil goude folds
Laz59 calls 1200
tinjara calls 800
*** FLOP *** [Jc 2c 3h]
Laz59 checks
tinjara bets 3510
torresmo123 calls 3510
Laz59 folds
*** TURN *** [Jc 2c 3h][Kd]
tinjara checks
torresmo123 bets 4099
tinjara raises 21166 to 25265 and is all-in
torresmo123 calls 21166
*** RIVER *** [Jc 2c 3h Kd][9s]
*** SHOW DOWN ***
tinjara shows [2d 3d] (Two pairs : 3 and 2)
torresmo123 shows [Jh Kh] (Two pairs : Kings and Jacks)
torresmo123 collected 62950 from pot
*** SUMMARY ***
Total pot 62950 | No rake
Board: [Jc 2c 3h Kd 9s]
Seat 5: tinjara (big blind) showed [2d 3d] and lost with Two pairs : 3 and 2
Seat 6: torresmo123 showed [Jh Kh] and won 62950 with Two pairs : Kings and Jacks


Winamax Poker - Tournament "FLIPPER" buyIn: 18€ + 2€ level: 9 - HandId: #3205116703235113023-69-1708379472 - Holdem no limit (100/400/800) - 2024/02/19 21:51:12 UTC
Table: 'FLIPPER(746249385)#062' 6-max (real money) Seat #4 is the button
Seat 1: SteppeShark (60868, 15.75€ bounty)
Seat 2: 4buru (9297, 13.50€ bounty)
Seat 3: Fil goude (111258, 32.62€ bounty)
Seat 4: Laz59 (30813, 9€ bounty)
Seat 6: torresmo123 (72225, 13.50€ bounty)
*** ANTE/BLINDS ***
torresmo123 posts ante 100
SteppeShark posts ante 100
4buru posts ante 100
Fil goude posts ante 100
Laz59 posts ante 100
torresmo123 posts big blind 800
Dealt to torresmo123 [Js Ah]
*** PRE-FLOP *** 
SteppeShark folds
4buru folds
Fil goude folds
Laz59 raises 1000 to 1800
torresmo123 raises 70325 to 72125 and is all-in
Laz59 folds
torresmo123 collected 74425 from pot
*** SUMMARY ***
Total pot 74425 | No rake
Seat 6: torresmo123 (big blind) won 74425


Winamax Poker - Tournament "FLIPPER" buyIn: 18€ + 2€ level: 9 - HandId: #3205116703235112962-102-1708379589 - Holdem no limit (100/400/800) - 2024/02/19 21:53:09 UTC
Table: 'FLIPPER(746249385)#001' 6-max (real money) Seat #2 is the button
Seat 1: torresmo123 (74425, 13.50€ bounty)
Seat 2: Milkadabra (86034, 24.75€ bounty)
Seat 3: Desconforto (42890, 13.50€ bounty)
Seat 4: Fil goude (111058, 32.62€ bounty)
Seat 5: SumeraPimPam (35305, 13.50€ bounty)
Seat 6: Saracin (30926, 9€ bounty)
*** ANTE/BLINDS ***
Desconforto posts ante 100
Fil goude posts ante 100
torresmo123 posts ante 100
Milkadabra posts ante 100
SumeraPimPam posts ante 100
Saracin posts ante 100
Desconforto posts small blind 400
Fil goude posts big blind 800
Dealt to torresmo123 [Ts 7d]
*** PRE-FLOP *** 
SumeraPimPam raises 1000 to 1800
Saracin raises 3600 to 5400
torresmo123 folds
Milkadabra folds
Desconforto folds
Fil goude folds
SumeraPimPam raises 13500 to 18900
Saracin raises 11926 to 30826 and is all-in
SumeraPimPam calls 11926
*** FLOP *** [5s 6c 8c]
*** TURN *** [5s 6c 8c][7s]
*** RIVER *** [5s 6c 8c 7s][6h]
*** SHOW DOWN ***
Saracin shows [Kh Ac] (One pair : 6)
SumeraPimPam shows [Qh Qd] (Two pairs : Queens and 6)
SumeraPimPam collected 63452 from pot
*** SUMMARY ***
Total pot 63452 | No rake
Board: [5s 6c 8c 7s 6h]
Seat 5: SumeraPimPam showed [Qh Qd] and won 63452 with Two pairs : Queens and 6
Seat 6: Saracin showed [Kh Ac] and lost with One pair : 6


Winamax Poker - Tournament "FLIPPER" buyIn: 18€ + 2€ level: 9 - HandId: #3205116703235112962-103-1708379621 - Holdem no limit (100/400/800) - 2024/02/19 21:53:41 UTC
Table: 'FLIPPER(746249385)#001' 6-max (real money) Seat #3 is the button
Seat 1: torresmo123 (74325, 13.50€ bounty)
Seat 2: Milkadabra (85934, 24.75€ bounty)
Seat 3: Desconforto (42390, 13.50€ bounty)
Seat 4: Fil goude (110158, 32.62€ bounty)
Seat 5: SumeraPimPam (67831, 18€ bounty)
*** ANTE/BLINDS ***
Fil goude posts ante 100
SumeraPimPam posts ante 100
torresmo123 posts ante 100
Milkadabra posts ante 100
Desconforto posts ante 100
Fil goude posts small blind 400
SumeraPimPam posts big blind 800
Dealt to torresmo123 [2s Qc]
*** PRE-FLOP *** 
torresmo123 folds
Milkadabra folds
Desconforto folds
Fil goude folds
SumeraPimPam collected 1700 from pot
*** SUMMARY ***
Total pot 1700 | No rake
Seat 5: SumeraPimPam (big blind) won 1700


Winamax Poker - Tournament "FLIPPER" buyIn: 18€ + 2€ level: 9 - HandId: #3205116703235112962-104-1708379635 - Holdem no limit (100/400/800) - 2024/02/19 21:53:55 UTC
Table: 'FLIPPER(746249385)#001' 6-max (real money) Seat #4 is the button
Seat 1: torresmo123 (74225, 13.50€ bounty)
Seat 2: Milkadabra (85834, 24.75€ bounty)
Seat 3: Desconforto (42290, 13.50€ bounty)
Seat 4: Fil goude (109658, 32.62€ bounty)
Seat 5: SumeraPimPam (68631, 18€ bounty)
*** ANTE/BLINDS ***
SumeraPimPam posts ante 100
torresmo123 posts ante 100
Milkadabra posts ante 100
Desconforto posts ante 100
Fil goude posts ante 100
SumeraPimPam posts small blind 400
torresmo123 posts big blind 800
Dealt to torresmo123 [5s 6c]
*** PRE-FLOP *** 
Milkadabra folds
Desconforto folds
Fil goude raises 800 to 1600
SumeraPimPam folds
torresmo123 calls 800
*** FLOP *** [Jh 9c Qs]
torresmo123 checks
Fil goude checks
*** TURN *** [Jh 9c Qs][5d]
torresmo123 checks
Fil goude checks
*** RIVER *** [Jh 9c Qs 5d][8h]
torresmo123 bets 5125
Fil goude folds
torresmo123 collected 9225 from pot
*** SUMMARY ***
Total pot 9225 | No rake
Board: [Jh 9c Qs 5d 8h]
Seat 1: torresmo123 (big blind) won 9225


Winamax Poker - Tournament "FLIPPER" buyIn: 18€ + 2€ level: 10 - HandId: #3205116703235112962-105-1708380060 - Holdem no limit (120/500/1000) - 2024/02/19 22:01:00 UTC
Table: 'FLIPPER(746249385)#001' 6-max (real money) Seat #5 is the button
Seat 1: torresmo123 (76625, 13.50€ bounty)
Seat 2: Milkadabra (85734, 24.75€ bounty)
Seat 3: Desconforto (42190, 13.50€ bounty)
Seat 4: Fil goude (107958, 32.62€ bounty)
Seat 5: SumeraPimPam (68131, 18€ bounty)
Seat 6: MariaKou (20000, 9€ bounty)
*** ANTE/BLINDS ***
torresmo123 posts ante 120
Milkadabra posts ante 120
Desconforto posts ante 120
Fil goude posts ante 120
SumeraPimPam posts ante 120
torresmo123 posts small blind 500
Milkadabra posts big blind 1000
Dealt to torresmo123 [Ac Kc]
*** PRE-FLOP *** 
Desconforto folds
Fil goude raises 1000 to 2000
SumeraPimPam folds
torresmo123 raises 6500 to 8500
Milkadabra folds
Fil goude folds
torresmo123 collected 12100 from pot
*** SUMMARY ***
Total pot 12100 | No rake
Seat 1: torresmo123 (small blind) won 12100


Winamax Poker - Tournament "FLIPPER" buyIn: 18€ + 2€ level: 10 - HandId: #3205116703235112962-106-1708380135 - Holdem no limit (120/500/1000) - 2024/02/19 22:02:15 UTC
Table: 'FLIPPER(746249385)#001' 6-max (real money) Seat #1 is the button
Seat 1: torresmo123 (80105, 13.50€ bounty)
Seat 2: Milkadabra (84614, 24.75€ bounty)
Seat 3: Desconforto (42070, 13.50€ bounty)
Seat 4: Fil goude (105838, 32.62€ bounty)
Seat 5: SumeraPimPam (68011, 18€ bounty)
Seat 6: MariaKou (20000, 9€ bounty)
*** ANTE/BLINDS ***
Milkadabra posts ante 120
Desconforto posts ante 120
torresmo123 posts ante 120
Fil goude posts ante 120
SumeraPimPam posts ante 120
MariaKou posts ante 120
Milkadabra posts small blind 500
Desconforto posts big blind 1000
Dealt to torresmo123 [6h 6c]
*** PRE-FLOP *** 
Fil goude raises 1000 to 2000
SumeraPimPam folds
MariaKou folds
torresmo123 calls 2000
Milkadabra calls 1500
Desconforto folds
*** FLOP *** [Kd 5d Ts]
Milkadabra checks
Fil goude checks
torresmo123 checks
*** TURN *** [Kd 5d Ts][9h]
Milkadabra checks
Fil goude checks
torresmo123 checks
*** RIVER *** [Kd 5d Ts 9h][Qc]
Milkadabra checks
Fil goude checks
torresmo123 checks
*** SHOW DOWN ***
Milkadabra shows [2s 5s] (One pair : 5)
Fil goude shows [8s Ad] (High card : Ace)
torresmo123 shows [6h 6c] (One pair : 6)
torresmo123 collected 7720 from pot
*** SUMMARY ***
Total pot 7720 | No rake
Board: [Kd 5d Ts 9h Qc]
Seat 1: torresmo123 (button) showed [6h 6c] and won 7720 with One pair : 6
Seat 2: Milkadabra (small blind) showed [2s 5s] and lost with One pair : 5
Seat 4: Fil goude showed [8s Ad] and lost with High card : Ace


Winamax Poker - Tournament "FLIPPER" buyIn: 18€ + 2€ level: 10 - HandId: #3205116703235112962-107-1708380268 - Holdem no limit (120/500/1000) - 2024/02/19 22:04:28 UTC
Table: 'FLIPPER(746249385)#001' 6-max (real money) Seat #2 is the button
Seat 1: torresmo123 (85705, 13.50€ bounty)
Seat 2: Milkadabra (82494, 24.75€ bounty)
Seat 3: Desconforto (40950, 13.50€ bounty)
Seat 4: Fil goude (103718, 32.62€ bounty)
Seat 5: SumeraPimPam (67891, 18€ bounty)
Seat 6: MariaKou (19880, 9€ bounty)
*** ANTE/BLINDS ***
Desconforto posts ante 120
Fil goude posts ante 120
torresmo123 posts ante 120
Milkadabra posts ante 120
SumeraPimPam posts ante 120
MariaKou posts ante 120
Desconforto posts small blind 500
Fil goude posts big blind 1000
Dealt to torresmo123 [2h Qd]
*** PRE-FLOP *** 
SumeraPimPam raises 1250 to 2250
MariaKou folds
torresmo123 folds
Milkadabra folds
Desconforto raises 6250 to 8500
Fil goude folds
SumeraPimPam calls 6250
*** FLOP *** [2s 5s 9d]
Desconforto bets 4680
SumeraPimPam folds
Desconforto collected 23400 from pot
*** SUMMARY ***
Total pot 23400 | No rake
Board: [2s 5s 9d]
Seat 3: Desconforto (small blind) won 23400


Winamax Poker - Tournament "FLIPPER" buyIn: 18€ + 2€ level: 10 - HandId: #3205116703235112962-108-1708380306 - Holdem no limit (120/500/1000) - 2024/02/19 22:05:06 UTC
Table: 'FLIPPER(746249385)#001' 6-max (real money) Seat #3 is the button
Seat 1: torresmo123 (85585, 13.50€ bounty)
Seat 2: Milkadabra (82374, 24.75€ bounty)
Seat 3: Desconforto (51050, 13.50€ bounty)
Seat 4: Fil goude (102598, 32.62€ bounty)
Seat 5: SumeraPimPam (59271, 18€ bounty)
Seat 6: MariaKou (19760, 9€ bounty)
*** ANTE/BLINDS ***
Fil goude posts ante 120
SumeraPimPam posts ante 120
torresmo123 posts ante 120
Milkadabra posts ante 120
Desconforto posts ante 120
MariaKou posts ante 120
Fil goude posts small blind 500
SumeraPimPam posts big blind 1000
Dealt to torresmo123 [Tc 2c]
*** PRE-FLOP *** 
MariaKou folds
torresmo123 folds
Milkadabra raises 1500 to 2500
Desconforto folds
Fil goude folds
SumeraPimPam calls 1500
*** FLOP *** [9h 5h Qh]
SumeraPimPam checks
Milkadabra bets 2000
SumeraPimPam calls 2000
*** TURN *** [9h 5h Qh][Ts]
SumeraPimPam bets 5610
Milkadabra calls 5610
*** RIVER *** [9h 5h Qh Ts][8h]
SumeraPimPam bets 5360
Milkadabra calls 5360
*** SHOW DOWN ***
SumeraPimPam shows [4h 7h] (Flush Queen high)
Milkadabra shows [Ac Th] (Flush Queen high)
Milkadabra collected 32160 from pot
*** SUMMARY ***
Total pot 32160 | No rake
Board: [9h 5h Qh Ts 8h]
Seat 2: Milkadabra showed [Ac Th] and won 32160 with Flush Queen high
Seat 5: SumeraPimPam (big blind) showed [4h 7h] and lost with Flush Queen high


Winamax Poker - Tournament "FLIPPER" buyIn: 18€ + 2€ level: 10 - HandId: #3205116703235112962-109-1708380351 - Holdem no limit (120/500/1000) - 2024/02/19 22:05:51 UTC
Table: 'FLIPPER(746249385)#001' 6-max (real money) Seat #4 is the button
Seat 1: torresmo123 (85465, 13.50€ bounty)
Seat 2: Milkadabra (98944, 24.75€ bounty)
Seat 3: Desconforto (50930, 13.50€ bounty)
Seat 4: Fil goude (101978, 32.62€ bounty)
Seat 5: SumeraPimPam (43681, 18€ bounty)
Seat 6: MariaKou (19640, 9€ bounty)
*** ANTE/BLINDS ***
SumeraPimPam posts ante 120
MariaKou posts ante 120
torresmo123 posts ante 120
Milkadabra posts ante 120
Desconforto posts ante 120
Fil goude posts ante 120
SumeraPimPam posts small blind 500
MariaKou posts big blind 1000
Dealt to torresmo123 [8s 9d]
*** PRE-FLOP *** 
torresmo123 folds
Milkadabra raises 1000 to 2000
Desconforto folds
Fil goude folds
SumeraPimPam folds
MariaKou folds
Milkadabra collected 4220 from pot
*** SUMMARY ***
Total pot 4220 | No rake
Seat 2: Milkadabra won 4220


Winamax Poker - Tournament "FLIPPER" buyIn: 18€ + 2€ level: 11 - HandId: #3205116703235112962-110-1708380388 - Holdem no limit (140/600/1200) - 2024/02/19 22:06:28 UTC
Table: 'FLIPPER(746249385)#001' 6-max (real money) Seat #5 is the button
Seat 1: torresmo123 (85345, 13.50€ bounty)
Seat 2: Milkadabra (101044, 24.75€ bounty)
Seat 3: Desconforto (50810, 13.50€ bounty)
Seat 4: Fil goude (101858, 32.62€ bounty)
Seat 5: SumeraPimPam (43061, 18€ bounty)
Seat 6: MariaKou (18520, 9€ bounty)
*** ANTE/BLINDS ***
MariaKou posts ante 140
torresmo123 posts ante 140
Milkadabra posts ante 140
Desconforto posts ante 140
Fil goude posts ante 140
SumeraPimPam posts ante 140
MariaKou posts small blind 600
torresmo123 posts big blind 1200
Dealt to torresmo123 [Js Jh]
*** PRE-FLOP *** 
Milkadabra raises 1800 to 3000
Desconforto folds
Fil goude calls 3000
SumeraPimPam folds
MariaKou folds
torresmo123 raises 10800 to 13800
Milkadabra folds
Fil goude calls 10800
*** FLOP *** [9h 7h 6s]
torresmo123 checks
Fil goude bets 14400
torresmo123 raises 57005 to 71405 and is all-in
Fil goude calls 57005
*** TURN *** [9h 7h 6s][6h]
*** RIVER *** [9h 7h 6s 6h][5h]
*** SHOW DOWN ***
torresmo123 shows [Js Jh] (Flush Jack high)
Fil goude shows [Th Qh] (Flush Queen high)
Fil goude collected 174850 from pot
*** SUMMARY ***
Total pot 174850 | No rake
Board: [9h 7h 6s 6h 5h]
Seat 1: torresmo123 (big blind) showed [Js Jh] and lost with Flush Jack high
Seat 4: Fil goude showed [Th Qh] and won 174850 with Flush Queen high


