Winamax Poker - Tournament "PRIME TIME" buyIn: 45€ + 5€ level: 1 - HandId: #3186327045948833852-18-1707421945 - Holdem no limit (25/100/200) - 2024/02/08 19:52:25 UTC
Table: 'PRIME TIME(741874577)#0059' 6-max (real money) Seat #3 is the button
Seat 1: WillCollapse (29453, 22.50€ bounty)
Seat 2: torresmo123 (20000, 22.50€ bounty)
Seat 3: razlatouffe (10772, 22.50€ bounty)
Seat 4: Kai-Rls (52384, 45€ bounty)
Seat 5: HOTrun1 (10693, 22.50€ bounty)
Seat 6: _111 (6753, 22.50€ bounty)
*** ANTE/BLINDS ***
Kai-Rls posts ante 25
HOTrun1 posts ante 25
WillCollapse posts ante 25
torresmo123 posts ante 25
razlatouffe posts ante 25
_111 posts ante 25
Kai-Rls posts small blind 100
HOTrun1 posts big blind 200
Dealt to torresmo123 [6s 7d]
*** PRE-FLOP *** 
_111 folds
WillCollapse folds
torresmo123 folds
razlatouffe folds
Kai-Rls calls 100
HOTrun1 checks
*** FLOP *** [8d 6d 9d]
Kai-Rls checks
HOTrun1 bets 200
Kai-Rls calls 200
*** TURN *** [8d 6d 9d][Kh]
Kai-Rls checks
HOTrun1 bets 600
Kai-Rls calls 600
*** RIVER *** [8d 6d 9d Kh][7h]
Kai-Rls checks
HOTrun1 bets 1500
Kai-Rls folds
HOTrun1 collected 3650 from pot
*** SUMMARY ***
Total pot 3650 | No rake
Board: [8d 6d 9d Kh 7h]
Seat 5: HOTrun1 (big blind) won 3650


Winamax Poker - Tournament "PRIME TIME" buyIn: 45€ + 5€ level: 1 - HandId: #3186327045948833852-19-1707422004 - Holdem no limit (25/100/200) - 2024/02/08 19:53:24 UTC
Table: 'PRIME TIME(741874577)#0059' 6-max (real money) Seat #4 is the button
Seat 1: WillCollapse (29428, 22.50€ bounty)
Seat 2: torresmo123 (19975, 22.50€ bounty)
Seat 3: razlatouffe (10747, 22.50€ bounty)
Seat 4: Kai-Rls (51359, 45€ bounty)
Seat 5: HOTrun1 (11818, 22.50€ bounty)
Seat 6: _111 (6728, 22.50€ bounty)
*** ANTE/BLINDS ***
HOTrun1 posts ante 25
_111 posts ante 25
WillCollapse posts ante 25
torresmo123 posts ante 25
razlatouffe posts ante 25
Kai-Rls posts ante 25
HOTrun1 posts small blind 100
_111 posts big blind 200
Dealt to torresmo123 [6c 3c]
*** PRE-FLOP *** 
WillCollapse folds
torresmo123 folds
razlatouffe folds
Kai-Rls folds
HOTrun1 raises 400 to 600
_111 folds
HOTrun1 collected 950 from pot
*** SUMMARY ***
Total pot 950 | No rake
Seat 5: HOTrun1 (small blind) won 950


Winamax Poker - Tournament "PRIME TIME" buyIn: 45€ + 5€ level: 1 - HandId: #3186327045948833852-20-1707422027 - Holdem no limit (25/100/200) - 2024/02/08 19:53:47 UTC
Table: 'PRIME TIME(741874577)#0059' 6-max (real money) Seat #5 is the button
Seat 1: WillCollapse (29403, 22.50€ bounty)
Seat 2: torresmo123 (19950, 22.50€ bounty)
Seat 3: razlatouffe (10722, 22.50€ bounty)
Seat 4: Kai-Rls (51334, 45€ bounty)
Seat 5: HOTrun1 (12143, 22.50€ bounty)
Seat 6: _111 (6503, 22.50€ bounty)
*** ANTE/BLINDS ***
_111 posts ante 25
WillCollapse posts ante 25
torresmo123 posts ante 25
razlatouffe posts ante 25
Kai-Rls posts ante 25
HOTrun1 posts ante 25
_111 posts small blind 100
WillCollapse posts big blind 200
Dealt to torresmo123 [2s Kd]
*** PRE-FLOP *** 
torresmo123 folds
razlatouffe raises 200 to 400
Kai-Rls folds
HOTrun1 folds
_111 calls 300
WillCollapse calls 200
*** FLOP *** [Jh Js 9c]
_111 checks
WillCollapse checks
razlatouffe bets 338
_111 raises 842 to 1180
WillCollapse folds
razlatouffe calls 842
*** TURN *** [Jh Js 9c][4s]
_111 checks
razlatouffe checks
*** RIVER *** [Jh Js 9c 4s][7d]
_111 bets 4898 and is all-in
razlatouffe folds
_111 collected 8608 from pot
*** SUMMARY ***
Total pot 8608 | No rake
Board: [Jh Js 9c 4s 7d]
Seat 6: _111 (small blind) won 8608


Winamax Poker - Tournament "PRIME TIME" buyIn: 45€ + 5€ level: 1 - HandId: #3186327045948833852-21-1707422460 - Holdem no limit (25/100/200) - 2024/02/08 20:01:00 UTC
Table: 'PRIME TIME(741874577)#0059' 6-max (real money) Seat #6 is the button
Seat 1: WillCollapse (28978, 22.50€ bounty)
Seat 2: torresmo123 (19925, 22.50€ bounty)
Seat 3: razlatouffe (9117, 22.50€ bounty)
Seat 4: Kai-Rls (51309, 45€ bounty)
Seat 5: HOTrun1 (12118, 22.50€ bounty)
Seat 6: _111 (8608, 22.50€ bounty)
*** ANTE/BLINDS ***
WillCollapse posts ante 25
torresmo123 posts ante 25
razlatouffe posts ante 25
Kai-Rls posts ante 25
HOTrun1 posts ante 25
_111 posts ante 25
WillCollapse posts small blind 100
torresmo123 posts big blind 200
Dealt to torresmo123 [Kd 3d]
*** PRE-FLOP *** 
razlatouffe folds
Kai-Rls raises 250 to 450
HOTrun1 folds
_111 folds
WillCollapse folds
torresmo123 calls 250
*** FLOP *** [5h As 6h]
torresmo123 checks
Kai-Rls bets 520
torresmo123 folds
Kai-Rls collected 1670 from pot
*** SUMMARY ***
Total pot 1670 | No rake
Board: [5h As 6h]
Seat 4: Kai-Rls won 1670


Winamax Poker - Tournament "PRIME TIME" buyIn: 45€ + 5€ level: 1 - HandId: #3186327045948833852-22-1707422499 - Holdem no limit (25/100/200) - 2024/02/08 20:01:39 UTC
Table: 'PRIME TIME(741874577)#0059' 6-max (real money) Seat #1 is the button
Seat 1: WillCollapse (28853, 22.50€ bounty)
Seat 2: torresmo123 (19450, 22.50€ bounty)
Seat 3: razlatouffe (9092, 22.50€ bounty)
Seat 4: Kai-Rls (51984, 45€ bounty)
Seat 5: HOTrun1 (12093, 22.50€ bounty)
Seat 6: _111 (8583, 22.50€ bounty)
*** ANTE/BLINDS ***
torresmo123 posts ante 25
razlatouffe posts ante 25
WillCollapse posts ante 25
Kai-Rls posts ante 25
HOTrun1 posts ante 25
_111 posts ante 25
torresmo123 posts small blind 100
razlatouffe posts big blind 200
Dealt to torresmo123 [Ad 9s]
*** PRE-FLOP *** 
Kai-Rls raises 250 to 450
HOTrun1 folds
_111 folds
WillCollapse folds
torresmo123 calls 350
razlatouffe calls 250
*** FLOP *** [3s Tc As]
torresmo123 checks
razlatouffe checks
Kai-Rls checks
*** TURN *** [3s Tc As][5h]
torresmo123 checks
razlatouffe checks
Kai-Rls bets 750
torresmo123 calls 750
razlatouffe folds
*** RIVER *** [3s Tc As 5h][Td]
torresmo123 bets 600
Kai-Rls raises 2200 to 2800
torresmo123 folds
Kai-Rls collected 6400 from pot
*** SUMMARY ***
Total pot 6400 | No rake
Board: [3s Tc As 5h Td]
Seat 4: Kai-Rls won 6400


Winamax Poker - Tournament "PRIME TIME" buyIn: 45€ + 5€ level: 1 - HandId: #3186327045948833852-23-1707422601 - Holdem no limit (25/100/200) - 2024/02/08 20:03:21 UTC
Table: 'PRIME TIME(741874577)#0059' 6-max (real money) Seat #2 is the button
Seat 1: WillCollapse (28828, 22.50€ bounty)
Seat 2: torresmo123 (17625, 22.50€ bounty)
Seat 3: razlatouffe (8617, 22.50€ bounty)
Seat 4: Kai-Rls (54359, 45€ bounty)
Seat 5: HOTrun1 (12068, 22.50€ bounty)
Seat 6: _111 (8558, 22.50€ bounty)
*** ANTE/BLINDS ***
razlatouffe posts ante 25
Kai-Rls posts ante 25
WillCollapse posts ante 25
torresmo123 posts ante 25
HOTrun1 posts ante 25
_111 posts ante 25
razlatouffe posts small blind 100
Kai-Rls posts big blind 200
Dealt to torresmo123 [5d 9s]
*** PRE-FLOP *** 
HOTrun1 folds
_111 folds
WillCollapse folds
torresmo123 folds
razlatouffe calls 100
Kai-Rls checks
*** FLOP *** [As Jd 6s]
razlatouffe bets 200
Kai-Rls folds
razlatouffe collected 750 from pot
*** SUMMARY ***
Total pot 750 | No rake
Board: [As Jd 6s]
Seat 3: razlatouffe (small blind) won 750


Winamax Poker - Tournament "PRIME TIME" buyIn: 45€ + 5€ level: 1 - HandId: #3186327045948833852-24-1707422631 - Holdem no limit (25/100/200) - 2024/02/08 20:03:51 UTC
Table: 'PRIME TIME(741874577)#0059' 6-max (real money) Seat #3 is the button
Seat 1: WillCollapse (28803, 22.50€ bounty)
Seat 2: torresmo123 (17600, 22.50€ bounty)
Seat 3: razlatouffe (8942, 22.50€ bounty)
Seat 4: Kai-Rls (54134, 45€ bounty)
Seat 5: HOTrun1 (12043, 22.50€ bounty)
Seat 6: _111 (8533, 22.50€ bounty)
*** ANTE/BLINDS ***
Kai-Rls posts ante 25
HOTrun1 posts ante 25
WillCollapse posts ante 25
torresmo123 posts ante 25
razlatouffe posts ante 25
_111 posts ante 25
Kai-Rls posts small blind 100
HOTrun1 posts big blind 200
Dealt to torresmo123 [4s 7c]
*** PRE-FLOP *** 
_111 folds
WillCollapse folds
torresmo123 folds
razlatouffe raises 300 to 500
Kai-Rls raises 53609 to 54109 and is all-in
HOTrun1 folds
razlatouffe folds
Kai-Rls collected 54959 from pot
*** SUMMARY ***
Total pot 54959 | No rake
Seat 4: Kai-Rls (small blind) won 54959


Winamax Poker - Tournament "PRIME TIME" buyIn: 45€ + 5€ level: 1 - HandId: #3186327045948833852-25-1707422664 - Holdem no limit (25/100/200) - 2024/02/08 20:04:24 UTC
Table: 'PRIME TIME(741874577)#0059' 6-max (real money) Seat #4 is the button
Seat 1: WillCollapse (28778, 22.50€ bounty)
Seat 2: torresmo123 (17575, 22.50€ bounty)
Seat 3: razlatouffe (8417, 22.50€ bounty)
Seat 4: Kai-Rls (54959, 45€ bounty)
Seat 5: HOTrun1 (11818, 22.50€ bounty)
Seat 6: _111 (8508, 22.50€ bounty)
*** ANTE/BLINDS ***
HOTrun1 posts ante 25
_111 posts ante 25
WillCollapse posts ante 25
torresmo123 posts ante 25
razlatouffe posts ante 25
Kai-Rls posts ante 25
HOTrun1 posts small blind 100
_111 posts big blind 200
Dealt to torresmo123 [8c Qs]
*** PRE-FLOP *** 
WillCollapse folds
torresmo123 folds
razlatouffe folds
Kai-Rls raises 250 to 450
HOTrun1 folds
_111 calls 250
*** FLOP *** [9d 5h Th]
_111 checks
Kai-Rls bets 748
_111 folds
Kai-Rls collected 1898 from pot
*** SUMMARY ***
Total pot 1898 | No rake
Board: [9d 5h Th]
Seat 4: Kai-Rls (button) won 1898


Winamax Poker - Tournament "PRIME TIME" buyIn: 45€ + 5€ level: 1 - HandId: #3186327045948833852-26-1707422695 - Holdem no limit (25/100/200) - 2024/02/08 20:04:55 UTC
Table: 'PRIME TIME(741874577)#0059' 6-max (real money) Seat #5 is the button
Seat 1: WillCollapse (28753, 22.50€ bounty)
Seat 2: torresmo123 (17550, 22.50€ bounty)
Seat 3: razlatouffe (8392, 22.50€ bounty)
Seat 4: Kai-Rls (55634, 45€ bounty)
Seat 5: HOTrun1 (11693, 22.50€ bounty)
Seat 6: _111 (8033, 22.50€ bounty)
*** ANTE/BLINDS ***
_111 posts ante 25
WillCollapse posts ante 25
torresmo123 posts ante 25
razlatouffe posts ante 25
Kai-Rls posts ante 25
HOTrun1 posts ante 25
_111 posts small blind 100
WillCollapse posts big blind 200
Dealt to torresmo123 [6h 7h]
*** PRE-FLOP *** 
torresmo123 raises 220 to 420
razlatouffe folds
Kai-Rls folds
HOTrun1 calls 420
_111 raises 7588 to 8008 and is all-in
WillCollapse folds
torresmo123 folds
HOTrun1 folds
_111 collected 9198 from pot
*** SUMMARY ***
Total pot 9198 | No rake
Seat 6: _111 (small blind) won 9198


Winamax Poker - Tournament "PRIME TIME" buyIn: 45€ + 5€ level: 1 - HandId: #3186327045948833852-27-1707422731 - Holdem no limit (25/100/200) - 2024/02/08 20:05:31 UTC
Table: 'PRIME TIME(741874577)#0059' 6-max (real money) Seat #6 is the button
Seat 1: WillCollapse (28528, 22.50€ bounty)
Seat 2: torresmo123 (17105, 22.50€ bounty)
Seat 3: razlatouffe (8367, 22.50€ bounty)
Seat 4: Kai-Rls (55609, 45€ bounty)
Seat 5: HOTrun1 (11248, 22.50€ bounty)
Seat 6: _111 (9198, 22.50€ bounty)
*** ANTE/BLINDS ***
WillCollapse posts ante 25
torresmo123 posts ante 25
razlatouffe posts ante 25
Kai-Rls posts ante 25
HOTrun1 posts ante 25
_111 posts ante 25
WillCollapse posts small blind 100
torresmo123 posts big blind 200
Dealt to torresmo123 [3c Kh]
*** PRE-FLOP *** 
razlatouffe folds
Kai-Rls folds
HOTrun1 folds
_111 raises 220 to 420
WillCollapse raises 1080 to 1500
torresmo123 calls 1300
_111 folds
*** FLOP *** [Jd Kc Jh]
WillCollapse checks
torresmo123 checks
*** TURN *** [Jd Kc Jh][Jc]
WillCollapse bets 1178
torresmo123 calls 1178
*** RIVER *** [Jd Kc Jh Jc][5d]
WillCollapse bets 2963
torresmo123 calls 2963
*** SHOW DOWN ***
WillCollapse shows [Ks As] (Full of Jacks and Kings)
torresmo123 shows [3c Kh] (Full of Jacks and Kings)
torresmo123 collected 5926 from pot
WillCollapse collected 5926 from pot
*** SUMMARY ***
Total pot 11852 | No rake
Board: [Jd Kc Jh Jc 5d]
Seat 1: WillCollapse (small blind) showed [Ks As] and won 5926 with Full of Jacks and Kings
Seat 2: torresmo123 (big blind) showed [3c Kh] and won 5926 with Full of Jacks and Kings


Winamax Poker - Tournament "PRIME TIME" buyIn: 45€ + 5€ level: 1 - HandId: #3186327045948833852-28-1707422803 - Holdem no limit (25/100/200) - 2024/02/08 20:06:43 UTC
Table: 'PRIME TIME(741874577)#0059' 6-max (real money) Seat #1 is the button
Seat 1: WillCollapse (28788, 22.50€ bounty)
Seat 2: torresmo123 (17365, 22.50€ bounty)
Seat 3: razlatouffe (8342, 22.50€ bounty)
Seat 4: Kai-Rls (55584, 45€ bounty)
Seat 5: HOTrun1 (11223, 22.50€ bounty)
Seat 6: _111 (8753, 22.50€ bounty)
*** ANTE/BLINDS ***
torresmo123 posts ante 25
razlatouffe posts ante 25
WillCollapse posts ante 25
Kai-Rls posts ante 25
HOTrun1 posts ante 25
_111 posts ante 25
torresmo123 posts small blind 100
razlatouffe posts big blind 200
Dealt to torresmo123 [2h 3c]
*** PRE-FLOP *** 
Kai-Rls raises 250 to 450
HOTrun1 folds
_111 folds
WillCollapse calls 450
torresmo123 folds
razlatouffe calls 250
*** FLOP *** [8h Jh As]
razlatouffe checks
Kai-Rls bets 800
WillCollapse calls 800
razlatouffe folds
*** TURN *** [8h Jh As][8s]
Kai-Rls bets 2600
WillCollapse folds
Kai-Rls collected 5800 from pot
*** SUMMARY ***
Total pot 5800 | No rake
Board: [8h Jh As 8s]
Seat 4: Kai-Rls won 5800


Winamax Poker - Tournament "PRIME TIME" buyIn: 45€ + 5€ level: 1 - HandId: #3186327045948833852-29-1707422850 - Holdem no limit (25/100/200) - 2024/02/08 20:07:30 UTC
Table: 'PRIME TIME(741874577)#0059' 6-max (real money) Seat #2 is the button
Seat 1: WillCollapse (27513, 22.50€ bounty)
Seat 2: torresmo123 (17240, 22.50€ bounty)
Seat 3: razlatouffe (7867, 22.50€ bounty)
Seat 4: Kai-Rls (57509, 45€ bounty)
Seat 5: HOTrun1 (11198, 22.50€ bounty)
Seat 6: _111 (8728, 22.50€ bounty)
*** ANTE/BLINDS ***
razlatouffe posts ante 25
Kai-Rls posts ante 25
WillCollapse posts ante 25
torresmo123 posts ante 25
HOTrun1 posts ante 25
_111 posts ante 25
razlatouffe posts small blind 100
Kai-Rls posts big blind 200
Dealt to torresmo123 [Jc 3d]
*** PRE-FLOP *** 
HOTrun1 raises 200 to 400
_111 folds
WillCollapse folds
torresmo123 folds
razlatouffe calls 300
Kai-Rls calls 200
*** FLOP *** [Tc Ac 3c]
razlatouffe checks
Kai-Rls checks
HOTrun1 bets 800
razlatouffe folds
Kai-Rls calls 800
*** TURN *** [Tc Ac 3c][Qc]
Kai-Rls checks
HOTrun1 bets 1200
Kai-Rls calls 1200
*** RIVER *** [Tc Ac 3c Qc][Qd]
Kai-Rls checks
HOTrun1 checks
*** SHOW DOWN ***
Kai-Rls shows [6c Ad] (Flush Ace high)
HOTrun1 shows [8c 7c] (Flush Ace high)
HOTrun1 collected 5350 from pot
*** SUMMARY ***
Total pot 5350 | No rake
Board: [Tc Ac 3c Qc Qd]
Seat 4: Kai-Rls (big blind) showed [6c Ad] and lost with Flush Ace high
Seat 5: HOTrun1 showed [8c 7c] and won 5350 with Flush Ace high


Winamax Poker - Tournament "PRIME TIME" buyIn: 45€ + 5€ level: 1 - HandId: #3186327045948833852-30-1707422922 - Holdem no limit (25/100/200) - 2024/02/08 20:08:42 UTC
Table: 'PRIME TIME(741874577)#0059' 6-max (real money) Seat #3 is the button
Seat 1: WillCollapse (27488, 22.50€ bounty)
Seat 2: torresmo123 (17215, 22.50€ bounty)
Seat 3: razlatouffe (7442, 22.50€ bounty)
Seat 4: Kai-Rls (55084, 45€ bounty)
Seat 5: HOTrun1 (14123, 22.50€ bounty)
Seat 6: _111 (8703, 22.50€ bounty)
*** ANTE/BLINDS ***
Kai-Rls posts ante 25
HOTrun1 posts ante 25
WillCollapse posts ante 25
torresmo123 posts ante 25
razlatouffe posts ante 25
_111 posts ante 25
Kai-Rls posts small blind 100
HOTrun1 posts big blind 200
Dealt to torresmo123 [Kc 4d]
*** PRE-FLOP *** 
_111 raises 220 to 420
WillCollapse raises 1180 to 1600
torresmo123 folds
razlatouffe folds
Kai-Rls folds
HOTrun1 folds
_111 calls 1180
*** FLOP *** [Qc 2c 8h]
_111 checks
WillCollapse bets 913
_111 raises 1113 to 2026
WillCollapse calls 1113
*** TURN *** [Qc 2c 8h][Td]
_111 bets 5052 and is all-in
WillCollapse folds
_111 collected 12754 from pot
*** SUMMARY ***
Total pot 12754 | No rake
Board: [Qc 2c 8h Td]
Seat 6: _111 won 12754


Winamax Poker - Tournament "PRIME TIME" buyIn: 45€ + 5€ level: 1 - HandId: #3186327045948833852-31-1707422995 - Holdem no limit (25/100/200) - 2024/02/08 20:09:55 UTC
Table: 'PRIME TIME(741874577)#0059' 6-max (real money) Seat #4 is the button
Seat 1: WillCollapse (23837, 22.50€ bounty)
Seat 2: torresmo123 (17190, 22.50€ bounty)
Seat 3: razlatouffe (7417, 22.50€ bounty)
Seat 4: Kai-Rls (54959, 45€ bounty)
Seat 5: HOTrun1 (13898, 22.50€ bounty)
Seat 6: _111 (12754, 22.50€ bounty)
*** ANTE/BLINDS ***
HOTrun1 posts ante 25
_111 posts ante 25
WillCollapse posts ante 25
torresmo123 posts ante 25
razlatouffe posts ante 25
Kai-Rls posts ante 25
HOTrun1 posts small blind 100
_111 posts big blind 200
Dealt to torresmo123 [8d Kd]
*** PRE-FLOP *** 
WillCollapse folds
torresmo123 raises 220 to 420
razlatouffe folds
Kai-Rls raises 1160 to 1580
HOTrun1 folds
_111 raises 11149 to 12729 and is all-in
torresmo123 folds
Kai-Rls calls 11149
*** FLOP *** [4d 9s 6c]
*** TURN *** [4d 9s 6c][4s]
*** RIVER *** [4d 9s 6c 4s][Js]
*** SHOW DOWN ***
_111 shows [Qc Qd] (Two pairs : Queens and 4)
Kai-Rls shows [Ac Ah] (Two pairs : Aces and 4)
Kai-Rls collected 26128 from pot
*** SUMMARY ***
Total pot 26128 | No rake
Board: [4d 9s 6c 4s Js]
Seat 4: Kai-Rls (button) showed [Ac Ah] and won 26128 with Two pairs : Aces and 4
Seat 6: _111 (big blind) showed [Qc Qd] and lost with Two pairs : Queens and 4


Winamax Poker - Tournament "PRIME TIME" buyIn: 45€ + 5€ level: 1 - HandId: #3186327045948833852-32-1707423053 - Holdem no limit (25/100/200) - 2024/02/08 20:10:53 UTC
Table: 'PRIME TIME(741874577)#0059' 6-max (real money) Seat #5 is the button
Seat 1: WillCollapse (23812, 22.50€ bounty)
Seat 2: torresmo123 (16745, 22.50€ bounty)
Seat 3: razlatouffe (7392, 22.50€ bounty)
Seat 4: Kai-Rls (68333, 56.25€ bounty)
Seat 5: HOTrun1 (13773, 22.50€ bounty)
*** ANTE/BLINDS ***
WillCollapse posts ante 25
torresmo123 posts ante 25
razlatouffe posts ante 25
Kai-Rls posts ante 25
HOTrun1 posts ante 25
WillCollapse posts big blind 200
Dealt to torresmo123 [8c Kd]
*** PRE-FLOP *** 
torresmo123 folds
razlatouffe raises 300 to 500
Kai-Rls folds
HOTrun1 folds
WillCollapse folds
razlatouffe collected 825 from pot
*** SUMMARY ***
Total pot 825 | No rake
Seat 3: razlatouffe won 825


Winamax Poker - Tournament "PRIME TIME" buyIn: 45€ + 5€ level: 2 - HandId: #3186327045948833852-33-1707423066 - Holdem no limit (30/125/250) - 2024/02/08 20:11:06 UTC
Table: 'PRIME TIME(741874577)#0059' 6-max (real money) Seat #6 is the button
Seat 1: WillCollapse (23587, 22.50€ bounty)
Seat 2: torresmo123 (16720, 22.50€ bounty)
Seat 3: razlatouffe (7692, 22.50€ bounty)
Seat 4: Kai-Rls (68308, 56.25€ bounty)
Seat 5: HOTrun1 (13748, 22.50€ bounty)
Seat 6: JACKDEPIQUE (20000, 22.50€ bounty)
*** ANTE/BLINDS ***
WillCollapse posts ante 30
torresmo123 posts ante 30
razlatouffe posts ante 30
Kai-Rls posts ante 30
HOTrun1 posts ante 30
WillCollapse posts small blind 125
torresmo123 posts big blind 250
Dealt to torresmo123 [8d Kc]
*** PRE-FLOP *** 
razlatouffe folds
Kai-Rls raises 313 to 563
HOTrun1 folds
WillCollapse folds
torresmo123 calls 313
*** FLOP *** [Tc As Qd]
torresmo123 checks
Kai-Rls checks
*** TURN *** [Tc As Qd][Ah]
torresmo123 checks
Kai-Rls bets 350
torresmo123 folds
Kai-Rls collected 1751 from pot
*** SUMMARY ***
Total pot 1751 | No rake
Board: [Tc As Qd Ah]
Seat 4: Kai-Rls won 1751


Winamax Poker - Tournament "PRIME TIME" buyIn: 45€ + 5€ level: 2 - HandId: #3186327045948833852-34-1707423128 - Holdem no limit (30/125/250) - 2024/02/08 20:12:08 UTC
Table: 'PRIME TIME(741874577)#0059' 6-max (real money) Seat #1 is the button
Seat 1: WillCollapse (23432, 22.50€ bounty)
Seat 2: torresmo123 (16127, 22.50€ bounty)
Seat 3: razlatouffe (7662, 22.50€ bounty)
Seat 4: Kai-Rls (69116, 56.25€ bounty)
Seat 5: HOTrun1 (13718, 22.50€ bounty)
Seat 6: JACKDEPIQUE (20000, 22.50€ bounty)
*** ANTE/BLINDS ***
torresmo123 posts ante 30
razlatouffe posts ante 30
WillCollapse posts ante 30
Kai-Rls posts ante 30
HOTrun1 posts ante 30
JACKDEPIQUE posts ante 30
torresmo123 posts small blind 125
razlatouffe posts big blind 250
Dealt to torresmo123 [2h 2d]
*** PRE-FLOP *** 
Kai-Rls raises 250 to 500
HOTrun1 folds
JACKDEPIQUE folds
WillCollapse calls 500
torresmo123 calls 375
razlatouffe calls 250
*** FLOP *** [5s 7s 7h]
torresmo123 checks
razlatouffe checks
Kai-Rls bets 1090
WillCollapse folds
torresmo123 folds
razlatouffe folds
Kai-Rls collected 3270 from pot
*** SUMMARY ***
Total pot 3270 | No rake
Board: [5s 7s 7h]
Seat 4: Kai-Rls won 3270


Winamax Poker - Tournament "PRIME TIME" buyIn: 45€ + 5€ level: 2 - HandId: #3186327045948833852-35-1707423205 - Holdem no limit (30/125/250) - 2024/02/08 20:13:25 UTC
Table: 'PRIME TIME(741874577)#0059' 6-max (real money) Seat #2 is the button
Seat 1: WillCollapse (22902, 22.50€ bounty)
Seat 2: torresmo123 (15597, 22.50€ bounty)
Seat 3: razlatouffe (7132, 22.50€ bounty)
Seat 4: Kai-Rls (70766, 56.25€ bounty)
Seat 6: JACKDEPIQUE (19970, 22.50€ bounty)
*** ANTE/BLINDS ***
razlatouffe posts ante 30
Kai-Rls posts ante 30
WillCollapse posts ante 30
torresmo123 posts ante 30
JACKDEPIQUE posts ante 30
razlatouffe posts small blind 125
Kai-Rls posts big blind 250
Dealt to torresmo123 [5h 9s]
*** PRE-FLOP *** 
JACKDEPIQUE folds
WillCollapse folds
torresmo123 folds
razlatouffe calls 125
Kai-Rls checks
*** FLOP *** [Td 3h 9c]
razlatouffe checks
Kai-Rls bets 520
razlatouffe folds
Kai-Rls collected 1170 from pot
*** SUMMARY ***
Total pot 1170 | No rake
Board: [Td 3h 9c]
Seat 4: Kai-Rls (big blind) won 1170


Winamax Poker - Tournament "PRIME TIME" buyIn: 45€ + 5€ level: 2 - HandId: #3186327045948833852-36-1707423251 - Holdem no limit (30/125/250) - 2024/02/08 20:14:11 UTC
Table: 'PRIME TIME(741874577)#0059' 6-max (real money) Seat #3 is the button
Seat 1: WillCollapse (22872, 22.50€ bounty)
Seat 2: torresmo123 (15567, 22.50€ bounty)
Seat 3: razlatouffe (6852, 22.50€ bounty)
Seat 4: Kai-Rls (71136, 56.25€ bounty)
Seat 5: F Nociolini (20000, 22.50€ bounty)
Seat 6: JACKDEPIQUE (19940, 22.50€ bounty)
*** ANTE/BLINDS ***
Kai-Rls posts ante 30
F Nociolini posts ante 30
WillCollapse posts ante 30
torresmo123 posts ante 30
razlatouffe posts ante 30
JACKDEPIQUE posts ante 30
Kai-Rls posts small blind 125
F Nociolini posts big blind 250
Dealt to torresmo123 [Js Tc]
*** PRE-FLOP *** 
JACKDEPIQUE folds
WillCollapse raises 250 to 500
torresmo123 folds
razlatouffe folds
Kai-Rls folds
F Nociolini calls 250
*** FLOP *** [3c 3s Th]
F Nociolini checks
WillCollapse bets 431
F Nociolini calls 431
*** TURN *** [3c 3s Th][7d]
F Nociolini checks
WillCollapse bets 2167
F Nociolini folds
WillCollapse collected 4334 from pot
*** SUMMARY ***
Total pot 4334 | No rake
Board: [3c 3s Th 7d]
Seat 1: WillCollapse won 4334


Winamax Poker - Tournament "PRIME TIME" buyIn: 45€ + 5€ level: 2 - HandId: #3186327045948833852-37-1707423329 - Holdem no limit (30/125/250) - 2024/02/08 20:15:29 UTC
Table: 'PRIME TIME(741874577)#0059' 6-max (real money) Seat #4 is the button
Seat 1: WillCollapse (24078, 22.50€ bounty)
Seat 2: torresmo123 (15537, 22.50€ bounty)
Seat 3: razlatouffe (6822, 22.50€ bounty)
Seat 4: Kai-Rls (70981, 56.25€ bounty)
Seat 5: F Nociolini (19039, 22.50€ bounty)
Seat 6: JACKDEPIQUE (19910, 22.50€ bounty)
*** ANTE/BLINDS ***
F Nociolini posts ante 30
JACKDEPIQUE posts ante 30
WillCollapse posts ante 30
torresmo123 posts ante 30
razlatouffe posts ante 30
Kai-Rls posts ante 30
F Nociolini posts small blind 125
JACKDEPIQUE posts big blind 250
Dealt to torresmo123 [2d Qc]
*** PRE-FLOP *** 
WillCollapse folds
torresmo123 folds
razlatouffe folds
Kai-Rls raises 313 to 563
F Nociolini calls 438
JACKDEPIQUE calls 313
*** FLOP *** [Kh 8d Qs]
F Nociolini checks
JACKDEPIQUE checks
Kai-Rls bets 654
F Nociolini calls 654
JACKDEPIQUE calls 654
*** TURN *** [Kh 8d Qs][8h]
F Nociolini checks
JACKDEPIQUE checks
Kai-Rls checks
*** RIVER *** [Kh 8d Qs 8h][Ts]
F Nociolini checks
JACKDEPIQUE bets 2041
Kai-Rls folds
F Nociolini folds
JACKDEPIQUE collected 5872 from pot
*** SUMMARY ***
Total pot 5872 | No rake
Board: [Kh 8d Qs 8h Ts]
Seat 6: JACKDEPIQUE (big blind) won 5872


Winamax Poker - Tournament "PRIME TIME" buyIn: 45€ + 5€ level: 1 - HandId: #3186327045948833898-1-1707423458 - Holdem no limit (30/125/250) - 2024/02/08 20:17:38 UTC
Table: 'PRIME TIME(741874577)#0105' 6-max (real money) Seat #1 is the button
Seat 1: bamboozle_ (29768, 22.50€ bounty)
Seat 3: BirraChicha7 (20000, 22.50€ bounty)
Seat 4: AceHigh28 (48151, 33.75€ bounty)
Seat 5: ellovo8313 (35132, 22.50€ bounty)
Seat 6: torresmo123 (15507, 22.50€ bounty)
*** ANTE/BLINDS ***
BirraChicha7 posts ante 30
torresmo123 posts ante 30
bamboozle_ posts ante 30
BirraChicha7 posts small blind 125
torresmo123 posts big blind 250
Dealt to torresmo123 [7d 9c]
*** PRE-FLOP *** 
bamboozle_ folds
BirraChicha7 calls 125
torresmo123 checks
*** FLOP *** [4c Qs 4d]
BirraChicha7 bets 250
torresmo123 folds
BirraChicha7 collected 840 from pot
*** SUMMARY ***
Total pot 840 | No rake
Board: [4c Qs 4d]
Seat 3: BirraChicha7 (small blind) won 840


Winamax Poker - Tournament "PRIME TIME" buyIn: 45€ + 5€ level: 1 - HandId: #3186327045948833898-2-1707423479 - Holdem no limit (30/125/250) - 2024/02/08 20:17:59 UTC
Table: 'PRIME TIME(741874577)#0105' 6-max (real money) Seat #3 is the button
Seat 1: bamboozle_ (29738, 22.50€ bounty)
Seat 2: Vicieux 3805 (20000, 22.50€ bounty)
Seat 3: BirraChicha7 (20310, 22.50€ bounty)
Seat 4: AceHigh28 (48151, 33.75€ bounty)
Seat 5: ellovo8313 (35132, 22.50€ bounty)
Seat 6: torresmo123 (15227, 22.50€ bounty)
*** ANTE/BLINDS ***
torresmo123 posts ante 30
bamboozle_ posts ante 30
Vicieux 3805 posts ante 30
BirraChicha7 posts ante 30
torresmo123 posts small blind 125
bamboozle_ posts big blind 250
Dealt to torresmo123 [2s 3c]
*** PRE-FLOP *** 
Vicieux 3805 folds
BirraChicha7 folds
torresmo123 folds
bamboozle_ collected 495 from pot
*** SUMMARY ***
Total pot 495 | No rake
Seat 1: bamboozle_ (big blind) won 495


Winamax Poker - Tournament "PRIME TIME" buyIn: 45€ + 5€ level: 3 - HandId: #3186327045948833898-3-1707423492 - Holdem no limit (35/150/300) - 2024/02/08 20:18:12 UTC
Table: 'PRIME TIME(741874577)#0105' 6-max (real money) Seat #6 is the button
Seat 1: bamboozle_ (29953, 22.50€ bounty)
Seat 2: Vicieux 3805 (19970, 22.50€ bounty)
Seat 3: BirraChicha7 (20280, 22.50€ bounty)
Seat 4: AceHigh28 (48151, 33.75€ bounty)
Seat 5: ellovo8313 (35132, 22.50€ bounty)
Seat 6: torresmo123 (15072, 22.50€ bounty)
*** ANTE/BLINDS ***
bamboozle_ posts ante 35
Vicieux 3805 posts ante 35
BirraChicha7 posts ante 35
AceHigh28 posts ante 35
ellovo8313 posts ante 35
torresmo123 posts ante 35
bamboozle_ posts small blind 150
Vicieux 3805 posts big blind 300
Dealt to torresmo123 [3h 4d]
*** PRE-FLOP *** 
BirraChicha7 raises 600 to 900
AceHigh28 folds
ellovo8313 folds
torresmo123 folds
bamboozle_ folds
Vicieux 3805 folds
BirraChicha7 collected 1560 from pot
*** SUMMARY ***
Total pot 1560 | No rake
Seat 3: BirraChicha7 won 1560


Winamax Poker - Tournament "PRIME TIME" buyIn: 45€ + 5€ level: 3 - HandId: #3186327045948833898-4-1707423528 - Holdem no limit (35/150/300) - 2024/02/08 20:18:48 UTC
Table: 'PRIME TIME(741874577)#0105' 6-max (real money) Seat #1 is the button
Seat 1: bamboozle_ (29768, 22.50€ bounty)
Seat 2: Vicieux 3805 (19635, 22.50€ bounty)
Seat 3: BirraChicha7 (20905, 22.50€ bounty)
Seat 5: ellovo8313 (35097, 22.50€ bounty)
Seat 6: torresmo123 (15037, 22.50€ bounty)
*** ANTE/BLINDS ***
Vicieux 3805 posts ante 35
BirraChicha7 posts ante 35
bamboozle_ posts ante 35
ellovo8313 posts ante 35
torresmo123 posts ante 35
Vicieux 3805 posts small blind 150
BirraChicha7 posts big blind 300
Dealt to torresmo123 [9d 7s]
*** PRE-FLOP *** 
ellovo8313 folds
torresmo123 folds
bamboozle_ folds
Vicieux 3805 folds
BirraChicha7 collected 625 from pot
*** SUMMARY ***
Total pot 625 | No rake
Seat 3: BirraChicha7 (big blind) won 625


Winamax Poker - Tournament "PRIME TIME" buyIn: 45€ + 5€ level: 3 - HandId: #3186327045948833898-5-1707423570 - Holdem no limit (35/150/300) - 2024/02/08 20:19:30 UTC
Table: 'PRIME TIME(741874577)#0105' 6-max (real money) Seat #2 is the button
Seat 1: bamboozle_ (29733, 22.50€ bounty)
Seat 2: Vicieux 3805 (19450, 22.50€ bounty)
Seat 3: BirraChicha7 (21195, 22.50€ bounty)
Seat 4: AATLANTISSS (20000, 22.50€ bounty)
Seat 5: ellovo8313 (35062, 22.50€ bounty)
Seat 6: torresmo123 (15002, 22.50€ bounty)
*** ANTE/BLINDS ***
BirraChicha7 posts ante 35
AATLANTISSS posts ante 35
bamboozle_ posts ante 35
Vicieux 3805 posts ante 35
ellovo8313 posts ante 35
torresmo123 posts ante 35
BirraChicha7 posts small blind 150
AATLANTISSS posts big blind 300
Dealt to torresmo123 [8d Ah]
*** PRE-FLOP *** 
ellovo8313 folds
torresmo123 raises 330 to 630
bamboozle_ folds
Vicieux 3805 folds
BirraChicha7 folds
AATLANTISSS calls 330
*** FLOP *** [7s 6s 8c]
AATLANTISSS checks
torresmo123 bets 535
AATLANTISSS raises 1135 to 1670
torresmo123 calls 1135
*** TURN *** [7s 6s 8c][Ad]
AATLANTISSS checks
torresmo123 bets 2728
AATLANTISSS calls 2728
*** RIVER *** [7s 6s 8c Ad][7d]
AATLANTISSS checks
torresmo123 checks
*** SHOW DOWN ***
AATLANTISSS shows [Ts Ks] (One pair : 7)
torresmo123 shows [8d Ah] (Two pairs : Aces and 8)
torresmo123 collected 10416 from pot
*** SUMMARY ***
Total pot 10416 | No rake
Board: [7s 6s 8c Ad 7d]
Seat 4: AATLANTISSS (big blind) showed [Ts Ks] and lost with One pair : 7
Seat 6: torresmo123 showed [8d Ah] and won 10416 with Two pairs : Aces and 8


Winamax Poker - Tournament "PRIME TIME" buyIn: 45€ + 5€ level: 3 - HandId: #3186327045948833898-6-1707423703 - Holdem no limit (35/150/300) - 2024/02/08 20:21:43 UTC
Table: 'PRIME TIME(741874577)#0105' 6-max (real money) Seat #3 is the button
Seat 1: bamboozle_ (29698, 22.50€ bounty)
Seat 2: Vicieux 3805 (19415, 22.50€ bounty)
Seat 3: BirraChicha7 (21010, 22.50€ bounty)
Seat 4: AATLANTISSS (14937, 22.50€ bounty)
Seat 5: ellovo8313 (35027, 22.50€ bounty)
Seat 6: torresmo123 (20355, 22.50€ bounty)
*** ANTE/BLINDS ***
AATLANTISSS posts ante 35
ellovo8313 posts ante 35
bamboozle_ posts ante 35
Vicieux 3805 posts ante 35
BirraChicha7 posts ante 35
torresmo123 posts ante 35
AATLANTISSS posts small blind 150
ellovo8313 posts big blind 300
Dealt to torresmo123 [5s Kh]
*** PRE-FLOP *** 
torresmo123 folds
bamboozle_ folds
Vicieux 3805 folds
BirraChicha7 folds
AATLANTISSS folds
ellovo8313 collected 660 from pot
*** SUMMARY ***
Total pot 660 | No rake
Seat 5: ellovo8313 (big blind) won 660


Winamax Poker - Tournament "PRIME TIME" buyIn: 45€ + 5€ level: 3 - HandId: #3186327045948833898-7-1707423715 - Holdem no limit (35/150/300) - 2024/02/08 20:21:55 UTC
Table: 'PRIME TIME(741874577)#0105' 6-max (real money) Seat #4 is the button
Seat 1: bamboozle_ (29663, 22.50€ bounty)
Seat 2: Vicieux 3805 (19380, 22.50€ bounty)
Seat 3: BirraChicha7 (20975, 22.50€ bounty)
Seat 4: AATLANTISSS (14752, 22.50€ bounty)
Seat 5: ellovo8313 (35352, 22.50€ bounty)
Seat 6: torresmo123 (20320, 22.50€ bounty)
*** ANTE/BLINDS ***
ellovo8313 posts ante 35
torresmo123 posts ante 35
bamboozle_ posts ante 35
Vicieux 3805 posts ante 35
BirraChicha7 posts ante 35
AATLANTISSS posts ante 35
ellovo8313 posts small blind 150
torresmo123 posts big blind 300
Dealt to torresmo123 [3h 7d]
*** PRE-FLOP *** 
bamboozle_ folds
Vicieux 3805 raises 300 to 600
BirraChicha7 folds
AATLANTISSS folds
ellovo8313 calls 450
torresmo123 folds
*** FLOP *** [8h Ac Qd]
ellovo8313 checks
Vicieux 3805 bets 855
ellovo8313 calls 855
*** TURN *** [8h Ac Qd][Qh]
ellovo8313 checks
Vicieux 3805 bets 1050
ellovo8313 folds
Vicieux 3805 collected 4470 from pot
*** SUMMARY ***
Total pot 4470 | No rake
Board: [8h Ac Qd Qh]
Seat 2: Vicieux 3805 won 4470


Winamax Poker - Tournament "PRIME TIME" buyIn: 45€ + 5€ level: 3 - HandId: #3186327045948833898-8-1707423766 - Holdem no limit (35/150/300) - 2024/02/08 20:22:46 UTC
Table: 'PRIME TIME(741874577)#0105' 6-max (real money) Seat #5 is the button
Seat 1: bamboozle_ (29628, 22.50€ bounty)
Seat 2: Vicieux 3805 (21310, 22.50€ bounty)
Seat 3: BirraChicha7 (20940, 22.50€ bounty)
Seat 4: AATLANTISSS (14717, 22.50€ bounty)
Seat 5: ellovo8313 (33862, 22.50€ bounty)
Seat 6: torresmo123 (19985, 22.50€ bounty)
*** ANTE/BLINDS ***
torresmo123 posts ante 35
bamboozle_ posts ante 35
Vicieux 3805 posts ante 35
BirraChicha7 posts ante 35
AATLANTISSS posts ante 35
ellovo8313 posts ante 35
torresmo123 posts small blind 150
bamboozle_ posts big blind 300
Dealt to torresmo123 [Ac 4h]
*** PRE-FLOP *** 
Vicieux 3805 folds
BirraChicha7 folds
AATLANTISSS folds
ellovo8313 folds
torresmo123 calls 150
bamboozle_ checks
*** FLOP *** [8c 3d Ah]
torresmo123 bets 300
bamboozle_ folds
torresmo123 collected 1110 from pot
*** SUMMARY ***
Total pot 1110 | No rake
Board: [8c 3d Ah]
Seat 6: torresmo123 (small blind) won 1110


Winamax Poker - Tournament "PRIME TIME" buyIn: 45€ + 5€ level: 3 - HandId: #3186327045948833898-9-1707423809 - Holdem no limit (35/150/300) - 2024/02/08 20:23:29 UTC
Table: 'PRIME TIME(741874577)#0105' 6-max (real money) Seat #6 is the button
Seat 1: bamboozle_ (29293, 22.50€ bounty)
Seat 2: Vicieux 3805 (21275, 22.50€ bounty)
Seat 3: BirraChicha7 (20905, 22.50€ bounty)
Seat 4: AATLANTISSS (14682, 22.50€ bounty)
Seat 5: ellovo8313 (33827, 22.50€ bounty)
Seat 6: torresmo123 (20460, 22.50€ bounty)
*** ANTE/BLINDS ***
bamboozle_ posts ante 35
Vicieux 3805 posts ante 35
BirraChicha7 posts ante 35
AATLANTISSS posts ante 35
ellovo8313 posts ante 35
torresmo123 posts ante 35
bamboozle_ posts small blind 150
Vicieux 3805 posts big blind 300
Dealt to torresmo123 [Kd 2h]
*** PRE-FLOP *** 
BirraChicha7 folds
AATLANTISSS raises 375 to 675
ellovo8313 folds
torresmo123 folds
bamboozle_ folds
Vicieux 3805 folds
AATLANTISSS collected 1335 from pot
*** SUMMARY ***
Total pot 1335 | No rake
Seat 4: AATLANTISSS won 1335


Winamax Poker - Tournament "PRIME TIME" buyIn: 45€ + 5€ level: 3 - HandId: #3186327045948833898-10-1707423836 - Holdem no limit (35/150/300) - 2024/02/08 20:23:56 UTC
Table: 'PRIME TIME(741874577)#0105' 6-max (real money) Seat #1 is the button
Seat 1: bamboozle_ (29108, 22.50€ bounty)
Seat 2: Vicieux 3805 (20940, 22.50€ bounty)
Seat 3: BirraChicha7 (20870, 22.50€ bounty)
Seat 4: AATLANTISSS (15307, 22.50€ bounty)
Seat 5: ellovo8313 (33792, 22.50€ bounty)
Seat 6: torresmo123 (20425, 22.50€ bounty)
*** ANTE/BLINDS ***
Vicieux 3805 posts ante 35
BirraChicha7 posts ante 35
bamboozle_ posts ante 35
AATLANTISSS posts ante 35
ellovo8313 posts ante 35
torresmo123 posts ante 35
Vicieux 3805 posts small blind 150
BirraChicha7 posts big blind 300
Dealt to torresmo123 [5h Ts]
*** PRE-FLOP *** 
AATLANTISSS folds
ellovo8313 folds
torresmo123 folds
bamboozle_ raises 375 to 675
Vicieux 3805 folds
BirraChicha7 calls 375
*** FLOP *** [7c Ah 7s]
BirraChicha7 checks
bamboozle_ bets 428
BirraChicha7 folds
bamboozle_ collected 2138 from pot
*** SUMMARY ***
Total pot 2138 | No rake
Board: [7c Ah 7s]
Seat 1: bamboozle_ (button) won 2138


Winamax Poker - Tournament "PRIME TIME" buyIn: 45€ + 5€ level: 3 - HandId: #3186327045948833898-11-1707423895 - Holdem no limit (35/150/300) - 2024/02/08 20:24:55 UTC
Table: 'PRIME TIME(741874577)#0105' 6-max (real money) Seat #2 is the button
Seat 1: bamboozle_ (30108, 22.50€ bounty)
Seat 2: Vicieux 3805 (20755, 22.50€ bounty)
Seat 3: BirraChicha7 (20160, 22.50€ bounty)
Seat 4: AATLANTISSS (15272, 22.50€ bounty)
Seat 5: ellovo8313 (33757, 22.50€ bounty)
Seat 6: torresmo123 (20390, 22.50€ bounty)
*** ANTE/BLINDS ***
BirraChicha7 posts ante 35
AATLANTISSS posts ante 35
bamboozle_ posts ante 35
Vicieux 3805 posts ante 35
ellovo8313 posts ante 35
torresmo123 posts ante 35
BirraChicha7 posts small blind 150
AATLANTISSS posts big blind 300
Dealt to torresmo123 [Qc Jh]
*** PRE-FLOP *** 
ellovo8313 folds
torresmo123 raises 330 to 630
bamboozle_ folds
Vicieux 3805 folds
BirraChicha7 folds
AATLANTISSS folds
torresmo123 collected 1290 from pot
*** SUMMARY ***
Total pot 1290 | No rake
Seat 6: torresmo123 won 1290


Winamax Poker - Tournament "PRIME TIME" buyIn: 45€ + 5€ level: 4 - HandId: #3186327045948833898-12-1707423933 - Holdem no limit (40/175/350) - 2024/02/08 20:25:33 UTC
Table: 'PRIME TIME(741874577)#0105' 6-max (real money) Seat #3 is the button
Seat 1: bamboozle_ (30073, 22.50€ bounty)
Seat 2: Vicieux 3805 (20720, 22.50€ bounty)
Seat 3: BirraChicha7 (19975, 22.50€ bounty)
Seat 4: AATLANTISSS (14937, 22.50€ bounty)
Seat 5: ellovo8313 (33722, 22.50€ bounty)
Seat 6: torresmo123 (21015, 22.50€ bounty)
*** ANTE/BLINDS ***
AATLANTISSS posts ante 40
ellovo8313 posts ante 40
bamboozle_ posts ante 40
Vicieux 3805 posts ante 40
BirraChicha7 posts ante 40
torresmo123 posts ante 40
AATLANTISSS posts small blind 175
ellovo8313 posts big blind 350
Dealt to torresmo123 [Ks Kc]
*** PRE-FLOP *** 
torresmo123 raises 385 to 735
bamboozle_ folds
Vicieux 3805 folds
BirraChicha7 folds
AATLANTISSS calls 560
ellovo8313 calls 385
*** FLOP *** [Kh 6c 7d]
AATLANTISSS checks
ellovo8313 checks
torresmo123 bets 807
AATLANTISSS calls 807
ellovo8313 folds
*** TURN *** [Kh 6c 7d][Qh]
AATLANTISSS bets 2590
torresmo123 raises 2660 to 5250
AATLANTISSS calls 2660
*** RIVER *** [Kh 6c 7d Qh][2h]
AATLANTISSS bets 8105 and is all-in
torresmo123 calls 8105
*** SHOW DOWN ***
torresmo123 shows [Ks Kc] (Trips of Kings)
AATLANTISSS shows [7h Ah] (Flush Ace high)
AATLANTISSS collected 30769 from pot
*** SUMMARY ***
Total pot 30769 | No rake
Board: [Kh 6c 7d Qh 2h]
Seat 4: AATLANTISSS (small blind) showed [7h Ah] and won 30769 with Flush Ace high
Seat 6: torresmo123 showed [Ks Kc] and lost with Trips of Kings


Winamax Poker - Tournament "PRIME TIME" buyIn: 45€ + 5€ level: 4 - HandId: #3186327045948833898-13-1707424065 - Holdem no limit (40/175/350) - 2024/02/08 20:27:45 UTC
Table: 'PRIME TIME(741874577)#0105' 6-max (real money) Seat #4 is the button
Seat 1: bamboozle_ (30033, 22.50€ bounty)
Seat 2: Vicieux 3805 (20680, 22.50€ bounty)
Seat 3: BirraChicha7 (19935, 22.50€ bounty)
Seat 4: AATLANTISSS (30769, 22.50€ bounty)
Seat 5: ellovo8313 (32947, 22.50€ bounty)
Seat 6: torresmo123 (6078, 22.50€ bounty)
*** ANTE/BLINDS ***
ellovo8313 posts ante 40
torresmo123 posts ante 40
bamboozle_ posts ante 40
Vicieux 3805 posts ante 40
BirraChicha7 posts ante 40
AATLANTISSS posts ante 40
ellovo8313 posts small blind 175
torresmo123 posts big blind 350
Dealt to torresmo123 [3c 9s]
*** PRE-FLOP *** 
bamboozle_ folds
Vicieux 3805 folds
BirraChicha7 folds
AATLANTISSS raises 438 to 788
ellovo8313 calls 613
torresmo123 folds
*** FLOP *** [9h Th 8d]
ellovo8313 checks
AATLANTISSS checks
*** TURN *** [9h Th 8d][Kh]
ellovo8313 bets 1408
AATLANTISSS folds
ellovo8313 collected 3574 from pot
*** SUMMARY ***
Total pot 3574 | No rake
Board: [9h Th 8d Kh]
Seat 5: ellovo8313 (small blind) won 3574


Winamax Poker - Tournament "PRIME TIME" buyIn: 45€ + 5€ level: 4 - HandId: #3186327045948833898-14-1707424112 - Holdem no limit (40/175/350) - 2024/02/08 20:28:32 UTC
Table: 'PRIME TIME(741874577)#0105' 6-max (real money) Seat #5 is the button
Seat 1: bamboozle_ (29993, 22.50€ bounty)
Seat 2: Vicieux 3805 (20640, 22.50€ bounty)
Seat 3: BirraChicha7 (19895, 22.50€ bounty)
Seat 4: AATLANTISSS (29941, 22.50€ bounty)
Seat 5: ellovo8313 (34285, 22.50€ bounty)
Seat 6: torresmo123 (5688, 22.50€ bounty)
*** ANTE/BLINDS ***
torresmo123 posts ante 40
bamboozle_ posts ante 40
Vicieux 3805 posts ante 40
BirraChicha7 posts ante 40
AATLANTISSS posts ante 40
ellovo8313 posts ante 40
torresmo123 posts small blind 175
bamboozle_ posts big blind 350
Dealt to torresmo123 [Tc Ad]
*** PRE-FLOP *** 
Vicieux 3805 folds
BirraChicha7 raises 350 to 700
AATLANTISSS folds
ellovo8313 folds
torresmo123 raises 4948 to 5648 and is all-in
bamboozle_ folds
BirraChicha7 calls 4948
*** FLOP *** [Qd 3d 4s]
*** TURN *** [Qd 3d 4s][Qs]
*** RIVER *** [Qd 3d 4s Qs][5d]
*** SHOW DOWN ***
BirraChicha7 shows [8h 9d] (One pair : Queens)
torresmo123 shows [Tc Ad] (One pair : Queens)
torresmo123 collected 11886 from pot
*** SUMMARY ***
Total pot 11886 | No rake
Board: [Qd 3d 4s Qs 5d]
Seat 3: BirraChicha7 showed [8h 9d] and lost with One pair : Queens
Seat 6: torresmo123 (small blind) showed [Tc Ad] and won 11886 with One pair : Queens


Winamax Poker - Tournament "PRIME TIME" buyIn: 45€ + 5€ level: 4 - HandId: #3186327045948833898-15-1707424149 - Holdem no limit (40/175/350) - 2024/02/08 20:29:09 UTC
Table: 'PRIME TIME(741874577)#0105' 6-max (real money) Seat #6 is the button
Seat 1: bamboozle_ (29603, 22.50€ bounty)
Seat 2: Vicieux 3805 (20600, 22.50€ bounty)
Seat 3: BirraChicha7 (14207, 22.50€ bounty)
Seat 4: AATLANTISSS (29901, 22.50€ bounty)
Seat 5: ellovo8313 (34245, 22.50€ bounty)
Seat 6: torresmo123 (11886, 22.50€ bounty)
*** ANTE/BLINDS ***
bamboozle_ posts ante 40
Vicieux 3805 posts ante 40
BirraChicha7 posts ante 40
AATLANTISSS posts ante 40
ellovo8313 posts ante 40
torresmo123 posts ante 40
bamboozle_ posts small blind 175
Vicieux 3805 posts big blind 350
Dealt to torresmo123 [Kh 8h]
*** PRE-FLOP *** 
BirraChicha7 folds
AATLANTISSS folds
ellovo8313 folds
torresmo123 raises 438 to 788
bamboozle_ folds
Vicieux 3805 calls 438
*** FLOP *** [3s Qs 9s]
Vicieux 3805 checks
torresmo123 bets 398
Vicieux 3805 calls 398
*** TURN *** [3s Qs 9s][7c]
Vicieux 3805 checks
torresmo123 bets 1533
Vicieux 3805 calls 1533
*** RIVER *** [3s Qs 9s 7c][5s]
Vicieux 3805 checks
torresmo123 checks
*** SHOW DOWN ***
torresmo123 shows [Kh 8h] (High card : King)
Vicieux 3805 shows [Qh 6h] (One pair : Queens)
Vicieux 3805 collected 5853 from pot
*** SUMMARY ***
Total pot 5853 | No rake
Board: [3s Qs 9s 7c 5s]
Seat 2: Vicieux 3805 (big blind) showed [Qh 6h] and won 5853 with One pair : Queens
Seat 6: torresmo123 (button) showed [Kh 8h] and lost with High card : King


Winamax Poker - Tournament "PRIME TIME" buyIn: 45€ + 5€ level: 4 - HandId: #3186327045948833898-16-1707424206 - Holdem no limit (40/175/350) - 2024/02/08 20:30:06 UTC
Table: 'PRIME TIME(741874577)#0105' 6-max (real money) Seat #1 is the button
Seat 1: bamboozle_ (29388, 22.50€ bounty)
Seat 2: Vicieux 3805 (23694, 22.50€ bounty)
Seat 3: BirraChicha7 (14167, 22.50€ bounty)
Seat 4: AATLANTISSS (29861, 22.50€ bounty)
Seat 5: ellovo8313 (34205, 22.50€ bounty)
Seat 6: torresmo123 (9127, 22.50€ bounty)
*** ANTE/BLINDS ***
Vicieux 3805 posts ante 40
BirraChicha7 posts ante 40
bamboozle_ posts ante 40
AATLANTISSS posts ante 40
ellovo8313 posts ante 40
torresmo123 posts ante 40
Vicieux 3805 posts small blind 175
BirraChicha7 posts big blind 350
Dealt to torresmo123 [5d Kc]
*** PRE-FLOP *** 
AATLANTISSS folds
ellovo8313 folds
torresmo123 folds
bamboozle_ raises 385 to 735
Vicieux 3805 folds
BirraChicha7 calls 385
*** FLOP *** [Kh 4h 2s]
BirraChicha7 checks
bamboozle_ bets 660
BirraChicha7 folds
bamboozle_ collected 2545 from pot
*** SUMMARY ***
Total pot 2545 | No rake
Board: [Kh 4h 2s]
Seat 1: bamboozle_ (button) won 2545


Winamax Poker - Tournament "PRIME TIME" buyIn: 45€ + 5€ level: 4 - HandId: #3186327045948833898-17-1707424238 - Holdem no limit (40/175/350) - 2024/02/08 20:30:38 UTC
Table: 'PRIME TIME(741874577)#0105' 6-max (real money) Seat #2 is the button
Seat 1: bamboozle_ (30498, 22.50€ bounty)
Seat 2: Vicieux 3805 (23479, 22.50€ bounty)
Seat 3: BirraChicha7 (13392, 22.50€ bounty)
Seat 4: AATLANTISSS (29821, 22.50€ bounty)
Seat 5: ellovo8313 (34165, 22.50€ bounty)
Seat 6: torresmo123 (9087, 22.50€ bounty)
*** ANTE/BLINDS ***
BirraChicha7 posts ante 40
AATLANTISSS posts ante 40
bamboozle_ posts ante 40
Vicieux 3805 posts ante 40
ellovo8313 posts ante 40
torresmo123 posts ante 40
BirraChicha7 posts small blind 175
AATLANTISSS posts big blind 350
Dealt to torresmo123 [6c Kc]
*** PRE-FLOP *** 
ellovo8313 folds
torresmo123 folds
bamboozle_ raises 385 to 735
Vicieux 3805 folds
BirraChicha7 raises 2060 to 2795
AATLANTISSS folds
bamboozle_ raises 27663 to 30458 and is all-in
BirraChicha7 calls 10557 and is all-in
*** FLOP *** [Ah 3d 9s]
*** TURN *** [Ah 3d 9s][9h]
*** RIVER *** [Ah 3d 9s 9h][4s]
*** SHOW DOWN ***
BirraChicha7 shows [8h 8c] (Two pairs : 9 and 8)
bamboozle_ shows [As Ks] (Two pairs : Aces and 9)
bamboozle_ collected 44400 from pot
*** SUMMARY ***
Total pot 44400 | No rake
Board: [Ah 3d 9s 9h 4s]
Seat 1: bamboozle_ showed [As Ks] and won 44400 with Two pairs : Aces and 9
Seat 3: BirraChicha7 (small blind) showed [8h 8c] and lost with Two pairs : 9 and 8


Winamax Poker - Tournament "PRIME TIME" buyIn: 45€ + 5€ level: 4 - HandId: #3186327045948833898-18-1707424285 - Holdem no limit (40/175/350) - 2024/02/08 20:31:25 UTC
Table: 'PRIME TIME(741874577)#0105' 6-max (real money) Seat #3 is the button
Seat 1: bamboozle_ (44400, 33.75€ bounty)
Seat 2: Vicieux 3805 (23439, 22.50€ bounty)
Seat 4: AATLANTISSS (29431, 22.50€ bounty)
Seat 5: ellovo8313 (34125, 22.50€ bounty)
Seat 6: torresmo123 (9047, 22.50€ bounty)
*** ANTE/BLINDS ***
AATLANTISSS posts ante 40
ellovo8313 posts ante 40
bamboozle_ posts ante 40
Vicieux 3805 posts ante 40
torresmo123 posts ante 40
AATLANTISSS posts small blind 175
ellovo8313 posts big blind 350
Dealt to torresmo123 [9d 5h]
*** PRE-FLOP *** 
torresmo123 folds
bamboozle_ raises 385 to 735
Vicieux 3805 folds
AATLANTISSS calls 560
ellovo8313 folds
*** FLOP *** [Kh 3s Qd]
AATLANTISSS checks
bamboozle_ checks
*** TURN *** [Kh 3s Qd][Jc]
AATLANTISSS checks
bamboozle_ checks
*** RIVER *** [Kh 3s Qd Jc][8s]
AATLANTISSS checks
bamboozle_ checks
*** SHOW DOWN ***
bamboozle_ shows [Ah Jh] (One pair : Jacks)
AATLANTISSS shows [Qh Ac] (One pair : Queens)
AATLANTISSS collected 2020 from pot
*** SUMMARY ***
Total pot 2020 | No rake
Board: [Kh 3s Qd Jc 8s]
Seat 1: bamboozle_ showed [Ah Jh] and lost with One pair : Jacks
Seat 4: AATLANTISSS (small blind) showed [Qh Ac] and won 2020 with One pair : Queens


Winamax Poker - Tournament "PRIME TIME" buyIn: 45€ + 5€ level: 5 - HandId: #3186327045948833898-19-1707424352 - Holdem no limit (50/200/400) - 2024/02/08 20:32:32 UTC
Table: 'PRIME TIME(741874577)#0105' 6-max (real money) Seat #4 is the button
Seat 1: bamboozle_ (43625, 33.75€ bounty)
Seat 2: Vicieux 3805 (23399, 22.50€ bounty)
Seat 3: CuponFNX (20000, 22.50€ bounty)
Seat 4: AATLANTISSS (30676, 22.50€ bounty)
Seat 5: ellovo8313 (33735, 22.50€ bounty)
Seat 6: torresmo123 (9007, 22.50€ bounty)
*** ANTE/BLINDS ***
ellovo8313 posts ante 50
torresmo123 posts ante 50
bamboozle_ posts ante 50
Vicieux 3805 posts ante 50
CuponFNX posts ante 50
AATLANTISSS posts ante 50
ellovo8313 posts small blind 200
torresmo123 posts big blind 400
Dealt to torresmo123 [2s 2h]
*** PRE-FLOP *** 
bamboozle_ folds
Vicieux 3805 folds
CuponFNX folds
AATLANTISSS raises 500 to 900
ellovo8313 folds
torresmo123 raises 8057 to 8957 and is all-in
AATLANTISSS calls 8057
*** FLOP *** [Jd 3d 7c]
*** TURN *** [Jd 3d 7c][6h]
*** RIVER *** [Jd 3d 7c 6h][3s]
*** SHOW DOWN ***
AATLANTISSS shows [Ts Qh] (One pair : 3)
torresmo123 shows [2s 2h] (Two pairs : 3 and 2)
torresmo123 collected 18414 from pot
*** SUMMARY ***
Total pot 18414 | No rake
Board: [Jd 3d 7c 6h 3s]
Seat 4: AATLANTISSS (button) showed [Ts Qh] and lost with One pair : 3
Seat 6: torresmo123 (big blind) showed [2s 2h] and won 18414 with Two pairs : 3 and 2


Winamax Poker - Tournament "PRIME TIME" buyIn: 45€ + 5€ level: 5 - HandId: #3186327045948833898-20-1707424406 - Holdem no limit (50/200/400) - 2024/02/08 20:33:26 UTC
Table: 'PRIME TIME(741874577)#0105' 6-max (real money) Seat #5 is the button
Seat 1: bamboozle_ (43575, 33.75€ bounty)
Seat 2: Vicieux 3805 (23349, 22.50€ bounty)
Seat 3: CuponFNX (19950, 22.50€ bounty)
Seat 4: AATLANTISSS (21669, 22.50€ bounty)
Seat 5: ellovo8313 (33485, 22.50€ bounty)
Seat 6: torresmo123 (18414, 22.50€ bounty)
*** ANTE/BLINDS ***
torresmo123 posts ante 50
bamboozle_ posts ante 50
Vicieux 3805 posts ante 50
CuponFNX posts ante 50
AATLANTISSS posts ante 50
ellovo8313 posts ante 50
torresmo123 posts small blind 200
bamboozle_ posts big blind 400
Dealt to torresmo123 [Td 6d]
*** PRE-FLOP *** 
Vicieux 3805 folds
CuponFNX folds
AATLANTISSS folds
ellovo8313 folds
torresmo123 calls 200
bamboozle_ raises 800 to 1200
torresmo123 calls 800
*** FLOP *** [Jd 3h As]
torresmo123 checks
bamboozle_ checks
*** TURN *** [Jd 3h As][5d]
torresmo123 bets 3375
bamboozle_ folds
torresmo123 collected 6075 from pot
*** SUMMARY ***
Total pot 6075 | No rake
Board: [Jd 3h As 5d]
Seat 6: torresmo123 (small blind) won 6075


Winamax Poker - Tournament "PRIME TIME" buyIn: 45€ + 5€ level: 5 - HandId: #3186327045948833898-21-1707424473 - Holdem no limit (50/200/400) - 2024/02/08 20:34:33 UTC
Table: 'PRIME TIME(741874577)#0105' 6-max (real money) Seat #6 is the button
Seat 1: bamboozle_ (42325, 33.75€ bounty)
Seat 2: Vicieux 3805 (23299, 22.50€ bounty)
Seat 3: CuponFNX (19900, 22.50€ bounty)
Seat 4: AATLANTISSS (21619, 22.50€ bounty)
Seat 5: ellovo8313 (33435, 22.50€ bounty)
Seat 6: torresmo123 (19864, 22.50€ bounty)
*** ANTE/BLINDS ***
bamboozle_ posts ante 50
Vicieux 3805 posts ante 50
CuponFNX posts ante 50
AATLANTISSS posts ante 50
ellovo8313 posts ante 50
torresmo123 posts ante 50
bamboozle_ posts small blind 200
Vicieux 3805 posts big blind 400
Dealt to torresmo123 [6h 8c]
*** PRE-FLOP *** 
CuponFNX folds
AATLANTISSS folds
ellovo8313 folds
torresmo123 folds
bamboozle_ raises 1000 to 1400
Vicieux 3805 folds
bamboozle_ collected 2100 from pot
*** SUMMARY ***
Total pot 2100 | No rake
Seat 1: bamboozle_ (small blind) won 2100


Winamax Poker - Tournament "PRIME TIME" buyIn: 45€ + 5€ level: 5 - HandId: #3186327045948833898-22-1707424514 - Holdem no limit (50/200/400) - 2024/02/08 20:35:14 UTC
Table: 'PRIME TIME(741874577)#0105' 6-max (real money) Seat #1 is the button
Seat 1: bamboozle_ (42975, 33.75€ bounty)
Seat 2: Vicieux 3805 (22849, 22.50€ bounty)
Seat 3: CuponFNX (19850, 22.50€ bounty)
Seat 4: AATLANTISSS (21569, 22.50€ bounty)
Seat 5: ellovo8313 (33385, 22.50€ bounty)
Seat 6: torresmo123 (19814, 22.50€ bounty)
*** ANTE/BLINDS ***
Vicieux 3805 posts ante 50
CuponFNX posts ante 50
bamboozle_ posts ante 50
AATLANTISSS posts ante 50
ellovo8313 posts ante 50
torresmo123 posts ante 50
Vicieux 3805 posts small blind 200
CuponFNX posts big blind 400
Dealt to torresmo123 [Ks Jd]
*** PRE-FLOP *** 
AATLANTISSS folds
ellovo8313 raises 600 to 1000
torresmo123 calls 1000
bamboozle_ calls 1000
Vicieux 3805 folds
CuponFNX folds
*** FLOP *** [9d 9h 2s]
ellovo8313 bets 2535
torresmo123 folds
bamboozle_ folds
ellovo8313 collected 6435 from pot
*** SUMMARY ***
Total pot 6435 | No rake
Board: [9d 9h 2s]
Seat 5: ellovo8313 won 6435


Winamax Poker - Tournament "PRIME TIME" buyIn: 45€ + 5€ level: 5 - HandId: #3186327045948833898-23-1707424559 - Holdem no limit (50/200/400) - 2024/02/08 20:35:59 UTC
Table: 'PRIME TIME(741874577)#0105' 6-max (real money) Seat #2 is the button
Seat 1: bamboozle_ (41925, 33.75€ bounty)
Seat 2: Vicieux 3805 (22599, 22.50€ bounty)
Seat 3: CuponFNX (19400, 22.50€ bounty)
Seat 4: AATLANTISSS (21519, 22.50€ bounty)
Seat 5: ellovo8313 (36235, 22.50€ bounty)
Seat 6: torresmo123 (18764, 22.50€ bounty)
*** ANTE/BLINDS ***
CuponFNX posts ante 50
AATLANTISSS posts ante 50
bamboozle_ posts ante 50
Vicieux 3805 posts ante 50
ellovo8313 posts ante 50
torresmo123 posts ante 50
CuponFNX posts small blind 200
AATLANTISSS posts big blind 400
Dealt to torresmo123 [Kd Qh]
*** PRE-FLOP *** 
ellovo8313 folds
torresmo123 raises 440 to 840
bamboozle_ folds
Vicieux 3805 folds
CuponFNX folds
AATLANTISSS calls 440
*** FLOP *** [Qd Tc Ah]
AATLANTISSS checks
torresmo123 bets 436
AATLANTISSS folds
torresmo123 collected 2616 from pot
*** SUMMARY ***
Total pot 2616 | No rake
Board: [Qd Tc Ah]
Seat 6: torresmo123 won 2616


Winamax Poker - Tournament "PRIME TIME" buyIn: 45€ + 5€ level: 5 - HandId: #3186327045948833898-24-1707424606 - Holdem no limit (50/200/400) - 2024/02/08 20:36:46 UTC
Table: 'PRIME TIME(741874577)#0105' 6-max (real money) Seat #3 is the button
Seat 1: bamboozle_ (41875, 33.75€ bounty)
Seat 2: Vicieux 3805 (22549, 22.50€ bounty)
Seat 3: CuponFNX (19150, 22.50€ bounty)
Seat 4: AATLANTISSS (20629, 22.50€ bounty)
Seat 5: ellovo8313 (36185, 22.50€ bounty)
Seat 6: torresmo123 (20054, 22.50€ bounty)
*** ANTE/BLINDS ***
AATLANTISSS posts ante 50
ellovo8313 posts ante 50
bamboozle_ posts ante 50
Vicieux 3805 posts ante 50
CuponFNX posts ante 50
torresmo123 posts ante 50
AATLANTISSS posts small blind 200
ellovo8313 posts big blind 400
Dealt to torresmo123 [4s Qc]
*** PRE-FLOP *** 
torresmo123 folds
bamboozle_ folds
Vicieux 3805 folds
CuponFNX raises 400 to 800
AATLANTISSS folds
ellovo8313 folds
CuponFNX collected 1700 from pot
*** SUMMARY ***
Total pot 1700 | No rake
Seat 3: CuponFNX (button) won 1700


Winamax Poker - Tournament "PRIME TIME" buyIn: 45€ + 5€ level: 5 - HandId: #3186327045948833898-25-1707424635 - Holdem no limit (50/200/400) - 2024/02/08 20:37:15 UTC
Table: 'PRIME TIME(741874577)#0105' 6-max (real money) Seat #4 is the button
Seat 1: bamboozle_ (41825, 33.75€ bounty)
Seat 2: Vicieux 3805 (22499, 22.50€ bounty)
Seat 3: CuponFNX (20000, 22.50€ bounty)
Seat 4: AATLANTISSS (20379, 22.50€ bounty)
Seat 5: ellovo8313 (35735, 22.50€ bounty)
Seat 6: torresmo123 (20004, 22.50€ bounty)
*** ANTE/BLINDS ***
ellovo8313 posts ante 50
torresmo123 posts ante 50
bamboozle_ posts ante 50
Vicieux 3805 posts ante 50
CuponFNX posts ante 50
AATLANTISSS posts ante 50
ellovo8313 posts small blind 200
torresmo123 posts big blind 400
Dealt to torresmo123 [2c Kc]
*** PRE-FLOP *** 
bamboozle_ raises 440 to 840
Vicieux 3805 folds
CuponFNX folds
AATLANTISSS folds
ellovo8313 folds
torresmo123 calls 440
*** FLOP *** [2d 2s Qs]
torresmo123 checks
bamboozle_ bets 545
torresmo123 raises 1055 to 1600
bamboozle_ calls 1055
*** TURN *** [2d 2s Qs][3c]
torresmo123 bets 4573
bamboozle_ folds
torresmo123 collected 9953 from pot
*** SUMMARY ***
Total pot 9953 | No rake
Board: [2d 2s Qs 3c]
Seat 6: torresmo123 (big blind) won 9953


Winamax Poker - Tournament "PRIME TIME" buyIn: 45€ + 5€ level: 5 - HandId: #3186327045948833898-26-1707424704 - Holdem no limit (50/200/400) - 2024/02/08 20:38:24 UTC
Table: 'PRIME TIME(741874577)#0105' 6-max (real money) Seat #5 is the button
Seat 1: bamboozle_ (39335, 33.75€ bounty)
Seat 2: Vicieux 3805 (22449, 22.50€ bounty)
Seat 3: CuponFNX (19950, 22.50€ bounty)
Seat 4: AATLANTISSS (20329, 22.50€ bounty)
Seat 5: ellovo8313 (35485, 22.50€ bounty)
Seat 6: torresmo123 (22894, 22.50€ bounty)
*** ANTE/BLINDS ***
torresmo123 posts ante 50
bamboozle_ posts ante 50
Vicieux 3805 posts ante 50
CuponFNX posts ante 50
AATLANTISSS posts ante 50
ellovo8313 posts ante 50
torresmo123 posts small blind 200
bamboozle_ posts big blind 400
Dealt to torresmo123 [8s 9h]
*** PRE-FLOP *** 
Vicieux 3805 folds
CuponFNX folds
AATLANTISSS raises 500 to 900
ellovo8313 folds
torresmo123 folds
bamboozle_ folds
AATLANTISSS collected 1800 from pot
*** SUMMARY ***
Total pot 1800 | No rake
Seat 4: AATLANTISSS won 1800


Winamax Poker - Tournament "PRIME TIME" buyIn: 45€ + 5€ level: 6 - HandId: #3186327045948833898-27-1707424743 - Holdem no limit (60/250/500) - 2024/02/08 20:39:03 UTC
Table: 'PRIME TIME(741874577)#0105' 6-max (real money) Seat #6 is the button
Seat 1: bamboozle_ (38885, 33.75€ bounty)
Seat 2: Vicieux 3805 (22399, 22.50€ bounty)
Seat 3: CuponFNX (19900, 22.50€ bounty)
Seat 4: AATLANTISSS (21179, 22.50€ bounty)
Seat 5: ellovo8313 (35435, 22.50€ bounty)
Seat 6: torresmo123 (22644, 22.50€ bounty)
*** ANTE/BLINDS ***
bamboozle_ posts ante 60
Vicieux 3805 posts ante 60
CuponFNX posts ante 60
AATLANTISSS posts ante 60
ellovo8313 posts ante 60
torresmo123 posts ante 60
bamboozle_ posts small blind 250
Vicieux 3805 posts big blind 500
Dealt to torresmo123 [7c Ac]
*** PRE-FLOP *** 
CuponFNX folds
AATLANTISSS folds
ellovo8313 folds
torresmo123 raises 625 to 1125
bamboozle_ folds
Vicieux 3805 calls 625
*** FLOP *** [8d 6h 6d]
Vicieux 3805 checks
torresmo123 bets 572
Vicieux 3805 calls 572
*** TURN *** [8d 6h 6d][As]
Vicieux 3805 checks
torresmo123 bets 3403
Vicieux 3805 calls 3403
*** RIVER *** [8d 6h 6d As][7s]
Vicieux 3805 checks
torresmo123 checks
*** SHOW DOWN ***
Vicieux 3805 shows [Ad 4d] (Two pairs : Aces and 6)
torresmo123 shows [7c Ac] (Two pairs : Aces and 7)
torresmo123 collected 10810 from pot
*** SUMMARY ***
Total pot 10810 | No rake
Board: [8d 6h 6d As 7s]
Seat 2: Vicieux 3805 (big blind) showed [Ad 4d] and lost with Two pairs : Aces and 6
Seat 6: torresmo123 (button) showed [7c Ac] and won 10810 with Two pairs : Aces and 7


Winamax Poker - Tournament "PRIME TIME" buyIn: 45€ + 5€ level: 6 - HandId: #3186327045948833898-28-1707424841 - Holdem no limit (60/250/500) - 2024/02/08 20:40:41 UTC
Table: 'PRIME TIME(741874577)#0105' 6-max (real money) Seat #1 is the button
Seat 1: bamboozle_ (38575, 33.75€ bounty)
Seat 2: Vicieux 3805 (17239, 22.50€ bounty)
Seat 3: CuponFNX (19840, 22.50€ bounty)
Seat 4: AATLANTISSS (21119, 22.50€ bounty)
Seat 5: ellovo8313 (35375, 22.50€ bounty)
Seat 6: torresmo123 (28294, 22.50€ bounty)
*** ANTE/BLINDS ***
Vicieux 3805 posts ante 60
CuponFNX posts ante 60
bamboozle_ posts ante 60
AATLANTISSS posts ante 60
ellovo8313 posts ante 60
torresmo123 posts ante 60
Vicieux 3805 posts small blind 250
CuponFNX posts big blind 500
Dealt to torresmo123 [Qh 9c]
*** PRE-FLOP *** 
AATLANTISSS folds
ellovo8313 folds
torresmo123 raises 550 to 1050
bamboozle_ folds
Vicieux 3805 folds
CuponFNX calls 550
*** FLOP *** [6h 9s 5c]
CuponFNX checks
torresmo123 checks
*** TURN *** [6h 9s 5c][4c]
CuponFNX bets 2250
torresmo123 calls 2250
*** RIVER *** [6h 9s 5c 4c][3c]
CuponFNX bets 750
torresmo123 calls 750
*** SHOW DOWN ***
torresmo123 shows [Qh 9c] (One pair : 9)
CuponFNX shows [3h 9h] (Two pairs : 9 and 3)
CuponFNX collected 8710 from pot
*** SUMMARY ***
Total pot 8710 | No rake
Board: [6h 9s 5c 4c 3c]
Seat 3: CuponFNX (big blind) showed [3h 9h] and won 8710 with Two pairs : 9 and 3
Seat 6: torresmo123 showed [Qh 9c] and lost with One pair : 9


Winamax Poker - Tournament "PRIME TIME" buyIn: 45€ + 5€ level: 6 - HandId: #3186327045948833898-29-1707424957 - Holdem no limit (60/250/500) - 2024/02/08 20:42:37 UTC
Table: 'PRIME TIME(741874577)#0105' 6-max (real money) Seat #2 is the button
Seat 1: bamboozle_ (38515, 33.75€ bounty)
Seat 2: Vicieux 3805 (16929, 22.50€ bounty)
Seat 3: CuponFNX (24440, 22.50€ bounty)
Seat 4: AATLANTISSS (21059, 22.50€ bounty)
Seat 5: ellovo8313 (35315, 22.50€ bounty)
Seat 6: torresmo123 (24184, 22.50€ bounty)
*** ANTE/BLINDS ***
CuponFNX posts ante 60
AATLANTISSS posts ante 60
bamboozle_ posts ante 60
Vicieux 3805 posts ante 60
ellovo8313 posts ante 60
torresmo123 posts ante 60
CuponFNX posts small blind 250
AATLANTISSS posts big blind 500
Dealt to torresmo123 [5d Tc]
*** PRE-FLOP *** 
ellovo8313 folds
torresmo123 folds
bamboozle_ folds
Vicieux 3805 folds
CuponFNX raises 1250 to 1750
AATLANTISSS folds
CuponFNX collected 2610 from pot
*** SUMMARY ***
Total pot 2610 | No rake
Seat 3: CuponFNX (small blind) won 2610


Winamax Poker - Tournament "PRIME TIME" buyIn: 45€ + 5€ level: 6 - HandId: #3186327045948833898-30-1707424995 - Holdem no limit (60/250/500) - 2024/02/08 20:43:15 UTC
Table: 'PRIME TIME(741874577)#0105' 6-max (real money) Seat #3 is the button
Seat 1: bamboozle_ (38455, 33.75€ bounty)
Seat 2: Vicieux 3805 (16869, 22.50€ bounty)
Seat 3: CuponFNX (25240, 22.50€ bounty)
Seat 4: AATLANTISSS (20499, 22.50€ bounty)
Seat 5: ellovo8313 (35255, 22.50€ bounty)
Seat 6: torresmo123 (24124, 22.50€ bounty)
*** ANTE/BLINDS ***
AATLANTISSS posts ante 60
ellovo8313 posts ante 60
bamboozle_ posts ante 60
Vicieux 3805 posts ante 60
CuponFNX posts ante 60
torresmo123 posts ante 60
AATLANTISSS posts small blind 250
ellovo8313 posts big blind 500
Dealt to torresmo123 [2c Kc]
*** PRE-FLOP *** 
torresmo123 folds
bamboozle_ folds
Vicieux 3805 folds
CuponFNX folds
AATLANTISSS calls 250
ellovo8313 checks
*** FLOP *** [8h 4d Tc]
AATLANTISSS bets 500
ellovo8313 raises 1359 to 1859
AATLANTISSS calls 1359
*** TURN *** [8h 4d Tc][Js]
AATLANTISSS checks
ellovo8313 bets 3301
AATLANTISSS calls 3301
*** RIVER *** [8h 4d Tc Js][8c]
AATLANTISSS checks
ellovo8313 checks
*** SHOW DOWN ***
ellovo8313 shows [7c 4c] (Two pairs : 8 and 4)
AATLANTISSS shows [Qc Jh] (Two pairs : Jacks and 8)
AATLANTISSS collected 11680 from pot
*** SUMMARY ***
Total pot 11680 | No rake
Board: [8h 4d Tc Js 8c]
Seat 4: AATLANTISSS (small blind) showed [Qc Jh] and won 11680 with Two pairs : Jacks and 8
Seat 5: ellovo8313 (big blind) showed [7c 4c] and lost with Two pairs : 8 and 4


Winamax Poker - Tournament "PRIME TIME" buyIn: 45€ + 5€ level: 6 - HandId: #3186327045948833809-80-1707425148 - Holdem no limit (60/250/500) - 2024/02/08 20:45:48 UTC
Table: 'PRIME TIME(741874577)#0016' 6-max (real money) Seat #5 is the button
Seat 1: AreolaGrande (73285, 33.75€ bounty)
Seat 2: FullRicky (42544, 39.37€ bounty)
Seat 3: Misentroupe (25066, 22.50€ bounty)
Seat 4: torresmo123 (24064, 22.50€ bounty)
Seat 5: JeffBluffley (23270, 33.75€ bounty)
Seat 6: BenoitS1-2Ni (15285, 22.50€ bounty)
*** ANTE/BLINDS ***
BenoitS1-2Ni posts ante 60
AreolaGrande posts ante 60
FullRicky posts ante 60
Misentroupe posts ante 60
torresmo123 posts ante 60
JeffBluffley posts ante 60
BenoitS1-2Ni posts small blind 250
AreolaGrande posts big blind 500
Dealt to torresmo123 [Jh 2h]
*** PRE-FLOP *** 
FullRicky folds
Misentroupe raises 500 to 1000
torresmo123 folds
JeffBluffley folds
BenoitS1-2Ni folds
AreolaGrande folds
Misentroupe collected 2110 from pot
*** SUMMARY ***
Total pot 2110 | No rake
Seat 3: Misentroupe won 2110


Winamax Poker - Tournament "PRIME TIME" buyIn: 45€ + 5€ level: 7 - HandId: #3186327045948833809-81-1707425191 - Holdem no limit (70/300/600) - 2024/02/08 20:46:31 UTC
Table: 'PRIME TIME(741874577)#0016' 6-max (real money) Seat #6 is the button
Seat 1: AreolaGrande (72725, 33.75€ bounty)
Seat 2: FullRicky (42484, 39.37€ bounty)
Seat 3: Misentroupe (26116, 22.50€ bounty)
Seat 4: torresmo123 (24004, 22.50€ bounty)
Seat 5: JeffBluffley (23210, 33.75€ bounty)
Seat 6: BenoitS1-2Ni (14975, 22.50€ bounty)
*** ANTE/BLINDS ***
AreolaGrande posts ante 70
FullRicky posts ante 70
Misentroupe posts ante 70
torresmo123 posts ante 70
JeffBluffley posts ante 70
BenoitS1-2Ni posts ante 70
AreolaGrande posts small blind 300
FullRicky posts big blind 600
Dealt to torresmo123 [2d 7c]
*** PRE-FLOP *** 
Misentroupe folds
torresmo123 folds
JeffBluffley folds
BenoitS1-2Ni folds
AreolaGrande raises 1500 to 2100
FullRicky raises 5100 to 7200
AreolaGrande calls 5100
*** FLOP *** [3s 2h Jh]
AreolaGrande checks
FullRicky bets 3705
AreolaGrande raises 61750 to 65455 and is all-in
FullRicky calls 31509 and is all-in
*** TURN *** [3s 2h Jh][2s]
*** RIVER *** [3s 2h Jh 2s][3d]
*** SHOW DOWN ***
AreolaGrande shows [Ah Th] (Two pairs : 3 and 2)
FullRicky shows [Ks As] (Two pairs : 3 and 2)
FullRicky collected 42624 from main pot
AreolaGrande collected 72865 from side pot 1
*** SUMMARY ***
Total pot 115489 | No rake
Board: [3s 2h Jh 2s 3d]
Seat 1: AreolaGrande (small blind) showed [Ah Th] and won 72865 with Two pairs : 3 and 2
Seat 2: FullRicky (big blind) showed [Ks As] and won 42624 with Two pairs : 3 and 2


Winamax Poker - Tournament "PRIME TIME" buyIn: 45€ + 5€ level: 7 - HandId: #3186327045948833809-82-1707425281 - Holdem no limit (70/300/600) - 2024/02/08 20:48:01 UTC
Table: 'PRIME TIME(741874577)#0016' 6-max (real money) Seat #1 is the button
Seat 1: AreolaGrande (72865, 33.75€ bounty)
Seat 2: FullRicky (42624, 39.37€ bounty)
Seat 3: Misentroupe (26046, 22.50€ bounty)
Seat 4: torresmo123 (23934, 22.50€ bounty)
Seat 5: JeffBluffley (23140, 33.75€ bounty)
Seat 6: BenoitS1-2Ni (14905, 22.50€ bounty)
*** ANTE/BLINDS ***
FullRicky posts ante 70
Misentroupe posts ante 70
AreolaGrande posts ante 70
torresmo123 posts ante 70
JeffBluffley posts ante 70
BenoitS1-2Ni posts ante 70
FullRicky posts small blind 300
Misentroupe posts big blind 600
Dealt to torresmo123 [4s Ks]
*** PRE-FLOP *** 
torresmo123 folds
JeffBluffley folds
BenoitS1-2Ni raises 600 to 1200
AreolaGrande calls 1200
FullRicky folds
Misentroupe folds
*** FLOP *** [Jc Qs Kh]
BenoitS1-2Ni checks
AreolaGrande bets 1228
BenoitS1-2Ni folds
AreolaGrande collected 4948 from pot
*** SUMMARY ***
Total pot 4948 | No rake
Board: [Jc Qs Kh]
Seat 1: AreolaGrande (button) won 4948


Winamax Poker - Tournament "PRIME TIME" buyIn: 45€ + 5€ level: 7 - HandId: #3186327045948833809-83-1707425340 - Holdem no limit (70/300/600) - 2024/02/08 20:49:00 UTC
Table: 'PRIME TIME(741874577)#0016' 6-max (real money) Seat #2 is the button
Seat 1: AreolaGrande (75315, 33.75€ bounty)
Seat 2: FullRicky (42254, 39.37€ bounty)
Seat 3: Misentroupe (25376, 22.50€ bounty)
Seat 4: torresmo123 (23864, 22.50€ bounty)
Seat 5: JeffBluffley (23070, 33.75€ bounty)
Seat 6: BenoitS1-2Ni (13635, 22.50€ bounty)
*** ANTE/BLINDS ***
Misentroupe posts ante 70
torresmo123 posts ante 70
AreolaGrande posts ante 70
FullRicky posts ante 70
JeffBluffley posts ante 70
BenoitS1-2Ni posts ante 70
Misentroupe posts small blind 300
torresmo123 posts big blind 600
Dealt to torresmo123 [8s Js]
*** PRE-FLOP *** 
JeffBluffley folds
BenoitS1-2Ni folds
AreolaGrande folds
FullRicky raises 642 to 1242
Misentroupe folds
torresmo123 calls 642
*** FLOP *** [2c 8h Tc]
torresmo123 checks
FullRicky bets 1057
torresmo123 calls 1057
*** TURN *** [2c 8h Tc][6h]
torresmo123 bets 1064
FullRicky raises 5236 to 6300
torresmo123 folds
FullRicky collected 12682 from pot
*** SUMMARY ***
Total pot 12682 | No rake
Board: [2c 8h Tc 6h]
Seat 2: FullRicky (button) won 12682


Winamax Poker - Tournament "PRIME TIME" buyIn: 45€ + 5€ level: 7 - HandId: #3186327045948833809-84-1707425420 - Holdem no limit (70/300/600) - 2024/02/08 20:50:20 UTC
Table: 'PRIME TIME(741874577)#0016' 6-max (real money) Seat #3 is the button
Seat 1: AreolaGrande (75245, 33.75€ bounty)
Seat 2: FullRicky (46267, 39.37€ bounty)
Seat 3: Misentroupe (25006, 22.50€ bounty)
Seat 4: torresmo123 (20431, 22.50€ bounty)
Seat 5: JeffBluffley (23000, 33.75€ bounty)
Seat 6: BenoitS1-2Ni (13565, 22.50€ bounty)
*** ANTE/BLINDS ***
torresmo123 posts ante 70
JeffBluffley posts ante 70
AreolaGrande posts ante 70
FullRicky posts ante 70
Misentroupe posts ante 70
BenoitS1-2Ni posts ante 70
torresmo123 posts small blind 300
JeffBluffley posts big blind 600
Dealt to torresmo123 [7d 4c]
*** PRE-FLOP *** 
BenoitS1-2Ni folds
AreolaGrande raises 600 to 1200
FullRicky folds
Misentroupe folds
torresmo123 folds
JeffBluffley calls 600
*** FLOP *** [Th 9c Js]
JeffBluffley checks
AreolaGrande bets 3120
JeffBluffley calls 3120
*** TURN *** [Th 9c Js][8s]
JeffBluffley checks
AreolaGrande bets 1200
JeffBluffley raises 3751 to 4951
AreolaGrande folds
JeffBluffley collected 15511 from pot
*** SUMMARY ***
Total pot 15511 | No rake
Board: [Th 9c Js 8s]
Seat 5: JeffBluffley (big blind) won 15511


Winamax Poker - Tournament "PRIME TIME" buyIn: 45€ + 5€ level: 7 - HandId: #3186327045948833809-85-1707425503 - Holdem no limit (70/300/600) - 2024/02/08 20:51:43 UTC
Table: 'PRIME TIME(741874577)#0016' 6-max (real money) Seat #4 is the button
Seat 1: AreolaGrande (69655, 33.75€ bounty)
Seat 2: FullRicky (46197, 39.37€ bounty)
Seat 3: Misentroupe (24936, 22.50€ bounty)
Seat 4: torresmo123 (20061, 22.50€ bounty)
Seat 5: JeffBluffley (29170, 33.75€ bounty)
Seat 6: BenoitS1-2Ni (13495, 22.50€ bounty)
*** ANTE/BLINDS ***
JeffBluffley posts ante 70
BenoitS1-2Ni posts ante 70
AreolaGrande posts ante 70
FullRicky posts ante 70
Misentroupe posts ante 70
torresmo123 posts ante 70
JeffBluffley posts small blind 300
BenoitS1-2Ni posts big blind 600
Dealt to torresmo123 [Ac Ad]
*** PRE-FLOP *** 
AreolaGrande raises 660 to 1260
FullRicky raises 3150 to 4410
Misentroupe folds
torresmo123 raises 15581 to 19991 and is all-in
JeffBluffley folds
BenoitS1-2Ni folds
AreolaGrande folds
FullRicky calls 15581
*** FLOP *** [7h 8d Kh]
*** TURN *** [7h 8d Kh][6d]
*** RIVER *** [7h 8d Kh 6d][4c]
*** SHOW DOWN ***
FullRicky shows [Kd Qh] (One pair : Kings)
torresmo123 shows [Ac Ad] (One pair : Aces)
torresmo123 collected 42562 from pot
*** SUMMARY ***
Total pot 42562 | No rake
Board: [7h 8d Kh 6d 4c]
Seat 2: FullRicky showed [Kd Qh] and lost with One pair : Kings
Seat 4: torresmo123 (button) showed [Ac Ad] and won 42562 with One pair : Aces


Winamax Poker - Tournament "PRIME TIME" buyIn: 45€ + 5€ level: 7 - HandId: #3186327045948833809-86-1707425552 - Holdem no limit (70/300/600) - 2024/02/08 20:52:32 UTC
Table: 'PRIME TIME(741874577)#0016' 6-max (real money) Seat #5 is the button
Seat 1: AreolaGrande (68325, 33.75€ bounty)
Seat 2: FullRicky (26136, 39.37€ bounty)
Seat 3: Misentroupe (24866, 22.50€ bounty)
Seat 4: torresmo123 (42562, 22.50€ bounty)
Seat 5: JeffBluffley (28800, 33.75€ bounty)
Seat 6: BenoitS1-2Ni (12825, 22.50€ bounty)
*** ANTE/BLINDS ***
BenoitS1-2Ni posts ante 70
AreolaGrande posts ante 70
FullRicky posts ante 70
Misentroupe posts ante 70
torresmo123 posts ante 70
JeffBluffley posts ante 70
BenoitS1-2Ni posts small blind 300
AreolaGrande posts big blind 600
Dealt to torresmo123 [2c Qc]
*** PRE-FLOP *** 
FullRicky folds
Misentroupe folds
torresmo123 raises 660 to 1260
JeffBluffley folds
BenoitS1-2Ni folds
AreolaGrande calls 660
*** FLOP *** [7h 4h Kc]
AreolaGrande checks
torresmo123 bets 1069
AreolaGrande folds
torresmo123 collected 4309 from pot
*** SUMMARY ***
Total pot 4309 | No rake
Board: [7h 4h Kc]
Seat 4: torresmo123 won 4309


Winamax Poker - Tournament "PRIME TIME" buyIn: 45€ + 5€ level: 8 - HandId: #3186327045948833809-87-1707425605 - Holdem no limit (80/350/700) - 2024/02/08 20:53:25 UTC
Table: 'PRIME TIME(741874577)#0016' 6-max (real money) Seat #6 is the button
Seat 1: AreolaGrande (66995, 33.75€ bounty)
Seat 2: FullRicky (26066, 39.37€ bounty)
Seat 3: Misentroupe (24796, 22.50€ bounty)
Seat 4: torresmo123 (44472, 22.50€ bounty)
Seat 5: JeffBluffley (28730, 33.75€ bounty)
Seat 6: BenoitS1-2Ni (12455, 22.50€ bounty)
*** ANTE/BLINDS ***
AreolaGrande posts ante 80
FullRicky posts ante 80
Misentroupe posts ante 80
torresmo123 posts ante 80
JeffBluffley posts ante 80
BenoitS1-2Ni posts ante 80
AreolaGrande posts small blind 350
FullRicky posts big blind 700
Dealt to torresmo123 [Td 4d]
*** PRE-FLOP *** 
Misentroupe folds
torresmo123 folds
JeffBluffley folds
BenoitS1-2Ni folds
AreolaGrande raises 1750 to 2450
FullRicky folds
AreolaGrande collected 3630 from pot
*** SUMMARY ***
Total pot 3630 | No rake
Seat 1: AreolaGrande (small blind) won 3630


Winamax Poker - Tournament "PRIME TIME" buyIn: 45€ + 5€ level: 8 - HandId: #3186327045948833809-88-1707425631 - Holdem no limit (80/350/700) - 2024/02/08 20:53:51 UTC
Table: 'PRIME TIME(741874577)#0016' 6-max (real money) Seat #1 is the button
Seat 1: AreolaGrande (68095, 33.75€ bounty)
Seat 2: FullRicky (25286, 39.37€ bounty)
Seat 3: Misentroupe (24716, 22.50€ bounty)
Seat 4: torresmo123 (44392, 22.50€ bounty)
Seat 5: JeffBluffley (28650, 33.75€ bounty)
Seat 6: BenoitS1-2Ni (12375, 22.50€ bounty)
*** ANTE/BLINDS ***
FullRicky posts ante 80
Misentroupe posts ante 80
AreolaGrande posts ante 80
torresmo123 posts ante 80
JeffBluffley posts ante 80
BenoitS1-2Ni posts ante 80
FullRicky posts small blind 350
Misentroupe posts big blind 700
Dealt to torresmo123 [6h 3d]
*** PRE-FLOP *** 
torresmo123 folds
JeffBluffley folds
BenoitS1-2Ni calls 700
AreolaGrande raises 2100 to 2800
FullRicky folds
Misentroupe folds
BenoitS1-2Ni folds
AreolaGrande collected 5030 from pot
*** SUMMARY ***
Total pot 5030 | No rake
Seat 1: AreolaGrande (button) won 5030


Winamax Poker - Tournament "PRIME TIME" buyIn: 45€ + 5€ level: 8 - HandId: #3186327045948833809-89-1707425663 - Holdem no limit (80/350/700) - 2024/02/08 20:54:23 UTC
Table: 'PRIME TIME(741874577)#0016' 6-max (real money) Seat #2 is the button
Seat 1: AreolaGrande (70245, 33.75€ bounty)
Seat 2: FullRicky (24856, 39.37€ bounty)
Seat 3: Misentroupe (23936, 22.50€ bounty)
Seat 4: torresmo123 (44312, 22.50€ bounty)
Seat 5: JeffBluffley (28570, 33.75€ bounty)
Seat 6: BenoitS1-2Ni (11595, 22.50€ bounty)
*** ANTE/BLINDS ***
Misentroupe posts ante 80
torresmo123 posts ante 80
AreolaGrande posts ante 80
FullRicky posts ante 80
JeffBluffley posts ante 80
BenoitS1-2Ni posts ante 80
Misentroupe posts small blind 350
torresmo123 posts big blind 700
Dealt to torresmo123 [Ac 3s]
*** PRE-FLOP *** 
JeffBluffley raises 700 to 1400
BenoitS1-2Ni folds
AreolaGrande raises 2800 to 4200
FullRicky folds
Misentroupe folds
torresmo123 folds
JeffBluffley calls 2800
*** FLOP *** [3h 5s 2s]
JeffBluffley checks
AreolaGrande bets 3277
JeffBluffley raises 5263 to 8540
AreolaGrande raises 57425 to 65965 and is all-in
JeffBluffley calls 15750 and is all-in
*** TURN *** [3h 5s 2s][4c]
*** RIVER *** [3h 5s 2s 4c][9s]
*** SHOW DOWN ***
JeffBluffley shows [8h 8s] (One pair : 8)
AreolaGrande shows [Ad Kh] (Straight 5 high)
AreolaGrande collected 100185 from pot
*** SUMMARY ***
Total pot 100185 | No rake
Board: [3h 5s 2s 4c 9s]
Seat 1: AreolaGrande showed [Ad Kh] and won 100185 with Straight 5 high
Seat 5: JeffBluffley showed [8h 8s] and lost with One pair : 8


Winamax Poker - Tournament "PRIME TIME" buyIn: 45€ + 5€ level: 8 - HandId: #3186327045948833809-90-1707426060 - Holdem no limit (80/350/700) - 2024/02/08 21:01:00 UTC
Table: 'PRIME TIME(741874577)#0016' 6-max (real money) Seat #3 is the button
Seat 1: AreolaGrande (100185, 50.62€ bounty)
Seat 2: FullRicky (24776, 39.37€ bounty)
Seat 3: Misentroupe (23506, 22.50€ bounty)
Seat 4: torresmo123 (43532, 22.50€ bounty)
Seat 6: BenoitS1-2Ni (11515, 22.50€ bounty)
*** ANTE/BLINDS ***
torresmo123 posts ante 80
BenoitS1-2Ni posts ante 80
AreolaGrande posts ante 80
FullRicky posts ante 80
Misentroupe posts ante 80
torresmo123 posts small blind 350
BenoitS1-2Ni posts big blind 700
Dealt to torresmo123 [8s 5s]
*** PRE-FLOP *** 
AreolaGrande folds
FullRicky folds
Misentroupe raises 700 to 1400
torresmo123 calls 1050
BenoitS1-2Ni folds
*** FLOP *** [2c 8h Kd]
torresmo123 checks
Misentroupe checks
*** TURN *** [2c 8h Kd][Ac]
torresmo123 checks
Misentroupe bets 1365
torresmo123 calls 1365
*** RIVER *** [2c 8h Kd Ac][3s]
torresmo123 checks
Misentroupe checks
*** SHOW DOWN ***
Misentroupe shows [9s Js] (High card : Ace)
torresmo123 shows [8s 5s] (One pair : 8)
torresmo123 collected 6630 from pot
*** SUMMARY ***
Total pot 6630 | No rake
Board: [2c 8h Kd Ac 3s]
Seat 3: Misentroupe (button) showed [9s Js] and lost with High card : Ace
Seat 4: torresmo123 (small blind) showed [8s 5s] and won 6630 with One pair : 8


Winamax Poker - Tournament "PRIME TIME" buyIn: 45€ + 5€ level: 8 - HandId: #3186327045948833809-91-1707426145 - Holdem no limit (80/350/700) - 2024/02/08 21:02:25 UTC
Table: 'PRIME TIME(741874577)#0016' 6-max (real money) Seat #4 is the button
Seat 1: AreolaGrande (100105, 50.62€ bounty)
Seat 2: FullRicky (24696, 39.37€ bounty)
Seat 3: Misentroupe (20661, 22.50€ bounty)
Seat 4: torresmo123 (47317, 22.50€ bounty)
Seat 6: BenoitS1-2Ni (10735, 22.50€ bounty)
*** ANTE/BLINDS ***
BenoitS1-2Ni posts ante 80
AreolaGrande posts ante 80
FullRicky posts ante 80
Misentroupe posts ante 80
torresmo123 posts ante 80
BenoitS1-2Ni posts small blind 350
AreolaGrande posts big blind 700
Dealt to torresmo123 [5h Kc]
*** PRE-FLOP *** 
FullRicky folds
Misentroupe folds
torresmo123 raises 875 to 1575
BenoitS1-2Ni folds
AreolaGrande calls 875
*** FLOP *** [3c 8c 9h]
AreolaGrande checks
torresmo123 bets 1287
AreolaGrande folds
torresmo123 collected 5187 from pot
*** SUMMARY ***
Total pot 5187 | No rake
Board: [3c 8c 9h]
Seat 4: torresmo123 (button) won 5187


Winamax Poker - Tournament "PRIME TIME" buyIn: 45€ + 5€ level: 8 - HandId: #3186327045948833809-92-1707426189 - Holdem no limit (80/350/700) - 2024/02/08 21:03:09 UTC
Table: 'PRIME TIME(741874577)#0016' 6-max (real money) Seat #6 is the button
Seat 1: AreolaGrande (98450, 50.62€ bounty)
Seat 2: FullRicky (24616, 39.37€ bounty)
Seat 3: Misentroupe (20581, 22.50€ bounty)
Seat 4: torresmo123 (49562, 22.50€ bounty)
Seat 6: BenoitS1-2Ni (10305, 22.50€ bounty)
*** ANTE/BLINDS ***
AreolaGrande posts ante 80
FullRicky posts ante 80
Misentroupe posts ante 80
torresmo123 posts ante 80
BenoitS1-2Ni posts ante 80
AreolaGrande posts small blind 350
FullRicky posts big blind 700
Dealt to torresmo123 [6d 7d]
*** PRE-FLOP *** 
Misentroupe folds
torresmo123 raises 770 to 1470
BenoitS1-2Ni folds
AreolaGrande folds
FullRicky folds
torresmo123 collected 2920 from pot
*** SUMMARY ***
Total pot 2920 | No rake
Seat 4: torresmo123 won 2920


Winamax Poker - Tournament "PRIME TIME" buyIn: 45€ + 5€ level: 8 - HandId: #3186327045948833809-93-1707426218 - Holdem no limit (80/350/700) - 2024/02/08 21:03:38 UTC
Table: 'PRIME TIME(741874577)#0016' 6-max (real money) Seat #1 is the button
Seat 1: AreolaGrande (98020, 50.62€ bounty)
Seat 2: FullRicky (23836, 39.37€ bounty)
Seat 3: Misentroupe (20501, 22.50€ bounty)
Seat 4: torresmo123 (50932, 22.50€ bounty)
Seat 6: BenoitS1-2Ni (10225, 22.50€ bounty)
*** ANTE/BLINDS ***
FullRicky posts ante 80
Misentroupe posts ante 80
AreolaGrande posts ante 80
torresmo123 posts ante 80
BenoitS1-2Ni posts ante 80
FullRicky posts small blind 350
Misentroupe posts big blind 700
Dealt to torresmo123 [Qd Tc]
*** PRE-FLOP *** 
torresmo123 raises 770 to 1470
BenoitS1-2Ni folds
AreolaGrande folds
FullRicky folds
Misentroupe calls 770
*** FLOP *** [Ac Kd Th]
Misentroupe checks
torresmo123 bets 1218
Misentroupe folds
torresmo123 collected 4908 from pot
*** SUMMARY ***
Total pot 4908 | No rake
Board: [Ac Kd Th]
Seat 4: torresmo123 won 4908


Winamax Poker - Tournament "PRIME TIME" buyIn: 45€ + 5€ level: 8 - HandId: #3186327045948833809-94-1707426260 - Holdem no limit (80/350/700) - 2024/02/08 21:04:20 UTC
Table: 'PRIME TIME(741874577)#0016' 6-max (real money) Seat #2 is the button
Seat 1: AreolaGrande (97940, 50.62€ bounty)
Seat 2: FullRicky (23406, 39.37€ bounty)
Seat 3: Misentroupe (18951, 22.50€ bounty)
Seat 4: torresmo123 (53072, 22.50€ bounty)
Seat 6: BenoitS1-2Ni (10145, 22.50€ bounty)
*** ANTE/BLINDS ***
Misentroupe posts ante 80
torresmo123 posts ante 80
AreolaGrande posts ante 80
FullRicky posts ante 80
BenoitS1-2Ni posts ante 80
Misentroupe posts small blind 350
torresmo123 posts big blind 700
Dealt to torresmo123 [9s 6c]
*** PRE-FLOP *** 
BenoitS1-2Ni folds
AreolaGrande folds
FullRicky folds
Misentroupe folds
torresmo123 collected 1450 from pot
*** SUMMARY ***
Total pot 1450 | No rake
Seat 4: torresmo123 (big blind) won 1450


Winamax Poker - Tournament "PRIME TIME" buyIn: 45€ + 5€ level: 8 - HandId: #3186327045948833809-95-1707426279 - Holdem no limit (80/350/700) - 2024/02/08 21:04:39 UTC
Table: 'PRIME TIME(741874577)#0016' 6-max (real money) Seat #3 is the button
Seat 1: AreolaGrande (97860, 50.62€ bounty)
Seat 2: FullRicky (23326, 39.37€ bounty)
Seat 3: Misentroupe (18521, 22.50€ bounty)
Seat 4: torresmo123 (53742, 22.50€ bounty)
Seat 6: BenoitS1-2Ni (10065, 22.50€ bounty)
*** ANTE/BLINDS ***
torresmo123 posts ante 80
BenoitS1-2Ni posts ante 80
AreolaGrande posts ante 80
FullRicky posts ante 80
Misentroupe posts ante 80
torresmo123 posts small blind 350
BenoitS1-2Ni posts big blind 700
Dealt to torresmo123 [Jh 6h]
*** PRE-FLOP *** 
AreolaGrande raises 700 to 1400
FullRicky folds
Misentroupe calls 1400
torresmo123 folds
BenoitS1-2Ni folds
*** FLOP *** [4d Ac 3h]
AreolaGrande checks
Misentroupe checks
*** TURN *** [4d Ac 3h][Kc]
AreolaGrande checks
Misentroupe checks
*** RIVER *** [4d Ac 3h Kc][5s]
AreolaGrande checks
Misentroupe bets 3150
AreolaGrande folds
Misentroupe collected 7400 from pot
*** SUMMARY ***
Total pot 7400 | No rake
Board: [4d Ac 3h Kc 5s]
Seat 3: Misentroupe (button) won 7400


Winamax Poker - Tournament "PRIME TIME" buyIn: 45€ + 5€ level: 8 - HandId: #3186327045948833809-96-1707426347 - Holdem no limit (80/350/700) - 2024/02/08 21:05:47 UTC
Table: 'PRIME TIME(741874577)#0016' 6-max (real money) Seat #4 is the button
Seat 1: AreolaGrande (96380, 50.62€ bounty)
Seat 2: FullRicky (23246, 39.37€ bounty)
Seat 3: Misentroupe (21291, 22.50€ bounty)
Seat 4: torresmo123 (53312, 22.50€ bounty)
Seat 6: BenoitS1-2Ni (9285, 22.50€ bounty)
*** ANTE/BLINDS ***
BenoitS1-2Ni posts ante 80
AreolaGrande posts ante 80
FullRicky posts ante 80
Misentroupe posts ante 80
torresmo123 posts ante 80
BenoitS1-2Ni posts small blind 350
AreolaGrande posts big blind 700
Dealt to torresmo123 [Kh 2d]
*** PRE-FLOP *** 
FullRicky folds
Misentroupe raises 700 to 1400
torresmo123 folds
BenoitS1-2Ni folds
AreolaGrande calls 700
*** FLOP *** [3c 6d Jd]
AreolaGrande checks
Misentroupe bets 2308
AreolaGrande calls 2308
*** TURN *** [3c 6d Jd][8c]
AreolaGrande checks
Misentroupe bets 5308
AreolaGrande folds
Misentroupe collected 13474 from pot
*** SUMMARY ***
Total pot 13474 | No rake
Board: [3c 6d Jd 8c]
Seat 3: Misentroupe won 13474


Winamax Poker - Tournament "PRIME TIME" buyIn: 45€ + 5€ level: 9 - HandId: #3186327045948833809-97-1707426402 - Holdem no limit (100/400/800) - 2024/02/08 21:06:42 UTC
Table: 'PRIME TIME(741874577)#0016' 6-max (real money) Seat #6 is the button
Seat 1: AreolaGrande (92592, 50.62€ bounty)
Seat 2: FullRicky (23166, 39.37€ bounty)
Seat 3: Misentroupe (25669, 22.50€ bounty)
Seat 4: torresmo123 (53232, 22.50€ bounty)
Seat 6: BenoitS1-2Ni (8855, 22.50€ bounty)
*** ANTE/BLINDS ***
AreolaGrande posts ante 100
FullRicky posts ante 100
Misentroupe posts ante 100
torresmo123 posts ante 100
BenoitS1-2Ni posts ante 100
AreolaGrande posts small blind 400
FullRicky posts big blind 800
Dealt to torresmo123 [8h Kh]
*** PRE-FLOP *** 
Misentroupe folds
torresmo123 raises 880 to 1680
BenoitS1-2Ni folds
AreolaGrande folds
FullRicky folds
torresmo123 collected 3380 from pot
*** SUMMARY ***
Total pot 3380 | No rake
Seat 4: torresmo123 won 3380


Winamax Poker - Tournament "PRIME TIME" buyIn: 45€ + 5€ level: 9 - HandId: #3186327045948833809-98-1707426438 - Holdem no limit (100/400/800) - 2024/02/08 21:07:18 UTC
Table: 'PRIME TIME(741874577)#0016' 6-max (real money) Seat #1 is the button
Seat 1: AreolaGrande (92092, 50.62€ bounty)
Seat 2: FullRicky (22266, 39.37€ bounty)
Seat 3: Misentroupe (25569, 22.50€ bounty)
Seat 4: torresmo123 (54832, 22.50€ bounty)
Seat 6: BenoitS1-2Ni (8755, 22.50€ bounty)
*** ANTE/BLINDS ***
FullRicky posts ante 100
Misentroupe posts ante 100
AreolaGrande posts ante 100
torresmo123 posts ante 100
BenoitS1-2Ni posts ante 100
FullRicky posts small blind 400
Misentroupe posts big blind 800
Dealt to torresmo123 [3s Ad]
*** PRE-FLOP *** 
torresmo123 folds
BenoitS1-2Ni folds
AreolaGrande raises 800 to 1600
FullRicky folds
Misentroupe calls 800
*** FLOP *** [7s Qd Kh]
Misentroupe checks
AreolaGrande bets 1353
Misentroupe folds
AreolaGrande collected 5453 from pot
*** SUMMARY ***
Total pot 5453 | No rake
Board: [7s Qd Kh]
Seat 1: AreolaGrande (button) won 5453


Winamax Poker - Tournament "PRIME TIME" buyIn: 45€ + 5€ level: 9 - HandId: #3186327045948833809-99-1707426499 - Holdem no limit (100/400/800) - 2024/02/08 21:08:19 UTC
Table: 'PRIME TIME(741874577)#0016' 6-max (real money) Seat #2 is the button
Seat 1: AreolaGrande (94492, 50.62€ bounty)
Seat 2: FullRicky (21766, 39.37€ bounty)
Seat 3: Misentroupe (23869, 22.50€ bounty)
Seat 4: torresmo123 (54732, 22.50€ bounty)
Seat 6: BenoitS1-2Ni (8655, 22.50€ bounty)
*** ANTE/BLINDS ***
Misentroupe posts ante 100
torresmo123 posts ante 100
AreolaGrande posts ante 100
FullRicky posts ante 100
BenoitS1-2Ni posts ante 100
Misentroupe posts small blind 400
torresmo123 posts big blind 800
Dealt to torresmo123 [Kd Ah]
*** PRE-FLOP *** 
BenoitS1-2Ni folds
AreolaGrande raises 800 to 1600
FullRicky folds
Misentroupe folds
torresmo123 raises 5600 to 7200
AreolaGrande calls 5600
*** FLOP *** [6s 7d 4h]
torresmo123 checks
AreolaGrande bets 5049
torresmo123 calls 5049
*** TURN *** [6s 7d 4h][Kh]
torresmo123 checks
AreolaGrande bets 8381
torresmo123 calls 8381
*** RIVER *** [6s 7d 4h Kh][9s]
torresmo123 checks
AreolaGrande bets 52700
torresmo123 calls 34002 and is all-in
*** SHOW DOWN ***
torresmo123 shows [Kd Ah] (One pair : Kings)
AreolaGrande shows [Kc 7c] (Two pairs : Kings and 7)
AreolaGrande collected 128862 from pot
*** SUMMARY ***
Total pot 128862 | No rake
Board: [6s 7d 4h Kh 9s]
Seat 1: AreolaGrande showed [Kc 7c] and won 128862 with Two pairs : Kings and 7
Seat 4: torresmo123 (big blind) showed [Kd Ah] and lost with One pair : Kings


