Winamax Poker - Tournament "TEA TIME" buyIn: 18€ + 2€ level: 1 - HandId: #3193234817944649796-23-1707755050 - Holdem no limit (25/100/200) - 2024/02/12 16:24:10 UTC
Table: 'TEA TIME(743482918)#0067' 6-max (real money) Seat #5 is the button
Seat 1: torresmo123 (20000, 9€ bounty)
Seat 2: - reeko - (30835, 9€ bounty)
Seat 3: Im Venom (22426, 9€ bounty)
Seat 4: BerroJavHD (23655, 9€ bounty)
Seat 5: Chlo& G (20835, 9€ bounty)
Seat 6: YuriksRD 5.0 (2680, 9€ bounty)
*** ANTE/BLINDS ***
YuriksRD 5.0 posts ante 25
torresmo123 posts ante 25
- reeko - posts ante 25
Im Venom posts ante 25
BerroJavHD posts ante 25
Chlo& G posts ante 25
YuriksRD 5.0 posts small blind 100
torresmo123 posts big blind 200
Dealt to torresmo123 [Kc 2d]
*** PRE-FLOP *** 
- reeko - raises 400 to 600
Im Venom folds
BerroJavHD folds
Chlo& G folds
YuriksRD 5.0 raises 2055 to 2655 and is all-in
torresmo123 folds
- reeko - calls 2055
*** FLOP *** [3h 9s Qh]
*** TURN *** [3h 9s Qh][6d]
*** RIVER *** [3h 9s Qh 6d][2s]
*** SHOW DOWN ***
- reeko - shows [Ac Ts] (High card : Ace)
YuriksRD 5.0 shows [Tc 9c] (One pair : 9)
YuriksRD 5.0 collected 5660 from pot
*** SUMMARY ***
Total pot 5660 | No rake
Board: [3h 9s Qh 6d 2s]
Seat 2: - reeko - showed [Ac Ts] and lost with High card : Ace
Seat 6: YuriksRD 5.0 (small blind) showed [Tc 9c] and won 5660 with One pair : 9


Winamax Poker - Tournament "TEA TIME" buyIn: 18€ + 2€ level: 1 - HandId: #3193234817944649796-24-1707755073 - Holdem no limit (25/100/200) - 2024/02/12 16:24:33 UTC
Table: 'TEA TIME(743482918)#0067' 6-max (real money) Seat #6 is the button
Seat 1: torresmo123 (19775, 9€ bounty)
Seat 2: - reeko - (28155, 9€ bounty)
Seat 3: Im Venom (22401, 9€ bounty)
Seat 4: BerroJavHD (23630, 9€ bounty)
Seat 5: Chlo& G (20810, 9€ bounty)
Seat 6: YuriksRD 5.0 (5660, 9€ bounty)
*** ANTE/BLINDS ***
torresmo123 posts ante 25
- reeko - posts ante 25
Im Venom posts ante 25
BerroJavHD posts ante 25
Chlo& G posts ante 25
YuriksRD 5.0 posts ante 25
torresmo123 posts small blind 100
- reeko - posts big blind 200
Dealt to torresmo123 [2s Tc]
*** PRE-FLOP *** 
Im Venom raises 200 to 400
BerroJavHD folds
Chlo& G folds
YuriksRD 5.0 raises 800 to 1200
torresmo123 folds
- reeko - calls 1000
Im Venom folds
*** FLOP *** [8s Kc 9d]
- reeko - bets 26930 and is all-in
YuriksRD 5.0 calls 4435 and is all-in
*** TURN *** [8s Kc 9d][2d]
*** RIVER *** [8s Kc 9d 2d][Jc]
*** SHOW DOWN ***
- reeko - shows [9s 5s] (One pair : 9)
YuriksRD 5.0 shows [As Kh] (One pair : Kings)
YuriksRD 5.0 collected 11920 from main pot
- reeko - collected 22495 from side pot 1
*** SUMMARY ***
Total pot 34415 | No rake
Board: [8s Kc 9d 2d Jc]
Seat 2: - reeko - (big blind) showed [9s 5s] and won 22495 with One pair : 9
Seat 6: YuriksRD 5.0 (button) showed [As Kh] and won 11920 with One pair : Kings


Winamax Poker - Tournament "TEA TIME" buyIn: 18€ + 2€ level: 1 - HandId: #3193234817944649796-25-1707755116 - Holdem no limit (25/100/200) - 2024/02/12 16:25:16 UTC
Table: 'TEA TIME(743482918)#0067' 6-max (real money) Seat #1 is the button
Seat 1: torresmo123 (19650, 9€ bounty)
Seat 2: - reeko - (22495, 9€ bounty)
Seat 3: Im Venom (21976, 9€ bounty)
Seat 4: BerroJavHD (23605, 9€ bounty)
Seat 5: Chlo& G (20785, 9€ bounty)
Seat 6: YuriksRD 5.0 (11920, 9€ bounty)
*** ANTE/BLINDS ***
- reeko - posts ante 25
Im Venom posts ante 25
torresmo123 posts ante 25
BerroJavHD posts ante 25
Chlo& G posts ante 25
YuriksRD 5.0 posts ante 25
- reeko - posts small blind 100
Im Venom posts big blind 200
Dealt to torresmo123 [Ah Jh]
*** PRE-FLOP *** 
BerroJavHD folds
Chlo& G folds
YuriksRD 5.0 folds
torresmo123 raises 350 to 550
- reeko - calls 450
Im Venom folds
*** FLOP *** [2c 6h 6s]
- reeko - checks
torresmo123 bets 290
- reeko - folds
torresmo123 collected 1740 from pot
*** SUMMARY ***
Total pot 1740 | No rake
Board: [2c 6h 6s]
Seat 1: torresmo123 (button) won 1740


Winamax Poker - Tournament "TEA TIME" buyIn: 18€ + 2€ level: 1 - HandId: #3193234817944649796-26-1707755161 - Holdem no limit (25/100/200) - 2024/02/12 16:26:01 UTC
Table: 'TEA TIME(743482918)#0067' 6-max (real money) Seat #2 is the button
Seat 1: torresmo123 (20525, 9€ bounty)
Seat 2: - reeko - (21920, 9€ bounty)
Seat 3: Im Venom (21751, 9€ bounty)
Seat 4: BerroJavHD (23580, 9€ bounty)
Seat 5: Chlo& G (20760, 9€ bounty)
Seat 6: YuriksRD 5.0 (11895, 9€ bounty)
*** ANTE/BLINDS ***
Im Venom posts ante 25
BerroJavHD posts ante 25
torresmo123 posts ante 25
- reeko - posts ante 25
Chlo& G posts ante 25
YuriksRD 5.0 posts ante 25
Im Venom posts small blind 100
BerroJavHD posts big blind 200
Dealt to torresmo123 [2s Jd]
*** PRE-FLOP *** 
Chlo& G folds
YuriksRD 5.0 folds
torresmo123 folds
- reeko - folds
Im Venom raises 500 to 700
BerroJavHD folds
Im Venom collected 1050 from pot
*** SUMMARY ***
Total pot 1050 | No rake
Seat 3: Im Venom (small blind) won 1050


Winamax Poker - Tournament "TEA TIME" buyIn: 18€ + 2€ level: 1 - HandId: #3193234817944649796-27-1707755175 - Holdem no limit (25/100/200) - 2024/02/12 16:26:15 UTC
Table: 'TEA TIME(743482918)#0067' 6-max (real money) Seat #3 is the button
Seat 1: torresmo123 (20500, 9€ bounty)
Seat 2: - reeko - (21895, 9€ bounty)
Seat 3: Im Venom (22076, 9€ bounty)
Seat 4: BerroJavHD (23355, 9€ bounty)
Seat 5: Chlo& G (20735, 9€ bounty)
Seat 6: YuriksRD 5.0 (11870, 9€ bounty)
*** ANTE/BLINDS ***
BerroJavHD posts ante 25
Chlo& G posts ante 25
torresmo123 posts ante 25
- reeko - posts ante 25
Im Venom posts ante 25
YuriksRD 5.0 posts ante 25
BerroJavHD posts small blind 100
Chlo& G posts big blind 200
Dealt to torresmo123 [9s Qs]
*** PRE-FLOP *** 
YuriksRD 5.0 folds
torresmo123 raises 220 to 420
- reeko - folds
Im Venom folds
BerroJavHD folds
Chlo& G calls 220
*** FLOP *** [Jd Ad 3c]
Chlo& G checks
torresmo123 bets 218
Chlo& G folds
torresmo123 collected 1308 from pot
*** SUMMARY ***
Total pot 1308 | No rake
Board: [Jd Ad 3c]
Seat 1: torresmo123 won 1308


Winamax Poker - Tournament "TEA TIME" buyIn: 18€ + 2€ level: 1 - HandId: #3193234817944649796-28-1707755299 - Holdem no limit (25/100/200) - 2024/02/12 16:28:19 UTC
Table: 'TEA TIME(743482918)#0067' 6-max (real money) Seat #4 is the button
Seat 1: torresmo123 (21145, 9€ bounty)
Seat 2: - reeko - (21870, 9€ bounty)
Seat 3: Im Venom (22051, 9€ bounty)
Seat 4: BerroJavHD (23230, 9€ bounty)
Seat 5: Chlo& G (20290, 9€ bounty)
Seat 6: YuriksRD 5.0 (11845, 9€ bounty)
*** ANTE/BLINDS ***
Chlo& G posts ante 25
YuriksRD 5.0 posts ante 25
torresmo123 posts ante 25
- reeko - posts ante 25
Im Venom posts ante 25
BerroJavHD posts ante 25
Chlo& G posts small blind 100
YuriksRD 5.0 posts big blind 200
Dealt to torresmo123 [Jh 4h]
*** PRE-FLOP *** 
torresmo123 folds
- reeko - raises 400 to 600
Im Venom folds
BerroJavHD raises 1500 to 2100
Chlo& G folds
YuriksRD 5.0 folds
- reeko - calls 1500
*** FLOP *** [5c Th 2h]
- reeko - bets 3023
BerroJavHD raises 18082 to 21105 and is all-in
- reeko - folds
BerroJavHD collected 28778 from pot
*** SUMMARY ***
Total pot 28778 | No rake
Board: [5c Th 2h]
Seat 4: BerroJavHD (button) won 28778


Winamax Poker - Tournament "TEA TIME" buyIn: 18€ + 2€ level: 1 - HandId: #3193234817944649796-29-1707755338 - Holdem no limit (25/100/200) - 2024/02/12 16:28:58 UTC
Table: 'TEA TIME(743482918)#0067' 6-max (real money) Seat #5 is the button
Seat 1: torresmo123 (21120, 9€ bounty)
Seat 2: - reeko - (16722, 9€ bounty)
Seat 3: Im Venom (22026, 9€ bounty)
Seat 4: BerroJavHD (28778, 9€ bounty)
Seat 5: Chlo& G (20165, 9€ bounty)
Seat 6: YuriksRD 5.0 (11620, 9€ bounty)
*** ANTE/BLINDS ***
YuriksRD 5.0 posts ante 25
torresmo123 posts ante 25
- reeko - posts ante 25
Im Venom posts ante 25
BerroJavHD posts ante 25
Chlo& G posts ante 25
YuriksRD 5.0 posts small blind 100
torresmo123 posts big blind 200
Dealt to torresmo123 [Kd 6s]
*** PRE-FLOP *** 
- reeko - raises 400 to 600
Im Venom folds
BerroJavHD folds
Chlo& G raises 1200 to 1800
YuriksRD 5.0 folds
torresmo123 folds
- reeko - calls 1200
*** FLOP *** [5d 8h 5s]
- reeko - bets 2633
Chlo& G folds
- reeko - collected 6683 from pot
*** SUMMARY ***
Total pot 6683 | No rake
Board: [5d 8h 5s]
Seat 2: - reeko - won 6683


Winamax Poker - Tournament "TEA TIME" buyIn: 18€ + 2€ level: 1 - HandId: #3193234817944649796-30-1707755374 - Holdem no limit (25/100/200) - 2024/02/12 16:29:34 UTC
Table: 'TEA TIME(743482918)#0067' 6-max (real money) Seat #6 is the button
Seat 1: torresmo123 (20895, 9€ bounty)
Seat 2: - reeko - (18947, 9€ bounty)
Seat 3: Im Venom (22001, 9€ bounty)
Seat 4: BerroJavHD (28753, 9€ bounty)
Seat 5: Chlo& G (18340, 9€ bounty)
Seat 6: YuriksRD 5.0 (11495, 9€ bounty)
*** ANTE/BLINDS ***
torresmo123 posts ante 25
- reeko - posts ante 25
Im Venom posts ante 25
BerroJavHD posts ante 25
Chlo& G posts ante 25
YuriksRD 5.0 posts ante 25
torresmo123 posts small blind 100
- reeko - posts big blind 200
Dealt to torresmo123 [8h 8s]
*** PRE-FLOP *** 
Im Venom folds
BerroJavHD raises 260 to 460
Chlo& G raises 1150 to 1610
YuriksRD 5.0 folds
torresmo123 folds
- reeko - folds
BerroJavHD folds
Chlo& G collected 2520 from pot
*** SUMMARY ***
Total pot 2520 | No rake
Seat 5: Chlo& G won 2520


Winamax Poker - Tournament "TEA TIME" buyIn: 18€ + 2€ level: 1 - HandId: #3193234817944649796-31-1707755413 - Holdem no limit (25/100/200) - 2024/02/12 16:30:13 UTC
Table: 'TEA TIME(743482918)#0067' 6-max (real money) Seat #1 is the button
Seat 1: torresmo123 (20770, 9€ bounty)
Seat 2: - reeko - (18722, 9€ bounty)
Seat 3: Im Venom (21976, 9€ bounty)
Seat 4: BerroJavHD (28268, 9€ bounty)
Seat 5: Chlo& G (19225, 9€ bounty)
Seat 6: YuriksRD 5.0 (11470, 9€ bounty)
*** ANTE/BLINDS ***
- reeko - posts ante 25
Im Venom posts ante 25
torresmo123 posts ante 25
BerroJavHD posts ante 25
Chlo& G posts ante 25
YuriksRD 5.0 posts ante 25
- reeko - posts small blind 100
Im Venom posts big blind 200
Dealt to torresmo123 [Td 2h]
*** PRE-FLOP *** 
BerroJavHD raises 260 to 460
Chlo& G folds
YuriksRD 5.0 calls 460
torresmo123 folds
- reeko - raises 1730 to 2190
Im Venom raises 2410 to 4600
BerroJavHD folds
YuriksRD 5.0 folds
- reeko - raises 14097 to 18697 and is all-in
Im Venom calls 14097
*** FLOP *** [Ks 4d 2d]
*** TURN *** [Ks 4d 2d][8d]
*** RIVER *** [Ks 4d 2d 8d][Jd]
*** SHOW DOWN ***
- reeko - shows [3c 3s] (One pair : 3)
Im Venom shows [9c 9s] (One pair : 9)
Im Venom collected 38464 from pot
*** SUMMARY ***
Total pot 38464 | No rake
Board: [Ks 4d 2d 8d Jd]
Seat 2: - reeko - (small blind) showed [3c 3s] and lost with One pair : 3
Seat 3: Im Venom (big blind) showed [9c 9s] and won 38464 with One pair : 9


Winamax Poker - Tournament "TEA TIME" buyIn: 18€ + 2€ level: 1 - HandId: #3193234817944649796-32-1707755476 - Holdem no limit (25/100/200) - 2024/02/12 16:31:16 UTC
Table: 'TEA TIME(743482918)#0067' 6-max (real money) Seat #2 is the button
Seat 1: torresmo123 (20745, 9€ bounty)
Seat 3: Im Venom (41718, 13.50€ bounty)
Seat 4: BerroJavHD (27783, 9€ bounty)
Seat 5: Chlo& G (19200, 9€ bounty)
Seat 6: YuriksRD 5.0 (10985, 9€ bounty)
*** ANTE/BLINDS ***
Im Venom posts ante 25
BerroJavHD posts ante 25
torresmo123 posts ante 25
Chlo& G posts ante 25
YuriksRD 5.0 posts ante 25
Im Venom posts small blind 100
BerroJavHD posts big blind 200
Dealt to torresmo123 [7d Jd]
*** PRE-FLOP *** 
Chlo& G folds
YuriksRD 5.0 folds
torresmo123 raises 220 to 420
Im Venom folds
BerroJavHD folds
torresmo123 collected 845 from pot
*** SUMMARY ***
Total pot 845 | No rake
Seat 1: torresmo123 won 845


Winamax Poker - Tournament "TEA TIME" buyIn: 18€ + 2€ level: 1 - HandId: #3193234817944649796-33-1707755491 - Holdem no limit (25/100/200) - 2024/02/12 16:31:31 UTC
Table: 'TEA TIME(743482918)#0067' 6-max (real money) Seat #3 is the button
Seat 1: torresmo123 (21145, 9€ bounty)
Seat 3: Im Venom (41593, 13.50€ bounty)
Seat 4: BerroJavHD (27558, 9€ bounty)
Seat 5: Chlo& G (19175, 9€ bounty)
Seat 6: YuriksRD 5.0 (10960, 9€ bounty)
*** ANTE/BLINDS ***
BerroJavHD posts ante 25
Chlo& G posts ante 25
torresmo123 posts ante 25
Im Venom posts ante 25
YuriksRD 5.0 posts ante 25
BerroJavHD posts small blind 100
Chlo& G posts big blind 200
Dealt to torresmo123 [Js 6d]
*** PRE-FLOP *** 
YuriksRD 5.0 folds
torresmo123 folds
Im Venom folds
BerroJavHD folds
Chlo& G collected 425 from pot
*** SUMMARY ***
Total pot 425 | No rake
Seat 5: Chlo& G (big blind) won 425


Winamax Poker - Tournament "TEA TIME" buyIn: 18€ + 2€ level: 1 - HandId: #3193234817944649796-34-1707755509 - Holdem no limit (25/100/200) - 2024/02/12 16:31:49 UTC
Table: 'TEA TIME(743482918)#0067' 6-max (real money) Seat #4 is the button
Seat 1: torresmo123 (21120, 9€ bounty)
Seat 2: NIQUE MUCK (20000, 9€ bounty)
Seat 3: Im Venom (41568, 13.50€ bounty)
Seat 4: BerroJavHD (27433, 9€ bounty)
Seat 5: Chlo& G (19375, 9€ bounty)
Seat 6: YuriksRD 5.0 (10935, 9€ bounty)
*** ANTE/BLINDS ***
Chlo& G posts ante 25
YuriksRD 5.0 posts ante 25
torresmo123 posts ante 25
NIQUE MUCK posts ante 25
Im Venom posts ante 25
BerroJavHD posts ante 25
Chlo& G posts small blind 100
YuriksRD 5.0 posts big blind 200
Dealt to torresmo123 [Qh 6s]
*** PRE-FLOP *** 
torresmo123 folds
NIQUE MUCK folds
Im Venom folds
BerroJavHD folds
Chlo& G folds
YuriksRD 5.0 collected 450 from pot
*** SUMMARY ***
Total pot 450 | No rake
Seat 6: YuriksRD 5.0 (big blind) won 450


Winamax Poker - Tournament "TEA TIME" buyIn: 18€ + 2€ level: 1 - HandId: #3193234817944649796-35-1707755543 - Holdem no limit (25/100/200) - 2024/02/12 16:32:23 UTC
Table: 'TEA TIME(743482918)#0067' 6-max (real money) Seat #5 is the button
Seat 1: torresmo123 (21095, 9€ bounty)
Seat 2: NIQUE MUCK (19975, 9€ bounty)
Seat 3: Im Venom (41543, 13.50€ bounty)
Seat 4: BerroJavHD (27408, 9€ bounty)
Seat 5: Chlo& G (19250, 9€ bounty)
Seat 6: YuriksRD 5.0 (11160, 9€ bounty)
*** ANTE/BLINDS ***
YuriksRD 5.0 posts ante 25
torresmo123 posts ante 25
NIQUE MUCK posts ante 25
Im Venom posts ante 25
BerroJavHD posts ante 25
Chlo& G posts ante 25
YuriksRD 5.0 posts small blind 100
torresmo123 posts big blind 200
Dealt to torresmo123 [Jc 5s]
*** PRE-FLOP *** 
NIQUE MUCK folds
Im Venom folds
BerroJavHD folds
Chlo& G folds
YuriksRD 5.0 raises 500 to 700
torresmo123 folds
YuriksRD 5.0 collected 1050 from pot
*** SUMMARY ***
Total pot 1050 | No rake
Seat 6: YuriksRD 5.0 (small blind) won 1050


Winamax Poker - Tournament "TEA TIME" buyIn: 18€ + 2€ level: 1 - HandId: #3193234817944649796-36-1707755562 - Holdem no limit (25/100/200) - 2024/02/12 16:32:42 UTC
Table: 'TEA TIME(743482918)#0067' 6-max (real money) Seat #6 is the button
Seat 1: torresmo123 (20870, 9€ bounty)
Seat 2: NIQUE MUCK (19950, 9€ bounty)
Seat 3: Im Venom (41518, 13.50€ bounty)
Seat 4: BerroJavHD (27383, 9€ bounty)
Seat 5: Chlo& G (19225, 9€ bounty)
Seat 6: YuriksRD 5.0 (11485, 9€ bounty)
*** ANTE/BLINDS ***
torresmo123 posts ante 25
NIQUE MUCK posts ante 25
Im Venom posts ante 25
BerroJavHD posts ante 25
Chlo& G posts ante 25
YuriksRD 5.0 posts ante 25
torresmo123 posts small blind 100
NIQUE MUCK posts big blind 200
Dealt to torresmo123 [3d 7d]
*** PRE-FLOP *** 
Im Venom folds
BerroJavHD folds
Chlo& G folds
YuriksRD 5.0 raises 200 to 400
torresmo123 folds
NIQUE MUCK calls 200
*** FLOP *** [5c 3h 3c]
NIQUE MUCK checks
YuriksRD 5.0 checks
*** TURN *** [5c 3h 3c][Jh]
NIQUE MUCK bets 1088
YuriksRD 5.0 calls 1088
*** RIVER *** [5c 3h 3c Jh][3s]
NIQUE MUCK checks
YuriksRD 5.0 bets 2400
NIQUE MUCK folds
YuriksRD 5.0 collected 5626 from pot
*** SUMMARY ***
Total pot 5626 | No rake
Board: [5c 3h 3c Jh 3s]
Seat 6: YuriksRD 5.0 (button) won 5626


Winamax Poker - Tournament "TEA TIME" buyIn: 18€ + 2€ level: 1 - HandId: #3193234817944649796-37-1707755634 - Holdem no limit (25/100/200) - 2024/02/12 16:33:54 UTC
Table: 'TEA TIME(743482918)#0067' 6-max (real money) Seat #1 is the button
Seat 1: torresmo123 (20745, 9€ bounty)
Seat 2: NIQUE MUCK (18437, 9€ bounty)
Seat 3: Im Venom (41493, 13.50€ bounty)
Seat 4: BerroJavHD (27358, 9€ bounty)
Seat 5: Chlo& G (19200, 9€ bounty)
Seat 6: YuriksRD 5.0 (13198, 9€ bounty)
*** ANTE/BLINDS ***
NIQUE MUCK posts ante 25
Im Venom posts ante 25
torresmo123 posts ante 25
BerroJavHD posts ante 25
Chlo& G posts ante 25
YuriksRD 5.0 posts ante 25
NIQUE MUCK posts small blind 100
Im Venom posts big blind 200
Dealt to torresmo123 [8d 6h]
*** PRE-FLOP *** 
BerroJavHD folds
Chlo& G raises 260 to 460
YuriksRD 5.0 folds
torresmo123 folds
NIQUE MUCK folds
Im Venom raises 1540 to 2000
Chlo& G calls 1540
*** FLOP *** [5d 3h Th]
Im Venom checks
Chlo& G bets 2168
Im Venom raises 3032 to 5200
Chlo& G calls 3032
*** TURN *** [5d 3h Th][Jd]
Im Venom bets 14650
Chlo& G calls 11975 and is all-in
*** RIVER *** [5d 3h Th Jd][7c]
*** SHOW DOWN ***
Chlo& G shows [6s 6c] (One pair : 6)
Im Venom shows [Kc Kd] (One pair : Kings)
Im Venom collected 41275 from pot
*** SUMMARY ***
Total pot 41275 | No rake
Board: [5d 3h Th Jd 7c]
Seat 3: Im Venom (big blind) showed [Kc Kd] and won 41275 with One pair : Kings
Seat 5: Chlo& G showed [6s 6c] and lost with One pair : 6


Winamax Poker - Tournament "TEA TIME" buyIn: 18€ + 2€ level: 1 - HandId: #3193234817944649796-38-1707755751 - Holdem no limit (25/100/200) - 2024/02/12 16:35:51 UTC
Table: 'TEA TIME(743482918)#0067' 6-max (real money) Seat #2 is the button
Seat 1: torresmo123 (20720, 9€ bounty)
Seat 2: NIQUE MUCK (18312, 9€ bounty)
Seat 3: Im Venom (60893, 18€ bounty)
Seat 4: BerroJavHD (27333, 9€ bounty)
Seat 6: YuriksRD 5.0 (13173, 9€ bounty)
*** ANTE/BLINDS ***
Im Venom posts ante 25
BerroJavHD posts ante 25
torresmo123 posts ante 25
NIQUE MUCK posts ante 25
YuriksRD 5.0 posts ante 25
Im Venom posts small blind 100
BerroJavHD posts big blind 200
Dealt to torresmo123 [Jc 6s]
*** PRE-FLOP *** 
YuriksRD 5.0 folds
torresmo123 folds
NIQUE MUCK folds
Im Venom folds
BerroJavHD collected 425 from pot
*** SUMMARY ***
Total pot 425 | No rake
Seat 4: BerroJavHD (big blind) won 425


Winamax Poker - Tournament "TEA TIME" buyIn: 18€ + 2€ level: 1 - HandId: #3193234817944649796-39-1707755774 - Holdem no limit (25/100/200) - 2024/02/12 16:36:14 UTC
Table: 'TEA TIME(743482918)#0067' 6-max (real money) Seat #3 is the button
Seat 1: torresmo123 (20695, 9€ bounty)
Seat 2: NIQUE MUCK (18287, 9€ bounty)
Seat 3: Im Venom (60768, 18€ bounty)
Seat 4: BerroJavHD (27533, 9€ bounty)
Seat 6: YuriksRD 5.0 (13148, 9€ bounty)
*** ANTE/BLINDS ***
BerroJavHD posts ante 25
YuriksRD 5.0 posts ante 25
torresmo123 posts ante 25
NIQUE MUCK posts ante 25
Im Venom posts ante 25
BerroJavHD posts small blind 100
YuriksRD 5.0 posts big blind 200
Dealt to torresmo123 [Ts 9s]
*** PRE-FLOP *** 
torresmo123 raises 220 to 420
NIQUE MUCK folds
Im Venom folds
BerroJavHD folds
YuriksRD 5.0 folds
torresmo123 collected 845 from pot
*** SUMMARY ***
Total pot 845 | No rake
Seat 1: torresmo123 won 845


Winamax Poker - Tournament "TEA TIME" buyIn: 18€ + 2€ level: 1 - HandId: #3193234817944649796-40-1707755801 - Holdem no limit (25/100/200) - 2024/02/12 16:36:41 UTC
Table: 'TEA TIME(743482918)#0067' 6-max (real money) Seat #4 is the button
Seat 1: torresmo123 (21095, 9€ bounty)
Seat 2: NIQUE MUCK (18262, 9€ bounty)
Seat 3: Im Venom (60743, 18€ bounty)
Seat 4: BerroJavHD (27408, 9€ bounty)
Seat 5: NZOTH (20000, 9€ bounty)
Seat 6: YuriksRD 5.0 (12923, 9€ bounty)
*** ANTE/BLINDS ***
YuriksRD 5.0 posts ante 25
torresmo123 posts ante 25
NIQUE MUCK posts ante 25
Im Venom posts ante 25
BerroJavHD posts ante 25
YuriksRD 5.0 posts small blind 100
torresmo123 posts big blind 200
Dealt to torresmo123 [6d 3d]
*** PRE-FLOP *** 
NIQUE MUCK folds
Im Venom raises 200 to 400
BerroJavHD folds
YuriksRD 5.0 folds
torresmo123 calls 200
*** FLOP *** [3s Qd 5d]
torresmo123 checks
Im Venom bets 300
torresmo123 calls 300
*** TURN *** [3s Qd 5d][Kh]
torresmo123 checks
Im Venom bets 1300
torresmo123 calls 1300
*** RIVER *** [3s Qd 5d Kh][Th]
torresmo123 checks
Im Venom bets 4225
torresmo123 folds
Im Venom collected 8450 from pot
*** SUMMARY ***
Total pot 8450 | No rake
Board: [3s Qd 5d Kh Th]
Seat 3: Im Venom won 8450


Winamax Poker - Tournament "TEA TIME" buyIn: 18€ + 2€ level: 1 - HandId: #3193234817944649796-41-1707755874 - Holdem no limit (25/100/200) - 2024/02/12 16:37:54 UTC
Table: 'TEA TIME(743482918)#0067' 6-max (real money) Seat #6 is the button
Seat 1: torresmo123 (19070, 9€ bounty)
Seat 2: NIQUE MUCK (18237, 9€ bounty)
Seat 3: Im Venom (62943, 18€ bounty)
Seat 4: BerroJavHD (27383, 9€ bounty)
Seat 5: NZOTH (20000, 9€ bounty)
Seat 6: YuriksRD 5.0 (12798, 9€ bounty)
*** ANTE/BLINDS ***
torresmo123 posts ante 25
NIQUE MUCK posts ante 25
Im Venom posts ante 25
BerroJavHD posts ante 25
NZOTH posts ante 25
YuriksRD 5.0 posts ante 25
torresmo123 posts small blind 100
NIQUE MUCK posts big blind 200
Dealt to torresmo123 [Jh 8h]
*** PRE-FLOP *** 
Im Venom raises 200 to 400
BerroJavHD folds
NZOTH folds
YuriksRD 5.0 folds
torresmo123 calls 300
NIQUE MUCK calls 200
*** FLOP *** [As 9h 2s]
torresmo123 checks
NIQUE MUCK checks
Im Venom bets 400
torresmo123 folds
NIQUE MUCK calls 400
*** TURN *** [As 9h 2s][Ac]
NIQUE MUCK checks
Im Venom checks
*** RIVER *** [As 9h 2s Ac][Ts]
NIQUE MUCK bets 1613
Im Venom folds
NIQUE MUCK collected 3763 from pot
*** SUMMARY ***
Total pot 3763 | No rake
Board: [As 9h 2s Ac Ts]
Seat 2: NIQUE MUCK (big blind) won 3763


Winamax Poker - Tournament "TEA TIME" buyIn: 18€ + 2€ level: 1 - HandId: #3193234817944649796-42-1707755947 - Holdem no limit (25/100/200) - 2024/02/12 16:39:07 UTC
Table: 'TEA TIME(743482918)#0067' 6-max (real money) Seat #1 is the button
Seat 1: torresmo123 (18645, 9€ bounty)
Seat 2: NIQUE MUCK (19562, 9€ bounty)
Seat 3: Im Venom (62118, 18€ bounty)
Seat 4: BerroJavHD (27358, 9€ bounty)
Seat 5: NZOTH (19975, 9€ bounty)
Seat 6: YuriksRD 5.0 (12773, 9€ bounty)
*** ANTE/BLINDS ***
NIQUE MUCK posts ante 25
Im Venom posts ante 25
torresmo123 posts ante 25
BerroJavHD posts ante 25
NZOTH posts ante 25
YuriksRD 5.0 posts ante 25
NIQUE MUCK posts small blind 100
Im Venom posts big blind 200
Dealt to torresmo123 [3c Js]
*** PRE-FLOP *** 
BerroJavHD folds
NZOTH raises 200 to 400
YuriksRD 5.0 folds
torresmo123 folds
NIQUE MUCK folds
Im Venom folds
NZOTH collected 850 from pot
*** SUMMARY ***
Total pot 850 | No rake
Seat 5: NZOTH won 850


Winamax Poker - Tournament "TEA TIME" buyIn: 18€ + 2€ level: 1 - HandId: #3193234817944649796-43-1707755985 - Holdem no limit (25/100/200) - 2024/02/12 16:39:45 UTC
Table: 'TEA TIME(743482918)#0067' 6-max (real money) Seat #2 is the button
Seat 1: torresmo123 (18620, 9€ bounty)
Seat 2: NIQUE MUCK (19437, 9€ bounty)
Seat 3: Im Venom (61893, 18€ bounty)
Seat 4: BerroJavHD (27333, 9€ bounty)
Seat 5: NZOTH (20400, 9€ bounty)
Seat 6: YuriksRD 5.0 (12748, 9€ bounty)
*** ANTE/BLINDS ***
Im Venom posts ante 25
BerroJavHD posts ante 25
torresmo123 posts ante 25
NIQUE MUCK posts ante 25
NZOTH posts ante 25
YuriksRD 5.0 posts ante 25
Im Venom posts small blind 100
BerroJavHD posts big blind 200
Dealt to torresmo123 [9h Tc]
*** PRE-FLOP *** 
NZOTH folds
YuriksRD 5.0 folds
torresmo123 raises 220 to 420
NIQUE MUCK folds
Im Venom folds
BerroJavHD calls 220
*** FLOP *** [6d 7s 3c]
BerroJavHD checks
torresmo123 bets 600
BerroJavHD raises 1200 to 1800
torresmo123 calls 1200
*** TURN *** [6d 7s 3c][Jh]
BerroJavHD checks
torresmo123 bets 3987
BerroJavHD folds
torresmo123 collected 8677 from pot
*** SUMMARY ***
Total pot 8677 | No rake
Board: [6d 7s 3c Jh]
Seat 1: torresmo123 won 8677


Winamax Poker - Tournament "TEA TIME" buyIn: 18€ + 2€ level: 2 - HandId: #3193234817944649796-44-1707756069 - Holdem no limit (30/125/250) - 2024/02/12 16:41:09 UTC
Table: 'TEA TIME(743482918)#0067' 6-max (real money) Seat #3 is the button
Seat 1: torresmo123 (21065, 9€ bounty)
Seat 2: NIQUE MUCK (19412, 9€ bounty)
Seat 3: Im Venom (61768, 18€ bounty)
Seat 4: BerroJavHD (25088, 9€ bounty)
Seat 5: NZOTH (20375, 9€ bounty)
Seat 6: YuriksRD 5.0 (12723, 9€ bounty)
*** ANTE/BLINDS ***
BerroJavHD posts ante 30
NZOTH posts ante 30
torresmo123 posts ante 30
NIQUE MUCK posts ante 30
Im Venom posts ante 30
YuriksRD 5.0 posts ante 30
BerroJavHD posts small blind 125
NZOTH posts big blind 250
Dealt to torresmo123 [8h Qd]
*** PRE-FLOP *** 
YuriksRD 5.0 folds
torresmo123 folds
NIQUE MUCK raises 375 to 625
Im Venom folds
BerroJavHD folds
NZOTH calls 375
*** FLOP *** [Th Ts 6d]
NZOTH checks
NIQUE MUCK bets 389
NZOTH calls 389
*** TURN *** [Th Ts 6d][5h]
NZOTH checks
NIQUE MUCK bets 1516
NZOTH calls 1516
*** RIVER *** [Th Ts 6d 5h][4h]
NZOTH checks
NIQUE MUCK checks
*** SHOW DOWN ***
NIQUE MUCK shows [Kd Qc] (One pair : Tens)
NZOTH shows [Qh Td] (Trips of Tens)
NZOTH collected 5365 from pot
*** SUMMARY ***
Total pot 5365 | No rake
Board: [Th Ts 6d 5h 4h]
Seat 2: NIQUE MUCK showed [Kd Qc] and lost with One pair : Tens
Seat 5: NZOTH (big blind) showed [Qh Td] and won 5365 with Trips of Tens


Winamax Poker - Tournament "TEA TIME" buyIn: 18€ + 2€ level: 2 - HandId: #3193234817944649796-45-1707756168 - Holdem no limit (30/125/250) - 2024/02/12 16:42:48 UTC
Table: 'TEA TIME(743482918)#0067' 6-max (real money) Seat #4 is the button
Seat 1: torresmo123 (21035, 9€ bounty)
Seat 2: NIQUE MUCK (16852, 9€ bounty)
Seat 3: Im Venom (61738, 18€ bounty)
Seat 4: BerroJavHD (24933, 9€ bounty)
Seat 5: NZOTH (23180, 9€ bounty)
Seat 6: YuriksRD 5.0 (12693, 9€ bounty)
*** ANTE/BLINDS ***
NZOTH posts ante 30
YuriksRD 5.0 posts ante 30
torresmo123 posts ante 30
NIQUE MUCK posts ante 30
Im Venom posts ante 30
BerroJavHD posts ante 30
NZOTH posts small blind 125
YuriksRD 5.0 posts big blind 250
Dealt to torresmo123 [Ah Qh]
*** PRE-FLOP *** 
torresmo123 raises 275 to 525
NIQUE MUCK folds
Im Venom folds
BerroJavHD folds
NZOTH folds
YuriksRD 5.0 folds
torresmo123 collected 1080 from pot
*** SUMMARY ***
Total pot 1080 | No rake
Seat 1: torresmo123 won 1080


Winamax Poker - Tournament "TEA TIME" buyIn: 18€ + 2€ level: 2 - HandId: #3193234817944649796-46-1707756189 - Holdem no limit (30/125/250) - 2024/02/12 16:43:09 UTC
Table: 'TEA TIME(743482918)#0067' 6-max (real money) Seat #5 is the button
Seat 1: torresmo123 (21560, 9€ bounty)
Seat 2: NIQUE MUCK (16822, 9€ bounty)
Seat 3: Im Venom (61708, 18€ bounty)
Seat 4: BerroJavHD (24903, 9€ bounty)
Seat 5: NZOTH (23025, 9€ bounty)
Seat 6: YuriksRD 5.0 (12413, 9€ bounty)
*** ANTE/BLINDS ***
YuriksRD 5.0 posts ante 30
torresmo123 posts ante 30
NIQUE MUCK posts ante 30
Im Venom posts ante 30
BerroJavHD posts ante 30
NZOTH posts ante 30
YuriksRD 5.0 posts small blind 125
torresmo123 posts big blind 250
Dealt to torresmo123 [9c Ks]
*** PRE-FLOP *** 
NIQUE MUCK folds
Im Venom folds
BerroJavHD folds
NZOTH folds
YuriksRD 5.0 raises 625 to 875
torresmo123 calls 625
*** FLOP *** [9h 9d Qc]
YuriksRD 5.0 checks
torresmo123 bets 637
YuriksRD 5.0 folds
torresmo123 collected 2567 from pot
*** SUMMARY ***
Total pot 2567 | No rake
Board: [9h 9d Qc]
Seat 1: torresmo123 (big blind) won 2567


Winamax Poker - Tournament "TEA TIME" buyIn: 18€ + 2€ level: 2 - HandId: #3193234817944649796-47-1707756236 - Holdem no limit (30/125/250) - 2024/02/12 16:43:56 UTC
Table: 'TEA TIME(743482918)#0067' 6-max (real money) Seat #6 is the button
Seat 1: torresmo123 (22585, 9€ bounty)
Seat 2: NIQUE MUCK (16792, 9€ bounty)
Seat 3: Im Venom (61678, 18€ bounty)
Seat 4: BerroJavHD (24873, 9€ bounty)
Seat 5: NZOTH (22995, 9€ bounty)
Seat 6: YuriksRD 5.0 (11508, 9€ bounty)
*** ANTE/BLINDS ***
torresmo123 posts ante 30
NIQUE MUCK posts ante 30
Im Venom posts ante 30
BerroJavHD posts ante 30
NZOTH posts ante 30
YuriksRD 5.0 posts ante 30
torresmo123 posts small blind 125
NIQUE MUCK posts big blind 250
Dealt to torresmo123 [3s 3c]
*** PRE-FLOP *** 
Im Venom folds
BerroJavHD raises 275 to 525
NZOTH folds
YuriksRD 5.0 folds
torresmo123 calls 400
NIQUE MUCK folds
*** FLOP *** [9c 7h Kd]
torresmo123 checks
BerroJavHD bets 375
torresmo123 folds
BerroJavHD collected 1855 from pot
*** SUMMARY ***
Total pot 1855 | No rake
Board: [9c 7h Kd]
Seat 4: BerroJavHD won 1855


Winamax Poker - Tournament "TEA TIME" buyIn: 18€ + 2€ level: 2 - HandId: #3193234817944649796-48-1707756304 - Holdem no limit (30/125/250) - 2024/02/12 16:45:04 UTC
Table: 'TEA TIME(743482918)#0067' 6-max (real money) Seat #1 is the button
Seat 1: torresmo123 (22030, 9€ bounty)
Seat 2: NIQUE MUCK (16512, 9€ bounty)
Seat 3: Im Venom (61648, 18€ bounty)
Seat 4: BerroJavHD (25798, 9€ bounty)
Seat 5: NZOTH (22965, 9€ bounty)
Seat 6: YuriksRD 5.0 (11478, 9€ bounty)
*** ANTE/BLINDS ***
NIQUE MUCK posts ante 30
Im Venom posts ante 30
torresmo123 posts ante 30
BerroJavHD posts ante 30
NZOTH posts ante 30
YuriksRD 5.0 posts ante 30
NIQUE MUCK posts small blind 125
Im Venom posts big blind 250
Dealt to torresmo123 [Qc 6d]
*** PRE-FLOP *** 
BerroJavHD folds
NZOTH folds
YuriksRD 5.0 raises 250 to 500
torresmo123 folds
NIQUE MUCK folds
Im Venom calls 250
*** FLOP *** [Th Tc 7c]
Im Venom checks
YuriksRD 5.0 bets 625
Im Venom raises 1250 to 1875
YuriksRD 5.0 calls 1250
*** TURN *** [Th Tc 7c][Qd]
Im Venom bets 2000
YuriksRD 5.0 raises 7073 to 9073 and is all-in
Im Venom calls 7073
*** RIVER *** [Th Tc 7c Qd][2c]
*** SHOW DOWN ***
Im Venom shows [Td 5d] (Trips of Tens)
YuriksRD 5.0 shows [Kh Ts] (Trips of Tens)
YuriksRD 5.0 collected 23201 from pot
*** SUMMARY ***
Total pot 23201 | No rake
Board: [Th Tc 7c Qd 2c]
Seat 3: Im Venom (big blind) showed [Td 5d] and lost with Trips of Tens
Seat 6: YuriksRD 5.0 showed [Kh Ts] and won 23201 with Trips of Tens


Winamax Poker - Tournament "TEA TIME" buyIn: 18€ + 2€ level: 2 - HandId: #3193234817944649796-49-1707756371 - Holdem no limit (30/125/250) - 2024/02/12 16:46:11 UTC
Table: 'TEA TIME(743482918)#0067' 6-max (real money) Seat #2 is the button
Seat 1: torresmo123 (22000, 9€ bounty)
Seat 2: NIQUE MUCK (16357, 9€ bounty)
Seat 3: Im Venom (50170, 18€ bounty)
Seat 4: BerroJavHD (25768, 9€ bounty)
Seat 5: NZOTH (22935, 9€ bounty)
Seat 6: YuriksRD 5.0 (23201, 9€ bounty)
*** ANTE/BLINDS ***
Im Venom posts ante 30
BerroJavHD posts ante 30
torresmo123 posts ante 30
NIQUE MUCK posts ante 30
NZOTH posts ante 30
YuriksRD 5.0 posts ante 30
Im Venom posts small blind 125
BerroJavHD posts big blind 250
Dealt to torresmo123 [As 3c]
*** PRE-FLOP *** 
NZOTH folds
YuriksRD 5.0 folds
torresmo123 folds
NIQUE MUCK folds
Im Venom folds
BerroJavHD collected 555 from pot
*** SUMMARY ***
Total pot 555 | No rake
Seat 4: BerroJavHD (big blind) won 555


Winamax Poker - Tournament "TEA TIME" buyIn: 18€ + 2€ level: 2 - HandId: #3193234817944649796-50-1707756397 - Holdem no limit (30/125/250) - 2024/02/12 16:46:37 UTC
Table: 'TEA TIME(743482918)#0067' 6-max (real money) Seat #3 is the button
Seat 1: torresmo123 (21970, 9€ bounty)
Seat 2: NIQUE MUCK (16327, 9€ bounty)
Seat 3: Im Venom (50015, 18€ bounty)
Seat 4: BerroJavHD (26043, 9€ bounty)
Seat 5: NZOTH (22905, 9€ bounty)
Seat 6: YuriksRD 5.0 (23171, 9€ bounty)
*** ANTE/BLINDS ***
BerroJavHD posts ante 30
NZOTH posts ante 30
torresmo123 posts ante 30
NIQUE MUCK posts ante 30
Im Venom posts ante 30
YuriksRD 5.0 posts ante 30
BerroJavHD posts small blind 125
NZOTH posts big blind 250
Dealt to torresmo123 [4d 7d]
*** PRE-FLOP *** 
YuriksRD 5.0 folds
torresmo123 folds
NIQUE MUCK folds
Im Venom folds
BerroJavHD calls 125
NZOTH raises 625 to 875
BerroJavHD raises 1750 to 2625
NZOTH folds
BerroJavHD collected 3680 from pot
*** SUMMARY ***
Total pot 3680 | No rake
Seat 4: BerroJavHD (small blind) won 3680


Winamax Poker - Tournament "TEA TIME" buyIn: 18€ + 2€ level: 2 - HandId: #3193234817944649796-51-1707756428 - Holdem no limit (30/125/250) - 2024/02/12 16:47:08 UTC
Table: 'TEA TIME(743482918)#0067' 6-max (real money) Seat #4 is the button
Seat 1: torresmo123 (21940, 9€ bounty)
Seat 2: NIQUE MUCK (16297, 9€ bounty)
Seat 3: Im Venom (49985, 18€ bounty)
Seat 4: BerroJavHD (27068, 9€ bounty)
Seat 5: NZOTH (22000, 9€ bounty)
Seat 6: YuriksRD 5.0 (23141, 9€ bounty)
*** ANTE/BLINDS ***
NZOTH posts ante 30
YuriksRD 5.0 posts ante 30
torresmo123 posts ante 30
NIQUE MUCK posts ante 30
Im Venom posts ante 30
BerroJavHD posts ante 30
NZOTH posts small blind 125
YuriksRD 5.0 posts big blind 250
Dealt to torresmo123 [Ts Js]
*** PRE-FLOP *** 
torresmo123 raises 275 to 525
NIQUE MUCK folds
Im Venom raises 1225 to 1750
BerroJavHD folds
NZOTH folds
YuriksRD 5.0 raises 2750 to 4500
torresmo123 folds
Im Venom calls 2750
*** FLOP *** [3s 9s 7d]
YuriksRD 5.0 checks
Im Venom checks
*** TURN *** [3s 9s 7d][Kd]
YuriksRD 5.0 bets 6390
Im Venom folds
YuriksRD 5.0 collected 16220 from pot
*** SUMMARY ***
Total pot 16220 | No rake
Board: [3s 9s 7d Kd]
Seat 6: YuriksRD 5.0 (big blind) won 16220


Winamax Poker - Tournament "TEA TIME" buyIn: 18€ + 2€ level: 3 - HandId: #3193234817944649796-52-1707756484 - Holdem no limit (35/150/300) - 2024/02/12 16:48:04 UTC
Table: 'TEA TIME(743482918)#0067' 6-max (real money) Seat #5 is the button
Seat 1: torresmo123 (21385, 9€ bounty)
Seat 2: NIQUE MUCK (16267, 9€ bounty)
Seat 3: Im Venom (45455, 18€ bounty)
Seat 4: BerroJavHD (27038, 9€ bounty)
Seat 5: NZOTH (21845, 9€ bounty)
Seat 6: YuriksRD 5.0 (28441, 9€ bounty)
*** ANTE/BLINDS ***
YuriksRD 5.0 posts ante 35
torresmo123 posts ante 35
NIQUE MUCK posts ante 35
Im Venom posts ante 35
BerroJavHD posts ante 35
NZOTH posts ante 35
YuriksRD 5.0 posts small blind 150
torresmo123 posts big blind 300
Dealt to torresmo123 [Qc 3d]
*** PRE-FLOP *** 
NIQUE MUCK folds
Im Venom folds
BerroJavHD folds
NZOTH raises 300 to 600
YuriksRD 5.0 folds
torresmo123 calls 300
*** FLOP *** [2c Ah 9d]
torresmo123 checks
NZOTH bets 546
torresmo123 folds
NZOTH collected 2106 from pot
*** SUMMARY ***
Total pot 2106 | No rake
Board: [2c Ah 9d]
Seat 5: NZOTH (button) won 2106


Winamax Poker - Tournament "TEA TIME" buyIn: 18€ + 2€ level: 3 - HandId: #3193234817944649796-53-1707756546 - Holdem no limit (35/150/300) - 2024/02/12 16:49:06 UTC
Table: 'TEA TIME(743482918)#0067' 6-max (real money) Seat #6 is the button
Seat 1: torresmo123 (20750, 9€ bounty)
Seat 2: NIQUE MUCK (16232, 9€ bounty)
Seat 3: Im Venom (45420, 18€ bounty)
Seat 4: BerroJavHD (27003, 9€ bounty)
Seat 5: NZOTH (22770, 9€ bounty)
Seat 6: YuriksRD 5.0 (28256, 9€ bounty)
*** ANTE/BLINDS ***
torresmo123 posts ante 35
NIQUE MUCK posts ante 35
Im Venom posts ante 35
BerroJavHD posts ante 35
NZOTH posts ante 35
YuriksRD 5.0 posts ante 35
torresmo123 posts small blind 150
NIQUE MUCK posts big blind 300
Dealt to torresmo123 [Ts Kc]
*** PRE-FLOP *** 
Im Venom folds
BerroJavHD folds
NZOTH folds
YuriksRD 5.0 raises 300 to 600
torresmo123 calls 450
NIQUE MUCK calls 300
*** FLOP *** [Js As Jc]
torresmo123 checks
NIQUE MUCK checks
YuriksRD 5.0 checks
*** TURN *** [Js As Jc][4h]
torresmo123 bets 2513
NIQUE MUCK folds
YuriksRD 5.0 folds
torresmo123 collected 4523 from pot
*** SUMMARY ***
Total pot 4523 | No rake
Board: [Js As Jc 4h]
Seat 1: torresmo123 (small blind) won 4523


Winamax Poker - Tournament "TEA TIME" buyIn: 18€ + 2€ level: 3 - HandId: #3193234817944649796-54-1707756634 - Holdem no limit (35/150/300) - 2024/02/12 16:50:34 UTC
Table: 'TEA TIME(743482918)#0067' 6-max (real money) Seat #1 is the button
Seat 1: torresmo123 (22125, 9€ bounty)
Seat 2: NIQUE MUCK (15597, 9€ bounty)
Seat 3: Im Venom (45385, 18€ bounty)
Seat 4: BerroJavHD (26968, 9€ bounty)
Seat 5: NZOTH (22735, 9€ bounty)
Seat 6: YuriksRD 5.0 (27621, 9€ bounty)
*** ANTE/BLINDS ***
NIQUE MUCK posts ante 35
Im Venom posts ante 35
torresmo123 posts ante 35
BerroJavHD posts ante 35
NZOTH posts ante 35
YuriksRD 5.0 posts ante 35
NIQUE MUCK posts small blind 150
Im Venom posts big blind 300
Dealt to torresmo123 [Js 2h]
*** PRE-FLOP *** 
BerroJavHD folds
NZOTH raises 300 to 600
YuriksRD 5.0 calls 600
torresmo123 folds
NIQUE MUCK folds
Im Venom calls 300
*** FLOP *** [Qc As Jc]
Im Venom checks
NZOTH checks
YuriksRD 5.0 checks
*** TURN *** [Qc As Jc][3c]
Im Venom bets 1650
NZOTH calls 1650
YuriksRD 5.0 folds
*** RIVER *** [Qc As Jc 3c][6s]
Im Venom bets 4050
NZOTH raises 4950 to 9000
Im Venom folds
NZOTH collected 18510 from pot
*** SUMMARY ***
Total pot 18510 | No rake
Board: [Qc As Jc 3c 6s]
Seat 5: NZOTH won 18510


Winamax Poker - Tournament "TEA TIME" buyIn: 18€ + 2€ level: 3 - HandId: #3193234817944649796-55-1707756720 - Holdem no limit (35/150/300) - 2024/02/12 16:52:00 UTC
Table: 'TEA TIME(743482918)#0067' 6-max (real money) Seat #2 is the button
Seat 1: torresmo123 (22090, 9€ bounty)
Seat 2: NIQUE MUCK (15412, 9€ bounty)
Seat 3: Im Venom (39050, 18€ bounty)
Seat 4: BerroJavHD (26933, 9€ bounty)
Seat 5: NZOTH (29960, 9€ bounty)
Seat 6: YuriksRD 5.0 (26986, 9€ bounty)
*** ANTE/BLINDS ***
Im Venom posts ante 35
BerroJavHD posts ante 35
torresmo123 posts ante 35
NIQUE MUCK posts ante 35
NZOTH posts ante 35
YuriksRD 5.0 posts ante 35
Im Venom posts small blind 150
BerroJavHD posts big blind 300
Dealt to torresmo123 [3c Ks]
*** PRE-FLOP *** 
NZOTH folds
YuriksRD 5.0 raises 300 to 600
torresmo123 folds
NIQUE MUCK folds
Im Venom folds
BerroJavHD folds
YuriksRD 5.0 collected 1260 from pot
*** SUMMARY ***
Total pot 1260 | No rake
Seat 6: YuriksRD 5.0 won 1260


Winamax Poker - Tournament "TEA TIME" buyIn: 18€ + 2€ level: 3 - HandId: #3193234817944649796-56-1707756737 - Holdem no limit (35/150/300) - 2024/02/12 16:52:17 UTC
Table: 'TEA TIME(743482918)#0067' 6-max (real money) Seat #3 is the button
Seat 1: torresmo123 (22055, 9€ bounty)
Seat 2: NIQUE MUCK (15377, 9€ bounty)
Seat 3: Im Venom (38865, 18€ bounty)
Seat 4: BerroJavHD (26598, 9€ bounty)
Seat 5: NZOTH (29925, 9€ bounty)
Seat 6: YuriksRD 5.0 (27611, 9€ bounty)
*** ANTE/BLINDS ***
BerroJavHD posts ante 35
NZOTH posts ante 35
torresmo123 posts ante 35
NIQUE MUCK posts ante 35
Im Venom posts ante 35
YuriksRD 5.0 posts ante 35
BerroJavHD posts small blind 150
NZOTH posts big blind 300
Dealt to torresmo123 [Ts 9s]
*** PRE-FLOP *** 
YuriksRD 5.0 folds
torresmo123 raises 330 to 630
NIQUE MUCK folds
Im Venom folds
BerroJavHD folds
NZOTH calls 330
*** FLOP *** [2s 4c Js]
NZOTH checks
torresmo123 bets 324
NZOTH folds
torresmo123 collected 1944 from pot
*** SUMMARY ***
Total pot 1944 | No rake
Board: [2s 4c Js]
Seat 1: torresmo123 won 1944


Winamax Poker - Tournament "TEA TIME" buyIn: 18€ + 2€ level: 3 - HandId: #3193234817944649796-57-1707756822 - Holdem no limit (35/150/300) - 2024/02/12 16:53:42 UTC
Table: 'TEA TIME(743482918)#0067' 6-max (real money) Seat #4 is the button
Seat 1: torresmo123 (23010, 9€ bounty)
Seat 2: NIQUE MUCK (15342, 9€ bounty)
Seat 3: Im Venom (38830, 18€ bounty)
Seat 4: BerroJavHD (26413, 9€ bounty)
Seat 5: NZOTH (29260, 9€ bounty)
Seat 6: YuriksRD 5.0 (27576, 9€ bounty)
*** ANTE/BLINDS ***
NZOTH posts ante 35
YuriksRD 5.0 posts ante 35
torresmo123 posts ante 35
NIQUE MUCK posts ante 35
Im Venom posts ante 35
BerroJavHD posts ante 35
NZOTH posts small blind 150
YuriksRD 5.0 posts big blind 300
Dealt to torresmo123 [9c Ts]
*** PRE-FLOP *** 
torresmo123 folds
NIQUE MUCK folds
Im Venom folds
BerroJavHD raises 390 to 690
NZOTH folds
YuriksRD 5.0 calls 390
*** FLOP *** [3h 9s 6h]
YuriksRD 5.0 checks
BerroJavHD bets 450
YuriksRD 5.0 raises 1950 to 2400
BerroJavHD calls 1950
*** TURN *** [3h 9s 6h][7d]
YuriksRD 5.0 bets 3300
BerroJavHD calls 3300
*** RIVER *** [3h 9s 6h 7d][Kd]
YuriksRD 5.0 bets 5400
BerroJavHD raises 14588 to 19988 and is all-in
YuriksRD 5.0 calls 14588
*** SHOW DOWN ***
YuriksRD 5.0 shows [9h Js] (One pair : 9)
BerroJavHD shows [6d 6s] (Trips of 6)
BerroJavHD collected 53116 from pot
*** SUMMARY ***
Total pot 53116 | No rake
Board: [3h 9s 6h 7d Kd]
Seat 4: BerroJavHD (button) showed [6d 6s] and won 53116 with Trips of 6
Seat 6: YuriksRD 5.0 (big blind) showed [9h Js] and lost with One pair : 9


Winamax Poker - Tournament "TEA TIME" buyIn: 18€ + 2€ level: 3 - HandId: #3193234817944649796-58-1707757260 - Holdem no limit (35/150/300) - 2024/02/12 17:01:00 UTC
Table: 'TEA TIME(743482918)#0067' 6-max (real money) Seat #5 is the button
Seat 1: torresmo123 (22975, 9€ bounty)
Seat 2: NIQUE MUCK (15307, 9€ bounty)
Seat 3: Im Venom (38795, 18€ bounty)
Seat 4: BerroJavHD (53116, 9€ bounty)
Seat 5: NZOTH (29075, 9€ bounty)
Seat 6: YuriksRD 5.0 (1163, 9€ bounty)
*** ANTE/BLINDS ***
YuriksRD 5.0 posts ante 35
torresmo123 posts ante 35
NIQUE MUCK posts ante 35
Im Venom posts ante 35
BerroJavHD posts ante 35
NZOTH posts ante 35
YuriksRD 5.0 posts small blind 150
torresmo123 posts big blind 300
Dealt to torresmo123 [Jd As]
*** PRE-FLOP *** 
NIQUE MUCK folds
Im Venom raises 300 to 600
BerroJavHD folds
NZOTH folds
YuriksRD 5.0 raises 528 to 1128 and is all-in
torresmo123 calls 828
Im Venom calls 528
*** FLOP *** [2d 3c 8d]
torresmo123 checks
Im Venom checks
*** TURN *** [2d 3c 8d][7c]
torresmo123 checks
Im Venom checks
*** RIVER *** [2d 3c 8d 7c][6c]
torresmo123 checks
Im Venom checks
*** SHOW DOWN ***
Im Venom shows [9h Kh] (High card : King)
YuriksRD 5.0 shows [Tc Jh] (High card : Jack)
torresmo123 shows [Jd As] (High card : Ace)
torresmo123 collected 3594 from pot
*** SUMMARY ***
Total pot 3594 | No rake
Board: [2d 3c 8d 7c 6c]
Seat 1: torresmo123 (big blind) showed [Jd As] and won 3594 with High card : Ace
Seat 3: Im Venom showed [9h Kh] and lost with High card : King
Seat 6: YuriksRD 5.0 (small blind) showed [Tc Jh] and lost with High card : Jack


Winamax Poker - Tournament "TEA TIME" buyIn: 18€ + 2€ level: 4 - HandId: #3193234817944649796-59-1707757398 - Holdem no limit (40/175/350) - 2024/02/12 17:03:18 UTC
Table: 'TEA TIME(743482918)#0067' 6-max (real money) Seat #6 is the button
Seat 1: torresmo123 (25406, 13.50€ bounty)
Seat 2: NIQUE MUCK (15272, 9€ bounty)
Seat 3: Im Venom (37632, 18€ bounty)
Seat 4: BerroJavHD (53081, 9€ bounty)
Seat 5: NZOTH (29040, 9€ bounty)
*** ANTE/BLINDS ***
torresmo123 posts ante 40
NIQUE MUCK posts ante 40
Im Venom posts ante 40
BerroJavHD posts ante 40
NZOTH posts ante 40
torresmo123 posts small blind 175
NIQUE MUCK posts big blind 350
Dealt to torresmo123 [Ac 4s]
*** PRE-FLOP *** 
Im Venom folds
BerroJavHD folds
NZOTH folds
torresmo123 calls 175
NIQUE MUCK checks
*** FLOP *** [2h 4d 5d]
torresmo123 checks
NIQUE MUCK bets 350
torresmo123 calls 350
*** TURN *** [2h 4d 5d][8c]
torresmo123 checks
NIQUE MUCK bets 1375
torresmo123 calls 1375
*** RIVER *** [2h 4d 5d 8c][Ah]
torresmo123 checks
NIQUE MUCK checks
*** SHOW DOWN ***
NIQUE MUCK shows [7d 8d] (One pair : 8)
torresmo123 shows [Ac 4s] (Two pairs : Aces and 4)
torresmo123 collected 4350 from pot
*** SUMMARY ***
Total pot 4350 | No rake
Board: [2h 4d 5d 8c Ah]
Seat 1: torresmo123 (small blind) showed [Ac 4s] and won 4350 with Two pairs : Aces and 4
Seat 2: NIQUE MUCK (big blind) showed [7d 8d] and lost with One pair : 8


Winamax Poker - Tournament "TEA TIME" buyIn: 18€ + 2€ level: 4 - HandId: #3193234817944649796-60-1707757493 - Holdem no limit (40/175/350) - 2024/02/12 17:04:53 UTC
Table: 'TEA TIME(743482918)#0067' 6-max (real money) Seat #1 is the button
Seat 1: torresmo123 (27641, 13.50€ bounty)
Seat 2: NIQUE MUCK (13157, 9€ bounty)
Seat 3: Im Venom (37592, 18€ bounty)
Seat 4: BerroJavHD (53041, 9€ bounty)
Seat 5: NZOTH (29000, 9€ bounty)
Seat 6: JackGribiche (20000, 9€ bounty)
*** ANTE/BLINDS ***
NIQUE MUCK posts ante 40
Im Venom posts ante 40
torresmo123 posts ante 40
BerroJavHD posts ante 40
NZOTH posts ante 40
JackGribiche posts ante 40
NIQUE MUCK posts small blind 175
Im Venom posts big blind 350
Dealt to torresmo123 [Jc Ah]
*** PRE-FLOP *** 
BerroJavHD folds
NZOTH folds
JackGribiche raises 350 to 700
torresmo123 raises 1400 to 2100
NIQUE MUCK folds
Im Venom folds
JackGribiche calls 1400
*** FLOP *** [9c 9h 6d]
JackGribiche checks
torresmo123 bets 2731
JackGribiche folds
torresmo123 collected 7696 from pot
*** SUMMARY ***
Total pot 7696 | No rake
Board: [9c 9h 6d]
Seat 1: torresmo123 (button) won 7696


Winamax Poker - Tournament "TEA TIME" buyIn: 18€ + 2€ level: 4 - HandId: #3193234817944649796-61-1707757561 - Holdem no limit (40/175/350) - 2024/02/12 17:06:01 UTC
Table: 'TEA TIME(743482918)#0067' 6-max (real money) Seat #2 is the button
Seat 1: torresmo123 (30466, 13.50€ bounty)
Seat 2: NIQUE MUCK (12942, 9€ bounty)
Seat 3: Im Venom (37202, 18€ bounty)
Seat 4: BerroJavHD (53001, 9€ bounty)
Seat 5: NZOTH (28960, 9€ bounty)
Seat 6: JackGribiche (17860, 9€ bounty)
*** ANTE/BLINDS ***
Im Venom posts ante 40
BerroJavHD posts ante 40
torresmo123 posts ante 40
NIQUE MUCK posts ante 40
NZOTH posts ante 40
JackGribiche posts ante 40
Im Venom posts small blind 175
BerroJavHD posts big blind 350
Dealt to torresmo123 [9h 6c]
*** PRE-FLOP *** 
NZOTH folds
JackGribiche folds
torresmo123 folds
NIQUE MUCK folds
Im Venom folds
BerroJavHD collected 765 from pot
*** SUMMARY ***
Total pot 765 | No rake
Seat 4: BerroJavHD (big blind) won 765


Winamax Poker - Tournament "TEA TIME" buyIn: 18€ + 2€ level: 4 - HandId: #3193234817944649796-62-1707757579 - Holdem no limit (40/175/350) - 2024/02/12 17:06:19 UTC
Table: 'TEA TIME(743482918)#0067' 6-max (real money) Seat #3 is the button
Seat 1: torresmo123 (30426, 13.50€ bounty)
Seat 2: NIQUE MUCK (12902, 9€ bounty)
Seat 3: Im Venom (36987, 18€ bounty)
Seat 4: BerroJavHD (53376, 9€ bounty)
Seat 5: NZOTH (28920, 9€ bounty)
Seat 6: JackGribiche (17820, 9€ bounty)
*** ANTE/BLINDS ***
BerroJavHD posts ante 40
NZOTH posts ante 40
torresmo123 posts ante 40
NIQUE MUCK posts ante 40
Im Venom posts ante 40
JackGribiche posts ante 40
BerroJavHD posts small blind 175
NZOTH posts big blind 350
Dealt to torresmo123 [6d Jd]
*** PRE-FLOP *** 
JackGribiche folds
torresmo123 folds
NIQUE MUCK folds
Im Venom raises 350 to 700
BerroJavHD folds
NZOTH calls 350
*** FLOP *** [Ad Js 7d]
NZOTH checks
Im Venom bets 525
NZOTH calls 525
*** TURN *** [Ad Js 7d][3s]
NZOTH checks
Im Venom bets 1400
NZOTH folds
Im Venom collected 4265 from pot
*** SUMMARY ***
Total pot 4265 | No rake
Board: [Ad Js 7d 3s]
Seat 3: Im Venom (button) won 4265


Winamax Poker - Tournament "TEA TIME" buyIn: 18€ + 2€ level: 4 - HandId: #3193234817944649796-63-1707757619 - Holdem no limit (40/175/350) - 2024/02/12 17:06:59 UTC
Table: 'TEA TIME(743482918)#0067' 6-max (real money) Seat #4 is the button
Seat 1: torresmo123 (30386, 13.50€ bounty)
Seat 2: NIQUE MUCK (12862, 9€ bounty)
Seat 3: Im Venom (38587, 18€ bounty)
Seat 4: BerroJavHD (53161, 9€ bounty)
Seat 5: NZOTH (27655, 9€ bounty)
Seat 6: JackGribiche (17780, 9€ bounty)
*** ANTE/BLINDS ***
NZOTH posts ante 40
JackGribiche posts ante 40
torresmo123 posts ante 40
NIQUE MUCK posts ante 40
Im Venom posts ante 40
BerroJavHD posts ante 40
NZOTH posts small blind 175
JackGribiche posts big blind 350
Dealt to torresmo123 [Kd 9c]
*** PRE-FLOP *** 
torresmo123 folds
NIQUE MUCK folds
Im Venom raises 350 to 700
BerroJavHD folds
NZOTH folds
JackGribiche folds
Im Venom collected 1465 from pot
*** SUMMARY ***
Total pot 1465 | No rake
Seat 3: Im Venom won 1465


Winamax Poker - Tournament "TEA TIME" buyIn: 18€ + 2€ level: 4 - HandId: #3193234817944649796-64-1707757660 - Holdem no limit (40/175/350) - 2024/02/12 17:07:40 UTC
Table: 'TEA TIME(743482918)#0067' 6-max (real money) Seat #5 is the button
Seat 1: torresmo123 (30346, 13.50€ bounty)
Seat 2: NIQUE MUCK (12822, 9€ bounty)
Seat 3: Im Venom (39312, 18€ bounty)
Seat 4: BerroJavHD (53121, 9€ bounty)
Seat 5: NZOTH (27440, 9€ bounty)
Seat 6: JackGribiche (17390, 9€ bounty)
*** ANTE/BLINDS ***
JackGribiche posts ante 40
torresmo123 posts ante 40
NIQUE MUCK posts ante 40
Im Venom posts ante 40
BerroJavHD posts ante 40
NZOTH posts ante 40
JackGribiche posts small blind 175
torresmo123 posts big blind 350
Dealt to torresmo123 [7s 3s]
*** PRE-FLOP *** 
NIQUE MUCK raises 420 to 770
Im Venom folds
BerroJavHD folds
NZOTH folds
JackGribiche raises 2130 to 2900
torresmo123 folds
NIQUE MUCK folds
JackGribiche collected 4260 from pot
*** SUMMARY ***
Total pot 4260 | No rake
Seat 6: JackGribiche (small blind) won 4260


Winamax Poker - Tournament "TEA TIME" buyIn: 18€ + 2€ level: 4 - HandId: #3193234817944649796-65-1707757694 - Holdem no limit (40/175/350) - 2024/02/12 17:08:14 UTC
Table: 'TEA TIME(743482918)#0067' 6-max (real money) Seat #6 is the button
Seat 1: torresmo123 (29956, 13.50€ bounty)
Seat 2: NIQUE MUCK (12012, 9€ bounty)
Seat 3: Im Venom (39272, 18€ bounty)
Seat 4: BerroJavHD (53081, 9€ bounty)
Seat 5: NZOTH (27400, 9€ bounty)
Seat 6: JackGribiche (18710, 9€ bounty)
*** ANTE/BLINDS ***
torresmo123 posts ante 40
NIQUE MUCK posts ante 40
Im Venom posts ante 40
BerroJavHD posts ante 40
NZOTH posts ante 40
JackGribiche posts ante 40
torresmo123 posts small blind 175
NIQUE MUCK posts big blind 350
Dealt to torresmo123 [Qh 6c]
*** PRE-FLOP *** 
Im Venom folds
BerroJavHD folds
NZOTH folds
JackGribiche raises 350 to 700
torresmo123 folds
NIQUE MUCK folds
JackGribiche collected 1465 from pot
*** SUMMARY ***
Total pot 1465 | No rake
Seat 6: JackGribiche (button) won 1465


Winamax Poker - Tournament "TEA TIME" buyIn: 18€ + 2€ level: 4 - HandId: #3193234817944649796-66-1707757720 - Holdem no limit (40/175/350) - 2024/02/12 17:08:40 UTC
Table: 'TEA TIME(743482918)#0067' 6-max (real money) Seat #1 is the button
Seat 1: torresmo123 (29741, 13.50€ bounty)
Seat 2: NIQUE MUCK (11622, 9€ bounty)
Seat 3: Im Venom (39232, 18€ bounty)
Seat 4: BerroJavHD (53041, 9€ bounty)
Seat 5: NZOTH (27360, 9€ bounty)
Seat 6: JackGribiche (19435, 9€ bounty)
*** ANTE/BLINDS ***
NIQUE MUCK posts ante 40
Im Venom posts ante 40
torresmo123 posts ante 40
BerroJavHD posts ante 40
NZOTH posts ante 40
JackGribiche posts ante 40
NIQUE MUCK posts small blind 175
Im Venom posts big blind 350
Dealt to torresmo123 [8h 5d]
*** PRE-FLOP *** 
BerroJavHD folds
NZOTH raises 350 to 700
JackGribiche folds
torresmo123 folds
NIQUE MUCK folds
Im Venom folds
NZOTH collected 1465 from pot
*** SUMMARY ***
Total pot 1465 | No rake
Seat 5: NZOTH won 1465


Winamax Poker - Tournament "TEA TIME" buyIn: 18€ + 2€ level: 4 - HandId: #3193234817944649796-67-1707757742 - Holdem no limit (40/175/350) - 2024/02/12 17:09:02 UTC
Table: 'TEA TIME(743482918)#0067' 6-max (real money) Seat #2 is the button
Seat 1: torresmo123 (29701, 13.50€ bounty)
Seat 2: NIQUE MUCK (11407, 9€ bounty)
Seat 3: Im Venom (38842, 18€ bounty)
Seat 4: BerroJavHD (53001, 9€ bounty)
Seat 5: NZOTH (28085, 9€ bounty)
Seat 6: JackGribiche (19395, 9€ bounty)
*** ANTE/BLINDS ***
Im Venom posts ante 40
BerroJavHD posts ante 40
torresmo123 posts ante 40
NIQUE MUCK posts ante 40
NZOTH posts ante 40
JackGribiche posts ante 40
Im Venom posts small blind 175
BerroJavHD posts big blind 350
Dealt to torresmo123 [6c Td]
*** PRE-FLOP *** 
NZOTH folds
JackGribiche folds
torresmo123 folds
NIQUE MUCK folds
Im Venom raises 875 to 1225
BerroJavHD folds
Im Venom collected 1815 from pot
*** SUMMARY ***
Total pot 1815 | No rake
Seat 3: Im Venom (small blind) won 1815


