Winamax Poker - Tournament "NITRO" buyIn: 18€ + 2€ level: 1 - HandId: #3186325319371980833-1-1707416399 - Holdem no limit (25/100/200) - 2024/02/08 18:19:59 UTC
Table: 'NITRO(741874175)#032' 6-max (real money) Seat #3 is the button
Seat 1: A.Onana (20000, 9€ bounty)
Seat 2: tyvm (20000, 9€ bounty)
Seat 3: torresmo123 (20000, 9€ bounty)
Seat 4: MaTpoC (19800, 9€ bounty)
Seat 5: lubomir123 (23000, 9€ bounty)
Seat 6: LEONIDAS I (19870, 9€ bounty)
*** ANTE/BLINDS ***
LEONIDAS I posts ante 25
tyvm posts ante 25
torresmo123 posts ante 25
LEONIDAS I posts small blind 100
tyvm posts big blind 200
Dealt to torresmo123 [9s 2d]
*** PRE-FLOP *** 
torresmo123 folds
LEONIDAS I folds
tyvm collected 375 from pot
*** SUMMARY ***
Total pot 375 | No rake
Seat 2: tyvm (big blind) won 375


Winamax Poker - Tournament "NITRO" buyIn: 18€ + 2€ level: 1 - HandId: #3186325319371980833-2-1707416405 - Holdem no limit (25/100/200) - 2024/02/08 18:20:05 UTC
Table: 'NITRO(741874175)#032' 6-max (real money) Seat #6 is the button
Seat 1: A.Onana (20000, 9€ bounty)
Seat 2: tyvm (20150, 9€ bounty)
Seat 3: torresmo123 (19975, 9€ bounty)
Seat 4: MaTpoC (19800, 9€ bounty)
Seat 5: lubomir123 (23000, 9€ bounty)
Seat 6: LEONIDAS I (19745, 9€ bounty)
*** ANTE/BLINDS ***
tyvm posts ante 25
torresmo123 posts ante 25
MaTpoC posts ante 25
lubomir123 posts ante 25
LEONIDAS I posts ante 25
tyvm posts small blind 100
torresmo123 posts big blind 200
Dealt to torresmo123 [Qs As]
*** PRE-FLOP *** 
MaTpoC folds
lubomir123 folds
LEONIDAS I raises 200 to 400
tyvm calls 300
torresmo123 raises 1900 to 2300
LEONIDAS I folds
tyvm folds
torresmo123 collected 3225 from pot
*** SUMMARY ***
Total pot 3225 | No rake
Seat 3: torresmo123 (big blind) won 3225


Winamax Poker - Tournament "NITRO" buyIn: 18€ + 2€ level: 1 - HandId: #3186325319371980833-3-1707416460 - Holdem no limit (25/100/200) - 2024/02/08 18:21:00 UTC
Table: 'NITRO(741874175)#032' 6-max (real money) Seat #2 is the button
Seat 1: A.Onana (20000, 9€ bounty)
Seat 2: tyvm (19725, 9€ bounty)
Seat 3: torresmo123 (20875, 9€ bounty)
Seat 4: MaTpoC (19775, 9€ bounty)
Seat 5: lubomir123 (22975, 9€ bounty)
Seat 6: LEONIDAS I (19320, 9€ bounty)
*** ANTE/BLINDS ***
torresmo123 posts ante 25
MaTpoC posts ante 25
A.Onana posts ante 25
tyvm posts ante 25
lubomir123 posts ante 25
LEONIDAS I posts ante 25
torresmo123 posts small blind 100
MaTpoC posts big blind 200
Dealt to torresmo123 [Ac Qh]
*** PRE-FLOP *** 
lubomir123 raises 250 to 450
LEONIDAS I folds
A.Onana folds
tyvm calls 450
torresmo123 raises 1850 to 2300
MaTpoC folds
lubomir123 calls 1850
tyvm folds
*** FLOP *** [2c Tc Ts]
torresmo123 bets 1300
lubomir123 folds
torresmo123 collected 6700 from pot
*** SUMMARY ***
Total pot 6700 | No rake
Board: [2c Tc Ts]
Seat 3: torresmo123 (small blind) won 6700


Winamax Poker - Tournament "NITRO" buyIn: 18€ + 2€ level: 1 - HandId: #3186325319371980833-4-1707416530 - Holdem no limit (25/100/200) - 2024/02/08 18:22:10 UTC
Table: 'NITRO(741874175)#032' 6-max (real money) Seat #3 is the button
Seat 1: A.Onana (19975, 9€ bounty)
Seat 2: tyvm (19250, 9€ bounty)
Seat 3: torresmo123 (23950, 9€ bounty)
Seat 4: MaTpoC (19550, 9€ bounty)
Seat 5: lubomir123 (20650, 9€ bounty)
Seat 6: LEONIDAS I (19295, 9€ bounty)
*** ANTE/BLINDS ***
MaTpoC posts ante 25
lubomir123 posts ante 25
A.Onana posts ante 25
tyvm posts ante 25
torresmo123 posts ante 25
LEONIDAS I posts ante 25
MaTpoC posts small blind 100
lubomir123 posts big blind 200
Dealt to torresmo123 [7d Kd]
*** PRE-FLOP *** 
LEONIDAS I raises 200 to 400
A.Onana folds
tyvm folds
torresmo123 calls 400
MaTpoC folds
lubomir123 folds
*** FLOP *** [4s Kc 8c]
LEONIDAS I checks
torresmo123 bets 413
LEONIDAS I calls 413
*** TURN *** [4s Kc 8c][Kh]
LEONIDAS I checks
torresmo123 bets 1765
LEONIDAS I calls 1765
*** RIVER *** [4s Kc 8c Kh][5d]
LEONIDAS I checks
torresmo123 bets 4765
LEONIDAS I folds
torresmo123 collected 10371 from pot
*** SUMMARY ***
Total pot 10371 | No rake
Board: [4s Kc 8c Kh 5d]
Seat 3: torresmo123 (button) won 10371


Winamax Poker - Tournament "NITRO" buyIn: 18€ + 2€ level: 1 - HandId: #3186325319371980833-5-1707416612 - Holdem no limit (25/100/200) - 2024/02/08 18:23:32 UTC
Table: 'NITRO(741874175)#032' 6-max (real money) Seat #4 is the button
Seat 1: A.Onana (19950, 9€ bounty)
Seat 2: tyvm (19225, 9€ bounty)
Seat 3: torresmo123 (26953, 9€ bounty)
Seat 4: MaTpoC (19425, 9€ bounty)
Seat 5: lubomir123 (20425, 9€ bounty)
Seat 6: LEONIDAS I (16692, 9€ bounty)
*** ANTE/BLINDS ***
lubomir123 posts ante 25
LEONIDAS I posts ante 25
A.Onana posts ante 25
tyvm posts ante 25
torresmo123 posts ante 25
MaTpoC posts ante 25
lubomir123 posts small blind 100
LEONIDAS I posts big blind 200
Dealt to torresmo123 [6c As]
*** PRE-FLOP *** 
A.Onana folds
tyvm folds
torresmo123 raises 220 to 420
MaTpoC folds
lubomir123 folds
LEONIDAS I folds
torresmo123 collected 870 from pot
*** SUMMARY ***
Total pot 870 | No rake
Seat 3: torresmo123 won 870


Winamax Poker - Tournament "NITRO" buyIn: 18€ + 2€ level: 1 - HandId: #3186325319371980833-6-1707416638 - Holdem no limit (25/100/200) - 2024/02/08 18:23:58 UTC
Table: 'NITRO(741874175)#032' 6-max (real money) Seat #5 is the button
Seat 1: A.Onana (19925, 9€ bounty)
Seat 2: tyvm (19200, 9€ bounty)
Seat 3: torresmo123 (27378, 9€ bounty)
Seat 4: MaTpoC (19400, 9€ bounty)
Seat 5: lubomir123 (20300, 9€ bounty)
Seat 6: LEONIDAS I (16467, 9€ bounty)
*** ANTE/BLINDS ***
LEONIDAS I posts ante 25
A.Onana posts ante 25
tyvm posts ante 25
torresmo123 posts ante 25
MaTpoC posts ante 25
lubomir123 posts ante 25
LEONIDAS I posts small blind 100
A.Onana posts big blind 200
Dealt to torresmo123 [Th 5d]
*** PRE-FLOP *** 
tyvm raises 218 to 418
torresmo123 folds
MaTpoC folds
lubomir123 calls 418
LEONIDAS I raises 2382 to 2800
A.Onana folds
tyvm folds
lubomir123 folds
LEONIDAS I collected 3986 from pot
*** SUMMARY ***
Total pot 3986 | No rake
Seat 6: LEONIDAS I (small blind) won 3986


Winamax Poker - Tournament "NITRO" buyIn: 18€ + 2€ level: 1 - HandId: #3186325319371980833-7-1707416686 - Holdem no limit (25/100/200) - 2024/02/08 18:24:46 UTC
Table: 'NITRO(741874175)#032' 6-max (real money) Seat #6 is the button
Seat 1: A.Onana (19700, 9€ bounty)
Seat 2: tyvm (18757, 9€ bounty)
Seat 3: torresmo123 (27353, 9€ bounty)
Seat 4: MaTpoC (19375, 9€ bounty)
Seat 5: lubomir123 (19857, 9€ bounty)
Seat 6: LEONIDAS I (17628, 9€ bounty)
*** ANTE/BLINDS ***
A.Onana posts ante 25
tyvm posts ante 25
torresmo123 posts ante 25
MaTpoC posts ante 25
lubomir123 posts ante 25
LEONIDAS I posts ante 25
A.Onana posts small blind 100
tyvm posts big blind 200
Dealt to torresmo123 [6s Tc]
*** PRE-FLOP *** 
torresmo123 folds
MaTpoC folds
lubomir123 folds
LEONIDAS I raises 200 to 400
A.Onana folds
tyvm raises 1600 to 2000
LEONIDAS I calls 1600
*** FLOP *** [3h 7c Ac]
tyvm bets 1063
LEONIDAS I raises 1637 to 2700
tyvm calls 1637
*** TURN *** [3h 7c Ac][Js]
tyvm checks
LEONIDAS I bets 4825
tyvm calls 4825
*** RIVER *** [3h 7c Ac Js][7d]
tyvm checks
LEONIDAS I bets 8078 and is all-in
tyvm calls 8078
*** SHOW DOWN ***
LEONIDAS I shows [3d 3s] (Full of 3 and 7)
tyvm shows [Ad As] (Full of Aces and 7)
tyvm collected 35456 from pot
*** SUMMARY ***
Total pot 35456 | No rake
Board: [3h 7c Ac Js 7d]
Seat 2: tyvm (big blind) showed [Ad As] and won 35456 with Full of Aces and 7
Seat 6: LEONIDAS I (button) showed [3d 3s] and lost with Full of 3 and 7


Winamax Poker - Tournament "NITRO" buyIn: 18€ + 2€ level: 1 - HandId: #3186325319371980833-8-1707416816 - Holdem no limit (25/100/200) - 2024/02/08 18:26:56 UTC
Table: 'NITRO(741874175)#032' 6-max (real money) Seat #1 is the button
Seat 1: A.Onana (19575, 9€ bounty)
Seat 2: tyvm (36585, 13.50€ bounty)
Seat 3: torresmo123 (27328, 9€ bounty)
Seat 4: MaTpoC (19350, 9€ bounty)
Seat 5: lubomir123 (19832, 9€ bounty)
*** ANTE/BLINDS ***
tyvm posts ante 25
torresmo123 posts ante 25
A.Onana posts ante 25
MaTpoC posts ante 25
lubomir123 posts ante 25
tyvm posts small blind 100
torresmo123 posts big blind 200
Dealt to torresmo123 [7c 8c]
*** PRE-FLOP *** 
MaTpoC folds
lubomir123 folds
A.Onana folds
tyvm calls 100
torresmo123 raises 600 to 800
tyvm calls 600
*** FLOP *** [Ad Ah 2c]
tyvm checks
torresmo123 bets 345
tyvm folds
torresmo123 collected 2070 from pot
*** SUMMARY ***
Total pot 2070 | No rake
Board: [Ad Ah 2c]
Seat 3: torresmo123 (big blind) won 2070


Winamax Poker - Tournament "NITRO" buyIn: 18€ + 2€ level: 1 - HandId: #3186325319371980833-9-1707416868 - Holdem no limit (25/100/200) - 2024/02/08 18:27:48 UTC
Table: 'NITRO(741874175)#032' 6-max (real money) Seat #2 is the button
Seat 1: A.Onana (19550, 9€ bounty)
Seat 2: tyvm (35760, 13.50€ bounty)
Seat 3: torresmo123 (28228, 9€ bounty)
Seat 4: MaTpoC (19325, 9€ bounty)
Seat 5: lubomir123 (19807, 9€ bounty)
Seat 6: TheOnlyWay (20000, 9€ bounty)
*** ANTE/BLINDS ***
torresmo123 posts ante 25
MaTpoC posts ante 25
A.Onana posts ante 25
tyvm posts ante 25
lubomir123 posts ante 25
TheOnlyWay posts ante 25
torresmo123 posts small blind 100
MaTpoC posts big blind 200
Dealt to torresmo123 [2h 7c]
*** PRE-FLOP *** 
lubomir123 raises 200 to 400
TheOnlyWay folds
A.Onana folds
tyvm calls 400
torresmo123 folds
MaTpoC raises 2000 to 2400
lubomir123 calls 2000
tyvm folds
*** FLOP *** [Ah 2c 7d]
MaTpoC bets 1799
lubomir123 folds
MaTpoC collected 7249 from pot
*** SUMMARY ***
Total pot 7249 | No rake
Board: [Ah 2c 7d]
Seat 4: MaTpoC (big blind) won 7249


Winamax Poker - Tournament "NITRO" buyIn: 18€ + 2€ level: 1 - HandId: #3186325319371980833-10-1707416926 - Holdem no limit (25/100/200) - 2024/02/08 18:28:46 UTC
Table: 'NITRO(741874175)#032' 6-max (real money) Seat #3 is the button
Seat 1: A.Onana (19525, 9€ bounty)
Seat 2: tyvm (35335, 13.50€ bounty)
Seat 3: torresmo123 (28103, 9€ bounty)
Seat 4: MaTpoC (22350, 9€ bounty)
Seat 5: lubomir123 (17382, 9€ bounty)
Seat 6: TheOnlyWay (19975, 9€ bounty)
*** ANTE/BLINDS ***
MaTpoC posts ante 25
lubomir123 posts ante 25
A.Onana posts ante 25
tyvm posts ante 25
torresmo123 posts ante 25
TheOnlyWay posts ante 25
MaTpoC posts small blind 100
lubomir123 posts big blind 200
Dealt to torresmo123 [5d 3c]
*** PRE-FLOP *** 
TheOnlyWay raises 300 to 500
A.Onana folds
tyvm calls 500
torresmo123 folds
MaTpoC folds
lubomir123 calls 300
*** FLOP *** [7c Ts 9c]
lubomir123 checks
TheOnlyWay checks
tyvm checks
*** TURN *** [7c Ts 9c][3d]
lubomir123 bets 875
TheOnlyWay folds
tyvm folds
lubomir123 collected 2625 from pot
*** SUMMARY ***
Total pot 2625 | No rake
Board: [7c Ts 9c 3d]
Seat 5: lubomir123 (big blind) won 2625


Winamax Poker - Tournament "NITRO" buyIn: 18€ + 2€ level: 1 - HandId: #3186325319371980833-11-1707416993 - Holdem no limit (25/100/200) - 2024/02/08 18:29:53 UTC
Table: 'NITRO(741874175)#032' 6-max (real money) Seat #4 is the button
Seat 1: A.Onana (19500, 9€ bounty)
Seat 2: tyvm (34810, 13.50€ bounty)
Seat 3: torresmo123 (28078, 9€ bounty)
Seat 4: MaTpoC (22225, 9€ bounty)
Seat 5: lubomir123 (18607, 9€ bounty)
Seat 6: TheOnlyWay (19450, 9€ bounty)
*** ANTE/BLINDS ***
lubomir123 posts ante 25
TheOnlyWay posts ante 25
A.Onana posts ante 25
tyvm posts ante 25
torresmo123 posts ante 25
MaTpoC posts ante 25
lubomir123 posts small blind 100
TheOnlyWay posts big blind 200
Dealt to torresmo123 [Qd Td]
*** PRE-FLOP *** 
A.Onana raises 300 to 500
tyvm folds
torresmo123 raises 1100 to 1600
MaTpoC folds
lubomir123 folds
TheOnlyWay folds
A.Onana calls 1100
*** FLOP *** [Jh 9s As]
A.Onana checks
torresmo123 bets 900
A.Onana calls 900
*** TURN *** [Jh 9s As][7d]
A.Onana checks
torresmo123 bets 4633
A.Onana calls 4633
*** RIVER *** [Jh 9s As 7d][5c]
A.Onana checks
torresmo123 bets 20920 and is all-in
A.Onana calls 12342 and is all-in
*** SHOW DOWN ***
A.Onana shows [Js Jc] (Trips of Jacks)
torresmo123 shows [Qd Td] (High card : Ace)
torresmo123 collected 8578 from side pot 1
A.Onana collected 39400 from main pot
*** SUMMARY ***
Total pot 47978 | No rake
Board: [Jh 9s As 7d 5c]
Seat 1: A.Onana showed [Js Jc] and won 39400 with Trips of Jacks
Seat 3: torresmo123 showed [Qd Td] and won 8578 with High card : Ace


Winamax Poker - Tournament "NITRO" buyIn: 18€ + 2€ level: 1 - HandId: #3186325319371980833-12-1707417131 - Holdem no limit (25/100/200) - 2024/02/08 18:32:11 UTC
Table: 'NITRO(741874175)#032' 6-max (real money) Seat #5 is the button
Seat 1: A.Onana (39400, 9€ bounty)
Seat 3: torresmo123 (8578, 9€ bounty)
Seat 4: MaTpoC (22200, 9€ bounty)
Seat 5: lubomir123 (18482, 9€ bounty)
Seat 6: TheOnlyWay (19225, 9€ bounty)
*** ANTE/BLINDS ***
TheOnlyWay posts ante 25
A.Onana posts ante 25
torresmo123 posts ante 25
MaTpoC posts ante 25
lubomir123 posts ante 25
TheOnlyWay posts small blind 100
A.Onana posts big blind 200
Dealt to torresmo123 [4d 6s]
*** PRE-FLOP *** 
torresmo123 folds
MaTpoC folds
lubomir123 folds
TheOnlyWay calls 100
A.Onana checks
*** FLOP *** [Jd 2s Qh]
TheOnlyWay checks
A.Onana checks
*** TURN *** [Jd 2s Qh][7d]
TheOnlyWay bets 200
A.Onana folds
TheOnlyWay collected 725 from pot
*** SUMMARY ***
Total pot 725 | No rake
Board: [Jd 2s Qh 7d]
Seat 6: TheOnlyWay (small blind) won 725


Winamax Poker - Tournament "NITRO" buyIn: 18€ + 2€ level: 1 - HandId: #3186325319371980833-13-1707417180 - Holdem no limit (25/100/200) - 2024/02/08 18:33:00 UTC
Table: 'NITRO(741874175)#032' 6-max (real money) Seat #6 is the button
Seat 1: A.Onana (39175, 9€ bounty)
Seat 3: torresmo123 (8553, 9€ bounty)
Seat 4: MaTpoC (22175, 9€ bounty)
Seat 5: lubomir123 (18457, 9€ bounty)
Seat 6: TheOnlyWay (19525, 9€ bounty)
*** ANTE/BLINDS ***
A.Onana posts ante 25
torresmo123 posts ante 25
MaTpoC posts ante 25
lubomir123 posts ante 25
TheOnlyWay posts ante 25
A.Onana posts small blind 100
torresmo123 posts big blind 200
Dealt to torresmo123 [2c 2d]
*** PRE-FLOP *** 
MaTpoC raises 200 to 400
lubomir123 folds
TheOnlyWay folds
A.Onana folds
torresmo123 calls 200
*** FLOP *** [5s 2s Qs]
torresmo123 checks
MaTpoC bets 338
torresmo123 calls 338
*** TURN *** [5s 2s Qs][Th]
torresmo123 checks
MaTpoC checks
*** RIVER *** [5s 2s Qs Th][4c]
torresmo123 bets 2126
MaTpoC calls 2126
*** SHOW DOWN ***
MaTpoC shows [Kh Ts] (One pair : Tens)
torresmo123 shows [2c 2d] (Trips of 2)
torresmo123 collected 5953 from pot
*** SUMMARY ***
Total pot 5953 | No rake
Board: [5s 2s Qs Th 4c]
Seat 3: torresmo123 (big blind) showed [2c 2d] and won 5953 with Trips of 2
Seat 4: MaTpoC showed [Kh Ts] and lost with One pair : Tens


Winamax Poker - Tournament "NITRO" buyIn: 18€ + 2€ level: 1 - HandId: #3186325319371980833-14-1707417288 - Holdem no limit (25/100/200) - 2024/02/08 18:34:48 UTC
Table: 'NITRO(741874175)#032' 6-max (real money) Seat #1 is the button
Seat 1: A.Onana (39050, 9€ bounty)
Seat 2: LaGrappe6 (20000, 9€ bounty)
Seat 3: torresmo123 (11617, 9€ bounty)
Seat 4: MaTpoC (19286, 9€ bounty)
Seat 5: lubomir123 (18432, 9€ bounty)
Seat 6: TheOnlyWay (19500, 9€ bounty)
*** ANTE/BLINDS ***
torresmo123 posts ante 25
MaTpoC posts ante 25
A.Onana posts ante 25
lubomir123 posts ante 25
TheOnlyWay posts ante 25
torresmo123 posts small blind 100
MaTpoC posts big blind 200
Dealt to torresmo123 [Ah Td]
*** PRE-FLOP *** 
lubomir123 raises 250 to 450
TheOnlyWay calls 450
A.Onana folds
torresmo123 folds
MaTpoC folds
*** FLOP *** [4d 9c 6c]
lubomir123 checks
TheOnlyWay bets 800
lubomir123 folds
TheOnlyWay collected 2125 from pot
*** SUMMARY ***
Total pot 2125 | No rake
Board: [4d 9c 6c]
Seat 6: TheOnlyWay won 2125


Winamax Poker - Tournament "NITRO" buyIn: 18€ + 2€ level: 1 - HandId: #3186325319371980833-15-1707417350 - Holdem no limit (25/100/200) - 2024/02/08 18:35:50 UTC
Table: 'NITRO(741874175)#032' 6-max (real money) Seat #3 is the button
Seat 1: A.Onana (39025, 9€ bounty)
Seat 2: LaGrappe6 (20000, 9€ bounty)
Seat 3: torresmo123 (11492, 9€ bounty)
Seat 4: MaTpoC (19061, 9€ bounty)
Seat 5: lubomir123 (17957, 9€ bounty)
Seat 6: TheOnlyWay (20350, 9€ bounty)
*** ANTE/BLINDS ***
MaTpoC posts ante 25
lubomir123 posts ante 25
A.Onana posts ante 25
LaGrappe6 posts ante 25
torresmo123 posts ante 25
TheOnlyWay posts ante 25
MaTpoC posts small blind 100
lubomir123 posts big blind 200
Dealt to torresmo123 [6h 2c]
*** PRE-FLOP *** 
TheOnlyWay folds
A.Onana raises 200 to 400
LaGrappe6 calls 400
torresmo123 folds
MaTpoC folds
lubomir123 folds
*** FLOP *** [5d 2d Jc]
A.Onana bets 625
LaGrappe6 calls 625
*** TURN *** [5d 2d Jc][2h]
A.Onana bets 1600
LaGrappe6 folds
A.Onana collected 4100 from pot
*** SUMMARY ***
Total pot 4100 | No rake
Board: [5d 2d Jc 2h]
Seat 1: A.Onana won 4100


Winamax Poker - Tournament "NITRO" buyIn: 18€ + 2€ level: 1 - HandId: #3186325319371980833-16-1707417436 - Holdem no limit (25/100/200) - 2024/02/08 18:37:16 UTC
Table: 'NITRO(741874175)#032' 6-max (real money) Seat #4 is the button
Seat 1: A.Onana (40475, 9€ bounty)
Seat 2: LaGrappe6 (18950, 9€ bounty)
Seat 3: torresmo123 (11467, 9€ bounty)
Seat 4: MaTpoC (18936, 9€ bounty)
Seat 5: lubomir123 (17732, 9€ bounty)
Seat 6: TheOnlyWay (20325, 9€ bounty)
*** ANTE/BLINDS ***
lubomir123 posts ante 25
TheOnlyWay posts ante 25
A.Onana posts ante 25
LaGrappe6 posts ante 25
torresmo123 posts ante 25
MaTpoC posts ante 25
lubomir123 posts small blind 100
TheOnlyWay posts big blind 200
Dealt to torresmo123 [2h 6h]
*** PRE-FLOP *** 
A.Onana folds
LaGrappe6 folds
torresmo123 folds
MaTpoC raises 200 to 400
lubomir123 raises 1450 to 1850
TheOnlyWay folds
MaTpoC calls 1450
*** FLOP *** [Kh 5d 3h]
lubomir123 bets 2025
MaTpoC folds
lubomir123 collected 6075 from pot
*** SUMMARY ***
Total pot 6075 | No rake
Board: [Kh 5d 3h]
Seat 5: lubomir123 (small blind) won 6075


Winamax Poker - Tournament "NITRO" buyIn: 18€ + 2€ level: 1 - HandId: #3186325319371980833-17-1707417497 - Holdem no limit (25/100/200) - 2024/02/08 18:38:17 UTC
Table: 'NITRO(741874175)#032' 6-max (real money) Seat #5 is the button
Seat 1: A.Onana (40450, 9€ bounty)
Seat 2: LaGrappe6 (18925, 9€ bounty)
Seat 3: torresmo123 (11442, 9€ bounty)
Seat 4: MaTpoC (17061, 9€ bounty)
Seat 5: lubomir123 (19907, 9€ bounty)
Seat 6: TheOnlyWay (20100, 9€ bounty)
*** ANTE/BLINDS ***
TheOnlyWay posts ante 25
A.Onana posts ante 25
LaGrappe6 posts ante 25
torresmo123 posts ante 25
MaTpoC posts ante 25
lubomir123 posts ante 25
TheOnlyWay posts small blind 100
A.Onana posts big blind 200
Dealt to torresmo123 [Js Qd]
*** PRE-FLOP *** 
LaGrappe6 raises 250 to 450
torresmo123 folds
MaTpoC folds
lubomir123 folds
TheOnlyWay folds
A.Onana folds
LaGrappe6 collected 900 from pot
*** SUMMARY ***
Total pot 900 | No rake
Seat 2: LaGrappe6 won 900


Winamax Poker - Tournament "NITRO" buyIn: 18€ + 2€ level: 1 - HandId: #3186325319371980833-18-1707417548 - Holdem no limit (25/100/200) - 2024/02/08 18:39:08 UTC
Table: 'NITRO(741874175)#032' 6-max (real money) Seat #6 is the button
Seat 1: A.Onana (40225, 9€ bounty)
Seat 2: LaGrappe6 (19350, 9€ bounty)
Seat 3: torresmo123 (11417, 9€ bounty)
Seat 4: MaTpoC (17036, 9€ bounty)
Seat 5: lubomir123 (19882, 9€ bounty)
Seat 6: TheOnlyWay (19975, 9€ bounty)
*** ANTE/BLINDS ***
A.Onana posts ante 25
LaGrappe6 posts ante 25
torresmo123 posts ante 25
MaTpoC posts ante 25
lubomir123 posts ante 25
TheOnlyWay posts ante 25
A.Onana posts small blind 100
LaGrappe6 posts big blind 200
Dealt to torresmo123 [2c 8d]
*** PRE-FLOP *** 
torresmo123 folds
MaTpoC folds
lubomir123 folds
TheOnlyWay raises 300 to 500
A.Onana calls 400
LaGrappe6 calls 300
*** FLOP *** [9c 2h 5h]
A.Onana checks
LaGrappe6 checks
TheOnlyWay bets 578
A.Onana calls 578
LaGrappe6 folds
*** TURN *** [9c 2h 5h][6c]
A.Onana checks
TheOnlyWay bets 1824
A.Onana calls 1824
*** RIVER *** [9c 2h 5h 6c][5c]
A.Onana checks
TheOnlyWay checks
*** SHOW DOWN ***
A.Onana shows [4d 4s] (Two pairs : 5 and 4)
TheOnlyWay shows [9d 7d] (Two pairs : 9 and 5)
TheOnlyWay collected 6454 from pot
*** SUMMARY ***
Total pot 6454 | No rake
Board: [9c 2h 5h 6c 5c]
Seat 1: A.Onana (small blind) showed [4d 4s] and lost with Two pairs : 5 and 4
Seat 6: TheOnlyWay (button) showed [9d 7d] and won 6454 with Two pairs : 9 and 5


Winamax Poker - Tournament "NITRO" buyIn: 18€ + 2€ level: 2 - HandId: #3186325319371980833-19-1707417674 - Holdem no limit (30/125/250) - 2024/02/08 18:41:14 UTC
Table: 'NITRO(741874175)#032' 6-max (real money) Seat #1 is the button
Seat 1: A.Onana (37298, 9€ bounty)
Seat 2: LaGrappe6 (18825, 9€ bounty)
Seat 3: torresmo123 (11392, 9€ bounty)
Seat 4: MaTpoC (17011, 9€ bounty)
Seat 5: lubomir123 (19857, 9€ bounty)
Seat 6: TheOnlyWay (23502, 9€ bounty)
*** ANTE/BLINDS ***
LaGrappe6 posts ante 30
torresmo123 posts ante 30
A.Onana posts ante 30
MaTpoC posts ante 30
lubomir123 posts ante 30
TheOnlyWay posts ante 30
LaGrappe6 posts small blind 125
torresmo123 posts big blind 250
Dealt to torresmo123 [3d Tc]
*** PRE-FLOP *** 
MaTpoC folds
lubomir123 folds
TheOnlyWay folds
A.Onana raises 250 to 500
LaGrappe6 calls 375
torresmo123 folds
*** FLOP *** [Th 3h 5c]
LaGrappe6 checks
A.Onana checks
*** TURN *** [Th 3h 5c][8s]
LaGrappe6 checks
A.Onana bets 1000
LaGrappe6 calls 1000
*** RIVER *** [Th 3h 5c 8s][2h]
LaGrappe6 checks
A.Onana checks
*** SHOW DOWN ***
LaGrappe6 shows [9s Qd] (High card : Queen)
A.Onana shows [Jd 8c] (One pair : 8)
A.Onana collected 3430 from pot
*** SUMMARY ***
Total pot 3430 | No rake
Board: [Th 3h 5c 8s 2h]
Seat 1: A.Onana (button) showed [Jd 8c] and won 3430 with One pair : 8
Seat 2: LaGrappe6 (small blind) showed [9s Qd] and lost with High card : Queen


Winamax Poker - Tournament "NITRO" buyIn: 18€ + 2€ level: 2 - HandId: #3186325319371980833-20-1707417789 - Holdem no limit (30/125/250) - 2024/02/08 18:43:09 UTC
Table: 'NITRO(741874175)#032' 6-max (real money) Seat #2 is the button
Seat 1: A.Onana (39198, 9€ bounty)
Seat 2: LaGrappe6 (17295, 9€ bounty)
Seat 3: torresmo123 (11112, 9€ bounty)
Seat 4: MaTpoC (16981, 9€ bounty)
Seat 5: lubomir123 (19827, 9€ bounty)
Seat 6: TheOnlyWay (23472, 9€ bounty)
*** ANTE/BLINDS ***
torresmo123 posts ante 30
MaTpoC posts ante 30
A.Onana posts ante 30
LaGrappe6 posts ante 30
lubomir123 posts ante 30
TheOnlyWay posts ante 30
torresmo123 posts small blind 125
MaTpoC posts big blind 250
Dealt to torresmo123 [9c Qc]
*** PRE-FLOP *** 
lubomir123 folds
TheOnlyWay folds
A.Onana folds
LaGrappe6 folds
torresmo123 raises 625 to 875
MaTpoC raises 1875 to 2750
torresmo123 calls 1875
*** FLOP *** [8d 8h Qs]
torresmo123 checks
MaTpoC bets 1420
torresmo123 raises 1420 to 2840
MaTpoC calls 1420
*** TURN *** [8d 8h Qs][5c]
torresmo123 bets 5492 and is all-in
MaTpoC folds
torresmo123 collected 16852 from pot
*** SUMMARY ***
Total pot 16852 | No rake
Board: [8d 8h Qs 5c]
Seat 3: torresmo123 (small blind) won 16852


Winamax Poker - Tournament "NITRO" buyIn: 18€ + 2€ level: 3 - HandId: #3186325319371980833-21-1707417910 - Holdem no limit (35/150/300) - 2024/02/08 18:45:10 UTC
Table: 'NITRO(741874175)#032' 6-max (real money) Seat #3 is the button
Seat 1: A.Onana (39168, 9€ bounty)
Seat 2: LaGrappe6 (17265, 9€ bounty)
Seat 3: torresmo123 (16852, 9€ bounty)
Seat 4: MaTpoC (11361, 9€ bounty)
Seat 5: lubomir123 (19797, 9€ bounty)
Seat 6: TheOnlyWay (23442, 9€ bounty)
*** ANTE/BLINDS ***
MaTpoC posts ante 35
lubomir123 posts ante 35
A.Onana posts ante 35
LaGrappe6 posts ante 35
torresmo123 posts ante 35
TheOnlyWay posts ante 35
MaTpoC posts small blind 150
lubomir123 posts big blind 300
Dealt to torresmo123 [Kh Jc]
*** PRE-FLOP *** 
TheOnlyWay folds
A.Onana raises 300 to 600
LaGrappe6 raises 1650 to 2250
torresmo123 folds
MaTpoC folds
lubomir123 folds
A.Onana folds
LaGrappe6 collected 3510 from pot
*** SUMMARY ***
Total pot 3510 | No rake
Seat 2: LaGrappe6 won 3510


Winamax Poker - Tournament "NITRO" buyIn: 18€ + 2€ level: 3 - HandId: #3186325319371980833-22-1707417950 - Holdem no limit (35/150/300) - 2024/02/08 18:45:50 UTC
Table: 'NITRO(741874175)#032' 6-max (real money) Seat #4 is the button
Seat 1: A.Onana (38533, 9€ bounty)
Seat 2: LaGrappe6 (18490, 9€ bounty)
Seat 3: torresmo123 (16817, 9€ bounty)
Seat 4: MaTpoC (11176, 9€ bounty)
Seat 5: lubomir123 (19462, 9€ bounty)
Seat 6: TheOnlyWay (23407, 9€ bounty)
*** ANTE/BLINDS ***
lubomir123 posts ante 35
TheOnlyWay posts ante 35
A.Onana posts ante 35
LaGrappe6 posts ante 35
torresmo123 posts ante 35
MaTpoC posts ante 35
lubomir123 posts small blind 150
TheOnlyWay posts big blind 300
Dealt to torresmo123 [4s 9h]
*** PRE-FLOP *** 
A.Onana folds
LaGrappe6 raises 300 to 600
torresmo123 folds
MaTpoC folds
lubomir123 folds
TheOnlyWay calls 300
*** FLOP *** [4d 3h 6h]
TheOnlyWay bets 546
LaGrappe6 folds
TheOnlyWay collected 2106 from pot
*** SUMMARY ***
Total pot 2106 | No rake
Board: [4d 3h 6h]
Seat 6: TheOnlyWay (big blind) won 2106


Winamax Poker - Tournament "NITRO" buyIn: 18€ + 2€ level: 3 - HandId: #3186325319371980833-23-1707418030 - Holdem no limit (35/150/300) - 2024/02/08 18:47:10 UTC
Table: 'NITRO(741874175)#032' 6-max (real money) Seat #5 is the button
Seat 1: A.Onana (38498, 9€ bounty)
Seat 2: LaGrappe6 (17855, 9€ bounty)
Seat 3: torresmo123 (16782, 9€ bounty)
Seat 4: MaTpoC (11141, 9€ bounty)
Seat 5: lubomir123 (19277, 9€ bounty)
Seat 6: TheOnlyWay (24332, 9€ bounty)
*** ANTE/BLINDS ***
TheOnlyWay posts ante 35
A.Onana posts ante 35
LaGrappe6 posts ante 35
torresmo123 posts ante 35
MaTpoC posts ante 35
lubomir123 posts ante 35
TheOnlyWay posts small blind 150
A.Onana posts big blind 300
Dealt to torresmo123 [3d Th]
*** PRE-FLOP *** 
LaGrappe6 folds
torresmo123 folds
MaTpoC folds
lubomir123 folds
TheOnlyWay calls 150
A.Onana raises 750 to 1050
TheOnlyWay calls 750
*** FLOP *** [2d 9c 6d]
TheOnlyWay checks
A.Onana bets 1155
TheOnlyWay folds
A.Onana collected 3465 from pot
*** SUMMARY ***
Total pot 3465 | No rake
Board: [2d 9c 6d]
Seat 1: A.Onana (big blind) won 3465


Winamax Poker - Tournament "NITRO" buyIn: 18€ + 2€ level: 3 - HandId: #3186325319371980833-24-1707418102 - Holdem no limit (35/150/300) - 2024/02/08 18:48:22 UTC
Table: 'NITRO(741874175)#032' 6-max (real money) Seat #6 is the button
Seat 1: A.Onana (39723, 9€ bounty)
Seat 2: LaGrappe6 (17820, 9€ bounty)
Seat 3: torresmo123 (16747, 9€ bounty)
Seat 4: MaTpoC (11106, 9€ bounty)
Seat 5: lubomir123 (19242, 9€ bounty)
Seat 6: TheOnlyWay (23247, 9€ bounty)
*** ANTE/BLINDS ***
A.Onana posts ante 35
LaGrappe6 posts ante 35
torresmo123 posts ante 35
MaTpoC posts ante 35
lubomir123 posts ante 35
TheOnlyWay posts ante 35
A.Onana posts small blind 150
LaGrappe6 posts big blind 300
Dealt to torresmo123 [6c 3c]
*** PRE-FLOP *** 
torresmo123 folds
MaTpoC raises 300 to 600
lubomir123 folds
TheOnlyWay folds
A.Onana folds
LaGrappe6 folds
MaTpoC collected 1260 from pot
*** SUMMARY ***
Total pot 1260 | No rake
Seat 4: MaTpoC won 1260


Winamax Poker - Tournament "NITRO" buyIn: 18€ + 2€ level: 3 - HandId: #3186325319371980833-25-1707418139 - Holdem no limit (35/150/300) - 2024/02/08 18:48:59 UTC
Table: 'NITRO(741874175)#032' 6-max (real money) Seat #1 is the button
Seat 1: A.Onana (39538, 9€ bounty)
Seat 2: LaGrappe6 (17485, 9€ bounty)
Seat 3: torresmo123 (16712, 9€ bounty)
Seat 4: MaTpoC (11731, 9€ bounty)
Seat 5: lubomir123 (19207, 9€ bounty)
Seat 6: TheOnlyWay (23212, 9€ bounty)
*** ANTE/BLINDS ***
LaGrappe6 posts ante 35
torresmo123 posts ante 35
A.Onana posts ante 35
MaTpoC posts ante 35
lubomir123 posts ante 35
TheOnlyWay posts ante 35
LaGrappe6 posts small blind 150
torresmo123 posts big blind 300
Dealt to torresmo123 [4s 2h]
*** PRE-FLOP *** 
MaTpoC raises 300 to 600
lubomir123 calls 600
TheOnlyWay folds
A.Onana folds
LaGrappe6 calls 450
torresmo123 folds
*** FLOP *** [Td Qc Kd]
LaGrappe6 checks
MaTpoC bets 900
lubomir123 calls 900
LaGrappe6 calls 900
*** TURN *** [Td Qc Kd][Qh]
LaGrappe6 checks
MaTpoC checks
lubomir123 checks
*** RIVER *** [Td Qc Kd Qh][3c]
LaGrappe6 bets 2550
MaTpoC calls 2550
lubomir123 folds
*** SHOW DOWN ***
LaGrappe6 shows [Ac 8s] (One pair : Queens)
MaTpoC shows [Ah Kc] (Two pairs : Kings and Queens)
MaTpoC collected 10110 from pot
*** SUMMARY ***
Total pot 10110 | No rake
Board: [Td Qc Kd Qh 3c]
Seat 2: LaGrappe6 (small blind) showed [Ac 8s] and lost with One pair : Queens
Seat 4: MaTpoC showed [Ah Kc] and won 10110 with Two pairs : Kings and Queens


Winamax Poker - Tournament "NITRO" buyIn: 18€ + 2€ level: 4 - HandId: #3186325319371980833-26-1707418254 - Holdem no limit (40/175/350) - 2024/02/08 18:50:54 UTC
Table: 'NITRO(741874175)#032' 6-max (real money) Seat #2 is the button
Seat 1: A.Onana (39503, 9€ bounty)
Seat 2: LaGrappe6 (13400, 9€ bounty)
Seat 3: torresmo123 (16377, 9€ bounty)
Seat 4: MaTpoC (17756, 9€ bounty)
Seat 5: lubomir123 (17672, 9€ bounty)
Seat 6: TheOnlyWay (23177, 9€ bounty)
*** ANTE/BLINDS ***
torresmo123 posts ante 40
MaTpoC posts ante 40
A.Onana posts ante 40
LaGrappe6 posts ante 40
lubomir123 posts ante 40
TheOnlyWay posts ante 40
torresmo123 posts small blind 175
MaTpoC posts big blind 350
Dealt to torresmo123 [Ac Kc]
*** PRE-FLOP *** 
lubomir123 folds
TheOnlyWay folds
A.Onana raises 350 to 700
LaGrappe6 folds
torresmo123 raises 1925 to 2625
MaTpoC folds
A.Onana calls 1925
*** FLOP *** [Ts 9c 4s]
torresmo123 bets 1575
A.Onana calls 1575
*** TURN *** [Ts 9c 4s][Ah]
torresmo123 bets 4945
A.Onana folds
torresmo123 collected 13935 from pot
*** SUMMARY ***
Total pot 13935 | No rake
Board: [Ts 9c 4s Ah]
Seat 3: torresmo123 (small blind) won 13935


Winamax Poker - Tournament "NITRO" buyIn: 18€ + 2€ level: 4 - HandId: #3186325319371980833-27-1707418367 - Holdem no limit (40/175/350) - 2024/02/08 18:52:47 UTC
Table: 'NITRO(741874175)#032' 6-max (real money) Seat #3 is the button
Seat 1: A.Onana (35263, 9€ bounty)
Seat 2: LaGrappe6 (13360, 9€ bounty)
Seat 3: torresmo123 (21127, 9€ bounty)
Seat 4: MaTpoC (17366, 9€ bounty)
Seat 5: lubomir123 (17632, 9€ bounty)
Seat 6: TheOnlyWay (23137, 9€ bounty)
*** ANTE/BLINDS ***
MaTpoC posts ante 40
lubomir123 posts ante 40
A.Onana posts ante 40
LaGrappe6 posts ante 40
torresmo123 posts ante 40
TheOnlyWay posts ante 40
MaTpoC posts small blind 175
lubomir123 posts big blind 350
Dealt to torresmo123 [7d 5c]
*** PRE-FLOP *** 
TheOnlyWay folds
A.Onana folds
LaGrappe6 folds
torresmo123 folds
MaTpoC folds
lubomir123 collected 765 from pot
*** SUMMARY ***
Total pot 765 | No rake
Seat 5: lubomir123 (big blind) won 765


Winamax Poker - Tournament "NITRO" buyIn: 18€ + 2€ level: 4 - HandId: #3186325319371980833-28-1707418390 - Holdem no limit (40/175/350) - 2024/02/08 18:53:10 UTC
Table: 'NITRO(741874175)#032' 6-max (real money) Seat #4 is the button
Seat 1: A.Onana (35223, 9€ bounty)
Seat 2: LaGrappe6 (13320, 9€ bounty)
Seat 3: torresmo123 (21087, 9€ bounty)
Seat 4: MaTpoC (17151, 9€ bounty)
Seat 5: lubomir123 (18007, 9€ bounty)
Seat 6: TheOnlyWay (23097, 9€ bounty)
*** ANTE/BLINDS ***
lubomir123 posts ante 40
TheOnlyWay posts ante 40
A.Onana posts ante 40
LaGrappe6 posts ante 40
torresmo123 posts ante 40
MaTpoC posts ante 40
lubomir123 posts small blind 175
TheOnlyWay posts big blind 350
Dealt to torresmo123 [2h As]
*** PRE-FLOP *** 
A.Onana folds
LaGrappe6 folds
torresmo123 folds
MaTpoC folds
lubomir123 raises 525 to 875
TheOnlyWay folds
lubomir123 collected 1465 from pot
*** SUMMARY ***
Total pot 1465 | No rake
Seat 5: lubomir123 (small blind) won 1465


Winamax Poker - Tournament "NITRO" buyIn: 18€ + 2€ level: 4 - HandId: #3186325319371980833-29-1707418433 - Holdem no limit (40/175/350) - 2024/02/08 18:53:53 UTC
Table: 'NITRO(741874175)#032' 6-max (real money) Seat #5 is the button
Seat 1: A.Onana (35183, 9€ bounty)
Seat 2: LaGrappe6 (13280, 9€ bounty)
Seat 3: torresmo123 (21047, 9€ bounty)
Seat 4: MaTpoC (17111, 9€ bounty)
Seat 5: lubomir123 (18557, 9€ bounty)
Seat 6: TheOnlyWay (22707, 9€ bounty)
*** ANTE/BLINDS ***
TheOnlyWay posts ante 40
A.Onana posts ante 40
LaGrappe6 posts ante 40
torresmo123 posts ante 40
MaTpoC posts ante 40
lubomir123 posts ante 40
TheOnlyWay posts small blind 175
A.Onana posts big blind 350
Dealt to torresmo123 [7h 7c]
*** PRE-FLOP *** 
LaGrappe6 folds
torresmo123 raises 385 to 735
MaTpoC folds
lubomir123 folds
TheOnlyWay calls 560
A.Onana folds
*** FLOP *** [Kd 8h 3c]
TheOnlyWay checks
torresmo123 bets 412
TheOnlyWay raises 988 to 1400
torresmo123 calls 988
*** TURN *** [Kd 8h 3c][Qd]
TheOnlyWay checks
torresmo123 checks
*** RIVER *** [Kd 8h 3c Qd][2h]
TheOnlyWay bets 2800
torresmo123 folds
TheOnlyWay collected 7660 from pot
*** SUMMARY ***
Total pot 7660 | No rake
Board: [Kd 8h 3c Qd 2h]
Seat 6: TheOnlyWay (small blind) won 7660


Winamax Poker - Tournament "NITRO" buyIn: 18€ + 2€ level: 4 - HandId: #3186325319371980833-30-1707418860 - Holdem no limit (40/175/350) - 2024/02/08 19:01:00 UTC
Table: 'NITRO(741874175)#032' 6-max (real money) Seat #6 is the button
Seat 1: A.Onana (34793, 9€ bounty)
Seat 2: LaGrappe6 (13240, 9€ bounty)
Seat 3: torresmo123 (18872, 9€ bounty)
Seat 4: MaTpoC (17071, 9€ bounty)
Seat 5: lubomir123 (18517, 9€ bounty)
Seat 6: TheOnlyWay (25392, 9€ bounty)
*** ANTE/BLINDS ***
A.Onana posts ante 40
LaGrappe6 posts ante 40
torresmo123 posts ante 40
MaTpoC posts ante 40
lubomir123 posts ante 40
TheOnlyWay posts ante 40
A.Onana posts small blind 175
LaGrappe6 posts big blind 350
Dealt to torresmo123 [6h 4c]
*** PRE-FLOP *** 
torresmo123 folds
MaTpoC folds
lubomir123 folds
TheOnlyWay raises 525 to 875
A.Onana folds
LaGrappe6 folds
TheOnlyWay collected 1640 from pot
*** SUMMARY ***
Total pot 1640 | No rake
Seat 6: TheOnlyWay (button) won 1640


Winamax Poker - Tournament "NITRO" buyIn: 18€ + 2€ level: 5 - HandId: #3186325319371980833-31-1707418901 - Holdem no limit (50/200/400) - 2024/02/08 19:01:41 UTC
Table: 'NITRO(741874175)#032' 6-max (real money) Seat #1 is the button
Seat 1: A.Onana (34578, 9€ bounty)
Seat 2: LaGrappe6 (12850, 9€ bounty)
Seat 3: torresmo123 (18832, 9€ bounty)
Seat 4: MaTpoC (17031, 9€ bounty)
Seat 5: lubomir123 (18477, 9€ bounty)
Seat 6: TheOnlyWay (26117, 9€ bounty)
*** ANTE/BLINDS ***
LaGrappe6 posts ante 50
torresmo123 posts ante 50
A.Onana posts ante 50
MaTpoC posts ante 50
lubomir123 posts ante 50
TheOnlyWay posts ante 50
LaGrappe6 posts small blind 200
torresmo123 posts big blind 400
Dealt to torresmo123 [3d 3h]
*** PRE-FLOP *** 
MaTpoC folds
lubomir123 raises 400 to 800
TheOnlyWay folds
A.Onana folds
LaGrappe6 raises 2000 to 2800
torresmo123 folds
lubomir123 folds
LaGrappe6 collected 4300 from pot
*** SUMMARY ***
Total pot 4300 | No rake
Seat 2: LaGrappe6 (small blind) won 4300


Winamax Poker - Tournament "NITRO" buyIn: 18€ + 2€ level: 5 - HandId: #3186325319371980833-32-1707418965 - Holdem no limit (50/200/400) - 2024/02/08 19:02:45 UTC
Table: 'NITRO(741874175)#032' 6-max (real money) Seat #2 is the button
Seat 1: A.Onana (34528, 9€ bounty)
Seat 2: LaGrappe6 (14300, 9€ bounty)
Seat 3: torresmo123 (18382, 9€ bounty)
Seat 4: MaTpoC (16981, 9€ bounty)
Seat 5: lubomir123 (17627, 9€ bounty)
Seat 6: TheOnlyWay (26067, 9€ bounty)
*** ANTE/BLINDS ***
torresmo123 posts ante 50
MaTpoC posts ante 50
A.Onana posts ante 50
LaGrappe6 posts ante 50
lubomir123 posts ante 50
TheOnlyWay posts ante 50
torresmo123 posts small blind 200
MaTpoC posts big blind 400
Dealt to torresmo123 [Th 3h]
*** PRE-FLOP *** 
lubomir123 folds
TheOnlyWay folds
A.Onana folds
LaGrappe6 raises 400 to 800
torresmo123 folds
MaTpoC folds
LaGrappe6 collected 1700 from pot
*** SUMMARY ***
Total pot 1700 | No rake
Seat 2: LaGrappe6 (button) won 1700


Winamax Poker - Tournament "NITRO" buyIn: 18€ + 2€ level: 5 - HandId: #3186325319371980833-33-1707418994 - Holdem no limit (50/200/400) - 2024/02/08 19:03:14 UTC
Table: 'NITRO(741874175)#032' 6-max (real money) Seat #3 is the button
Seat 1: A.Onana (34478, 9€ bounty)
Seat 2: LaGrappe6 (15150, 9€ bounty)
Seat 3: torresmo123 (18132, 9€ bounty)
Seat 4: MaTpoC (16531, 9€ bounty)
Seat 5: lubomir123 (17577, 9€ bounty)
*** ANTE/BLINDS ***
MaTpoC posts ante 50
lubomir123 posts ante 50
A.Onana posts ante 50
LaGrappe6 posts ante 50
torresmo123 posts ante 50
MaTpoC posts small blind 200
lubomir123 posts big blind 400
Dealt to torresmo123 [2d 9c]
*** PRE-FLOP *** 
A.Onana folds
LaGrappe6 folds
torresmo123 folds
MaTpoC raises 1000 to 1400
lubomir123 folds
MaTpoC collected 2050 from pot
*** SUMMARY ***
Total pot 2050 | No rake
Seat 4: MaTpoC (small blind) won 2050


Winamax Poker - Tournament "NITRO" buyIn: 18€ + 2€ level: 5 - HandId: #3186325319371980833-34-1707419023 - Holdem no limit (50/200/400) - 2024/02/08 19:03:43 UTC
Table: 'NITRO(741874175)#032' 6-max (real money) Seat #4 is the button
Seat 1: A.Onana (34428, 9€ bounty)
Seat 2: LaGrappe6 (15100, 9€ bounty)
Seat 3: torresmo123 (18082, 9€ bounty)
Seat 4: MaTpoC (17131, 9€ bounty)
Seat 5: lubomir123 (17127, 9€ bounty)
Seat 6: MinnieTheDog (20000, 9€ bounty)
*** ANTE/BLINDS ***
lubomir123 posts ante 50
MinnieTheDog posts ante 50
A.Onana posts ante 50
LaGrappe6 posts ante 50
torresmo123 posts ante 50
MaTpoC posts ante 50
lubomir123 posts small blind 200
MinnieTheDog posts big blind 400
Dealt to torresmo123 [Ts 2c]
*** PRE-FLOP *** 
A.Onana raises 400 to 800
LaGrappe6 folds
torresmo123 folds
MaTpoC folds
lubomir123 folds
MinnieTheDog calls 400
*** FLOP *** [6d 5s Jd]
MinnieTheDog checks
A.Onana bets 600
MinnieTheDog raises 1350 to 1950
A.Onana folds
MinnieTheDog collected 4650 from pot
*** SUMMARY ***
Total pot 4650 | No rake
Board: [6d 5s Jd]
Seat 6: MinnieTheDog (big blind) won 4650


Winamax Poker - Tournament "NITRO" buyIn: 18€ + 2€ level: 5 - HandId: #3186325319371980833-35-1707419111 - Holdem no limit (50/200/400) - 2024/02/08 19:05:11 UTC
Table: 'NITRO(741874175)#032' 6-max (real money) Seat #5 is the button
Seat 1: A.Onana (32978, 9€ bounty)
Seat 2: LaGrappe6 (15050, 9€ bounty)
Seat 3: torresmo123 (18032, 9€ bounty)
Seat 4: MaTpoC (17081, 9€ bounty)
Seat 5: lubomir123 (16877, 9€ bounty)
Seat 6: MinnieTheDog (21850, 9€ bounty)
*** ANTE/BLINDS ***
MinnieTheDog posts ante 50
A.Onana posts ante 50
LaGrappe6 posts ante 50
torresmo123 posts ante 50
MaTpoC posts ante 50
lubomir123 posts ante 50
MinnieTheDog posts small blind 200
A.Onana posts big blind 400
Dealt to torresmo123 [3d 2h]
*** PRE-FLOP *** 
LaGrappe6 folds
torresmo123 folds
MaTpoC folds
lubomir123 raises 500 to 900
MinnieTheDog calls 700
A.Onana calls 500
*** FLOP *** [2d 7c Js]
MinnieTheDog checks
A.Onana checks
lubomir123 bets 1500
MinnieTheDog calls 1500
A.Onana folds
*** TURN *** [2d 7c Js][2c]
MinnieTheDog checks
lubomir123 checks
*** RIVER *** [2d 7c Js 2c][9s]
MinnieTheDog bets 2100
lubomir123 folds
MinnieTheDog collected 8100 from pot
*** SUMMARY ***
Total pot 8100 | No rake
Board: [2d 7c Js 2c 9s]
Seat 6: MinnieTheDog (small blind) won 8100


Winamax Poker - Tournament "NITRO" buyIn: 18€ + 2€ level: 6 - HandId: #3186325319371980833-36-1707419193 - Holdem no limit (60/250/500) - 2024/02/08 19:06:33 UTC
Table: 'NITRO(741874175)#032' 6-max (real money) Seat #6 is the button
Seat 1: A.Onana (32028, 9€ bounty)
Seat 2: LaGrappe6 (15000, 9€ bounty)
Seat 3: torresmo123 (17982, 9€ bounty)
Seat 4: MaTpoC (17031, 9€ bounty)
Seat 5: lubomir123 (14427, 9€ bounty)
Seat 6: MinnieTheDog (25400, 9€ bounty)
*** ANTE/BLINDS ***
A.Onana posts ante 60
LaGrappe6 posts ante 60
torresmo123 posts ante 60
MaTpoC posts ante 60
lubomir123 posts ante 60
MinnieTheDog posts ante 60
A.Onana posts small blind 250
LaGrappe6 posts big blind 500
Dealt to torresmo123 [6c As]
*** PRE-FLOP *** 
torresmo123 folds
MaTpoC folds
lubomir123 folds
MinnieTheDog folds
A.Onana raises 1000 to 1500
LaGrappe6 folds
A.Onana collected 2360 from pot
*** SUMMARY ***
Total pot 2360 | No rake
Seat 1: A.Onana (small blind) won 2360


Winamax Poker - Tournament "NITRO" buyIn: 18€ + 2€ level: 6 - HandId: #3186325319371980833-37-1707419227 - Holdem no limit (60/250/500) - 2024/02/08 19:07:07 UTC
Table: 'NITRO(741874175)#032' 6-max (real money) Seat #1 is the button
Seat 1: A.Onana (32828, 9€ bounty)
Seat 2: LaGrappe6 (14440, 9€ bounty)
Seat 3: torresmo123 (17922, 9€ bounty)
Seat 4: MaTpoC (16971, 9€ bounty)
Seat 5: lubomir123 (14367, 9€ bounty)
Seat 6: MinnieTheDog (25340, 9€ bounty)
*** ANTE/BLINDS ***
LaGrappe6 posts ante 60
torresmo123 posts ante 60
A.Onana posts ante 60
MaTpoC posts ante 60
lubomir123 posts ante 60
MinnieTheDog posts ante 60
LaGrappe6 posts small blind 250
torresmo123 posts big blind 500
Dealt to torresmo123 [2c Th]
*** PRE-FLOP *** 
MaTpoC folds
lubomir123 folds
MinnieTheDog raises 750 to 1250
A.Onana folds
LaGrappe6 folds
torresmo123 folds
MinnieTheDog collected 2360 from pot
*** SUMMARY ***
Total pot 2360 | No rake
Seat 6: MinnieTheDog won 2360


Winamax Poker - Tournament "NITRO" buyIn: 18€ + 2€ level: 6 - HandId: #3186325319371980833-38-1707419271 - Holdem no limit (60/250/500) - 2024/02/08 19:07:51 UTC
Table: 'NITRO(741874175)#032' 6-max (real money) Seat #2 is the button
Seat 1: A.Onana (32768, 9€ bounty)
Seat 2: LaGrappe6 (14130, 9€ bounty)
Seat 3: torresmo123 (17362, 9€ bounty)
Seat 4: MaTpoC (16911, 9€ bounty)
Seat 5: lubomir123 (14307, 9€ bounty)
Seat 6: MinnieTheDog (26390, 9€ bounty)
*** ANTE/BLINDS ***
torresmo123 posts ante 60
MaTpoC posts ante 60
A.Onana posts ante 60
LaGrappe6 posts ante 60
lubomir123 posts ante 60
MinnieTheDog posts ante 60
torresmo123 posts small blind 250
MaTpoC posts big blind 500
Dealt to torresmo123 [2d 9c]
*** PRE-FLOP *** 
lubomir123 raises 625 to 1125
MinnieTheDog folds
A.Onana folds
LaGrappe6 folds
torresmo123 folds
MaTpoC calls 625
*** FLOP *** [9h 7c 9d]
MaTpoC checks
lubomir123 checks
*** TURN *** [9h 7c 9d][4d]
MaTpoC bets 1750
lubomir123 calls 1750
*** RIVER *** [9h 7c 9d 4d][Td]
MaTpoC bets 3500
lubomir123 calls 3500
*** SHOW DOWN ***
lubomir123 shows [Jh As] (One pair : 9)
MaTpoC shows [Ad Ac] (Two pairs : Aces and 9)
MaTpoC collected 13360 from pot
*** SUMMARY ***
Total pot 13360 | No rake
Board: [9h 7c 9d 4d Td]
Seat 4: MaTpoC (big blind) showed [Ad Ac] and won 13360 with Two pairs : Aces and 9
Seat 5: lubomir123 showed [Jh As] and lost with One pair : 9


Winamax Poker - Tournament "NITRO" buyIn: 18€ + 2€ level: 6 - HandId: #3186325319371980833-39-1707419351 - Holdem no limit (60/250/500) - 2024/02/08 19:09:11 UTC
Table: 'NITRO(741874175)#032' 6-max (real money) Seat #3 is the button
Seat 1: A.Onana (32708, 9€ bounty)
Seat 2: LaGrappe6 (14070, 9€ bounty)
Seat 3: torresmo123 (17052, 9€ bounty)
Seat 4: MaTpoC (23836, 9€ bounty)
Seat 5: lubomir123 (7872, 9€ bounty)
Seat 6: MinnieTheDog (26330, 9€ bounty)
*** ANTE/BLINDS ***
MaTpoC posts ante 60
lubomir123 posts ante 60
A.Onana posts ante 60
LaGrappe6 posts ante 60
torresmo123 posts ante 60
MinnieTheDog posts ante 60
MaTpoC posts small blind 250
lubomir123 posts big blind 500
Dealt to torresmo123 [Jd 6c]
*** PRE-FLOP *** 
MinnieTheDog raises 625 to 1125
A.Onana folds
LaGrappe6 folds
torresmo123 folds
MaTpoC folds
lubomir123 folds
MinnieTheDog collected 2235 from pot
*** SUMMARY ***
Total pot 2235 | No rake
Seat 6: MinnieTheDog won 2235


Winamax Poker - Tournament "NITRO" buyIn: 18€ + 2€ level: 6 - HandId: #3186325319371980833-40-1707419370 - Holdem no limit (60/250/500) - 2024/02/08 19:09:30 UTC
Table: 'NITRO(741874175)#032' 6-max (real money) Seat #4 is the button
Seat 1: A.Onana (32648, 9€ bounty)
Seat 2: LaGrappe6 (14010, 9€ bounty)
Seat 3: torresmo123 (16992, 9€ bounty)
Seat 4: MaTpoC (23526, 9€ bounty)
Seat 5: lubomir123 (7312, 9€ bounty)
Seat 6: MinnieTheDog (27380, 9€ bounty)
*** ANTE/BLINDS ***
lubomir123 posts ante 60
MinnieTheDog posts ante 60
A.Onana posts ante 60
LaGrappe6 posts ante 60
torresmo123 posts ante 60
MaTpoC posts ante 60
lubomir123 posts small blind 250
MinnieTheDog posts big blind 500
Dealt to torresmo123 [4c Jd]
*** PRE-FLOP *** 
A.Onana folds
LaGrappe6 raises 500 to 1000
torresmo123 folds
MaTpoC folds
lubomir123 folds
MinnieTheDog folds
LaGrappe6 collected 2110 from pot
*** SUMMARY ***
Total pot 2110 | No rake
Seat 2: LaGrappe6 won 2110


Winamax Poker - Tournament "NITRO" buyIn: 18€ + 2€ level: 6 - HandId: #3186325319371980833-41-1707419427 - Holdem no limit (60/250/500) - 2024/02/08 19:10:27 UTC
Table: 'NITRO(741874175)#032' 6-max (real money) Seat #5 is the button
Seat 1: A.Onana (32588, 9€ bounty)
Seat 2: LaGrappe6 (15060, 9€ bounty)
Seat 3: torresmo123 (16932, 9€ bounty)
Seat 4: MaTpoC (23466, 9€ bounty)
Seat 5: lubomir123 (7002, 9€ bounty)
Seat 6: MinnieTheDog (26820, 9€ bounty)
*** ANTE/BLINDS ***
MinnieTheDog posts ante 60
A.Onana posts ante 60
LaGrappe6 posts ante 60
torresmo123 posts ante 60
MaTpoC posts ante 60
lubomir123 posts ante 60
MinnieTheDog posts small blind 250
A.Onana posts big blind 500
Dealt to torresmo123 [9d Jd]
*** PRE-FLOP *** 
LaGrappe6 folds
torresmo123 raises 550 to 1050
MaTpoC folds
lubomir123 raises 5892 to 6942 and is all-in
MinnieTheDog folds
A.Onana folds
torresmo123 calls 5892
*** FLOP *** [Jh 7c Ks]
*** TURN *** [Jh 7c Ks][Qs]
*** RIVER *** [Jh 7c Ks Qs][5c]
*** SHOW DOWN ***
torresmo123 shows [9d Jd] (One pair : Jacks)
lubomir123 shows [Jc Ad] (One pair : Jacks)
lubomir123 collected 14994 from pot
*** SUMMARY ***
Total pot 14994 | No rake
Board: [Jh 7c Ks Qs 5c]
Seat 3: torresmo123 showed [9d Jd] and lost with One pair : Jacks
Seat 5: lubomir123 (button) showed [Jc Ad] and won 14994 with One pair : Jacks


Winamax Poker - Tournament "NITRO" buyIn: 18€ + 2€ level: 7 - HandId: #3186325319371980833-42-1707419483 - Holdem no limit (70/300/600) - 2024/02/08 19:11:23 UTC
Table: 'NITRO(741874175)#032' 6-max (real money) Seat #6 is the button
Seat 1: A.Onana (32028, 9€ bounty)
Seat 2: LaGrappe6 (15000, 9€ bounty)
Seat 3: torresmo123 (9930, 9€ bounty)
Seat 4: MaTpoC (23406, 9€ bounty)
Seat 5: lubomir123 (14994, 9€ bounty)
Seat 6: MinnieTheDog (26510, 9€ bounty)
*** ANTE/BLINDS ***
A.Onana posts ante 70
LaGrappe6 posts ante 70
torresmo123 posts ante 70
MaTpoC posts ante 70
lubomir123 posts ante 70
MinnieTheDog posts ante 70
A.Onana posts small blind 300
LaGrappe6 posts big blind 600
Dealt to torresmo123 [9s 3h]
*** PRE-FLOP *** 
torresmo123 folds
MaTpoC folds
lubomir123 folds
MinnieTheDog folds
A.Onana folds
LaGrappe6 collected 1320 from pot
*** SUMMARY ***
Total pot 1320 | No rake
Seat 2: LaGrappe6 (big blind) won 1320


Winamax Poker - Tournament "NITRO" buyIn: 18€ + 2€ level: 7 - HandId: #3186325319371980833-43-1707419496 - Holdem no limit (70/300/600) - 2024/02/08 19:11:36 UTC
Table: 'NITRO(741874175)#032' 6-max (real money) Seat #1 is the button
Seat 1: A.Onana (31658, 9€ bounty)
Seat 2: LaGrappe6 (15650, 9€ bounty)
Seat 3: torresmo123 (9860, 9€ bounty)
Seat 4: MaTpoC (23336, 9€ bounty)
Seat 5: lubomir123 (14924, 9€ bounty)
Seat 6: MinnieTheDog (26440, 9€ bounty)
*** ANTE/BLINDS ***
LaGrappe6 posts ante 70
torresmo123 posts ante 70
A.Onana posts ante 70
MaTpoC posts ante 70
lubomir123 posts ante 70
MinnieTheDog posts ante 70
LaGrappe6 posts small blind 300
torresmo123 posts big blind 600
Dealt to torresmo123 [Qh 9h]
*** PRE-FLOP *** 
MaTpoC folds
lubomir123 folds
MinnieTheDog folds
A.Onana raises 600 to 1200
LaGrappe6 folds
torresmo123 calls 600
*** FLOP *** [8s 6d 3s]
torresmo123 checks
A.Onana bets 780
torresmo123 folds
A.Onana collected 3900 from pot
*** SUMMARY ***
Total pot 3900 | No rake
Board: [8s 6d 3s]
Seat 1: A.Onana (button) won 3900


Winamax Poker - Tournament "NITRO" buyIn: 18€ + 2€ level: 7 - HandId: #3186325319371980833-44-1707419551 - Holdem no limit (70/300/600) - 2024/02/08 19:12:31 UTC
Table: 'NITRO(741874175)#032' 6-max (real money) Seat #2 is the button
Seat 1: A.Onana (33508, 9€ bounty)
Seat 2: LaGrappe6 (15280, 9€ bounty)
Seat 3: torresmo123 (8590, 9€ bounty)
Seat 4: MaTpoC (23266, 9€ bounty)
Seat 5: lubomir123 (14854, 9€ bounty)
Seat 6: MinnieTheDog (26370, 9€ bounty)
*** ANTE/BLINDS ***
torresmo123 posts ante 70
MaTpoC posts ante 70
A.Onana posts ante 70
LaGrappe6 posts ante 70
lubomir123 posts ante 70
MinnieTheDog posts ante 70
torresmo123 posts small blind 300
MaTpoC posts big blind 600
Dealt to torresmo123 [Js 2s]
*** PRE-FLOP *** 
lubomir123 folds
MinnieTheDog raises 600 to 1200
A.Onana folds
LaGrappe6 folds
torresmo123 folds
MaTpoC calls 600
*** FLOP *** [Qh 3s 3h]
MaTpoC checks
MinnieTheDog bets 1092
MaTpoC folds
MinnieTheDog collected 4212 from pot
*** SUMMARY ***
Total pot 4212 | No rake
Board: [Qh 3s 3h]
Seat 6: MinnieTheDog won 4212


Winamax Poker - Tournament "NITRO" buyIn: 18€ + 2€ level: 7 - HandId: #3186325319371980833-45-1707419592 - Holdem no limit (70/300/600) - 2024/02/08 19:13:12 UTC
Table: 'NITRO(741874175)#032' 6-max (real money) Seat #3 is the button
Seat 1: A.Onana (33438, 9€ bounty)
Seat 2: LaGrappe6 (15210, 9€ bounty)
Seat 3: torresmo123 (8220, 9€ bounty)
Seat 4: MaTpoC (21996, 9€ bounty)
Seat 5: lubomir123 (14784, 9€ bounty)
Seat 6: MinnieTheDog (28220, 9€ bounty)
*** ANTE/BLINDS ***
MaTpoC posts ante 70
lubomir123 posts ante 70
A.Onana posts ante 70
LaGrappe6 posts ante 70
torresmo123 posts ante 70
MinnieTheDog posts ante 70
MaTpoC posts small blind 300
lubomir123 posts big blind 600
Dealt to torresmo123 [6s As]
*** PRE-FLOP *** 
MinnieTheDog folds
A.Onana raises 600 to 1200
LaGrappe6 folds
torresmo123 folds
MaTpoC folds
lubomir123 folds
A.Onana collected 2520 from pot
*** SUMMARY ***
Total pot 2520 | No rake
Seat 1: A.Onana won 2520


Winamax Poker - Tournament "NITRO" buyIn: 18€ + 2€ level: 7 - HandId: #3186325319371980833-46-1707419639 - Holdem no limit (70/300/600) - 2024/02/08 19:13:59 UTC
Table: 'NITRO(741874175)#032' 6-max (real money) Seat #4 is the button
Seat 1: A.Onana (34688, 9€ bounty)
Seat 2: LaGrappe6 (15140, 9€ bounty)
Seat 3: torresmo123 (8150, 9€ bounty)
Seat 4: MaTpoC (21626, 9€ bounty)
Seat 5: lubomir123 (14114, 9€ bounty)
Seat 6: MinnieTheDog (28150, 9€ bounty)
*** ANTE/BLINDS ***
lubomir123 posts ante 70
MinnieTheDog posts ante 70
A.Onana posts ante 70
LaGrappe6 posts ante 70
torresmo123 posts ante 70
MaTpoC posts ante 70
lubomir123 posts small blind 300
MinnieTheDog posts big blind 600
Dealt to torresmo123 [Tc 8s]
*** PRE-FLOP *** 
A.Onana folds
LaGrappe6 raises 600 to 1200
torresmo123 folds
MaTpoC folds
lubomir123 folds
MinnieTheDog calls 600
*** FLOP *** [3h Kc 6d]
MinnieTheDog checks
LaGrappe6 bets 1092
MinnieTheDog folds
LaGrappe6 collected 4212 from pot
*** SUMMARY ***
Total pot 4212 | No rake
Board: [3h Kc 6d]
Seat 2: LaGrappe6 won 4212


Winamax Poker - Tournament "NITRO" buyIn: 18€ + 2€ level: 7 - HandId: #3186325319371980833-47-1707419680 - Holdem no limit (70/300/600) - 2024/02/08 19:14:40 UTC
Table: 'NITRO(741874175)#032' 6-max (real money) Seat #5 is the button
Seat 1: A.Onana (34618, 9€ bounty)
Seat 2: LaGrappe6 (16990, 9€ bounty)
Seat 3: torresmo123 (8080, 9€ bounty)
Seat 4: MaTpoC (21556, 9€ bounty)
Seat 5: lubomir123 (13744, 9€ bounty)
Seat 6: MinnieTheDog (26880, 9€ bounty)
*** ANTE/BLINDS ***
MinnieTheDog posts ante 70
A.Onana posts ante 70
LaGrappe6 posts ante 70
torresmo123 posts ante 70
MaTpoC posts ante 70
lubomir123 posts ante 70
MinnieTheDog posts small blind 300
A.Onana posts big blind 600
Dealt to torresmo123 [5s 6c]
*** PRE-FLOP *** 
LaGrappe6 folds
torresmo123 folds
MaTpoC folds
lubomir123 raises 600 to 1200
MinnieTheDog calls 900
A.Onana calls 600
*** FLOP *** [As 7c 4h]
MinnieTheDog bets 1407
A.Onana folds
lubomir123 calls 1407
*** TURN *** [As 7c 4h][Kh]
MinnieTheDog bets 2392
lubomir123 calls 2392
*** RIVER *** [As 7c 4h Kh][Td]
MinnieTheDog bets 21811 and is all-in
lubomir123 calls 8675 and is all-in
*** SHOW DOWN ***
lubomir123 shows [Ad Ah] (Trips of Aces)
MinnieTheDog shows [8s 9s] (High card : Ace)
MinnieTheDog collected 13136 from side pot 1
lubomir123 collected 28968 from main pot
*** SUMMARY ***
Total pot 42104 | No rake
Board: [As 7c 4h Kh Td]
Seat 5: lubomir123 (button) showed [Ad Ah] and won 28968 with Trips of Aces
Seat 6: MinnieTheDog (small blind) showed [8s 9s] and won 13136 with High card : Ace


Winamax Poker - Tournament "NITRO" buyIn: 18€ + 2€ level: 8 - HandId: #3186325319371980833-48-1707419789 - Holdem no limit (80/350/700) - 2024/02/08 19:16:29 UTC
Table: 'NITRO(741874175)#032' 6-max (real money) Seat #6 is the button
Seat 1: A.Onana (33348, 9€ bounty)
Seat 2: LaGrappe6 (16920, 9€ bounty)
Seat 3: torresmo123 (8010, 9€ bounty)
Seat 4: MaTpoC (21486, 9€ bounty)
Seat 5: lubomir123 (28968, 9€ bounty)
Seat 6: MinnieTheDog (13136, 9€ bounty)
*** ANTE/BLINDS ***
A.Onana posts ante 80
LaGrappe6 posts ante 80
torresmo123 posts ante 80
MaTpoC posts ante 80
lubomir123 posts ante 80
MinnieTheDog posts ante 80
A.Onana posts small blind 350
LaGrappe6 posts big blind 700
Dealt to torresmo123 [6s 5c]
*** PRE-FLOP *** 
torresmo123 folds
MaTpoC folds
lubomir123 folds
MinnieTheDog folds
A.Onana calls 350
LaGrappe6 raises 1750 to 2450
A.Onana folds
LaGrappe6 collected 3630 from pot
*** SUMMARY ***
Total pot 3630 | No rake
Seat 2: LaGrappe6 (big blind) won 3630


Winamax Poker - Tournament "NITRO" buyIn: 18€ + 2€ level: 8 - HandId: #3186325319371980833-49-1707419838 - Holdem no limit (80/350/700) - 2024/02/08 19:17:18 UTC
Table: 'NITRO(741874175)#032' 6-max (real money) Seat #1 is the button
Seat 1: A.Onana (32568, 9€ bounty)
Seat 2: LaGrappe6 (18020, 9€ bounty)
Seat 3: torresmo123 (7930, 9€ bounty)
Seat 4: MaTpoC (21406, 9€ bounty)
Seat 5: lubomir123 (28888, 9€ bounty)
Seat 6: MinnieTheDog (13056, 9€ bounty)
*** ANTE/BLINDS ***
LaGrappe6 posts ante 80
torresmo123 posts ante 80
A.Onana posts ante 80
MaTpoC posts ante 80
lubomir123 posts ante 80
MinnieTheDog posts ante 80
LaGrappe6 posts small blind 350
torresmo123 posts big blind 700
Dealt to torresmo123 [4c 5c]
*** PRE-FLOP *** 
MaTpoC folds
lubomir123 folds
MinnieTheDog folds
A.Onana folds
LaGrappe6 raises 17240 to 17940 and is all-in
torresmo123 folds
LaGrappe6 collected 19120 from pot
*** SUMMARY ***
Total pot 19120 | No rake
Seat 2: LaGrappe6 (small blind) won 19120


Winamax Poker - Tournament "NITRO" buyIn: 18€ + 2€ level: 8 - HandId: #3186325319371980833-50-1707419883 - Holdem no limit (80/350/700) - 2024/02/08 19:18:03 UTC
Table: 'NITRO(741874175)#032' 6-max (real money) Seat #2 is the button
Seat 1: A.Onana (32488, 9€ bounty)
Seat 2: LaGrappe6 (19120, 9€ bounty)
Seat 3: torresmo123 (7150, 9€ bounty)
Seat 4: MaTpoC (21326, 9€ bounty)
Seat 5: lubomir123 (28808, 9€ bounty)
Seat 6: MinnieTheDog (12976, 9€ bounty)
*** ANTE/BLINDS ***
torresmo123 posts ante 80
MaTpoC posts ante 80
A.Onana posts ante 80
LaGrappe6 posts ante 80
lubomir123 posts ante 80
MinnieTheDog posts ante 80
torresmo123 posts small blind 350
MaTpoC posts big blind 700
Dealt to torresmo123 [Qc Qd]
*** PRE-FLOP *** 
lubomir123 folds
MinnieTheDog raises 700 to 1400
A.Onana folds
LaGrappe6 folds
torresmo123 raises 5670 to 7070 and is all-in
MaTpoC folds
MinnieTheDog calls 5670
*** FLOP *** [8c 3s Qh]
*** TURN *** [8c 3s Qh][Jc]
*** RIVER *** [8c 3s Qh Jc][2h]
*** SHOW DOWN ***
MinnieTheDog shows [7d Kd] (High card : King)
torresmo123 shows [Qc Qd] (Trips of Queens)
torresmo123 collected 15320 from pot
*** SUMMARY ***
Total pot 15320 | No rake
Board: [8c 3s Qh Jc 2h]
Seat 3: torresmo123 (small blind) showed [Qc Qd] and won 15320 with Trips of Queens
Seat 6: MinnieTheDog showed [7d Kd] and lost with High card : King


Winamax Poker - Tournament "NITRO" buyIn: 18€ + 2€ level: 8 - HandId: #3186325319371980833-51-1707419928 - Holdem no limit (80/350/700) - 2024/02/08 19:18:48 UTC
Table: 'NITRO(741874175)#032' 6-max (real money) Seat #3 is the button
Seat 1: A.Onana (32408, 9€ bounty)
Seat 2: LaGrappe6 (19040, 9€ bounty)
Seat 3: torresmo123 (15320, 9€ bounty)
Seat 4: MaTpoC (20546, 9€ bounty)
Seat 5: lubomir123 (28728, 9€ bounty)
Seat 6: MinnieTheDog (5826, 9€ bounty)
*** ANTE/BLINDS ***
MaTpoC posts ante 80
lubomir123 posts ante 80
A.Onana posts ante 80
LaGrappe6 posts ante 80
torresmo123 posts ante 80
MinnieTheDog posts ante 80
MaTpoC posts small blind 350
lubomir123 posts big blind 700
Dealt to torresmo123 [Ad 2h]
*** PRE-FLOP *** 
MinnieTheDog folds
A.Onana folds
LaGrappe6 raises 700 to 1400
torresmo123 folds
MaTpoC folds
lubomir123 folds
LaGrappe6 collected 2930 from pot
*** SUMMARY ***
Total pot 2930 | No rake
Seat 2: LaGrappe6 won 2930


Winamax Poker - Tournament "NITRO" buyIn: 18€ + 2€ level: 8 - HandId: #3186325319371980833-52-1707419963 - Holdem no limit (80/350/700) - 2024/02/08 19:19:23 UTC
Table: 'NITRO(741874175)#032' 6-max (real money) Seat #4 is the button
Seat 1: A.Onana (32328, 9€ bounty)
Seat 2: LaGrappe6 (20490, 9€ bounty)
Seat 3: torresmo123 (15240, 9€ bounty)
Seat 4: MaTpoC (20116, 9€ bounty)
Seat 5: lubomir123 (27948, 9€ bounty)
Seat 6: MinnieTheDog (5746, 9€ bounty)
*** ANTE/BLINDS ***
lubomir123 posts ante 80
MinnieTheDog posts ante 80
A.Onana posts ante 80
LaGrappe6 posts ante 80
torresmo123 posts ante 80
MaTpoC posts ante 80
lubomir123 posts small blind 350
MinnieTheDog posts big blind 700
Dealt to torresmo123 [4d Ad]
*** PRE-FLOP *** 
A.Onana raises 700 to 1400
LaGrappe6 folds
torresmo123 calls 1400
MaTpoC folds
lubomir123 calls 1050
MinnieTheDog raises 4266 to 5666 and is all-in
A.Onana raises 26582 to 32248 and is all-in
torresmo123 folds
lubomir123 calls 26468 and is all-in
*** FLOP *** [Jh 7s 9d]
*** TURN *** [Jh 7s 9d][4h]
*** RIVER *** [Jh 7s 9d 4h][Td]
*** SHOW DOWN ***
MinnieTheDog shows [Jd Th] (Two pairs : Jacks and Tens)
A.Onana shows [Qs Jc] (One pair : Jacks)
lubomir123 shows [7h 8h] (Straight Jack high)
lubomir123 collected 63282 from main pot
A.Onana collected 4380 from side pot 1
*** SUMMARY ***
Total pot 67662 | No rake
Board: [Jh 7s 9d 4h Td]
Seat 1: A.Onana showed [Qs Jc] and won 4380 with One pair : Jacks
Seat 5: lubomir123 (small blind) showed [7h 8h] and won 63282 with Straight Jack high
Seat 6: MinnieTheDog (big blind) showed [Jd Th] and lost with Two pairs : Jacks and Tens


Winamax Poker - Tournament "NITRO" buyIn: 18€ + 2€ level: 8 - HandId: #3186325319371980833-53-1707420022 - Holdem no limit (80/350/700) - 2024/02/08 19:20:22 UTC
Table: 'NITRO(741874175)#032' 6-max (real money) Seat #5 is the button
Seat 1: A.Onana (4380, 9€ bounty)
Seat 2: LaGrappe6 (20410, 9€ bounty)
Seat 3: torresmo123 (13760, 9€ bounty)
Seat 4: MaTpoC (20036, 9€ bounty)
Seat 5: lubomir123 (63282, 13.50€ bounty)
*** ANTE/BLINDS ***
A.Onana posts ante 80
LaGrappe6 posts ante 80
torresmo123 posts ante 80
MaTpoC posts ante 80
lubomir123 posts ante 80
A.Onana posts big blind 700
Dealt to torresmo123 [Jd 9s]
*** PRE-FLOP *** 
LaGrappe6 folds
torresmo123 folds
MaTpoC raises 700 to 1400
lubomir123 folds
A.Onana raises 2900 to 4300 and is all-in
MaTpoC calls 2900
*** FLOP *** [Tc Js 9h]
*** TURN *** [Tc Js 9h][6c]
*** RIVER *** [Tc Js 9h 6c][6h]
*** SHOW DOWN ***
A.Onana shows [5c Ah] (One pair : 6)
MaTpoC shows [Ac 8s] (One pair : 6)
MaTpoC collected 4500 from pot
A.Onana collected 4500 from pot
*** SUMMARY ***
Total pot 9000 | No rake
Board: [Tc Js 9h 6c 6h]
Seat 1: A.Onana (big blind) showed [5c Ah] and won 4500 with One pair : 6
Seat 4: MaTpoC showed [Ac 8s] and won 4500 with One pair : 6


Winamax Poker - Tournament "NITRO" buyIn: 18€ + 2€ level: 9 - HandId: #3186325319371980833-54-1707420067 - Holdem no limit (100/400/800) - 2024/02/08 19:21:07 UTC
Table: 'NITRO(741874175)#032' 6-max (real money) Seat #6 is the button
Seat 1: A.Onana (4500, 9€ bounty)
Seat 2: LaGrappe6 (20330, 9€ bounty)
Seat 3: torresmo123 (13680, 9€ bounty)
Seat 4: MaTpoC (20156, 9€ bounty)
Seat 5: lubomir123 (63202, 13.50€ bounty)
*** ANTE/BLINDS ***
A.Onana posts ante 100
LaGrappe6 posts ante 100
torresmo123 posts ante 100
MaTpoC posts ante 100
lubomir123 posts ante 100
A.Onana posts small blind 400
LaGrappe6 posts big blind 800
Dealt to torresmo123 [8d 3s]
*** PRE-FLOP *** 
torresmo123 folds
MaTpoC folds
lubomir123 folds
A.Onana raises 3600 to 4400 and is all-in
LaGrappe6 calls 3600
*** FLOP *** [7d 5c 2s]
*** TURN *** [7d 5c 2s][2d]
*** RIVER *** [7d 5c 2s 2d][Qh]
*** SHOW DOWN ***
LaGrappe6 shows [Ad Ts] (One pair : 2)
A.Onana shows [Qc 3d] (Two pairs : Queens and 2)
A.Onana collected 9300 from pot
*** SUMMARY ***
Total pot 9300 | No rake
Board: [7d 5c 2s 2d Qh]
Seat 1: A.Onana (small blind) showed [Qc 3d] and won 9300 with Two pairs : Queens and 2
Seat 2: LaGrappe6 (big blind) showed [Ad Ts] and lost with One pair : 2


Winamax Poker - Tournament "NITRO" buyIn: 18€ + 2€ level: 9 - HandId: #3186325319371980833-55-1707420095 - Holdem no limit (100/400/800) - 2024/02/08 19:21:35 UTC
Table: 'NITRO(741874175)#032' 6-max (real money) Seat #1 is the button
Seat 1: A.Onana (9300, 9€ bounty)
Seat 2: LaGrappe6 (15830, 9€ bounty)
Seat 3: torresmo123 (13580, 9€ bounty)
Seat 4: MaTpoC (20056, 9€ bounty)
Seat 5: lubomir123 (63102, 13.50€ bounty)
*** ANTE/BLINDS ***
LaGrappe6 posts ante 100
torresmo123 posts ante 100
A.Onana posts ante 100
MaTpoC posts ante 100
lubomir123 posts ante 100
LaGrappe6 posts small blind 400
torresmo123 posts big blind 800
Dealt to torresmo123 [2d Qc]
*** PRE-FLOP *** 
MaTpoC folds
lubomir123 folds
A.Onana raises 8400 to 9200 and is all-in
LaGrappe6 folds
torresmo123 folds
A.Onana collected 10900 from pot
*** SUMMARY ***
Total pot 10900 | No rake
Seat 1: A.Onana (button) won 10900


Winamax Poker - Tournament "NITRO" buyIn: 18€ + 2€ level: 9 - HandId: #3186325319371980833-56-1707420116 - Holdem no limit (100/400/800) - 2024/02/08 19:21:56 UTC
Table: 'NITRO(741874175)#032' 6-max (real money) Seat #2 is the button
Seat 1: A.Onana (10900, 9€ bounty)
Seat 2: LaGrappe6 (15330, 9€ bounty)
Seat 3: torresmo123 (12680, 9€ bounty)
Seat 4: MaTpoC (19956, 9€ bounty)
Seat 5: lubomir123 (63002, 13.50€ bounty)
*** ANTE/BLINDS ***
torresmo123 posts ante 100
MaTpoC posts ante 100
A.Onana posts ante 100
LaGrappe6 posts ante 100
lubomir123 posts ante 100
torresmo123 posts small blind 400
MaTpoC posts big blind 800
Dealt to torresmo123 [7h 8s]
*** PRE-FLOP *** 
lubomir123 folds
A.Onana folds
LaGrappe6 raises 800 to 1600
torresmo123 folds
MaTpoC raises 18256 to 19856 and is all-in
LaGrappe6 calls 13630 and is all-in
*** FLOP *** [5s Jd 2c]
*** TURN *** [5s Jd 2c][Tc]
*** RIVER *** [5s Jd 2c Tc][Qc]
*** SHOW DOWN ***
LaGrappe6 shows [Jh Kh] (One pair : Jacks)
MaTpoC shows [Ah 8c] (High card : Ace)
MaTpoC collected 4626 from side pot 1
LaGrappe6 collected 31360 from main pot
*** SUMMARY ***
Total pot 35986 | No rake
Board: [5s Jd 2c Tc Qc]
Seat 2: LaGrappe6 (button) showed [Jh Kh] and won 31360 with One pair : Jacks
Seat 4: MaTpoC (big blind) showed [Ah 8c] and won 4626 with High card : Ace


Winamax Poker - Tournament "NITRO" buyIn: 18€ + 2€ level: 9 - HandId: #3186325319371980833-57-1707420148 - Holdem no limit (100/400/800) - 2024/02/08 19:22:28 UTC
Table: 'NITRO(741874175)#032' 6-max (real money) Seat #3 is the button
Seat 1: A.Onana (10800, 9€ bounty)
Seat 2: LaGrappe6 (31360, 9€ bounty)
Seat 3: torresmo123 (12180, 9€ bounty)
Seat 4: MaTpoC (4626, 9€ bounty)
Seat 5: lubomir123 (62902, 13.50€ bounty)
*** ANTE/BLINDS ***
MaTpoC posts ante 100
lubomir123 posts ante 100
A.Onana posts ante 100
LaGrappe6 posts ante 100
torresmo123 posts ante 100
MaTpoC posts small blind 400
lubomir123 posts big blind 800
Dealt to torresmo123 [9s 7c]
*** PRE-FLOP *** 
A.Onana folds
LaGrappe6 raises 800 to 1600
torresmo123 folds
MaTpoC raises 2926 to 4526 and is all-in
lubomir123 folds
LaGrappe6 calls 2926
*** FLOP *** [9d 3c 8c]
*** TURN *** [9d 3c 8c][7s]
*** RIVER *** [9d 3c 8c 7s][Td]
*** SHOW DOWN ***
MaTpoC shows [As 4d] (High card : Ace)
LaGrappe6 shows [Kh Jc] (Straight Jack high)
LaGrappe6 collected 10352 from pot
*** SUMMARY ***
Total pot 10352 | No rake
Board: [9d 3c 8c 7s Td]
Seat 2: LaGrappe6 showed [Kh Jc] and won 10352 with Straight Jack high
Seat 4: MaTpoC (small blind) showed [As 4d] and lost with High card : Ace


Winamax Poker - Tournament "NITRO" buyIn: 18€ + 2€ level: 9 - HandId: #3186325319371980833-58-1707420180 - Holdem no limit (100/400/800) - 2024/02/08 19:23:00 UTC
Table: 'NITRO(741874175)#032' 6-max (real money) Seat #4 is the button
Seat 1: A.Onana (10700, 9€ bounty)
Seat 2: LaGrappe6 (37086, 13.50€ bounty)
Seat 3: torresmo123 (12080, 9€ bounty)
Seat 5: lubomir123 (62002, 13.50€ bounty)
*** ANTE/BLINDS ***
lubomir123 posts ante 100
A.Onana posts ante 100
LaGrappe6 posts ante 100
torresmo123 posts ante 100
lubomir123 posts small blind 400
A.Onana posts big blind 800
Dealt to torresmo123 [3h 2d]
*** PRE-FLOP *** 
LaGrappe6 raises 800 to 1600
torresmo123 folds
lubomir123 folds
A.Onana calls 800
*** FLOP *** [Th 4h 7s]
A.Onana checks
LaGrappe6 checks
*** TURN *** [Th 4h 7s][Tc]
A.Onana checks
LaGrappe6 bets 1200
A.Onana folds
LaGrappe6 collected 5200 from pot
*** SUMMARY ***
Total pot 5200 | No rake
Board: [Th 4h 7s Tc]
Seat 2: LaGrappe6 won 5200


Winamax Poker - Tournament "NITRO" buyIn: 18€ + 2€ level: 9 - HandId: #3186325319371980833-59-1707420232 - Holdem no limit (100/400/800) - 2024/02/08 19:23:52 UTC
Table: 'NITRO(741874175)#032' 6-max (real money) Seat #5 is the button
Seat 1: A.Onana (9000, 9€ bounty)
Seat 2: LaGrappe6 (39386, 13.50€ bounty)
Seat 3: torresmo123 (11980, 9€ bounty)
Seat 5: lubomir123 (61502, 13.50€ bounty)
Seat 6: mohdjack (21659, 13.50€ bounty)
*** ANTE/BLINDS ***
A.Onana posts ante 100
LaGrappe6 posts ante 100
torresmo123 posts ante 100
lubomir123 posts ante 100
A.Onana posts small blind 400
LaGrappe6 posts big blind 800
Dealt to torresmo123 [2d Ah]
*** PRE-FLOP *** 
torresmo123 folds
lubomir123 folds
A.Onana folds
LaGrappe6 collected 1600 from pot
*** SUMMARY ***
Total pot 1600 | No rake
Seat 2: LaGrappe6 (big blind) won 1600


Winamax Poker - Tournament "NITRO" buyIn: 18€ + 2€ level: 9 - HandId: #3186325319371980833-60-1707420258 - Holdem no limit (100/400/800) - 2024/02/08 19:24:18 UTC
Table: 'NITRO(741874175)#032' 6-max (real money) Seat #1 is the button
Seat 1: A.Onana (8500, 9€ bounty)
Seat 2: LaGrappe6 (40086, 13.50€ bounty)
Seat 3: torresmo123 (11880, 9€ bounty)
Seat 5: lubomir123 (61402, 13.50€ bounty)
Seat 6: mohdjack (21659, 13.50€ bounty)
*** ANTE/BLINDS ***
LaGrappe6 posts ante 100
torresmo123 posts ante 100
A.Onana posts ante 100
lubomir123 posts ante 100
mohdjack posts ante 100
LaGrappe6 posts small blind 400
torresmo123 posts big blind 800
Dealt to torresmo123 [Qc 6h]
*** PRE-FLOP *** 
lubomir123 raises 800 to 1600
mohdjack raises 19959 to 21559 and is all-in
A.Onana folds
LaGrappe6 folds
torresmo123 folds
lubomir123 folds
mohdjack collected 24859 from pot
*** SUMMARY ***
Total pot 24859 | No rake
Seat 6: mohdjack won 24859


Winamax Poker - Tournament "NITRO" buyIn: 18€ + 2€ level: 9 - HandId: #3186325319371980833-61-1707420291 - Holdem no limit (100/400/800) - 2024/02/08 19:24:51 UTC
Table: 'NITRO(741874175)#032' 6-max (real money) Seat #2 is the button
Seat 1: A.Onana (8400, 9€ bounty)
Seat 2: LaGrappe6 (39586, 13.50€ bounty)
Seat 3: torresmo123 (10980, 9€ bounty)
Seat 5: lubomir123 (59702, 13.50€ bounty)
Seat 6: mohdjack (24859, 13.50€ bounty)
*** ANTE/BLINDS ***
torresmo123 posts ante 100
lubomir123 posts ante 100
A.Onana posts ante 100
LaGrappe6 posts ante 100
mohdjack posts ante 100
torresmo123 posts small blind 400
lubomir123 posts big blind 800
Dealt to torresmo123 [Ad 5h]
*** PRE-FLOP *** 
mohdjack folds
A.Onana raises 7500 to 8300 and is all-in
LaGrappe6 folds
torresmo123 raises 2580 to 10880 and is all-in
lubomir123 calls 10080
*** FLOP *** [3h 7d 6h]
*** TURN *** [3h 7d 6h][8h]
*** RIVER *** [3h 7d 6h 8h][Ac]
*** SHOW DOWN ***
lubomir123 shows [4c 4h] (One pair : 4)
A.Onana shows [6c 6d] (Trips of 6)
torresmo123 shows [Ad 5h] (One pair : Aces)
torresmo123 collected 5160 from side pot 1
A.Onana collected 25400 from main pot
*** SUMMARY ***
Total pot 30560 | No rake
Board: [3h 7d 6h 8h Ac]
Seat 1: A.Onana showed [6c 6d] and won 25400 with Trips of 6
Seat 3: torresmo123 (small blind) showed [Ad 5h] and won 5160 with One pair : Aces
Seat 5: lubomir123 (big blind) showed [4c 4h] and lost with One pair : 4


Winamax Poker - Tournament "NITRO" buyIn: 18€ + 2€ level: 9 - HandId: #3186325319371980833-62-1707420333 - Holdem no limit (100/400/800) - 2024/02/08 19:25:33 UTC
Table: 'NITRO(741874175)#032' 6-max (real money) Seat #3 is the button
Seat 1: A.Onana (25400, 9€ bounty)
Seat 2: LaGrappe6 (39486, 13.50€ bounty)
Seat 3: torresmo123 (5160, 9€ bounty)
Seat 4: ElfMonk333 (25416, 9€ bounty)
Seat 5: lubomir123 (48722, 13.50€ bounty)
Seat 6: mohdjack (24759, 13.50€ bounty)
*** ANTE/BLINDS ***
lubomir123 posts ante 100
mohdjack posts ante 100
A.Onana posts ante 100
LaGrappe6 posts ante 100
torresmo123 posts ante 100
lubomir123 posts small blind 400
mohdjack posts big blind 800
Dealt to torresmo123 [9s 7h]
*** PRE-FLOP *** 
A.Onana folds
LaGrappe6 folds
torresmo123 folds
lubomir123 raises 1200 to 2000
mohdjack calls 1200
*** FLOP *** [6s 4d 4c]
lubomir123 bets 2250
mohdjack calls 2250
*** TURN *** [6s 4d 4c][8d]
lubomir123 checks
mohdjack bets 3150
lubomir123 calls 3150
*** RIVER *** [6s 4d 4c 8d][3d]
lubomir123 checks
mohdjack bets 5355
lubomir123 calls 5355
*** SHOW DOWN ***
lubomir123 shows [Ah Qc] (One pair : 4)
mohdjack shows [Kd 4s] (Trips of 4)
mohdjack collected 26010 from pot
*** SUMMARY ***
Total pot 26010 | No rake
Board: [6s 4d 4c 8d 3d]
Seat 5: lubomir123 (small blind) showed [Ah Qc] and lost with One pair : 4
Seat 6: mohdjack (big blind) showed [Kd 4s] and won 26010 with Trips of 4


Winamax Poker - Tournament "NITRO" buyIn: 18€ + 2€ level: 10 - HandId: #3186325319371980833-63-1707420387 - Holdem no limit (120/500/1000) - 2024/02/08 19:26:27 UTC
Table: 'NITRO(741874175)#032' 6-max (real money) Seat #5 is the button
Seat 1: A.Onana (25300, 9€ bounty)
Seat 2: LaGrappe6 (39386, 13.50€ bounty)
Seat 3: torresmo123 (5060, 9€ bounty)
Seat 4: ElfMonk333 (25416, 9€ bounty)
Seat 5: lubomir123 (35867, 13.50€ bounty)
Seat 6: mohdjack (37914, 13.50€ bounty)
*** ANTE/BLINDS ***
mohdjack posts ante 120
A.Onana posts ante 120
LaGrappe6 posts ante 120
torresmo123 posts ante 120
ElfMonk333 posts ante 120
lubomir123 posts ante 120
mohdjack posts small blind 500
A.Onana posts big blind 1000
Dealt to torresmo123 [6s 6d]
*** PRE-FLOP *** 
LaGrappe6 raises 1000 to 2000
torresmo123 raises 2940 to 4940 and is all-in
ElfMonk333 folds
lubomir123 raises 30807 to 35747 and is all-in
mohdjack calls 35247
A.Onana folds
LaGrappe6 folds
*** FLOP *** [Qd 4s Ts]
*** TURN *** [Qd 4s Ts][8s]
*** RIVER *** [Qd 4s Ts 8s][9d]
*** SHOW DOWN ***
torresmo123 shows [6s 6d] (One pair : 6)
lubomir123 shows [4d Ah] (One pair : 4)
mohdjack shows [8d As] (One pair : 8)
mohdjack collected 80154 from pot
*** SUMMARY ***
Total pot 80154 | No rake
Board: [Qd 4s Ts 8s 9d]
Seat 3: torresmo123 showed [6s 6d] and lost with One pair : 6
Seat 5: lubomir123 (button) showed [4d Ah] and lost with One pair : 4
Seat 6: mohdjack (small blind) showed [8d As] and won 80154 with One pair : 8


