Winamax Poker - Tournament "NITRO" buyIn: 18€ + 2€ level: 1 - HandId: #3205116634515636280-5-1708367944 - Holdem no limit (25/100/200) - 2024/02/19 18:39:04 UTC
Table: 'NITRO(746249369)#055' 6-max (real money) Seat #6 is the button
Seat 1: AngelMa_10 (22004, 9€ bounty)
Seat 2: torresmo123 (16130, 9€ bounty)
Seat 3: LittleBen (12216, 9€ bounty)
Seat 4: VaZy JoJo (11461, 9€ bounty)
Seat 5: ms06370 (19625, 9€ bounty)
Seat 6: JWPOCKER (18501, 9€ bounty)
*** ANTE/BLINDS ***
AngelMa_10 posts ante 25
torresmo123 posts ante 25
LittleBen posts ante 25
VaZy JoJo posts ante 25
ms06370 posts ante 25
JWPOCKER posts ante 25
AngelMa_10 posts small blind 100
torresmo123 posts big blind 200
Dealt to torresmo123 [Ts Td]
*** PRE-FLOP *** 
LittleBen raises 200 to 400
VaZy JoJo raises 300 to 700
ms06370 folds
JWPOCKER folds
AngelMa_10 folds
torresmo123 calls 500
LittleBen calls 300
*** FLOP *** [5c 7s Ks]
torresmo123 checks
LittleBen checks
VaZy JoJo checks
*** TURN *** [5c 7s Ks][Jc]
torresmo123 checks
LittleBen checks
VaZy JoJo bets 1528
torresmo123 folds
LittleBen folds
VaZy JoJo collected 3878 from pot
*** SUMMARY ***
Total pot 3878 | No rake
Board: [5c 7s Ks Jc]
Seat 4: VaZy JoJo won 3878


Winamax Poker - Tournament "NITRO" buyIn: 18€ + 2€ level: 2 - HandId: #3205116634515636280-6-1708368055 - Holdem no limit (30/125/250) - 2024/02/19 18:40:55 UTC
Table: 'NITRO(746249369)#055' 6-max (real money) Seat #1 is the button
Seat 1: AngelMa_10 (21879, 9€ bounty)
Seat 2: torresmo123 (15405, 9€ bounty)
Seat 3: LittleBen (11491, 9€ bounty)
Seat 4: VaZy JoJo (13086, 9€ bounty)
Seat 5: ms06370 (19600, 9€ bounty)
Seat 6: JWPOCKER (18476, 9€ bounty)
*** ANTE/BLINDS ***
torresmo123 posts ante 30
LittleBen posts ante 30
AngelMa_10 posts ante 30
VaZy JoJo posts ante 30
ms06370 posts ante 30
JWPOCKER posts ante 30
torresmo123 posts small blind 125
LittleBen posts big blind 250
Dealt to torresmo123 [Ad Js]
*** PRE-FLOP *** 
VaZy JoJo folds
ms06370 calls 250
JWPOCKER raises 1055 to 1305
AngelMa_10 folds
torresmo123 folds
LittleBen folds
ms06370 calls 1055
*** FLOP *** [5s Qc Th]
ms06370 checks
JWPOCKER bets 1583
ms06370 folds
JWPOCKER collected 4748 from pot
*** SUMMARY ***
Total pot 4748 | No rake
Board: [5s Qc Th]
Seat 6: JWPOCKER won 4748


Winamax Poker - Tournament "NITRO" buyIn: 18€ + 2€ level: 2 - HandId: #3205116634515636280-7-1708368087 - Holdem no limit (30/125/250) - 2024/02/19 18:41:27 UTC
Table: 'NITRO(746249369)#055' 6-max (real money) Seat #2 is the button
Seat 1: AngelMa_10 (21849, 9€ bounty)
Seat 2: torresmo123 (15250, 9€ bounty)
Seat 3: LittleBen (11211, 9€ bounty)
Seat 4: VaZy JoJo (13056, 9€ bounty)
Seat 5: ms06370 (18265, 9€ bounty)
Seat 6: JWPOCKER (20306, 9€ bounty)
*** ANTE/BLINDS ***
LittleBen posts ante 30
VaZy JoJo posts ante 30
AngelMa_10 posts ante 30
torresmo123 posts ante 30
ms06370 posts ante 30
JWPOCKER posts ante 30
LittleBen posts small blind 125
VaZy JoJo posts big blind 250
Dealt to torresmo123 [8c 8h]
*** PRE-FLOP *** 
ms06370 calls 250
JWPOCKER calls 250
AngelMa_10 calls 250
torresmo123 raises 1875 to 2125
LittleBen folds
VaZy JoJo folds
ms06370 folds
JWPOCKER calls 1875
AngelMa_10 folds
*** FLOP *** [Tc 9s 9d]
JWPOCKER checks
torresmo123 checks
*** TURN *** [Tc 9s 9d][Th]
JWPOCKER checks
torresmo123 bets 2918
JWPOCKER folds
torresmo123 collected 8223 from pot
*** SUMMARY ***
Total pot 8223 | No rake
Board: [Tc 9s 9d Th]
Seat 2: torresmo123 (button) won 8223


Winamax Poker - Tournament "NITRO" buyIn: 18€ + 2€ level: 2 - HandId: #3205116634515636280-8-1708368162 - Holdem no limit (30/125/250) - 2024/02/19 18:42:42 UTC
Table: 'NITRO(746249369)#055' 6-max (real money) Seat #3 is the button
Seat 1: AngelMa_10 (21569, 9€ bounty)
Seat 2: torresmo123 (18400, 9€ bounty)
Seat 3: LittleBen (11056, 9€ bounty)
Seat 4: VaZy JoJo (12776, 9€ bounty)
Seat 5: ms06370 (17985, 9€ bounty)
Seat 6: JWPOCKER (18151, 9€ bounty)
*** ANTE/BLINDS ***
VaZy JoJo posts ante 30
ms06370 posts ante 30
AngelMa_10 posts ante 30
torresmo123 posts ante 30
LittleBen posts ante 30
JWPOCKER posts ante 30
VaZy JoJo posts small blind 125
ms06370 posts big blind 250
Dealt to torresmo123 [4c Kh]
*** PRE-FLOP *** 
JWPOCKER folds
AngelMa_10 folds
torresmo123 folds
LittleBen folds
VaZy JoJo raises 375 to 625
ms06370 calls 375
*** FLOP *** [Jh 2d As]
VaZy JoJo checks
ms06370 bets 930
VaZy JoJo calls 930
*** TURN *** [Jh 2d As][2s]
VaZy JoJo checks
ms06370 checks
*** RIVER *** [Jh 2d As 2s][3s]
VaZy JoJo checks
ms06370 bets 250
VaZy JoJo calls 250
*** SHOW DOWN ***
VaZy JoJo shows [6d 6s] (Two pairs : 6 and 2)
ms06370 shows [8d Ah] (Two pairs : Aces and 2)
ms06370 collected 3790 from pot
*** SUMMARY ***
Total pot 3790 | No rake
Board: [Jh 2d As 2s 3s]
Seat 4: VaZy JoJo (small blind) showed [6d 6s] and lost with Two pairs : 6 and 2
Seat 5: ms06370 (big blind) showed [8d Ah] and won 3790 with Two pairs : Aces and 2


Winamax Poker - Tournament "NITRO" buyIn: 18€ + 2€ level: 2 - HandId: #3205116634515636280-9-1708368193 - Holdem no limit (30/125/250) - 2024/02/19 18:43:13 UTC
Table: 'NITRO(746249369)#055' 6-max (real money) Seat #4 is the button
Seat 1: AngelMa_10 (21539, 9€ bounty)
Seat 2: torresmo123 (18370, 9€ bounty)
Seat 3: LittleBen (11026, 9€ bounty)
Seat 4: VaZy JoJo (10941, 9€ bounty)
Seat 5: ms06370 (19940, 9€ bounty)
Seat 6: JWPOCKER (18121, 9€ bounty)
*** ANTE/BLINDS ***
ms06370 posts ante 30
JWPOCKER posts ante 30
AngelMa_10 posts ante 30
torresmo123 posts ante 30
LittleBen posts ante 30
VaZy JoJo posts ante 30
ms06370 posts small blind 125
JWPOCKER posts big blind 250
Dealt to torresmo123 [4s 5c]
*** PRE-FLOP *** 
AngelMa_10 folds
torresmo123 folds
LittleBen raises 250 to 500
VaZy JoJo folds
ms06370 calls 375
JWPOCKER calls 250
*** FLOP *** [Ks Qc 2h]
ms06370 checks
JWPOCKER checks
LittleBen bets 840
ms06370 folds
JWPOCKER calls 840
*** TURN *** [Ks Qc 2h][Th]
JWPOCKER checks
LittleBen bets 2250
JWPOCKER folds
LittleBen collected 5610 from pot
*** SUMMARY ***
Total pot 5610 | No rake
Board: [Ks Qc 2h Th]
Seat 3: LittleBen won 5610


Winamax Poker - Tournament "NITRO" buyIn: 18€ + 2€ level: 2 - HandId: #3205116634515636280-10-1708368260 - Holdem no limit (30/125/250) - 2024/02/19 18:44:20 UTC
Table: 'NITRO(746249369)#055' 6-max (real money) Seat #5 is the button
Seat 1: AngelMa_10 (21509, 9€ bounty)
Seat 2: torresmo123 (18340, 9€ bounty)
Seat 3: LittleBen (13016, 9€ bounty)
Seat 4: VaZy JoJo (10911, 9€ bounty)
Seat 5: ms06370 (19410, 9€ bounty)
Seat 6: JWPOCKER (16751, 9€ bounty)
*** ANTE/BLINDS ***
JWPOCKER posts ante 30
AngelMa_10 posts ante 30
torresmo123 posts ante 30
LittleBen posts ante 30
VaZy JoJo posts ante 30
ms06370 posts ante 30
JWPOCKER posts small blind 125
AngelMa_10 posts big blind 250
Dealt to torresmo123 [4h Th]
*** PRE-FLOP *** 
torresmo123 folds
LittleBen folds
VaZy JoJo folds
ms06370 calls 250
JWPOCKER calls 125
AngelMa_10 checks
*** FLOP *** [6s Ks 5d]
JWPOCKER checks
AngelMa_10 checks
ms06370 checks
*** TURN *** [6s Ks 5d][8d]
JWPOCKER checks
AngelMa_10 checks
ms06370 bets 930
JWPOCKER folds
AngelMa_10 folds
ms06370 collected 1860 from pot
*** SUMMARY ***
Total pot 1860 | No rake
Board: [6s Ks 5d 8d]
Seat 5: ms06370 (button) won 1860


