Winamax Poker - Tournament "SPRINT" buyIn: 18€ + 2€ level: 4 - HandId: #3216072383123161102-33-1708982929 - Holdem no limit (40/175/350) - 2024/02/26 21:28:49 UTC
Table: 'SPRINT(748800203)#013' 6-max (real money) Seat #4 is the button
Seat 1: CryptoYerman (24283, 9€ bounty)
Seat 2: Saenko156 (30253, 9€ bounty)
Seat 3: Felix Ursi (36005, 13.50€ bounty)
Seat 4: bAl4nc3 (20359, 9€ bounty)
Seat 5: HellbaT (27470, 13.50€ bounty)
Seat 6: torresmo123 (20000, 9€ bounty)
*** ANTE/BLINDS ***
HellbaT posts ante 40
torresmo123 posts ante 40
CryptoYerman posts ante 40
Saenko156 posts ante 40
Felix Ursi posts ante 40
bAl4nc3 posts ante 40
HellbaT posts small blind 175
torresmo123 posts big blind 350
Dealt to torresmo123 [7h 9s]
*** PRE-FLOP *** 
CryptoYerman raises 455 to 805
Saenko156 folds
Felix Ursi calls 805
bAl4nc3 folds
HellbaT folds
torresmo123 folds
*** FLOP *** [Th 2s Qd]
CryptoYerman checks
Felix Ursi bets 760
CryptoYerman calls 760
*** TURN *** [Th 2s Qd][4c]
CryptoYerman checks
Felix Ursi bets 3895
CryptoYerman calls 3895
*** RIVER *** [Th 2s Qd 4c][8h]
CryptoYerman checks
Felix Ursi checks
*** SHOW DOWN ***
Felix Ursi shows [Js Kh] (High card : King)
CryptoYerman shows [Ah Ts] (One pair : Tens)
CryptoYerman collected 11685 from pot
*** SUMMARY ***
Total pot 11685 | No rake
Board: [Th 2s Qd 4c 8h]
Seat 1: CryptoYerman showed [Ah Ts] and won 11685 with One pair : Tens
Seat 3: Felix Ursi showed [Js Kh] and lost with High card : King


Winamax Poker - Tournament "SPRINT" buyIn: 18€ + 2€ level: 4 - HandId: #3216072383123161102-34-1708982996 - Holdem no limit (40/175/350) - 2024/02/26 21:29:56 UTC
Table: 'SPRINT(748800203)#013' 6-max (real money) Seat #5 is the button
Seat 1: CryptoYerman (30468, 9€ bounty)
Seat 2: Saenko156 (30213, 9€ bounty)
Seat 3: Felix Ursi (30505, 13.50€ bounty)
Seat 4: bAl4nc3 (20319, 9€ bounty)
Seat 5: HellbaT (27255, 13.50€ bounty)
Seat 6: torresmo123 (19610, 9€ bounty)
*** ANTE/BLINDS ***
torresmo123 posts ante 40
CryptoYerman posts ante 40
Saenko156 posts ante 40
Felix Ursi posts ante 40
bAl4nc3 posts ante 40
HellbaT posts ante 40
torresmo123 posts small blind 175
CryptoYerman posts big blind 350
Dealt to torresmo123 [7d 3s]
*** PRE-FLOP *** 
Saenko156 folds
Felix Ursi folds
bAl4nc3 folds
HellbaT raises 350 to 700
torresmo123 folds
CryptoYerman calls 350
*** FLOP *** [5d 4s 8h]
CryptoYerman checks
HellbaT bets 525
CryptoYerman folds
HellbaT collected 2340 from pot
*** SUMMARY ***
Total pot 2340 | No rake
Board: [5d 4s 8h]
Seat 5: HellbaT (button) won 2340


Winamax Poker - Tournament "SPRINT" buyIn: 18€ + 2€ level: 4 - HandId: #3216072383123161102-35-1708983050 - Holdem no limit (40/175/350) - 2024/02/26 21:30:50 UTC
Table: 'SPRINT(748800203)#013' 6-max (real money) Seat #6 is the button
Seat 1: CryptoYerman (29728, 9€ bounty)
Seat 2: Saenko156 (30173, 9€ bounty)
Seat 3: Felix Ursi (30465, 13.50€ bounty)
Seat 4: bAl4nc3 (20279, 9€ bounty)
Seat 5: HellbaT (28330, 13.50€ bounty)
Seat 6: torresmo123 (19395, 9€ bounty)
*** ANTE/BLINDS ***
CryptoYerman posts ante 40
Saenko156 posts ante 40
Felix Ursi posts ante 40
bAl4nc3 posts ante 40
HellbaT posts ante 40
torresmo123 posts ante 40
CryptoYerman posts small blind 175
Saenko156 posts big blind 350
Dealt to torresmo123 [5h 9d]
*** PRE-FLOP *** 
Felix Ursi folds
bAl4nc3 raises 378 to 728
HellbaT folds
torresmo123 folds
CryptoYerman folds
Saenko156 raises 2422 to 3150
bAl4nc3 folds
Saenko156 collected 4293 from pot
*** SUMMARY ***
Total pot 4293 | No rake
Seat 2: Saenko156 (big blind) won 4293


Winamax Poker - Tournament "SPRINT" buyIn: 18€ + 2€ level: 4 - HandId: #3216072383123161102-36-1708983099 - Holdem no limit (40/175/350) - 2024/02/26 21:31:39 UTC
Table: 'SPRINT(748800203)#013' 6-max (real money) Seat #1 is the button
Seat 1: CryptoYerman (29513, 9€ bounty)
Seat 2: Saenko156 (31276, 9€ bounty)
Seat 3: Felix Ursi (30425, 13.50€ bounty)
Seat 4: bAl4nc3 (19511, 9€ bounty)
Seat 5: HellbaT (28290, 13.50€ bounty)
Seat 6: torresmo123 (19355, 9€ bounty)
*** ANTE/BLINDS ***
Saenko156 posts ante 40
Felix Ursi posts ante 40
CryptoYerman posts ante 40
bAl4nc3 posts ante 40
HellbaT posts ante 40
torresmo123 posts ante 40
Saenko156 posts small blind 175
Felix Ursi posts big blind 350
Dealt to torresmo123 [4d 6s]
*** PRE-FLOP *** 
bAl4nc3 folds
HellbaT folds
torresmo123 folds
CryptoYerman folds
Saenko156 folds
Felix Ursi collected 765 from pot
*** SUMMARY ***
Total pot 765 | No rake
Seat 3: Felix Ursi (big blind) won 765


Winamax Poker - Tournament "SPRINT" buyIn: 18€ + 2€ level: 5 - HandId: #3216072383123161102-37-1708983127 - Holdem no limit (50/200/400) - 2024/02/26 21:32:07 UTC
Table: 'SPRINT(748800203)#013' 6-max (real money) Seat #2 is the button
Seat 1: CryptoYerman (29473, 9€ bounty)
Seat 2: Saenko156 (31061, 9€ bounty)
Seat 3: Felix Ursi (30800, 13.50€ bounty)
Seat 4: bAl4nc3 (19471, 9€ bounty)
Seat 5: HellbaT (28250, 13.50€ bounty)
Seat 6: torresmo123 (19315, 9€ bounty)
*** ANTE/BLINDS ***
Felix Ursi posts ante 50
bAl4nc3 posts ante 50
CryptoYerman posts ante 50
Saenko156 posts ante 50
HellbaT posts ante 50
torresmo123 posts ante 50
Felix Ursi posts small blind 200
bAl4nc3 posts big blind 400
Dealt to torresmo123 [Kh Qs]
*** PRE-FLOP *** 
HellbaT folds
torresmo123 raises 400 to 800
CryptoYerman folds
Saenko156 calls 800
Felix Ursi folds
bAl4nc3 folds
*** FLOP *** [Td Kd 3d]
torresmo123 checks
Saenko156 checks
*** TURN *** [Td Kd 3d][7s]
torresmo123 bets 2125
Saenko156 folds
torresmo123 collected 4625 from pot
*** SUMMARY ***
Total pot 4625 | No rake
Board: [Td Kd 3d 7s]
Seat 6: torresmo123 won 4625


Winamax Poker - Tournament "SPRINT" buyIn: 18€ + 2€ level: 5 - HandId: #3216072383123161118-22-1708983234 - Holdem no limit (50/200/400) - 2024/02/26 21:33:54 UTC
Table: 'SPRINT(748800203)#029' 6-max (real money) Seat #1 is the button
Seat 1: EL_PaTRoN_01 (67838, 27€ bounty)
Seat 2: Wago7 (10799, 9€ bounty)
Seat 3: torresmo123 (20965, 9€ bounty)
Seat 4: CrashDuFise (35967, 9€ bounty)
Seat 5: ShovingAA (34979, 9€ bounty)
*** ANTE/BLINDS ***
Wago7 posts ante 50
torresmo123 posts ante 50
EL_PaTRoN_01 posts ante 50
CrashDuFise posts ante 50
ShovingAA posts ante 50
Wago7 posts small blind 200
torresmo123 posts big blind 400
Dealt to torresmo123 [Js Qh]
*** PRE-FLOP *** 
CrashDuFise folds
ShovingAA folds
EL_PaTRoN_01 calls 400
Wago7 folds
torresmo123 checks
*** FLOP *** [8h 9c Td]
torresmo123 checks
EL_PaTRoN_01 bets 1000
torresmo123 raises 1800 to 2800
EL_PaTRoN_01 raises 64588 to 67388 and is all-in
torresmo123 calls 17715 and is all-in
*** TURN *** [8h 9c Td][Ah]
*** RIVER *** [8h 9c Td Ah][8c]
*** SHOW DOWN ***
torresmo123 shows [Js Qh] (Straight Queen high)
EL_PaTRoN_01 shows [8s 9s] (Full of 8 and 9)
EL_PaTRoN_01 collected 89153 from pot
*** SUMMARY ***
Total pot 89153 | No rake
Board: [8h 9c Td Ah 8c]
Seat 1: EL_PaTRoN_01 (button) showed [8s 9s] and won 89153 with Full of 8 and 9
Seat 3: torresmo123 (big blind) showed [Js Qh] and lost with Straight Queen high


Winamax Poker - Tournament "SPRINT" buyIn: 18€ + 2€ level: 5 - HandId: #3216072383123161092-36-1708983314 - Holdem no limit (50/200/400) - 2024/02/26 21:35:14 UTC
Table: 'SPRINT(748800203)#003' 6-max (real money) Seat #2 is the button
Seat 1: torresmo123 (20000, 9€ bounty)
Seat 2: lookie (17680, 9€ bounty)
Seat 3: 100G4m1 (66085, 18€ bounty)
Seat 4: bl0kingcvll (18826, 9€ bounty)
Seat 5: martiniflush (23566, 13.50€ bounty)
Seat 6: Maik Villa (30998, 9€ bounty)
*** ANTE/BLINDS ***
100G4m1 posts ante 50
bl0kingcvll posts ante 50
torresmo123 posts ante 50
lookie posts ante 50
martiniflush posts ante 50
Maik Villa posts ante 50
100G4m1 posts small blind 200
bl0kingcvll posts big blind 400
Dealt to torresmo123 [Js 8h]
*** PRE-FLOP *** 
martiniflush folds
Maik Villa folds
torresmo123 folds
lookie folds
100G4m1 calls 200
bl0kingcvll checks
*** FLOP *** [Ks 8c Kd]
100G4m1 checks
bl0kingcvll checks
*** TURN *** [Ks 8c Kd][2h]
100G4m1 bets 400
bl0kingcvll folds
100G4m1 collected 1500 from pot
*** SUMMARY ***
Total pot 1500 | No rake
Board: [Ks 8c Kd 2h]
Seat 3: 100G4m1 (small blind) won 1500


Winamax Poker - Tournament "SPRINT" buyIn: 18€ + 2€ level: 5 - HandId: #3216072383123161092-37-1708983348 - Holdem no limit (50/200/400) - 2024/02/26 21:35:48 UTC
Table: 'SPRINT(748800203)#003' 6-max (real money) Seat #3 is the button
Seat 1: torresmo123 (19950, 9€ bounty)
Seat 2: lookie (17630, 9€ bounty)
Seat 3: 100G4m1 (66735, 18€ bounty)
Seat 4: bl0kingcvll (18376, 9€ bounty)
Seat 5: martiniflush (23516, 13.50€ bounty)
Seat 6: Maik Villa (30948, 9€ bounty)
*** ANTE/BLINDS ***
bl0kingcvll posts ante 50
martiniflush posts ante 50
torresmo123 posts ante 50
lookie posts ante 50
100G4m1 posts ante 50
Maik Villa posts ante 50
bl0kingcvll posts small blind 200
martiniflush posts big blind 400
Dealt to torresmo123 [Th 5c]
*** PRE-FLOP *** 
Maik Villa raises 400 to 800
torresmo123 folds
lookie folds
100G4m1 folds
bl0kingcvll folds
martiniflush calls 400
*** FLOP *** [7s Ad 4h]
martiniflush checks
Maik Villa checks
*** TURN *** [7s Ad 4h][6c]
martiniflush checks
Maik Villa bets 400
martiniflush folds
Maik Villa collected 2500 from pot
*** SUMMARY ***
Total pot 2500 | No rake
Board: [7s Ad 4h 6c]
Seat 6: Maik Villa won 2500


Winamax Poker - Tournament "SPRINT" buyIn: 18€ + 2€ level: 6 - HandId: #3216072383123161092-38-1708983409 - Holdem no limit (60/250/500) - 2024/02/26 21:36:49 UTC
Table: 'SPRINT(748800203)#003' 6-max (real money) Seat #4 is the button
Seat 1: torresmo123 (19900, 9€ bounty)
Seat 2: lookie (17580, 9€ bounty)
Seat 3: 100G4m1 (66685, 18€ bounty)
Seat 4: bl0kingcvll (18126, 9€ bounty)
Seat 5: martiniflush (22666, 13.50€ bounty)
Seat 6: Maik Villa (32198, 9€ bounty)
*** ANTE/BLINDS ***
martiniflush posts ante 60
Maik Villa posts ante 60
torresmo123 posts ante 60
lookie posts ante 60
100G4m1 posts ante 60
bl0kingcvll posts ante 60
martiniflush posts small blind 250
Maik Villa posts big blind 500
Dealt to torresmo123 [4c 3s]
*** PRE-FLOP *** 
torresmo123 folds
lookie raises 625 to 1125
100G4m1 calls 1125
bl0kingcvll calls 1125
martiniflush folds
Maik Villa calls 625
*** FLOP *** [2d 6d Jh]
Maik Villa checks
lookie bets 1686
100G4m1 folds
bl0kingcvll folds
Maik Villa calls 1686
*** TURN *** [2d 6d Jh][5c]
Maik Villa checks
lookie bets 6786
Maik Villa calls 6786
*** RIVER *** [2d 6d Jh 5c][2c]
Maik Villa checks
lookie checks
*** SHOW DOWN ***
lookie shows [Ad Qd] (One pair : 2)
Maik Villa shows [9d Jd] (Two pairs : Jacks and 2)
Maik Villa collected 22054 from pot
*** SUMMARY ***
Total pot 22054 | No rake
Board: [2d 6d Jh 5c 2c]
Seat 2: lookie showed [Ad Qd] and lost with One pair : 2
Seat 6: Maik Villa (big blind) showed [9d Jd] and won 22054 with Two pairs : Jacks and 2


Winamax Poker - Tournament "SPRINT" buyIn: 18€ + 2€ level: 6 - HandId: #3216072383123161092-39-1708983502 - Holdem no limit (60/250/500) - 2024/02/26 21:38:22 UTC
Table: 'SPRINT(748800203)#003' 6-max (real money) Seat #5 is the button
Seat 1: torresmo123 (19840, 9€ bounty)
Seat 2: lookie (7923, 9€ bounty)
Seat 3: 100G4m1 (65500, 18€ bounty)
Seat 4: bl0kingcvll (16941, 9€ bounty)
Seat 5: martiniflush (22356, 13.50€ bounty)
Seat 6: Maik Villa (44595, 9€ bounty)
*** ANTE/BLINDS ***
Maik Villa posts ante 60
torresmo123 posts ante 60
lookie posts ante 60
100G4m1 posts ante 60
bl0kingcvll posts ante 60
martiniflush posts ante 60
Maik Villa posts small blind 250
torresmo123 posts big blind 500
Dealt to torresmo123 [5s Jd]
*** PRE-FLOP *** 
lookie folds
100G4m1 folds
bl0kingcvll folds
martiniflush raises 500 to 1000
Maik Villa folds
torresmo123 calls 500
*** FLOP *** [Kd Ac Qc]
torresmo123 checks
martiniflush bets 914
torresmo123 folds
martiniflush collected 3524 from pot
*** SUMMARY ***
Total pot 3524 | No rake
Board: [Kd Ac Qc]
Seat 5: martiniflush (button) won 3524


Winamax Poker - Tournament "SPRINT" buyIn: 18€ + 2€ level: 6 - HandId: #3216072383123161092-40-1708983545 - Holdem no limit (60/250/500) - 2024/02/26 21:39:05 UTC
Table: 'SPRINT(748800203)#003' 6-max (real money) Seat #6 is the button
Seat 1: torresmo123 (18780, 9€ bounty)
Seat 2: lookie (7863, 9€ bounty)
Seat 3: 100G4m1 (65440, 18€ bounty)
Seat 4: bl0kingcvll (16881, 9€ bounty)
Seat 5: martiniflush (23906, 13.50€ bounty)
Seat 6: Maik Villa (44285, 9€ bounty)
*** ANTE/BLINDS ***
torresmo123 posts ante 60
lookie posts ante 60
100G4m1 posts ante 60
bl0kingcvll posts ante 60
martiniflush posts ante 60
Maik Villa posts ante 60
torresmo123 posts small blind 250
lookie posts big blind 500
Dealt to torresmo123 [Td 2d]
*** PRE-FLOP *** 
100G4m1 raises 500 to 1000
bl0kingcvll raises 2000 to 3000
martiniflush folds
Maik Villa folds
torresmo123 folds
lookie folds
100G4m1 calls 2000
*** FLOP *** [9d Kc 2s]
100G4m1 checks
bl0kingcvll checks
*** TURN *** [9d Kc 2s][7c]
100G4m1 bets 4266
bl0kingcvll calls 4266
*** RIVER *** [9d Kc 2s 7c][Kd]
100G4m1 bets 9500
bl0kingcvll raises 55 to 9555 and is all-in
100G4m1 calls 55
*** SHOW DOWN ***
bl0kingcvll shows [Qc Qs] (Two pairs : Kings and Queens)
100G4m1 shows [Qh Kh] (Trips of Kings)
100G4m1 collected 34752 from pot
*** SUMMARY ***
Total pot 34752 | No rake
Board: [9d Kc 2s 7c Kd]
Seat 3: 100G4m1 showed [Qh Kh] and won 34752 with Trips of Kings
Seat 4: bl0kingcvll showed [Qc Qs] and lost with Two pairs : Kings and Queens


Winamax Poker - Tournament "SPRINT" buyIn: 18€ + 2€ level: 7 - HandId: #3216072383123161092-41-1708983612 - Holdem no limit (70/300/600) - 2024/02/26 21:40:12 UTC
Table: 'SPRINT(748800203)#003' 6-max (real money) Seat #1 is the button
Seat 1: torresmo123 (18470, 9€ bounty)
Seat 2: lookie (7303, 9€ bounty)
Seat 3: 100G4m1 (83311, 22.50€ bounty)
Seat 5: martiniflush (23846, 13.50€ bounty)
Seat 6: Maik Villa (44225, 9€ bounty)
*** ANTE/BLINDS ***
lookie posts ante 70
100G4m1 posts ante 70
torresmo123 posts ante 70
martiniflush posts ante 70
Maik Villa posts ante 70
lookie posts small blind 300
100G4m1 posts big blind 600
Dealt to torresmo123 [Jc Js]
*** PRE-FLOP *** 
martiniflush folds
Maik Villa folds
torresmo123 raises 600 to 1200
lookie raises 6033 to 7233 and is all-in
100G4m1 folds
torresmo123 calls 6033
*** FLOP *** [Qs Ah Td]
*** TURN *** [Qs Ah Td][8s]
*** RIVER *** [Qs Ah Td 8s][6d]
*** SHOW DOWN ***
lookie shows [3s 3d] (One pair : 3)
torresmo123 shows [Jc Js] (One pair : Jacks)
torresmo123 collected 15416 from pot
*** SUMMARY ***
Total pot 15416 | No rake
Board: [Qs Ah Td 8s 6d]
Seat 1: torresmo123 (button) showed [Jc Js] and won 15416 with One pair : Jacks
Seat 2: lookie (small blind) showed [3s 3d] and lost with One pair : 3


Winamax Poker - Tournament "SPRINT" buyIn: 18€ + 2€ level: 7 - HandId: #3216072383123161092-42-1708983658 - Holdem no limit (70/300/600) - 2024/02/26 21:40:58 UTC
Table: 'SPRINT(748800203)#003' 6-max (real money) Seat #2 is the button
Seat 1: torresmo123 (26583, 13.50€ bounty)
Seat 3: 100G4m1 (82641, 22.50€ bounty)
Seat 5: martiniflush (23776, 13.50€ bounty)
Seat 6: Maik Villa (44155, 9€ bounty)
*** ANTE/BLINDS ***
100G4m1 posts ante 70
martiniflush posts ante 70
torresmo123 posts ante 70
Maik Villa posts ante 70
100G4m1 posts small blind 300
martiniflush posts big blind 600
Dealt to torresmo123 [6h 2h]
*** PRE-FLOP *** 
Maik Villa folds
torresmo123 folds
100G4m1 calls 300
martiniflush checks
*** FLOP *** [7s 8h Kc]
100G4m1 bets 600
martiniflush calls 600
*** TURN *** [7s 8h Kc][9s]
100G4m1 bets 1608
martiniflush calls 1608
*** RIVER *** [7s 8h Kc 9s][9c]
100G4m1 bets 1500
martiniflush calls 1500
*** SHOW DOWN ***
martiniflush shows [3h 8c] (Two pairs : 9 and 8)
100G4m1 shows [Js Jc] (Two pairs : Jacks and 9)
100G4m1 collected 8896 from pot
*** SUMMARY ***
Total pot 8896 | No rake
Board: [7s 8h Kc 9s 9c]
Seat 3: 100G4m1 (small blind) showed [Js Jc] and won 8896 with Two pairs : Jacks and 9
Seat 5: martiniflush (big blind) showed [3h 8c] and lost with Two pairs : 9 and 8


Winamax Poker - Tournament "SPRINT" buyIn: 18€ + 2€ level: 7 - HandId: #3216072383123161092-43-1708983722 - Holdem no limit (70/300/600) - 2024/02/26 21:42:02 UTC
Table: 'SPRINT(748800203)#003' 6-max (real money) Seat #3 is the button
Seat 1: torresmo123 (26513, 13.50€ bounty)
Seat 2: ILPATRON AA (20000, 9€ bounty)
Seat 3: 100G4m1 (87159, 22.50€ bounty)
Seat 4: SKUBIDUPAPA (34890, 9€ bounty)
Seat 5: martiniflush (19398, 13.50€ bounty)
*** ANTE/BLINDS ***
martiniflush posts ante 70
torresmo123 posts ante 70
ILPATRON AA posts ante 70
100G4m1 posts ante 70
martiniflush posts small blind 300
torresmo123 posts big blind 600
Dealt to torresmo123 [9h 3s]
*** PRE-FLOP *** 
ILPATRON AA folds
100G4m1 raises 600 to 1200
martiniflush folds
torresmo123 folds
100G4m1 collected 2380 from pot
*** SUMMARY ***
Total pot 2380 | No rake
Seat 3: 100G4m1 (button) won 2380


Winamax Poker - Tournament "SPRINT" buyIn: 18€ + 2€ level: 7 - HandId: #3216072383123161092-44-1708983757 - Holdem no limit (70/300/600) - 2024/02/26 21:42:37 UTC
Table: 'SPRINT(748800203)#003' 6-max (real money) Seat #5 is the button
Seat 1: torresmo123 (25843, 13.50€ bounty)
Seat 2: ILPATRON AA (19930, 9€ bounty)
Seat 3: 100G4m1 (88269, 22.50€ bounty)
Seat 4: SKUBIDUPAPA (34890, 9€ bounty)
Seat 5: martiniflush (19028, 13.50€ bounty)
*** ANTE/BLINDS ***
torresmo123 posts ante 70
ILPATRON AA posts ante 70
100G4m1 posts ante 70
SKUBIDUPAPA posts ante 70
martiniflush posts ante 70
torresmo123 posts small blind 300
ILPATRON AA posts big blind 600
Dealt to torresmo123 [8h Ks]
*** PRE-FLOP *** 
100G4m1 folds
SKUBIDUPAPA folds
martiniflush raises 600 to 1200
torresmo123 folds
ILPATRON AA folds
martiniflush collected 2450 from pot
*** SUMMARY ***
Total pot 2450 | No rake
Seat 5: martiniflush (button) won 2450


Winamax Poker - Tournament "SPRINT" buyIn: 18€ + 2€ level: 7 - HandId: #3216072383123161092-45-1708983795 - Holdem no limit (70/300/600) - 2024/02/26 21:43:15 UTC
Table: 'SPRINT(748800203)#003' 6-max (real money) Seat #1 is the button
Seat 1: torresmo123 (25473, 13.50€ bounty)
Seat 2: ILPATRON AA (19260, 9€ bounty)
Seat 3: 100G4m1 (88199, 22.50€ bounty)
Seat 4: SKUBIDUPAPA (34820, 9€ bounty)
Seat 5: martiniflush (20208, 13.50€ bounty)
*** ANTE/BLINDS ***
ILPATRON AA posts ante 70
100G4m1 posts ante 70
torresmo123 posts ante 70
SKUBIDUPAPA posts ante 70
martiniflush posts ante 70
ILPATRON AA posts small blind 300
100G4m1 posts big blind 600
Dealt to torresmo123 [2h Qs]
*** PRE-FLOP *** 
SKUBIDUPAPA folds
martiniflush folds
torresmo123 folds
ILPATRON AA folds
100G4m1 collected 1250 from pot
*** SUMMARY ***
Total pot 1250 | No rake
Seat 3: 100G4m1 (big blind) won 1250


Winamax Poker - Tournament "SPRINT" buyIn: 18€ + 2€ level: 7 - HandId: #3216072383123161092-46-1708983813 - Holdem no limit (70/300/600) - 2024/02/26 21:43:33 UTC
Table: 'SPRINT(748800203)#003' 6-max (real money) Seat #2 is the button
Seat 1: torresmo123 (25403, 13.50€ bounty)
Seat 2: ILPATRON AA (18890, 9€ bounty)
Seat 3: 100G4m1 (88779, 22.50€ bounty)
Seat 4: SKUBIDUPAPA (34750, 9€ bounty)
Seat 5: martiniflush (20138, 13.50€ bounty)
*** ANTE/BLINDS ***
100G4m1 posts ante 70
SKUBIDUPAPA posts ante 70
torresmo123 posts ante 70
ILPATRON AA posts ante 70
martiniflush posts ante 70
100G4m1 posts small blind 300
SKUBIDUPAPA posts big blind 600
Dealt to torresmo123 [8d Td]
*** PRE-FLOP *** 
martiniflush raises 600 to 1200
torresmo123 calls 1200
ILPATRON AA raises 17620 to 18820 and is all-in
100G4m1 folds
SKUBIDUPAPA folds
martiniflush folds
torresmo123 folds
ILPATRON AA collected 22470 from pot
*** SUMMARY ***
Total pot 22470 | No rake
Seat 2: ILPATRON AA (button) won 22470


Winamax Poker - Tournament "SPRINT" buyIn: 18€ + 2€ level: 8 - HandId: #3216072383123161092-47-1708983844 - Holdem no limit (80/350/700) - 2024/02/26 21:44:04 UTC
Table: 'SPRINT(748800203)#003' 6-max (real money) Seat #3 is the button
Seat 1: torresmo123 (24133, 13.50€ bounty)
Seat 2: ILPATRON AA (22470, 9€ bounty)
Seat 3: 100G4m1 (88409, 22.50€ bounty)
Seat 4: SKUBIDUPAPA (34080, 9€ bounty)
Seat 5: martiniflush (18868, 13.50€ bounty)
Seat 6: _Clyde_ (52683, 18€ bounty)
*** ANTE/BLINDS ***
SKUBIDUPAPA posts ante 80
martiniflush posts ante 80
torresmo123 posts ante 80
ILPATRON AA posts ante 80
100G4m1 posts ante 80
_Clyde_ posts ante 80
SKUBIDUPAPA posts small blind 350
martiniflush posts big blind 700
Dealt to torresmo123 [4d Jd]
*** PRE-FLOP *** 
_Clyde_ folds
torresmo123 folds
ILPATRON AA folds
100G4m1 folds
SKUBIDUPAPA calls 350
martiniflush checks
*** FLOP *** [Qc 7d 8c]
SKUBIDUPAPA checks
martiniflush checks
*** TURN *** [Qc 7d 8c][9d]
SKUBIDUPAPA checks
martiniflush checks
*** RIVER *** [Qc 7d 8c 9d][3d]
SKUBIDUPAPA checks
martiniflush checks
*** SHOW DOWN ***
SKUBIDUPAPA shows [4s Ks] (High card : King)
martiniflush shows [2d 3c] (One pair : 3)
martiniflush collected 1880 from pot
*** SUMMARY ***
Total pot 1880 | No rake
Board: [Qc 7d 8c 9d 3d]
Seat 4: SKUBIDUPAPA (small blind) showed [4s Ks] and lost with High card : King
Seat 5: martiniflush (big blind) showed [2d 3c] and won 1880 with One pair : 3


Winamax Poker - Tournament "SPRINT" buyIn: 18€ + 2€ level: 8 - HandId: #3216072383123161092-48-1708983930 - Holdem no limit (80/350/700) - 2024/02/26 21:45:30 UTC
Table: 'SPRINT(748800203)#003' 6-max (real money) Seat #4 is the button
Seat 1: torresmo123 (24053, 13.50€ bounty)
Seat 2: ILPATRON AA (22390, 9€ bounty)
Seat 3: 100G4m1 (88329, 22.50€ bounty)
Seat 4: SKUBIDUPAPA (33300, 9€ bounty)
Seat 5: martiniflush (19968, 13.50€ bounty)
Seat 6: _Clyde_ (52603, 18€ bounty)
*** ANTE/BLINDS ***
martiniflush posts ante 80
_Clyde_ posts ante 80
torresmo123 posts ante 80
ILPATRON AA posts ante 80
100G4m1 posts ante 80
SKUBIDUPAPA posts ante 80
martiniflush posts small blind 350
_Clyde_ posts big blind 700
Dealt to torresmo123 [Ks 4h]
*** PRE-FLOP *** 
torresmo123 folds
ILPATRON AA folds
100G4m1 folds
SKUBIDUPAPA raises 875 to 1575
martiniflush folds
_Clyde_ folds
SKUBIDUPAPA collected 3105 from pot
*** SUMMARY ***
Total pot 3105 | No rake
Seat 4: SKUBIDUPAPA (button) won 3105


Winamax Poker - Tournament "SPRINT" buyIn: 18€ + 2€ level: 8 - HandId: #3216072383123161092-49-1708983988 - Holdem no limit (80/350/700) - 2024/02/26 21:46:28 UTC
Table: 'SPRINT(748800203)#003' 6-max (real money) Seat #5 is the button
Seat 1: torresmo123 (23973, 13.50€ bounty)
Seat 2: ILPATRON AA (22310, 9€ bounty)
Seat 3: 100G4m1 (88249, 22.50€ bounty)
Seat 4: SKUBIDUPAPA (34750, 9€ bounty)
Seat 5: martiniflush (19538, 13.50€ bounty)
Seat 6: _Clyde_ (51823, 18€ bounty)
*** ANTE/BLINDS ***
_Clyde_ posts ante 80
torresmo123 posts ante 80
ILPATRON AA posts ante 80
100G4m1 posts ante 80
SKUBIDUPAPA posts ante 80
martiniflush posts ante 80
_Clyde_ posts small blind 350
torresmo123 posts big blind 700
Dealt to torresmo123 [7s Jc]
*** PRE-FLOP *** 
ILPATRON AA folds
100G4m1 folds
SKUBIDUPAPA folds
martiniflush raises 700 to 1400
_Clyde_ folds
torresmo123 calls 700
*** FLOP *** [4d 6d 8d]
torresmo123 checks
martiniflush bets 1050
torresmo123 raises 1750 to 2800
martiniflush calls 1750
*** TURN *** [4d 6d 8d][3s]
torresmo123 bets 3046
martiniflush calls 3046
*** RIVER *** [4d 6d 8d 3s][9d]
torresmo123 checks
martiniflush bets 12212 and is all-in
torresmo123 folds
martiniflush collected 27534 from pot
*** SUMMARY ***
Total pot 27534 | No rake
Board: [4d 6d 8d 3s 9d]
Seat 5: martiniflush (button) won 27534


Winamax Poker - Tournament "SPRINT" buyIn: 18€ + 2€ level: 8 - HandId: #3216072383123161092-50-1708984072 - Holdem no limit (80/350/700) - 2024/02/26 21:47:52 UTC
Table: 'SPRINT(748800203)#003' 6-max (real money) Seat #6 is the button
Seat 1: torresmo123 (16647, 13.50€ bounty)
Seat 2: ILPATRON AA (22230, 9€ bounty)
Seat 3: 100G4m1 (88169, 22.50€ bounty)
Seat 4: SKUBIDUPAPA (34670, 9€ bounty)
Seat 5: martiniflush (27534, 13.50€ bounty)
Seat 6: _Clyde_ (51393, 18€ bounty)
*** ANTE/BLINDS ***
torresmo123 posts ante 80
ILPATRON AA posts ante 80
100G4m1 posts ante 80
SKUBIDUPAPA posts ante 80
martiniflush posts ante 80
_Clyde_ posts ante 80
torresmo123 posts small blind 350
ILPATRON AA posts big blind 700
Dealt to torresmo123 [4h Jh]
*** PRE-FLOP *** 
100G4m1 raises 700 to 1400
SKUBIDUPAPA calls 1400
martiniflush folds
_Clyde_ folds
torresmo123 folds
ILPATRON AA calls 700
*** FLOP *** [6d 2h 4s]
ILPATRON AA checks
100G4m1 checks
SKUBIDUPAPA checks
*** TURN *** [6d 2h 4s][2c]
ILPATRON AA bets 1761
100G4m1 folds
SKUBIDUPAPA folds
ILPATRON AA collected 6791 from pot
*** SUMMARY ***
Total pot 6791 | No rake
Board: [6d 2h 4s 2c]
Seat 2: ILPATRON AA (big blind) won 6791


Winamax Poker - Tournament "SPRINT" buyIn: 18€ + 2€ level: 9 - HandId: #3216072383123161092-51-1708984142 - Holdem no limit (100/400/800) - 2024/02/26 21:49:02 UTC
Table: 'SPRINT(748800203)#003' 6-max (real money) Seat #1 is the button
Seat 1: torresmo123 (16217, 13.50€ bounty)
Seat 2: ILPATRON AA (25780, 9€ bounty)
Seat 3: 100G4m1 (86689, 22.50€ bounty)
Seat 4: SKUBIDUPAPA (33190, 9€ bounty)
Seat 5: martiniflush (27454, 13.50€ bounty)
Seat 6: _Clyde_ (51313, 18€ bounty)
*** ANTE/BLINDS ***
ILPATRON AA posts ante 100
100G4m1 posts ante 100
torresmo123 posts ante 100
SKUBIDUPAPA posts ante 100
martiniflush posts ante 100
_Clyde_ posts ante 100
ILPATRON AA posts small blind 400
100G4m1 posts big blind 800
Dealt to torresmo123 [7d Ks]
*** PRE-FLOP *** 
SKUBIDUPAPA folds
martiniflush folds
_Clyde_ raises 960 to 1760
torresmo123 folds
ILPATRON AA folds
100G4m1 calls 960
*** FLOP *** [2d 2s 5d]
100G4m1 checks
_Clyde_ bets 1401
100G4m1 folds
_Clyde_ collected 5921 from pot
*** SUMMARY ***
Total pot 5921 | No rake
Board: [2d 2s 5d]
Seat 6: _Clyde_ won 5921


Winamax Poker - Tournament "SPRINT" buyIn: 18€ + 2€ level: 9 - HandId: #3216072383123161092-52-1708984255 - Holdem no limit (100/400/800) - 2024/02/26 21:50:55 UTC
Table: 'SPRINT(748800203)#003' 6-max (real money) Seat #2 is the button
Seat 1: torresmo123 (16117, 13.50€ bounty)
Seat 2: ILPATRON AA (25280, 9€ bounty)
Seat 3: 100G4m1 (84829, 22.50€ bounty)
Seat 4: SKUBIDUPAPA (33090, 9€ bounty)
Seat 5: martiniflush (27354, 13.50€ bounty)
Seat 6: _Clyde_ (53973, 18€ bounty)
*** ANTE/BLINDS ***
100G4m1 posts ante 100
SKUBIDUPAPA posts ante 100
torresmo123 posts ante 100
ILPATRON AA posts ante 100
martiniflush posts ante 100
_Clyde_ posts ante 100
100G4m1 posts small blind 400
SKUBIDUPAPA posts big blind 800
Dealt to torresmo123 [Th Ad]
*** PRE-FLOP *** 
martiniflush folds
_Clyde_ folds
torresmo123 raises 15217 to 16017 and is all-in
ILPATRON AA folds
100G4m1 folds
SKUBIDUPAPA calls 15217
*** FLOP *** [Qc 8d Kc]
*** TURN *** [Qc 8d Kc][6s]
*** RIVER *** [Qc 8d Kc 6s][Td]
*** SHOW DOWN ***
torresmo123 shows [Th Ad] (One pair : Tens)
SKUBIDUPAPA shows [Ac Kh] (One pair : Kings)
SKUBIDUPAPA collected 33034 from pot
*** SUMMARY ***
Total pot 33034 | No rake
Board: [Qc 8d Kc 6s Td]
Seat 1: torresmo123 showed [Th Ad] and lost with One pair : Tens
Seat 4: SKUBIDUPAPA (big blind) showed [Ac Kh] and won 33034 with One pair : Kings


