Winamax Poker - Tournament "BIG SWITCH FUNDAY 150K" buyIn: 45€ + 5€ level: 1 - HandId: #3242644658588745758-13-1708284533 - Holdem no limit (25/100/200) - 2024/02/18 19:28:53 UTC
Table: 'BIG SWITCH FUNDAY 150K(754987043)#0029' 6-max (real money) Seat #2 is the button
Seat 1: Mauruuru_76 (22136, 22.50€ bounty)
Seat 2: 1Bet2luxe (16472, 22.50€ bounty)
Seat 3: Farripa (15152, 22.50€ bounty)
Seat 4: torresmo123 (20000, 22.50€ bounty)
Seat 5: ___Fuck You (20325, 22.50€ bounty)
Seat 6: Michelrg (25393, 22.50€ bounty)
*** ANTE/BLINDS ***
Farripa posts ante 25
torresmo123 posts ante 25
Mauruuru_76 posts ante 25
1Bet2luxe posts ante 25
___Fuck You posts ante 25
Michelrg posts ante 25
Farripa posts small blind 100
torresmo123 posts big blind 200
Dealt to torresmo123 [Qh Ks]
*** PRE-FLOP *** 
___Fuck You folds
Michelrg folds
Mauruuru_76 folds
1Bet2luxe raises 300 to 500
Farripa folds
torresmo123 calls 300
*** FLOP *** [8s Tc 2c]
torresmo123 checks
1Bet2luxe bets 438
torresmo123 calls 438
*** TURN *** [8s Tc 2c][Js]
torresmo123 checks
1Bet2luxe bets 1700
torresmo123 calls 1700
*** RIVER *** [8s Tc 2c Js][8d]
torresmo123 checks
1Bet2luxe checks
*** SHOW DOWN ***
1Bet2luxe shows [6c 9c] (One pair : 8)
torresmo123 shows [Qh Ks] (One pair : 8)
torresmo123 collected 5526 from pot
*** SUMMARY ***
Total pot 5526 | No rake
Board: [8s Tc 2c Js 8d]
Seat 2: 1Bet2luxe (button) showed [6c 9c] and lost with One pair : 8
Seat 4: torresmo123 (big blind) showed [Qh Ks] and won 5526 with One pair : 8


Winamax Poker - Tournament "BIG SWITCH FUNDAY 150K" buyIn: 45€ + 5€ level: 1 - HandId: #3242644658588745758-14-1708284619 - Holdem no limit (25/100/200) - 2024/02/18 19:30:19 UTC
Table: 'BIG SWITCH FUNDAY 150K(754987043)#0029' 6-max (real money) Seat #3 is the button
Seat 1: Mauruuru_76 (22111, 22.50€ bounty)
Seat 2: 1Bet2luxe (13809, 22.50€ bounty)
Seat 3: Farripa (15027, 22.50€ bounty)
Seat 4: torresmo123 (22863, 22.50€ bounty)
Seat 5: ___Fuck You (20300, 22.50€ bounty)
Seat 6: Michelrg (25368, 22.50€ bounty)
*** ANTE/BLINDS ***
torresmo123 posts ante 25
___Fuck You posts ante 25
Mauruuru_76 posts ante 25
1Bet2luxe posts ante 25
Farripa posts ante 25
Michelrg posts ante 25
torresmo123 posts small blind 100
___Fuck You posts big blind 200
Dealt to torresmo123 [Kc 3h]
*** PRE-FLOP *** 
Michelrg folds
Mauruuru_76 folds
1Bet2luxe folds
Farripa folds
torresmo123 calls 100
___Fuck You raises 400 to 600
torresmo123 calls 400
*** FLOP *** [6d 3s Td]
torresmo123 checks
___Fuck You checks
*** TURN *** [6d 3s Td][8s]
torresmo123 checks
___Fuck You checks
*** RIVER *** [6d 3s Td 8s][Tc]
torresmo123 bets 200
___Fuck You folds
torresmo123 collected 1550 from pot
*** SUMMARY ***
Total pot 1550 | No rake
Board: [6d 3s Td 8s Tc]
Seat 4: torresmo123 (small blind) won 1550


Winamax Poker - Tournament "BIG SWITCH FUNDAY 150K" buyIn: 45€ + 5€ level: 1 - HandId: #3242644658588745758-15-1708284712 - Holdem no limit (25/100/200) - 2024/02/18 19:31:52 UTC
Table: 'BIG SWITCH FUNDAY 150K(754987043)#0029' 6-max (real money) Seat #4 is the button
Seat 1: Mauruuru_76 (22086, 22.50€ bounty)
Seat 2: 1Bet2luxe (13784, 22.50€ bounty)
Seat 3: Farripa (15002, 22.50€ bounty)
Seat 4: torresmo123 (23588, 22.50€ bounty)
Seat 5: ___Fuck You (19675, 22.50€ bounty)
Seat 6: Michelrg (25343, 22.50€ bounty)
*** ANTE/BLINDS ***
___Fuck You posts ante 25
Michelrg posts ante 25
Mauruuru_76 posts ante 25
1Bet2luxe posts ante 25
Farripa posts ante 25
torresmo123 posts ante 25
___Fuck You posts small blind 100
Michelrg posts big blind 200
Dealt to torresmo123 [Ts Jh]
*** PRE-FLOP *** 
Mauruuru_76 folds
1Bet2luxe folds
Farripa raises 260 to 460
torresmo123 folds
___Fuck You folds
Michelrg folds
Farripa collected 910 from pot
*** SUMMARY ***
Total pot 910 | No rake
Seat 3: Farripa won 910


Winamax Poker - Tournament "BIG SWITCH FUNDAY 150K" buyIn: 45€ + 5€ level: 1 - HandId: #3242644658588745758-16-1708284746 - Holdem no limit (25/100/200) - 2024/02/18 19:32:26 UTC
Table: 'BIG SWITCH FUNDAY 150K(754987043)#0029' 6-max (real money) Seat #5 is the button
Seat 1: Mauruuru_76 (22061, 22.50€ bounty)
Seat 2: 1Bet2luxe (13759, 22.50€ bounty)
Seat 3: Farripa (15427, 22.50€ bounty)
Seat 4: torresmo123 (23563, 22.50€ bounty)
Seat 5: ___Fuck You (19550, 22.50€ bounty)
Seat 6: Michelrg (25118, 22.50€ bounty)
*** ANTE/BLINDS ***
Michelrg posts ante 25
Mauruuru_76 posts ante 25
1Bet2luxe posts ante 25
Farripa posts ante 25
torresmo123 posts ante 25
___Fuck You posts ante 25
Michelrg posts small blind 100
Mauruuru_76 posts big blind 200
Dealt to torresmo123 [5s Jd]
*** PRE-FLOP *** 
1Bet2luxe folds
Farripa raises 200 to 400
torresmo123 folds
___Fuck You folds
Michelrg folds
Mauruuru_76 calls 200
*** FLOP *** [9d 5c Kc]
Mauruuru_76 checks
Farripa bets 347
Mauruuru_76 calls 347
*** TURN *** [9d 5c Kc][8s]
Mauruuru_76 checks
Farripa bets 2400
Mauruuru_76 calls 2400
*** RIVER *** [9d 5c Kc 8s][Qd]
Mauruuru_76 checks
Farripa bets 12255 and is all-in
Mauruuru_76 folds
Farripa collected 18799 from pot
*** SUMMARY ***
Total pot 18799 | No rake
Board: [9d 5c Kc 8s Qd]
Seat 3: Farripa won 18799


Winamax Poker - Tournament "BIG SWITCH FUNDAY 150K" buyIn: 45€ + 5€ level: 1 - HandId: #3242644658588745758-17-1708284846 - Holdem no limit (25/100/200) - 2024/02/18 19:34:06 UTC
Table: 'BIG SWITCH FUNDAY 150K(754987043)#0029' 6-max (real money) Seat #6 is the button
Seat 1: Mauruuru_76 (18889, 22.50€ bounty)
Seat 2: 1Bet2luxe (13734, 22.50€ bounty)
Seat 3: Farripa (18799, 22.50€ bounty)
Seat 4: torresmo123 (23538, 22.50€ bounty)
Seat 5: ___Fuck You (19525, 22.50€ bounty)
Seat 6: Michelrg (24993, 22.50€ bounty)
*** ANTE/BLINDS ***
Mauruuru_76 posts ante 25
1Bet2luxe posts ante 25
Farripa posts ante 25
torresmo123 posts ante 25
___Fuck You posts ante 25
Michelrg posts ante 25
Mauruuru_76 posts small blind 100
1Bet2luxe posts big blind 200
Dealt to torresmo123 [Kh Ts]
*** PRE-FLOP *** 
Farripa folds
torresmo123 raises 220 to 420
___Fuck You folds
Michelrg folds
Mauruuru_76 folds
1Bet2luxe calls 220
*** FLOP *** [4h Qc 2d]
1Bet2luxe checks
torresmo123 bets 218
1Bet2luxe calls 218
*** TURN *** [4h Qc 2d][8h]
1Bet2luxe checks
torresmo123 bets 1908
1Bet2luxe folds
torresmo123 collected 3434 from pot
*** SUMMARY ***
Total pot 3434 | No rake
Board: [4h Qc 2d 8h]
Seat 4: torresmo123 won 3434


Winamax Poker - Tournament "BIG SWITCH FUNDAY 150K" buyIn: 45€ + 5€ level: 1 - HandId: #3242644658588745758-18-1708284906 - Holdem no limit (25/100/200) - 2024/02/18 19:35:06 UTC
Table: 'BIG SWITCH FUNDAY 150K(754987043)#0029' 6-max (real money) Seat #1 is the button
Seat 1: Mauruuru_76 (18764, 22.50€ bounty)
Seat 2: 1Bet2luxe (13071, 22.50€ bounty)
Seat 3: Farripa (18774, 22.50€ bounty)
Seat 4: torresmo123 (24401, 22.50€ bounty)
Seat 5: ___Fuck You (19500, 22.50€ bounty)
Seat 6: Michelrg (24968, 22.50€ bounty)
*** ANTE/BLINDS ***
1Bet2luxe posts ante 25
Farripa posts ante 25
Mauruuru_76 posts ante 25
torresmo123 posts ante 25
___Fuck You posts ante 25
Michelrg posts ante 25
1Bet2luxe posts small blind 100
Farripa posts big blind 200
Dealt to torresmo123 [Ac 6s]
*** PRE-FLOP *** 
torresmo123 folds
___Fuck You folds
Michelrg raises 240 to 440
Mauruuru_76 folds
1Bet2luxe folds
Farripa folds
Michelrg collected 890 from pot
*** SUMMARY ***
Total pot 890 | No rake
Seat 6: Michelrg won 890


Winamax Poker - Tournament "BIG SWITCH FUNDAY 150K" buyIn: 45€ + 5€ level: 1 - HandId: #3242644658588745758-19-1708284938 - Holdem no limit (25/100/200) - 2024/02/18 19:35:38 UTC
Table: 'BIG SWITCH FUNDAY 150K(754987043)#0029' 6-max (real money) Seat #2 is the button
Seat 1: Mauruuru_76 (18739, 22.50€ bounty)
Seat 2: 1Bet2luxe (12946, 22.50€ bounty)
Seat 3: Farripa (18549, 22.50€ bounty)
Seat 4: torresmo123 (24376, 22.50€ bounty)
Seat 5: ___Fuck You (19475, 22.50€ bounty)
Seat 6: Michelrg (25393, 22.50€ bounty)
*** ANTE/BLINDS ***
Farripa posts ante 25
torresmo123 posts ante 25
Mauruuru_76 posts ante 25
1Bet2luxe posts ante 25
___Fuck You posts ante 25
Michelrg posts ante 25
Farripa posts small blind 100
torresmo123 posts big blind 200
Dealt to torresmo123 [8d 3d]
*** PRE-FLOP *** 
___Fuck You raises 240 to 440
Michelrg folds
Mauruuru_76 calls 440
1Bet2luxe folds
Farripa folds
torresmo123 calls 240
*** FLOP *** [9h 5d 7d]
torresmo123 checks
___Fuck You checks
Mauruuru_76 checks
*** TURN *** [9h 5d 7d][2h]
torresmo123 bets 1335
___Fuck You folds
Mauruuru_76 folds
torresmo123 collected 2905 from pot
*** SUMMARY ***
Total pot 2905 | No rake
Board: [9h 5d 7d 2h]
Seat 4: torresmo123 (big blind) won 2905


Winamax Poker - Tournament "BIG SWITCH FUNDAY 150K" buyIn: 45€ + 5€ level: 1 - HandId: #3242644658588745758-20-1708285051 - Holdem no limit (25/100/200) - 2024/02/18 19:37:31 UTC
Table: 'BIG SWITCH FUNDAY 150K(754987043)#0029' 6-max (real money) Seat #3 is the button
Seat 1: Mauruuru_76 (18274, 22.50€ bounty)
Seat 2: 1Bet2luxe (12921, 22.50€ bounty)
Seat 3: Farripa (18424, 22.50€ bounty)
Seat 4: torresmo123 (25481, 22.50€ bounty)
Seat 5: ___Fuck You (19010, 22.50€ bounty)
Seat 6: Michelrg (25368, 22.50€ bounty)
*** ANTE/BLINDS ***
torresmo123 posts ante 25
___Fuck You posts ante 25
Mauruuru_76 posts ante 25
1Bet2luxe posts ante 25
Farripa posts ante 25
Michelrg posts ante 25
torresmo123 posts small blind 100
___Fuck You posts big blind 200
Dealt to torresmo123 [Jd Ts]
*** PRE-FLOP *** 
Michelrg folds
Mauruuru_76 folds
1Bet2luxe raises 300 to 500
Farripa folds
torresmo123 calls 400
___Fuck You calls 300
*** FLOP *** [Kh Qc 9h]
torresmo123 checks
___Fuck You checks
1Bet2luxe checks
*** TURN *** [Kh Qc 9h][Kd]
torresmo123 checks
___Fuck You checks
1Bet2luxe checks
*** RIVER *** [Kh Qc 9h Kd][Jc]
torresmo123 bets 545
___Fuck You folds
1Bet2luxe folds
torresmo123 collected 2195 from pot
*** SUMMARY ***
Total pot 2195 | No rake
Board: [Kh Qc 9h Kd Jc]
Seat 4: torresmo123 (small blind) won 2195


Winamax Poker - Tournament "BIG SWITCH FUNDAY 150K" buyIn: 45€ + 5€ level: 1 - HandId: #3242644658588745758-21-1708285177 - Holdem no limit (25/100/200) - 2024/02/18 19:39:37 UTC
Table: 'BIG SWITCH FUNDAY 150K(754987043)#0029' 6-max (real money) Seat #4 is the button
Seat 1: Mauruuru_76 (18249, 22.50€ bounty)
Seat 2: 1Bet2luxe (12396, 22.50€ bounty)
Seat 3: Farripa (18399, 22.50€ bounty)
Seat 4: torresmo123 (26606, 22.50€ bounty)
Seat 5: ___Fuck You (18485, 22.50€ bounty)
Seat 6: Michelrg (25343, 22.50€ bounty)
*** ANTE/BLINDS ***
___Fuck You posts ante 25
Michelrg posts ante 25
Mauruuru_76 posts ante 25
1Bet2luxe posts ante 25
Farripa posts ante 25
torresmo123 posts ante 25
___Fuck You posts small blind 100
Michelrg posts big blind 200
Dealt to torresmo123 [Qc 2h]
*** PRE-FLOP *** 
Mauruuru_76 raises 200 to 400
1Bet2luxe folds
Farripa calls 400
torresmo123 folds
___Fuck You folds
Michelrg folds
*** FLOP *** [2s 8h Ts]
Mauruuru_76 bets 438
Farripa calls 438
*** TURN *** [2s 8h Ts][7s]
Mauruuru_76 bets 1200
Farripa calls 1200
*** RIVER *** [2s 8h Ts 7s][2d]
Mauruuru_76 bets 3600
Farripa raises 12736 to 16336 and is all-in
Mauruuru_76 calls 12586 and is all-in
*** SHOW DOWN ***
Mauruuru_76 shows [Ah As] (Two pairs : Aces and 2)
Farripa shows [7c 7h] (Full of 7 and 2)
Farripa collected 37048 from pot
*** SUMMARY ***
Total pot 37048 | No rake
Board: [2s 8h Ts 7s 2d]
Seat 1: Mauruuru_76 showed [Ah As] and lost with Two pairs : Aces and 2
Seat 3: Farripa showed [7c 7h] and won 37048 with Full of 7 and 2


Winamax Poker - Tournament "BIG SWITCH FUNDAY 150K" buyIn: 45€ + 5€ level: 1 - HandId: #3242644658588745758-22-1708285288 - Holdem no limit (25/100/200) - 2024/02/18 19:41:28 UTC
Table: 'BIG SWITCH FUNDAY 150K(754987043)#0029' 6-max (real money) Seat #5 is the button
Seat 2: 1Bet2luxe (12371, 22.50€ bounty)
Seat 3: Farripa (37048, 33.75€ bounty)
Seat 4: torresmo123 (26581, 22.50€ bounty)
Seat 5: ___Fuck You (18360, 22.50€ bounty)
Seat 6: Michelrg (25118, 22.50€ bounty)
*** ANTE/BLINDS ***
Michelrg posts ante 25
1Bet2luxe posts ante 25
Farripa posts ante 25
torresmo123 posts ante 25
___Fuck You posts ante 25
Michelrg posts small blind 100
1Bet2luxe posts big blind 200
Dealt to torresmo123 [4s Kc]
*** PRE-FLOP *** 
Farripa raises 260 to 460
torresmo123 folds
___Fuck You calls 460
Michelrg folds
1Bet2luxe calls 260
*** FLOP *** [3c 9s Kd]
1Bet2luxe checks
Farripa checks
___Fuck You checks
*** TURN *** [3c 9s Kd][9d]
1Bet2luxe bets 600
Farripa raises 2400 to 3000
___Fuck You raises 14875 to 17875 and is all-in
1Bet2luxe folds
Farripa raises 14875 to 32750
*** RIVER *** [3c 9s Kd 9d][7s]
*** SHOW DOWN ***
___Fuck You shows [As 9c] (Trips of 9)
Farripa shows [3h 3s] (Full of 3 and 9)
Farripa collected 52830 from pot
*** SUMMARY ***
Total pot 52830 | No rake
Board: [3c 9s Kd 9d 7s]
Seat 3: Farripa showed [3h 3s] and won 52830 with Full of 3 and 9
Seat 5: ___Fuck You (button) showed [As 9c] and lost with Trips of 9


Winamax Poker - Tournament "BIG SWITCH FUNDAY 150K" buyIn: 45€ + 5€ level: 1 - HandId: #3242644658588745758-23-1708285368 - Holdem no limit (25/100/200) - 2024/02/18 19:42:48 UTC
Table: 'BIG SWITCH FUNDAY 150K(754987043)#0029' 6-max (real money) Seat #6 is the button
Seat 1: mcail (20000, 22.50€ bounty)
Seat 2: 1Bet2luxe (11286, 22.50€ bounty)
Seat 3: Farripa (56643, 45€ bounty)
Seat 4: torresmo123 (26556, 22.50€ bounty)
Seat 6: Michelrg (24993, 22.50€ bounty)
*** ANTE/BLINDS ***
1Bet2luxe posts ante 25
Farripa posts ante 25
torresmo123 posts ante 25
Michelrg posts ante 25
1Bet2luxe posts small blind 100
Farripa posts big blind 200
Dealt to torresmo123 [9h 8d]
*** PRE-FLOP *** 
torresmo123 folds
Michelrg raises 200 to 400
1Bet2luxe folds
Farripa folds
Michelrg collected 800 from pot
*** SUMMARY ***
Total pot 800 | No rake
Seat 6: Michelrg (button) won 800


Winamax Poker - Tournament "BIG SWITCH FUNDAY 150K" buyIn: 45€ + 5€ level: 1 - HandId: #3242644658588745758-24-1708285384 - Holdem no limit (25/100/200) - 2024/02/18 19:43:04 UTC
Table: 'BIG SWITCH FUNDAY 150K(754987043)#0029' 6-max (real money) Seat #2 is the button
Seat 1: mcail (20000, 22.50€ bounty)
Seat 2: 1Bet2luxe (11161, 22.50€ bounty)
Seat 3: Farripa (56418, 45€ bounty)
Seat 4: torresmo123 (26531, 22.50€ bounty)
Seat 5: -Alambix- (20000, 22.50€ bounty)
Seat 6: Michelrg (25368, 22.50€ bounty)
*** ANTE/BLINDS ***
Farripa posts ante 25
torresmo123 posts ante 25
mcail posts ante 25
1Bet2luxe posts ante 25
-Alambix- posts ante 25
Michelrg posts ante 25
Farripa posts small blind 100
torresmo123 posts big blind 200
Dealt to torresmo123 [8h Ac]
*** PRE-FLOP *** 
-Alambix- folds
Michelrg folds
mcail calls 200
1Bet2luxe folds
Farripa folds
torresmo123 checks
*** FLOP *** [Qc 7h 8c]
torresmo123 checks
mcail bets 200
torresmo123 calls 200
*** TURN *** [Qc 7h 8c][Td]
torresmo123 checks
mcail bets 200
torresmo123 calls 200
*** RIVER *** [Qc 7h 8c Td][7s]
torresmo123 checks
mcail bets 507
torresmo123 folds
mcail collected 1957 from pot
*** SUMMARY ***
Total pot 1957 | No rake
Board: [Qc 7h 8c Td 7s]
Seat 1: mcail won 1957


Winamax Poker - Tournament "BIG SWITCH FUNDAY 150K" buyIn: 45€ + 5€ level: 1 - HandId: #3242644658588745758-25-1708285438 - Holdem no limit (25/100/200) - 2024/02/18 19:43:58 UTC
Table: 'BIG SWITCH FUNDAY 150K(754987043)#0029' 6-max (real money) Seat #3 is the button
Seat 1: mcail (20825, 22.50€ bounty)
Seat 2: 1Bet2luxe (11136, 22.50€ bounty)
Seat 3: Farripa (56293, 45€ bounty)
Seat 4: torresmo123 (25906, 22.50€ bounty)
Seat 5: -Alambix- (19975, 22.50€ bounty)
Seat 6: Michelrg (25343, 22.50€ bounty)
*** ANTE/BLINDS ***
torresmo123 posts ante 25
-Alambix- posts ante 25
mcail posts ante 25
1Bet2luxe posts ante 25
Farripa posts ante 25
Michelrg posts ante 25
torresmo123 posts small blind 100
-Alambix- posts big blind 200
Dealt to torresmo123 [7c 3c]
*** PRE-FLOP *** 
Michelrg folds
mcail folds
1Bet2luxe folds
Farripa folds
torresmo123 calls 100
-Alambix- checks
*** FLOP *** [Jd 6d 7h]
torresmo123 checks
-Alambix- checks
*** TURN *** [Jd 6d 7h][2s]
torresmo123 checks
-Alambix- checks
*** RIVER *** [Jd 6d 7h 2s][Ks]
torresmo123 bets 200
-Alambix- folds
torresmo123 collected 750 from pot
*** SUMMARY ***
Total pot 750 | No rake
Board: [Jd 6d 7h 2s Ks]
Seat 4: torresmo123 (small blind) won 750


Winamax Poker - Tournament "BIG SWITCH FUNDAY 150K" buyIn: 45€ + 5€ level: 1 - HandId: #3242644658588745758-26-1708285539 - Holdem no limit (25/100/200) - 2024/02/18 19:45:39 UTC
Table: 'BIG SWITCH FUNDAY 150K(754987043)#0029' 6-max (real money) Seat #4 is the button
Seat 1: mcail (20800, 22.50€ bounty)
Seat 2: 1Bet2luxe (11111, 22.50€ bounty)
Seat 3: Farripa (56268, 45€ bounty)
Seat 4: torresmo123 (26231, 22.50€ bounty)
Seat 5: -Alambix- (19750, 22.50€ bounty)
Seat 6: Michelrg (25318, 22.50€ bounty)
*** ANTE/BLINDS ***
-Alambix- posts ante 25
Michelrg posts ante 25
mcail posts ante 25
1Bet2luxe posts ante 25
Farripa posts ante 25
torresmo123 posts ante 25
-Alambix- posts small blind 100
Michelrg posts big blind 200
Dealt to torresmo123 [Qh Qs]
*** PRE-FLOP *** 
mcail calls 200
1Bet2luxe folds
Farripa folds
torresmo123 raises 1100 to 1300
-Alambix- folds
Michelrg folds
mcail folds
torresmo123 collected 1950 from pot
*** SUMMARY ***
Total pot 1950 | No rake
Seat 4: torresmo123 (button) won 1950


Winamax Poker - Tournament "BIG SWITCH FUNDAY 150K" buyIn: 45€ + 5€ level: 1 - HandId: #3242644658588745758-27-1708285581 - Holdem no limit (25/100/200) - 2024/02/18 19:46:21 UTC
Table: 'BIG SWITCH FUNDAY 150K(754987043)#0029' 6-max (real money) Seat #5 is the button
Seat 1: mcail (20575, 22.50€ bounty)
Seat 2: 1Bet2luxe (11086, 22.50€ bounty)
Seat 3: Farripa (56243, 45€ bounty)
Seat 4: torresmo123 (26856, 22.50€ bounty)
Seat 5: -Alambix- (19625, 22.50€ bounty)
Seat 6: Michelrg (25093, 22.50€ bounty)
*** ANTE/BLINDS ***
Michelrg posts ante 25
mcail posts ante 25
1Bet2luxe posts ante 25
Farripa posts ante 25
torresmo123 posts ante 25
-Alambix- posts ante 25
Michelrg posts small blind 100
mcail posts big blind 200
Dealt to torresmo123 [Jd 2s]
*** PRE-FLOP *** 
1Bet2luxe raises 200 to 400
Farripa calls 400
torresmo123 folds
-Alambix- folds
Michelrg folds
mcail raises 1100 to 1500
1Bet2luxe folds
Farripa calls 1100
*** FLOP *** [Tc Qh 7c]
mcail bets 2500
Farripa raises 2500 to 5000
mcail raises 14050 to 19050 and is all-in
Farripa raises 14050 to 33100
*** TURN *** [Tc Qh 7c][4h]
*** RIVER *** [Tc Qh 7c 4h][Js]
*** SHOW DOWN ***
mcail shows [Ad As] (One pair : Aces)
Farripa shows [Jc Kc] (One pair : Jacks)
Farripa collected 14050 from side pot 1
mcail collected 41750 from main pot
*** SUMMARY ***
Total pot 55800 | No rake
Board: [Tc Qh 7c 4h Js]
Seat 1: mcail (big blind) showed [Ad As] and won 41750 with One pair : Aces
Seat 3: Farripa showed [Jc Kc] and won 14050 with One pair : Jacks


Winamax Poker - Tournament "BIG SWITCH FUNDAY 150K" buyIn: 45€ + 5€ level: 1 - HandId: #3242644658588745758-28-1708285657 - Holdem no limit (25/100/200) - 2024/02/18 19:47:37 UTC
Table: 'BIG SWITCH FUNDAY 150K(754987043)#0029' 6-max (real money) Seat #6 is the button
Seat 1: mcail (41750, 22.50€ bounty)
Seat 2: 1Bet2luxe (10661, 22.50€ bounty)
Seat 3: Farripa (35668, 45€ bounty)
Seat 4: torresmo123 (26831, 22.50€ bounty)
Seat 5: -Alambix- (19600, 22.50€ bounty)
Seat 6: Michelrg (24968, 22.50€ bounty)
*** ANTE/BLINDS ***
mcail posts ante 25
1Bet2luxe posts ante 25
Farripa posts ante 25
torresmo123 posts ante 25
-Alambix- posts ante 25
Michelrg posts ante 25
mcail posts small blind 100
1Bet2luxe posts big blind 200
Dealt to torresmo123 [9h 6h]
*** PRE-FLOP *** 
Farripa folds
torresmo123 raises 220 to 420
-Alambix- folds
Michelrg calls 420
mcail folds
1Bet2luxe folds
*** FLOP *** [3c Ac 3h]
torresmo123 checks
Michelrg bets 426
torresmo123 folds
Michelrg collected 1716 from pot
*** SUMMARY ***
Total pot 1716 | No rake
Board: [3c Ac 3h]
Seat 6: Michelrg (button) won 1716


Winamax Poker - Tournament "BIG SWITCH FUNDAY 150K" buyIn: 45€ + 5€ level: 1 - HandId: #3242644658588745758-29-1708285720 - Holdem no limit (25/100/200) - 2024/02/18 19:48:40 UTC
Table: 'BIG SWITCH FUNDAY 150K(754987043)#0029' 6-max (real money) Seat #1 is the button
Seat 1: mcail (41625, 22.50€ bounty)
Seat 2: 1Bet2luxe (10436, 22.50€ bounty)
Seat 3: Farripa (35643, 45€ bounty)
Seat 4: torresmo123 (26386, 22.50€ bounty)
Seat 5: -Alambix- (19575, 22.50€ bounty)
Seat 6: Michelrg (25813, 22.50€ bounty)
*** ANTE/BLINDS ***
1Bet2luxe posts ante 25
Farripa posts ante 25
mcail posts ante 25
torresmo123 posts ante 25
-Alambix- posts ante 25
Michelrg posts ante 25
1Bet2luxe posts small blind 100
Farripa posts big blind 200
Dealt to torresmo123 [9h 2d]
*** PRE-FLOP *** 
torresmo123 folds
-Alambix- folds
Michelrg folds
mcail calls 200
1Bet2luxe calls 100
Farripa checks
*** FLOP *** [8s 4c 6s]
1Bet2luxe checks
Farripa bets 938
mcail folds
1Bet2luxe calls 938
*** TURN *** [8s 4c 6s][Ah]
1Bet2luxe checks
Farripa bets 2101
1Bet2luxe folds
Farripa collected 4727 from pot
*** SUMMARY ***
Total pot 4727 | No rake
Board: [8s 4c 6s Ah]
Seat 3: Farripa (big blind) won 4727


Winamax Poker - Tournament "BIG SWITCH FUNDAY 150K" buyIn: 45€ + 5€ level: 1 - HandId: #3242644658588745758-30-1708285761 - Holdem no limit (25/100/200) - 2024/02/18 19:49:21 UTC
Table: 'BIG SWITCH FUNDAY 150K(754987043)#0029' 6-max (real money) Seat #2 is the button
Seat 1: mcail (41400, 22.50€ bounty)
Seat 2: 1Bet2luxe (9273, 22.50€ bounty)
Seat 3: Farripa (37106, 45€ bounty)
Seat 4: torresmo123 (26361, 22.50€ bounty)
Seat 5: -Alambix- (19550, 22.50€ bounty)
Seat 6: Michelrg (25788, 22.50€ bounty)
*** ANTE/BLINDS ***
Farripa posts ante 25
torresmo123 posts ante 25
mcail posts ante 25
1Bet2luxe posts ante 25
-Alambix- posts ante 25
Michelrg posts ante 25
Farripa posts small blind 100
torresmo123 posts big blind 200
Dealt to torresmo123 [2d Ts]
*** PRE-FLOP *** 
-Alambix- raises 224 to 424
Michelrg folds
mcail folds
1Bet2luxe folds
Farripa folds
torresmo123 folds
-Alambix- collected 874 from pot
*** SUMMARY ***
Total pot 874 | No rake
Seat 5: -Alambix- won 874


Winamax Poker - Tournament "BIG SWITCH FUNDAY 150K" buyIn: 45€ + 5€ level: 1 - HandId: #3242644658588745758-31-1708285780 - Holdem no limit (25/100/200) - 2024/02/18 19:49:40 UTC
Table: 'BIG SWITCH FUNDAY 150K(754987043)#0029' 6-max (real money) Seat #3 is the button
Seat 1: mcail (41375, 22.50€ bounty)
Seat 2: 1Bet2luxe (9248, 22.50€ bounty)
Seat 3: Farripa (36981, 45€ bounty)
Seat 4: torresmo123 (26136, 22.50€ bounty)
Seat 5: -Alambix- (19975, 22.50€ bounty)
Seat 6: Michelrg (25763, 22.50€ bounty)
*** ANTE/BLINDS ***
torresmo123 posts ante 25
-Alambix- posts ante 25
mcail posts ante 25
1Bet2luxe posts ante 25
Farripa posts ante 25
Michelrg posts ante 25
torresmo123 posts small blind 100
-Alambix- posts big blind 200
Dealt to torresmo123 [3c Ac]
*** PRE-FLOP *** 
Michelrg folds
mcail calls 200
1Bet2luxe folds
Farripa folds
torresmo123 calls 100
-Alambix- checks
*** FLOP *** [8h 4h 3s]
torresmo123 checks
-Alambix- checks
mcail checks
*** TURN *** [8h 4h 3s][4s]
torresmo123 bets 248
-Alambix- raises 723 to 971
mcail calls 971
torresmo123 folds
*** RIVER *** [8h 4h 3s 4s][5s]
-Alambix- checks
mcail bets 2940
-Alambix- folds
mcail collected 5880 from pot
*** SUMMARY ***
Total pot 5880 | No rake
Board: [8h 4h 3s 4s 5s]
Seat 1: mcail won 5880


Winamax Poker - Tournament "BIG SWITCH FUNDAY 150K" buyIn: 45€ + 5€ level: 2 - HandId: #3242644658588745758-32-1708285911 - Holdem no limit (30/125/250) - 2024/02/18 19:51:51 UTC
Table: 'BIG SWITCH FUNDAY 150K(754987043)#0029' 6-max (real money) Seat #4 is the button
Seat 1: mcail (43119, 22.50€ bounty)
Seat 2: 1Bet2luxe (9223, 22.50€ bounty)
Seat 3: Farripa (36956, 45€ bounty)
Seat 4: torresmo123 (25663, 22.50€ bounty)
Seat 5: -Alambix- (18779, 22.50€ bounty)
Seat 6: Michelrg (25738, 22.50€ bounty)
*** ANTE/BLINDS ***
-Alambix- posts ante 30
Michelrg posts ante 30
mcail posts ante 30
1Bet2luxe posts ante 30
Farripa posts ante 30
torresmo123 posts ante 30
-Alambix- posts small blind 125
Michelrg posts big blind 250
Dealt to torresmo123 [Ks Kd]
*** PRE-FLOP *** 
mcail folds
1Bet2luxe folds
Farripa folds
torresmo123 raises 313 to 563
-Alambix- calls 438
Michelrg calls 313
*** FLOP *** [Tc 2s Qc]
-Alambix- checks
Michelrg checks
torresmo123 bets 617
-Alambix- folds
Michelrg folds
torresmo123 collected 2486 from pot
*** SUMMARY ***
Total pot 2486 | No rake
Board: [Tc 2s Qc]
Seat 4: torresmo123 (button) won 2486


Winamax Poker - Tournament "BIG SWITCH FUNDAY 150K" buyIn: 45€ + 5€ level: 2 - HandId: #3242644658588745758-33-1708285973 - Holdem no limit (30/125/250) - 2024/02/18 19:52:53 UTC
Table: 'BIG SWITCH FUNDAY 150K(754987043)#0029' 6-max (real money) Seat #5 is the button
Seat 1: mcail (43089, 22.50€ bounty)
Seat 2: 1Bet2luxe (9193, 22.50€ bounty)
Seat 3: Farripa (36926, 45€ bounty)
Seat 4: torresmo123 (26939, 22.50€ bounty)
Seat 5: -Alambix- (18186, 22.50€ bounty)
Seat 6: Michelrg (25145, 22.50€ bounty)
*** ANTE/BLINDS ***
Michelrg posts ante 30
mcail posts ante 30
1Bet2luxe posts ante 30
Farripa posts ante 30
torresmo123 posts ante 30
-Alambix- posts ante 30
Michelrg posts small blind 125
mcail posts big blind 250
Dealt to torresmo123 [5h 9d]
*** PRE-FLOP *** 
1Bet2luxe folds
Farripa folds
torresmo123 folds
-Alambix- folds
Michelrg calls 125
mcail checks
*** FLOP *** [Ts 4s 2d]
Michelrg bets 340
mcail folds
Michelrg collected 1020 from pot
*** SUMMARY ***
Total pot 1020 | No rake
Board: [Ts 4s 2d]
Seat 6: Michelrg (small blind) won 1020


Winamax Poker - Tournament "BIG SWITCH FUNDAY 150K" buyIn: 45€ + 5€ level: 2 - HandId: #3242644658588745758-34-1708286012 - Holdem no limit (30/125/250) - 2024/02/18 19:53:32 UTC
Table: 'BIG SWITCH FUNDAY 150K(754987043)#0029' 6-max (real money) Seat #6 is the button
Seat 1: mcail (42809, 22.50€ bounty)
Seat 2: 1Bet2luxe (9163, 22.50€ bounty)
Seat 3: Farripa (36896, 45€ bounty)
Seat 4: torresmo123 (26909, 22.50€ bounty)
Seat 5: -Alambix- (18156, 22.50€ bounty)
Seat 6: Michelrg (25545, 22.50€ bounty)
*** ANTE/BLINDS ***
mcail posts ante 30
1Bet2luxe posts ante 30
Farripa posts ante 30
torresmo123 posts ante 30
-Alambix- posts ante 30
Michelrg posts ante 30
mcail posts small blind 125
1Bet2luxe posts big blind 250
Dealt to torresmo123 [9h 4s]
*** PRE-FLOP *** 
Farripa folds
torresmo123 folds
-Alambix- raises 280 to 530
Michelrg folds
mcail folds
1Bet2luxe calls 280
*** FLOP *** [6c Jh 9s]
1Bet2luxe checks
-Alambix- checks
*** TURN *** [6c Jh 9s][5h]
1Bet2luxe bets 750
-Alambix- folds
1Bet2luxe collected 2115 from pot
*** SUMMARY ***
Total pot 2115 | No rake
Board: [6c Jh 9s 5h]
Seat 2: 1Bet2luxe (big blind) won 2115


Winamax Poker - Tournament "BIG SWITCH FUNDAY 150K" buyIn: 45€ + 5€ level: 2 - HandId: #3242644658588745758-35-1708286058 - Holdem no limit (30/125/250) - 2024/02/18 19:54:18 UTC
Table: 'BIG SWITCH FUNDAY 150K(754987043)#0029' 6-max (real money) Seat #1 is the button
Seat 1: mcail (42654, 22.50€ bounty)
Seat 2: 1Bet2luxe (9968, 22.50€ bounty)
Seat 3: Farripa (36866, 45€ bounty)
Seat 4: torresmo123 (26879, 22.50€ bounty)
Seat 5: -Alambix- (17596, 22.50€ bounty)
Seat 6: Michelrg (25515, 22.50€ bounty)
*** ANTE/BLINDS ***
1Bet2luxe posts ante 30
Farripa posts ante 30
mcail posts ante 30
torresmo123 posts ante 30
-Alambix- posts ante 30
Michelrg posts ante 30
1Bet2luxe posts small blind 125
Farripa posts big blind 250
Dealt to torresmo123 [Kc 6h]
*** PRE-FLOP *** 
torresmo123 folds
-Alambix- folds
Michelrg folds
mcail calls 250
1Bet2luxe calls 125
Farripa checks
*** FLOP *** [9h 8s 3h]
1Bet2luxe checks
Farripa bets 1163
mcail folds
1Bet2luxe calls 1163
*** TURN *** [9h 8s 3h][7s]
1Bet2luxe checks
Farripa bets 2605
1Bet2luxe raises 5920 to 8525 and is all-in
Farripa raises 5920 to 14445
*** RIVER *** [9h 8s 3h 7s][Qs]
*** SHOW DOWN ***
1Bet2luxe shows [9s Js] (Flush Queen high)
Farripa shows [Jh 9d] (One pair : 9)
Farripa collected 5920 from side pot 1
1Bet2luxe collected 20306 from main pot
*** SUMMARY ***
Total pot 26226 | No rake
Board: [9h 8s 3h 7s Qs]
Seat 2: 1Bet2luxe (small blind) showed [9s Js] and won 20306 with Flush Queen high
Seat 3: Farripa (big blind) showed [Jh 9d] and won 5920 with One pair : 9


Winamax Poker - Tournament "BIG SWITCH FUNDAY 150K" buyIn: 45€ + 5€ level: 2 - HandId: #3242644658588745758-36-1708286460 - Holdem no limit (30/125/250) - 2024/02/18 20:01:00 UTC
Table: 'BIG SWITCH FUNDAY 150K(754987043)#0029' 6-max (real money) Seat #2 is the button
Seat 1: mcail (42374, 22.50€ bounty)
Seat 2: 1Bet2luxe (20306, 22.50€ bounty)
Seat 3: Farripa (26898, 45€ bounty)
Seat 4: torresmo123 (26849, 22.50€ bounty)
Seat 5: -Alambix- (17566, 22.50€ bounty)
Seat 6: Michelrg (25485, 22.50€ bounty)
*** ANTE/BLINDS ***
Farripa posts ante 30
torresmo123 posts ante 30
mcail posts ante 30
1Bet2luxe posts ante 30
-Alambix- posts ante 30
Michelrg posts ante 30
Farripa posts small blind 125
torresmo123 posts big blind 250
Dealt to torresmo123 [8d 6h]
*** PRE-FLOP *** 
-Alambix- folds
Michelrg raises 300 to 550
mcail folds
1Bet2luxe folds
Farripa folds
torresmo123 calls 300
*** FLOP *** [Td Ks As]
torresmo123 checks
Michelrg bets 464
torresmo123 folds
Michelrg collected 1869 from pot
*** SUMMARY ***
Total pot 1869 | No rake
Board: [Td Ks As]
Seat 6: Michelrg won 1869


Winamax Poker - Tournament "BIG SWITCH FUNDAY 150K" buyIn: 45€ + 5€ level: 2 - HandId: #3242644658588745758-37-1708286510 - Holdem no limit (30/125/250) - 2024/02/18 20:01:50 UTC
Table: 'BIG SWITCH FUNDAY 150K(754987043)#0029' 6-max (real money) Seat #3 is the button
Seat 1: mcail (42344, 22.50€ bounty)
Seat 2: 1Bet2luxe (20276, 22.50€ bounty)
Seat 3: Farripa (26743, 45€ bounty)
Seat 4: torresmo123 (26269, 22.50€ bounty)
Seat 5: -Alambix- (17536, 22.50€ bounty)
Seat 6: Michelrg (26310, 22.50€ bounty)
*** ANTE/BLINDS ***
torresmo123 posts ante 30
-Alambix- posts ante 30
mcail posts ante 30
1Bet2luxe posts ante 30
Farripa posts ante 30
Michelrg posts ante 30
torresmo123 posts small blind 125
-Alambix- posts big blind 250
Dealt to torresmo123 [Td Jd]
*** PRE-FLOP *** 
Michelrg folds
mcail folds
1Bet2luxe folds
Farripa folds
torresmo123 raises 750 to 1000
-Alambix- folds
torresmo123 collected 1430 from pot
*** SUMMARY ***
Total pot 1430 | No rake
Seat 4: torresmo123 (small blind) won 1430


Winamax Poker - Tournament "BIG SWITCH FUNDAY 150K" buyIn: 45€ + 5€ level: 2 - HandId: #3242644658588745758-38-1708286542 - Holdem no limit (30/125/250) - 2024/02/18 20:02:22 UTC
Table: 'BIG SWITCH FUNDAY 150K(754987043)#0029' 6-max (real money) Seat #4 is the button
Seat 1: mcail (42314, 22.50€ bounty)
Seat 2: 1Bet2luxe (20246, 22.50€ bounty)
Seat 3: Farripa (26713, 45€ bounty)
Seat 4: torresmo123 (26669, 22.50€ bounty)
Seat 5: -Alambix- (17256, 22.50€ bounty)
Seat 6: Michelrg (26280, 22.50€ bounty)
*** ANTE/BLINDS ***
-Alambix- posts ante 30
Michelrg posts ante 30
mcail posts ante 30
1Bet2luxe posts ante 30
Farripa posts ante 30
torresmo123 posts ante 30
-Alambix- posts small blind 125
Michelrg posts big blind 250
Dealt to torresmo123 [6s Js]
*** PRE-FLOP *** 
mcail folds
1Bet2luxe raises 375 to 625
Farripa raises 1375 to 2000
torresmo123 folds
-Alambix- folds
Michelrg folds
1Bet2luxe calls 1375
*** FLOP *** [8d Jh Ts]
1Bet2luxe checks
Farripa bets 1139
1Bet2luxe raises 1986 to 3125
Farripa calls 1986
*** TURN *** [8d Jh Ts][Ac]
1Bet2luxe bets 15091 and is all-in
Farripa calls 15091
*** RIVER *** [8d Jh Ts Ac][3c]
*** SHOW DOWN ***
Farripa shows [As Qh] (One pair : Aces)
1Bet2luxe shows [8h 8c] (Trips of 8)
1Bet2luxe collected 40987 from pot
*** SUMMARY ***
Total pot 40987 | No rake
Board: [8d Jh Ts Ac 3c]
Seat 2: 1Bet2luxe showed [8h 8c] and won 40987 with Trips of 8
Seat 3: Farripa showed [As Qh] and lost with One pair : Aces


Winamax Poker - Tournament "BIG SWITCH FUNDAY 150K" buyIn: 45€ + 5€ level: 3 - HandId: #3242644658588745758-39-1708286620 - Holdem no limit (35/150/300) - 2024/02/18 20:03:40 UTC
Table: 'BIG SWITCH FUNDAY 150K(754987043)#0029' 6-max (real money) Seat #5 is the button
Seat 1: mcail (42284, 22.50€ bounty)
Seat 2: 1Bet2luxe (40987, 22.50€ bounty)
Seat 3: Farripa (6467, 45€ bounty)
Seat 4: torresmo123 (26639, 22.50€ bounty)
Seat 5: -Alambix- (17101, 22.50€ bounty)
Seat 6: Michelrg (26000, 22.50€ bounty)
*** ANTE/BLINDS ***
Michelrg posts ante 35
mcail posts ante 35
1Bet2luxe posts ante 35
Farripa posts ante 35
torresmo123 posts ante 35
-Alambix- posts ante 35
Michelrg posts small blind 150
mcail posts big blind 300
Dealt to torresmo123 [2d Jh]
*** PRE-FLOP *** 
1Bet2luxe folds
Farripa folds
torresmo123 folds
-Alambix- raises 300 to 600
Michelrg folds
mcail calls 300
*** FLOP *** [Ts Qc 9s]
mcail checks
-Alambix- checks
*** TURN *** [Ts Qc 9s][Jd]
mcail checks
-Alambix- bets 1014
mcail folds
-Alambix- collected 2574 from pot
*** SUMMARY ***
Total pot 2574 | No rake
Board: [Ts Qc 9s Jd]
Seat 5: -Alambix- (button) won 2574


Winamax Poker - Tournament "BIG SWITCH FUNDAY 150K" buyIn: 45€ + 5€ level: 3 - HandId: #3242644658588745758-40-1708286694 - Holdem no limit (35/150/300) - 2024/02/18 20:04:54 UTC
Table: 'BIG SWITCH FUNDAY 150K(754987043)#0029' 6-max (real money) Seat #6 is the button
Seat 1: mcail (41649, 22.50€ bounty)
Seat 2: 1Bet2luxe (40952, 22.50€ bounty)
Seat 3: Farripa (6432, 45€ bounty)
Seat 4: torresmo123 (26604, 22.50€ bounty)
Seat 5: -Alambix- (18026, 22.50€ bounty)
Seat 6: Michelrg (25815, 22.50€ bounty)
*** ANTE/BLINDS ***
mcail posts ante 35
1Bet2luxe posts ante 35
Farripa posts ante 35
torresmo123 posts ante 35
-Alambix- posts ante 35
Michelrg posts ante 35
mcail posts small blind 150
1Bet2luxe posts big blind 300
Dealt to torresmo123 [As Jd]
*** PRE-FLOP *** 
Farripa folds
torresmo123 raises 330 to 630
-Alambix- folds
Michelrg folds
mcail folds
1Bet2luxe calls 330
*** FLOP *** [Kh 9c 7c]
1Bet2luxe checks
torresmo123 bets 535
1Bet2luxe raises 965 to 1500
torresmo123 folds
1Bet2luxe collected 3655 from pot
*** SUMMARY ***
Total pot 3655 | No rake
Board: [Kh 9c 7c]
Seat 2: 1Bet2luxe (big blind) won 3655


Winamax Poker - Tournament "BIG SWITCH FUNDAY 150K" buyIn: 45€ + 5€ level: 3 - HandId: #3242644658588745758-41-1708286726 - Holdem no limit (35/150/300) - 2024/02/18 20:05:26 UTC
Table: 'BIG SWITCH FUNDAY 150K(754987043)#0029' 6-max (real money) Seat #1 is the button
Seat 1: mcail (41464, 22.50€ bounty)
Seat 2: 1Bet2luxe (42442, 22.50€ bounty)
Seat 3: Farripa (6397, 45€ bounty)
Seat 4: torresmo123 (25404, 22.50€ bounty)
Seat 5: -Alambix- (17991, 22.50€ bounty)
Seat 6: Michelrg (25780, 22.50€ bounty)
*** ANTE/BLINDS ***
1Bet2luxe posts ante 35
Farripa posts ante 35
mcail posts ante 35
torresmo123 posts ante 35
-Alambix- posts ante 35
Michelrg posts ante 35
1Bet2luxe posts small blind 150
Farripa posts big blind 300
Dealt to torresmo123 [Th Qc]
*** PRE-FLOP *** 
torresmo123 raises 330 to 630
-Alambix- folds
Michelrg folds
mcail folds
1Bet2luxe folds
Farripa folds
torresmo123 collected 1290 from pot
*** SUMMARY ***
Total pot 1290 | No rake
Seat 4: torresmo123 won 1290


Winamax Poker - Tournament "BIG SWITCH FUNDAY 150K" buyIn: 45€ + 5€ level: 3 - HandId: #3242644658588745758-42-1708286763 - Holdem no limit (35/150/300) - 2024/02/18 20:06:03 UTC
Table: 'BIG SWITCH FUNDAY 150K(754987043)#0029' 6-max (real money) Seat #2 is the button
Seat 1: mcail (41429, 22.50€ bounty)
Seat 2: 1Bet2luxe (42257, 22.50€ bounty)
Seat 3: Farripa (6062, 45€ bounty)
Seat 4: torresmo123 (26029, 22.50€ bounty)
Seat 5: -Alambix- (17956, 22.50€ bounty)
Seat 6: Michelrg (25745, 22.50€ bounty)
*** ANTE/BLINDS ***
Farripa posts ante 35
torresmo123 posts ante 35
mcail posts ante 35
1Bet2luxe posts ante 35
-Alambix- posts ante 35
Michelrg posts ante 35
Farripa posts small blind 150
torresmo123 posts big blind 300
Dealt to torresmo123 [Kc Kd]
*** PRE-FLOP *** 
-Alambix- folds
Michelrg raises 360 to 660
mcail folds
1Bet2luxe folds
Farripa folds
torresmo123 raises 2190 to 2850
Michelrg folds
torresmo123 collected 3870 from pot
*** SUMMARY ***
Total pot 3870 | No rake
Seat 4: torresmo123 (big blind) won 3870


Winamax Poker - Tournament "BIG SWITCH FUNDAY 150K" buyIn: 45€ + 5€ level: 3 - HandId: #3242644658588745758-43-1708286800 - Holdem no limit (35/150/300) - 2024/02/18 20:06:40 UTC
Table: 'BIG SWITCH FUNDAY 150K(754987043)#0029' 6-max (real money) Seat #3 is the button
Seat 1: mcail (41394, 22.50€ bounty)
Seat 2: 1Bet2luxe (42222, 22.50€ bounty)
Seat 3: Farripa (5877, 45€ bounty)
Seat 4: torresmo123 (27014, 22.50€ bounty)
Seat 5: -Alambix- (17921, 22.50€ bounty)
Seat 6: Michelrg (25050, 22.50€ bounty)
*** ANTE/BLINDS ***
torresmo123 posts ante 35
-Alambix- posts ante 35
mcail posts ante 35
1Bet2luxe posts ante 35
Farripa posts ante 35
Michelrg posts ante 35
torresmo123 posts small blind 150
-Alambix- posts big blind 300
Dealt to torresmo123 [7h Kh]
*** PRE-FLOP *** 
Michelrg raises 360 to 660
mcail folds
1Bet2luxe folds
Farripa folds
torresmo123 calls 510
-Alambix- folds
*** FLOP *** [9d 6s 3s]
torresmo123 checks
Michelrg checks
*** TURN *** [9d 6s 3s][Td]
torresmo123 checks
Michelrg checks
*** RIVER *** [9d 6s 3s Td][Js]
torresmo123 checks
Michelrg bets 1830
torresmo123 folds
Michelrg collected 3660 from pot
*** SUMMARY ***
Total pot 3660 | No rake
Board: [9d 6s 3s Td Js]
Seat 6: Michelrg won 3660


Winamax Poker - Tournament "BIG SWITCH FUNDAY 150K" buyIn: 45€ + 5€ level: 3 - HandId: #3242644658588745758-44-1708286929 - Holdem no limit (35/150/300) - 2024/02/18 20:08:49 UTC
Table: 'BIG SWITCH FUNDAY 150K(754987043)#0029' 6-max (real money) Seat #4 is the button
Seat 1: mcail (41359, 22.50€ bounty)
Seat 2: 1Bet2luxe (42187, 22.50€ bounty)
Seat 3: Farripa (5842, 45€ bounty)
Seat 4: torresmo123 (26319, 22.50€ bounty)
Seat 5: -Alambix- (17586, 22.50€ bounty)
Seat 6: Michelrg (26185, 22.50€ bounty)
*** ANTE/BLINDS ***
-Alambix- posts ante 35
Michelrg posts ante 35
mcail posts ante 35
1Bet2luxe posts ante 35
Farripa posts ante 35
torresmo123 posts ante 35
-Alambix- posts small blind 150
Michelrg posts big blind 300
Dealt to torresmo123 [7d Jh]
*** PRE-FLOP *** 
mcail calls 300
1Bet2luxe folds
Farripa folds
torresmo123 folds
-Alambix- calls 150
Michelrg checks
*** FLOP *** [6s 2s 8h]
-Alambix- checks
Michelrg checks
mcail bets 1110
-Alambix- calls 1110
Michelrg folds
*** TURN *** [6s 2s 8h][9d]
-Alambix- checks
mcail bets 3330
-Alambix- calls 3330
*** RIVER *** [6s 2s 8h 9d][4d]
-Alambix- checks
mcail bets 36584 and is all-in
-Alambix- folds
mcail collected 46574 from pot
*** SUMMARY ***
Total pot 46574 | No rake
Board: [6s 2s 8h 9d 4d]
Seat 1: mcail won 46574


Winamax Poker - Tournament "BIG SWITCH FUNDAY 150K" buyIn: 45€ + 5€ level: 3 - HandId: #3242644658588745758-45-1708286993 - Holdem no limit (35/150/300) - 2024/02/18 20:09:53 UTC
Table: 'BIG SWITCH FUNDAY 150K(754987043)#0029' 6-max (real money) Seat #5 is the button
Seat 1: mcail (46574, 22.50€ bounty)
Seat 2: 1Bet2luxe (42152, 22.50€ bounty)
Seat 3: Farripa (5807, 45€ bounty)
Seat 4: torresmo123 (26284, 22.50€ bounty)
Seat 5: -Alambix- (12811, 22.50€ bounty)
Seat 6: Michelrg (25850, 22.50€ bounty)
*** ANTE/BLINDS ***
Michelrg posts ante 35
mcail posts ante 35
1Bet2luxe posts ante 35
Farripa posts ante 35
torresmo123 posts ante 35
-Alambix- posts ante 35
Michelrg posts small blind 150
mcail posts big blind 300
Dealt to torresmo123 [Ts 8s]
*** PRE-FLOP *** 
1Bet2luxe folds
Farripa folds
torresmo123 raises 330 to 630
-Alambix- folds
Michelrg folds
mcail folds
torresmo123 collected 1290 from pot
*** SUMMARY ***
Total pot 1290 | No rake
Seat 4: torresmo123 won 1290


Winamax Poker - Tournament "BIG SWITCH FUNDAY 150K" buyIn: 45€ + 5€ level: 4 - HandId: #3242644658588745758-46-1708287025 - Holdem no limit (40/175/350) - 2024/02/18 20:10:25 UTC
Table: 'BIG SWITCH FUNDAY 150K(754987043)#0029' 6-max (real money) Seat #6 is the button
Seat 1: mcail (46239, 22.50€ bounty)
Seat 2: 1Bet2luxe (42117, 22.50€ bounty)
Seat 3: Farripa (5772, 45€ bounty)
Seat 4: torresmo123 (26909, 22.50€ bounty)
Seat 5: -Alambix- (12776, 22.50€ bounty)
Seat 6: Michelrg (25665, 22.50€ bounty)
*** ANTE/BLINDS ***
mcail posts ante 40
1Bet2luxe posts ante 40
Farripa posts ante 40
torresmo123 posts ante 40
-Alambix- posts ante 40
Michelrg posts ante 40
mcail posts small blind 175
1Bet2luxe posts big blind 350
Dealt to torresmo123 [Js 8d]
*** PRE-FLOP *** 
Farripa folds
torresmo123 folds
-Alambix- folds
Michelrg raises 420 to 770
mcail calls 595
1Bet2luxe raises 3430 to 4200
Michelrg folds
mcail folds
1Bet2luxe collected 5980 from pot
*** SUMMARY ***
Total pot 5980 | No rake
Seat 2: 1Bet2luxe (big blind) won 5980


Winamax Poker - Tournament "BIG SWITCH FUNDAY 150K" buyIn: 45€ + 5€ level: 4 - HandId: #3242644658588745758-47-1708287056 - Holdem no limit (40/175/350) - 2024/02/18 20:10:56 UTC
Table: 'BIG SWITCH FUNDAY 150K(754987043)#0029' 6-max (real money) Seat #1 is the button
Seat 1: mcail (45429, 22.50€ bounty)
Seat 2: 1Bet2luxe (43857, 22.50€ bounty)
Seat 3: Farripa (5732, 45€ bounty)
Seat 4: torresmo123 (26869, 22.50€ bounty)
Seat 5: -Alambix- (12736, 22.50€ bounty)
Seat 6: Michelrg (24855, 22.50€ bounty)
*** ANTE/BLINDS ***
1Bet2luxe posts ante 40
Farripa posts ante 40
mcail posts ante 40
torresmo123 posts ante 40
-Alambix- posts ante 40
Michelrg posts ante 40
1Bet2luxe posts small blind 175
Farripa posts big blind 350
Dealt to torresmo123 [5h Qc]
*** PRE-FLOP *** 
torresmo123 folds
-Alambix- folds
Michelrg folds
mcail folds
1Bet2luxe raises 43467 to 43817 and is all-in
Farripa calls 5342 and is all-in
*** FLOP *** [Ah 6d 7c]
*** TURN *** [Ah 6d 7c][5d]
*** RIVER *** [Ah 6d 7c 5d][3s]
*** SHOW DOWN ***
1Bet2luxe shows [Tc Kc] (High card : Ace)
Farripa shows [9d Ad] (One pair : Aces)
Farripa collected 11624 from main pot
1Bet2luxe collected 38125 from side pot 1
*** SUMMARY ***
Total pot 49749 | No rake
Board: [Ah 6d 7c 5d 3s]
Seat 2: 1Bet2luxe (small blind) showed [Tc Kc] and won 38125 with High card : Ace
Seat 3: Farripa (big blind) showed [9d Ad] and won 11624 with One pair : Aces


Winamax Poker - Tournament "BIG SWITCH FUNDAY 150K" buyIn: 45€ + 5€ level: 4 - HandId: #3242644658588745758-48-1708287076 - Holdem no limit (40/175/350) - 2024/02/18 20:11:16 UTC
Table: 'BIG SWITCH FUNDAY 150K(754987043)#0029' 6-max (real money) Seat #2 is the button
Seat 1: mcail (45389, 22.50€ bounty)
Seat 2: 1Bet2luxe (38125, 22.50€ bounty)
Seat 3: Farripa (11624, 45€ bounty)
Seat 4: torresmo123 (26829, 22.50€ bounty)
Seat 5: -Alambix- (12696, 22.50€ bounty)
Seat 6: Michelrg (24815, 22.50€ bounty)
*** ANTE/BLINDS ***
Farripa posts ante 40
torresmo123 posts ante 40
mcail posts ante 40
1Bet2luxe posts ante 40
-Alambix- posts ante 40
Michelrg posts ante 40
Farripa posts small blind 175
torresmo123 posts big blind 350
Dealt to torresmo123 [Kh Ts]
*** PRE-FLOP *** 
-Alambix- folds
Michelrg folds
mcail calls 350
1Bet2luxe folds
Farripa folds
torresmo123 checks
*** FLOP *** [5c 2s 9c]
torresmo123 checks
mcail checks
*** TURN *** [5c 2s 9c][3s]
torresmo123 checks
mcail checks
*** RIVER *** [5c 2s 9c 3s][3h]
torresmo123 checks
mcail checks
*** SHOW DOWN ***
torresmo123 shows [Kh Ts] (One pair : 3)
mcail shows [Ah 7c] (One pair : 3)
mcail collected 1115 from pot
*** SUMMARY ***
Total pot 1115 | No rake
Board: [5c 2s 9c 3s 3h]
Seat 1: mcail showed [Ah 7c] and won 1115 with One pair : 3
Seat 4: torresmo123 (big blind) showed [Kh Ts] and lost with One pair : 3


Winamax Poker - Tournament "BIG SWITCH FUNDAY 150K" buyIn: 45€ + 5€ level: 4 - HandId: #3242644658588745758-49-1708287123 - Holdem no limit (40/175/350) - 2024/02/18 20:12:03 UTC
Table: 'BIG SWITCH FUNDAY 150K(754987043)#0029' 6-max (real money) Seat #3 is the button
Seat 1: mcail (46114, 22.50€ bounty)
Seat 2: 1Bet2luxe (38085, 22.50€ bounty)
Seat 3: Farripa (11409, 45€ bounty)
Seat 4: torresmo123 (26439, 22.50€ bounty)
Seat 5: -Alambix- (12656, 22.50€ bounty)
Seat 6: Michelrg (24775, 22.50€ bounty)
*** ANTE/BLINDS ***
torresmo123 posts ante 40
-Alambix- posts ante 40
mcail posts ante 40
1Bet2luxe posts ante 40
Farripa posts ante 40
Michelrg posts ante 40
torresmo123 posts small blind 175
-Alambix- posts big blind 350
Dealt to torresmo123 [Ad 6s]
*** PRE-FLOP *** 
Michelrg raises 420 to 770
mcail folds
1Bet2luxe folds
Farripa calls 770
torresmo123 folds
-Alambix- folds
*** FLOP *** [8d Kc 9d]
Michelrg bets 1153
Farripa calls 1153
*** TURN *** [8d Kc 9d][Td]
Michelrg checks
Farripa bets 3043
Michelrg folds
Farripa collected 7654 from pot
*** SUMMARY ***
Total pot 7654 | No rake
Board: [8d Kc 9d Td]
Seat 3: Farripa (button) won 7654


Winamax Poker - Tournament "BIG SWITCH FUNDAY 150K" buyIn: 45€ + 5€ level: 4 - HandId: #3242644658588745758-50-1708287202 - Holdem no limit (40/175/350) - 2024/02/18 20:13:22 UTC
Table: 'BIG SWITCH FUNDAY 150K(754987043)#0029' 6-max (real money) Seat #4 is the button
Seat 1: mcail (46074, 22.50€ bounty)
Seat 2: 1Bet2luxe (38045, 22.50€ bounty)
Seat 3: Farripa (14057, 45€ bounty)
Seat 4: torresmo123 (26224, 22.50€ bounty)
Seat 5: -Alambix- (12266, 22.50€ bounty)
Seat 6: Michelrg (22812, 22.50€ bounty)
*** ANTE/BLINDS ***
-Alambix- posts ante 40
Michelrg posts ante 40
mcail posts ante 40
1Bet2luxe posts ante 40
Farripa posts ante 40
torresmo123 posts ante 40
-Alambix- posts small blind 175
Michelrg posts big blind 350
Dealt to torresmo123 [8d Qd]
*** PRE-FLOP *** 
mcail calls 350
1Bet2luxe folds
Farripa calls 350
torresmo123 calls 350
-Alambix- calls 175
Michelrg checks
*** FLOP *** [3c 9h Js]
-Alambix- checks
Michelrg checks
mcail checks
Farripa checks
torresmo123 checks
*** TURN *** [3c 9h Js][Tc]
-Alambix- checks
Michelrg checks
mcail checks
Farripa checks
torresmo123 bets 1925
-Alambix- folds
Michelrg folds
mcail folds
Farripa folds
torresmo123 collected 3915 from pot
*** SUMMARY ***
Total pot 3915 | No rake
Board: [3c 9h Js Tc]
Seat 4: torresmo123 (button) won 3915


Winamax Poker - Tournament "BIG SWITCH FUNDAY 150K" buyIn: 45€ + 5€ level: 4 - HandId: #3242644658588745758-51-1708287297 - Holdem no limit (40/175/350) - 2024/02/18 20:14:57 UTC
Table: 'BIG SWITCH FUNDAY 150K(754987043)#0029' 6-max (real money) Seat #5 is the button
Seat 1: mcail (45684, 22.50€ bounty)
Seat 2: 1Bet2luxe (38005, 22.50€ bounty)
Seat 3: Farripa (13667, 45€ bounty)
Seat 4: torresmo123 (27824, 22.50€ bounty)
Seat 5: -Alambix- (11876, 22.50€ bounty)
Seat 6: Michelrg (22422, 22.50€ bounty)
*** ANTE/BLINDS ***
Michelrg posts ante 40
mcail posts ante 40
1Bet2luxe posts ante 40
Farripa posts ante 40
torresmo123 posts ante 40
-Alambix- posts ante 40
Michelrg posts small blind 175
mcail posts big blind 350
Dealt to torresmo123 [7c 3c]
*** PRE-FLOP *** 
1Bet2luxe raises 525 to 875
Farripa folds
torresmo123 folds
-Alambix- folds
Michelrg folds
mcail folds
1Bet2luxe collected 1640 from pot
*** SUMMARY ***
Total pot 1640 | No rake
Seat 2: 1Bet2luxe won 1640


Winamax Poker - Tournament "BIG SWITCH FUNDAY 150K" buyIn: 45€ + 5€ level: 4 - HandId: #3242644658588745758-52-1708287323 - Holdem no limit (40/175/350) - 2024/02/18 20:15:23 UTC
Table: 'BIG SWITCH FUNDAY 150K(754987043)#0029' 6-max (real money) Seat #6 is the button
Seat 1: mcail (45294, 22.50€ bounty)
Seat 2: 1Bet2luxe (38730, 22.50€ bounty)
Seat 3: Farripa (13627, 45€ bounty)
Seat 4: torresmo123 (27784, 22.50€ bounty)
Seat 5: -Alambix- (11836, 22.50€ bounty)
Seat 6: Michelrg (22207, 22.50€ bounty)
*** ANTE/BLINDS ***
mcail posts ante 40
1Bet2luxe posts ante 40
Farripa posts ante 40
torresmo123 posts ante 40
-Alambix- posts ante 40
Michelrg posts ante 40
mcail posts small blind 175
1Bet2luxe posts big blind 350
Dealt to torresmo123 [Kd 2h]
*** PRE-FLOP *** 
Farripa folds
torresmo123 folds
-Alambix- folds
Michelrg folds
mcail raises 525 to 875
1Bet2luxe calls 525
*** FLOP *** [6d 3c 8s]
mcail checks
1Bet2luxe bets 700
mcail calls 700
*** TURN *** [6d 3c 8s][Ks]
mcail checks
1Bet2luxe checks
*** RIVER *** [6d 3c 8s Ks][7c]
mcail bets 1187
1Bet2luxe calls 1187
*** SHOW DOWN ***
mcail shows [Ah 3d] (One pair : 3)
1Bet2luxe shows [4h 8h] (One pair : 8)
1Bet2luxe collected 5764 from pot
*** SUMMARY ***
Total pot 5764 | No rake
Board: [6d 3c 8s Ks 7c]
Seat 1: mcail (small blind) showed [Ah 3d] and lost with One pair : 3
Seat 2: 1Bet2luxe (big blind) showed [4h 8h] and won 5764 with One pair : 8


Winamax Poker - Tournament "BIG SWITCH FUNDAY 150K" buyIn: 45€ + 5€ level: 4 - HandId: #3242644658588745758-53-1708287357 - Holdem no limit (40/175/350) - 2024/02/18 20:15:57 UTC
Table: 'BIG SWITCH FUNDAY 150K(754987043)#0029' 6-max (real money) Seat #1 is the button
Seat 1: mcail (42492, 22.50€ bounty)
Seat 2: 1Bet2luxe (41692, 22.50€ bounty)
Seat 3: Farripa (13587, 45€ bounty)
Seat 4: torresmo123 (27744, 22.50€ bounty)
Seat 5: -Alambix- (11796, 22.50€ bounty)
Seat 6: Michelrg (22167, 22.50€ bounty)
*** ANTE/BLINDS ***
1Bet2luxe posts ante 40
Farripa posts ante 40
mcail posts ante 40
torresmo123 posts ante 40
-Alambix- posts ante 40
Michelrg posts ante 40
1Bet2luxe posts small blind 175
Farripa posts big blind 350
Dealt to torresmo123 [Tc 2c]
*** PRE-FLOP *** 
torresmo123 folds
-Alambix- folds
Michelrg raises 420 to 770
mcail calls 770
1Bet2luxe folds
Farripa folds
*** FLOP *** [As 4h Kd]
Michelrg bets 761
mcail calls 761
*** TURN *** [As 4h Kd][Js]
Michelrg checks
mcail bets 1339
Michelrg calls 1339
*** RIVER *** [As 4h Kd Js][7c]
Michelrg checks
mcail bets 6505
Michelrg folds
mcail collected 13010 from pot
*** SUMMARY ***
Total pot 13010 | No rake
Board: [As 4h Kd Js 7c]
Seat 1: mcail (button) won 13010


Winamax Poker - Tournament "BIG SWITCH FUNDAY 150K" buyIn: 45€ + 5€ level: 4 - HandId: #3242644658588745758-54-1708287430 - Holdem no limit (40/175/350) - 2024/02/18 20:17:10 UTC
Table: 'BIG SWITCH FUNDAY 150K(754987043)#0029' 6-max (real money) Seat #2 is the button
Seat 1: mcail (46087, 22.50€ bounty)
Seat 2: 1Bet2luxe (41477, 22.50€ bounty)
Seat 3: Farripa (13197, 45€ bounty)
Seat 4: torresmo123 (27704, 22.50€ bounty)
Seat 5: -Alambix- (11756, 22.50€ bounty)
Seat 6: Michelrg (19257, 22.50€ bounty)
*** ANTE/BLINDS ***
Farripa posts ante 40
torresmo123 posts ante 40
mcail posts ante 40
1Bet2luxe posts ante 40
-Alambix- posts ante 40
Michelrg posts ante 40
Farripa posts small blind 175
torresmo123 posts big blind 350
Dealt to torresmo123 [Qc Ad]
*** PRE-FLOP *** 
-Alambix- raises 392 to 742
Michelrg folds
mcail folds
1Bet2luxe folds
Farripa calls 567
torresmo123 raises 26922 to 27664 and is all-in
-Alambix- calls 10974 and is all-in
Farripa folds
*** FLOP *** [2d 3s As]
*** TURN *** [2d 3s As][Qh]
*** RIVER *** [2d 3s As Qh][Qs]
*** SHOW DOWN ***
-Alambix- shows [Ah Kd] (Two pairs : Aces and Queens)
torresmo123 shows [Qc Ad] (Full of Queens and Aces)
torresmo123 collected 40362 from pot
*** SUMMARY ***
Total pot 40362 | No rake
Board: [2d 3s As Qh Qs]
Seat 4: torresmo123 (big blind) showed [Qc Ad] and won 40362 with Full of Queens and Aces
Seat 5: -Alambix- showed [Ah Kd] and lost with Two pairs : Aces and Queens


Winamax Poker - Tournament "BIG SWITCH FUNDAY 150K" buyIn: 45€ + 5€ level: 5 - HandId: #3242644658588745758-55-1708287464 - Holdem no limit (50/200/400) - 2024/02/18 20:17:44 UTC
Table: 'BIG SWITCH FUNDAY 150K(754987043)#0029' 6-max (real money) Seat #3 is the button
Seat 1: mcail (46047, 22.50€ bounty)
Seat 2: 1Bet2luxe (41437, 22.50€ bounty)
Seat 3: Farripa (12415, 45€ bounty)
Seat 4: torresmo123 (40362, 33.75€ bounty)
Seat 6: Michelrg (19217, 22.50€ bounty)
*** ANTE/BLINDS ***
torresmo123 posts ante 50
Michelrg posts ante 50
mcail posts ante 50
1Bet2luxe posts ante 50
Farripa posts ante 50
torresmo123 posts small blind 200
Michelrg posts big blind 400
Dealt to torresmo123 [As Qd]
*** PRE-FLOP *** 
mcail calls 400
1Bet2luxe raises 1600 to 2000
Farripa folds
torresmo123 calls 1800
Michelrg folds
mcail calls 1600
*** FLOP *** [Js 2s Jh]
torresmo123 checks
mcail checks
1Bet2luxe bets 2328
torresmo123 folds
mcail folds
1Bet2luxe collected 8978 from pot
*** SUMMARY ***
Total pot 8978 | No rake
Board: [Js 2s Jh]
Seat 2: 1Bet2luxe won 8978


Winamax Poker - Tournament "BIG SWITCH FUNDAY 150K" buyIn: 45€ + 5€ level: 5 - HandId: #3242644658588745758-56-1708287536 - Holdem no limit (50/200/400) - 2024/02/18 20:18:56 UTC
Table: 'BIG SWITCH FUNDAY 150K(754987043)#0029' 6-max (real money) Seat #4 is the button
Seat 1: mcail (43997, 22.50€ bounty)
Seat 2: 1Bet2luxe (46037, 22.50€ bounty)
Seat 3: Farripa (12365, 45€ bounty)
Seat 4: torresmo123 (38312, 33.75€ bounty)
Seat 5: SuperMiaouu (20000, 22.50€ bounty)
Seat 6: Michelrg (18767, 22.50€ bounty)
*** ANTE/BLINDS ***
Michelrg posts ante 50
mcail posts ante 50
1Bet2luxe posts ante 50
Farripa posts ante 50
torresmo123 posts ante 50
Michelrg posts small blind 200
mcail posts big blind 400
Dealt to torresmo123 [9h Jc]
*** PRE-FLOP *** 
1Bet2luxe raises 600 to 1000
Farripa folds
torresmo123 folds
Michelrg calls 800
mcail calls 600
*** FLOP *** [4d 7h 8d]
Michelrg checks
mcail checks
1Bet2luxe checks
*** TURN *** [4d 7h 8d][2h]
Michelrg bets 1073
mcail folds
1Bet2luxe folds
Michelrg collected 4323 from pot
*** SUMMARY ***
Total pot 4323 | No rake
Board: [4d 7h 8d 2h]
Seat 6: Michelrg (small blind) won 4323


Winamax Poker - Tournament "BIG SWITCH FUNDAY 150K" buyIn: 45€ + 5€ level: 5 - HandId: #3242644658588745758-57-1708287595 - Holdem no limit (50/200/400) - 2024/02/18 20:19:55 UTC
Table: 'BIG SWITCH FUNDAY 150K(754987043)#0029' 6-max (real money) Seat #6 is the button
Seat 1: mcail (42947, 22.50€ bounty)
Seat 2: 1Bet2luxe (44987, 22.50€ bounty)
Seat 3: Farripa (12315, 45€ bounty)
Seat 4: torresmo123 (38262, 33.75€ bounty)
Seat 5: SuperMiaouu (20000, 22.50€ bounty)
Seat 6: Michelrg (20967, 22.50€ bounty)
*** ANTE/BLINDS ***
mcail posts ante 50
1Bet2luxe posts ante 50
Farripa posts ante 50
torresmo123 posts ante 50
SuperMiaouu posts ante 50
Michelrg posts ante 50
mcail posts small blind 200
1Bet2luxe posts big blind 400
Dealt to torresmo123 [9s 9c]
*** PRE-FLOP *** 
Farripa folds
torresmo123 raises 400 to 800
SuperMiaouu folds
Michelrg folds
mcail calls 600
1Bet2luxe calls 400
*** FLOP *** [7h 4s 5h]
mcail checks
1Bet2luxe checks
torresmo123 bets 891
mcail folds
1Bet2luxe calls 891
*** TURN *** [7h 4s 5h][8c]
1Bet2luxe checks
torresmo123 checks
*** RIVER *** [7h 4s 5h 8c][Kh]
1Bet2luxe checks
torresmo123 checks
*** SHOW DOWN ***
torresmo123 shows [9s 9c] (One pair : 9)
1Bet2luxe shows [8s Kd] (Two pairs : Kings and 8)
1Bet2luxe collected 4482 from pot
*** SUMMARY ***
Total pot 4482 | No rake
Board: [7h 4s 5h 8c Kh]
Seat 2: 1Bet2luxe (big blind) showed [8s Kd] and won 4482 with Two pairs : Kings and 8
Seat 4: torresmo123 showed [9s 9c] and lost with One pair : 9


Winamax Poker - Tournament "BIG SWITCH FUNDAY 150K" buyIn: 45€ + 5€ level: 5 - HandId: #3242644658588745758-58-1708287693 - Holdem no limit (50/200/400) - 2024/02/18 20:21:33 UTC
Table: 'BIG SWITCH FUNDAY 150K(754987043)#0029' 6-max (real money) Seat #1 is the button
Seat 1: mcail (42097, 22.50€ bounty)
Seat 2: 1Bet2luxe (47728, 22.50€ bounty)
Seat 3: Farripa (12265, 45€ bounty)
Seat 4: torresmo123 (36521, 33.75€ bounty)
Seat 5: SuperMiaouu (19950, 22.50€ bounty)
Seat 6: Michelrg (20917, 22.50€ bounty)
*** ANTE/BLINDS ***
1Bet2luxe posts ante 50
Farripa posts ante 50
mcail posts ante 50
torresmo123 posts ante 50
SuperMiaouu posts ante 50
Michelrg posts ante 50
1Bet2luxe posts small blind 200
Farripa posts big blind 400
Dealt to torresmo123 [3s 8d]
*** PRE-FLOP *** 
torresmo123 folds
SuperMiaouu folds
Michelrg folds
mcail calls 400
1Bet2luxe calls 200
Farripa checks
*** FLOP *** [Ah 2s Qh]
1Bet2luxe checks
Farripa checks
mcail checks
*** TURN *** [Ah 2s Qh][Tc]
1Bet2luxe checks
Farripa checks
mcail bets 400
1Bet2luxe folds
Farripa calls 400
*** RIVER *** [Ah 2s Qh Tc][2d]
Farripa checks
mcail bets 400
Farripa folds
mcail collected 2700 from pot
*** SUMMARY ***
Total pot 2700 | No rake
Board: [Ah 2s Qh Tc 2d]
Seat 1: mcail (button) won 2700


Winamax Poker - Tournament "BIG SWITCH FUNDAY 150K" buyIn: 45€ + 5€ level: 5 - HandId: #3242644658588745758-59-1708287760 - Holdem no limit (50/200/400) - 2024/02/18 20:22:40 UTC
Table: 'BIG SWITCH FUNDAY 150K(754987043)#0029' 6-max (real money) Seat #2 is the button
Seat 1: mcail (43547, 22.50€ bounty)
Seat 2: 1Bet2luxe (47278, 22.50€ bounty)
Seat 3: Farripa (11415, 45€ bounty)
Seat 4: torresmo123 (36471, 33.75€ bounty)
Seat 5: SuperMiaouu (19900, 22.50€ bounty)
Seat 6: Michelrg (20867, 22.50€ bounty)
*** ANTE/BLINDS ***
Farripa posts ante 50
torresmo123 posts ante 50
mcail posts ante 50
1Bet2luxe posts ante 50
SuperMiaouu posts ante 50
Michelrg posts ante 50
Farripa posts small blind 200
torresmo123 posts big blind 400
Dealt to torresmo123 [9h Ah]
*** PRE-FLOP *** 
SuperMiaouu folds
Michelrg folds
mcail folds
1Bet2luxe raises 600 to 1000
Farripa raises 10365 to 11365 and is all-in
torresmo123 folds
1Bet2luxe folds
Farripa collected 13065 from pot
*** SUMMARY ***
Total pot 13065 | No rake
Seat 3: Farripa (small blind) won 13065


Winamax Poker - Tournament "BIG SWITCH FUNDAY 150K" buyIn: 45€ + 5€ level: 5 - HandId: #3242644658588745758-60-1708287808 - Holdem no limit (50/200/400) - 2024/02/18 20:23:28 UTC
Table: 'BIG SWITCH FUNDAY 150K(754987043)#0029' 6-max (real money) Seat #3 is the button
Seat 1: mcail (43497, 22.50€ bounty)
Seat 2: 1Bet2luxe (46228, 22.50€ bounty)
Seat 3: Farripa (13065, 45€ bounty)
Seat 4: torresmo123 (36021, 33.75€ bounty)
Seat 5: SuperMiaouu (19850, 22.50€ bounty)
Seat 6: Michelrg (20817, 22.50€ bounty)
*** ANTE/BLINDS ***
torresmo123 posts ante 50
SuperMiaouu posts ante 50
mcail posts ante 50
1Bet2luxe posts ante 50
Farripa posts ante 50
Michelrg posts ante 50
torresmo123 posts small blind 200
SuperMiaouu posts big blind 400
Dealt to torresmo123 [As 9d]
*** PRE-FLOP *** 
Michelrg folds
mcail calls 400
1Bet2luxe folds
Farripa raises 1600 to 2000
torresmo123 folds
SuperMiaouu calls 1600
mcail calls 1600
*** FLOP *** [Ad 2h 3c]
SuperMiaouu checks
mcail checks
Farripa bets 1625
SuperMiaouu folds
mcail calls 1625
*** TURN *** [Ad 2h 3c][Qs]
mcail checks
Farripa bets 3218
mcail folds
Farripa collected 12968 from pot
*** SUMMARY ***
Total pot 12968 | No rake
Board: [Ad 2h 3c Qs]
Seat 3: Farripa (button) won 12968


Winamax Poker - Tournament "BIG SWITCH FUNDAY 150K" buyIn: 45€ + 5€ level: 6 - HandId: #3242644658588745758-61-1708287910 - Holdem no limit (60/250/500) - 2024/02/18 20:25:10 UTC
Table: 'BIG SWITCH FUNDAY 150K(754987043)#0029' 6-max (real money) Seat #4 is the button
Seat 1: mcail (39822, 22.50€ bounty)
Seat 2: 1Bet2luxe (46178, 22.50€ bounty)
Seat 3: Farripa (19140, 45€ bounty)
Seat 4: torresmo123 (35771, 33.75€ bounty)
Seat 5: SuperMiaouu (17800, 22.50€ bounty)
Seat 6: Michelrg (20767, 22.50€ bounty)
*** ANTE/BLINDS ***
SuperMiaouu posts ante 60
Michelrg posts ante 60
mcail posts ante 60
1Bet2luxe posts ante 60
Farripa posts ante 60
torresmo123 posts ante 60
SuperMiaouu posts small blind 250
Michelrg posts big blind 500
Dealt to torresmo123 [7c 6h]
*** PRE-FLOP *** 
mcail folds
1Bet2luxe folds
Farripa folds
torresmo123 raises 500 to 1000
SuperMiaouu calls 750
Michelrg raises 3750 to 4750
torresmo123 folds
SuperMiaouu calls 3750
*** FLOP *** [Ad 6c 3h]
SuperMiaouu checks
Michelrg bets 2250
SuperMiaouu folds
Michelrg collected 13110 from pot
*** SUMMARY ***
Total pot 13110 | No rake
Board: [Ad 6c 3h]
Seat 6: Michelrg (big blind) won 13110


Winamax Poker - Tournament "BIG SWITCH FUNDAY 150K" buyIn: 45€ + 5€ level: 6 - HandId: #3242644658588745758-62-1708287962 - Holdem no limit (60/250/500) - 2024/02/18 20:26:02 UTC
Table: 'BIG SWITCH FUNDAY 150K(754987043)#0029' 6-max (real money) Seat #5 is the button
Seat 1: mcail (39762, 22.50€ bounty)
Seat 2: 1Bet2luxe (46118, 22.50€ bounty)
Seat 3: Farripa (19080, 45€ bounty)
Seat 4: torresmo123 (34711, 33.75€ bounty)
Seat 5: SuperMiaouu (12990, 22.50€ bounty)
Seat 6: Michelrg (26817, 22.50€ bounty)
*** ANTE/BLINDS ***
Michelrg posts ante 60
mcail posts ante 60
1Bet2luxe posts ante 60
Farripa posts ante 60
torresmo123 posts ante 60
SuperMiaouu posts ante 60
Michelrg posts small blind 250
mcail posts big blind 500
Dealt to torresmo123 [5c Kd]
*** PRE-FLOP *** 
1Bet2luxe raises 750 to 1250
Farripa folds
torresmo123 folds
SuperMiaouu folds
Michelrg calls 1000
mcail calls 750
*** FLOP *** [7h Kc 4s]
Michelrg checks
mcail checks
1Bet2luxe bets 1250
Michelrg calls 1250
mcail folds
*** TURN *** [7h Kc 4s][9c]
Michelrg checks
1Bet2luxe bets 4750
Michelrg calls 4750
*** RIVER *** [7h Kc 4s 9c][3c]
Michelrg checks
1Bet2luxe checks
*** SHOW DOWN ***
Michelrg shows [Jd Kh] (One pair : Kings)
1Bet2luxe shows [Ks Qs] (One pair : Kings)
1Bet2luxe collected 16110 from pot
*** SUMMARY ***
Total pot 16110 | No rake
Board: [7h Kc 4s 9c 3c]
Seat 2: 1Bet2luxe showed [Ks Qs] and won 16110 with One pair : Kings
Seat 6: Michelrg (small blind) showed [Jd Kh] and lost with One pair : Kings


Winamax Poker - Tournament "BIG SWITCH FUNDAY 150K" buyIn: 45€ + 5€ level: 6 - HandId: #3242644658588745758-63-1708288073 - Holdem no limit (60/250/500) - 2024/02/18 20:27:53 UTC
Table: 'BIG SWITCH FUNDAY 150K(754987043)#0029' 6-max (real money) Seat #6 is the button
Seat 1: mcail (38452, 22.50€ bounty)
Seat 2: 1Bet2luxe (54918, 22.50€ bounty)
Seat 3: Farripa (19020, 45€ bounty)
Seat 4: torresmo123 (34651, 33.75€ bounty)
Seat 5: SuperMiaouu (12930, 22.50€ bounty)
Seat 6: Michelrg (19507, 22.50€ bounty)
*** ANTE/BLINDS ***
mcail posts ante 60
1Bet2luxe posts ante 60
Farripa posts ante 60
torresmo123 posts ante 60
SuperMiaouu posts ante 60
Michelrg posts ante 60
mcail posts small blind 250
1Bet2luxe posts big blind 500
Dealt to torresmo123 [2h 7d]
*** PRE-FLOP *** 
Farripa folds
torresmo123 folds
SuperMiaouu folds
Michelrg raises 600 to 1100
mcail folds
1Bet2luxe calls 600
*** FLOP *** [Ah 6s 6c]
1Bet2luxe checks
Michelrg checks
*** TURN *** [Ah 6s 6c][Th]
1Bet2luxe checks
Michelrg bets 927
1Bet2luxe folds
Michelrg collected 3737 from pot
*** SUMMARY ***
Total pot 3737 | No rake
Board: [Ah 6s 6c Th]
Seat 6: Michelrg (button) won 3737


Winamax Poker - Tournament "BIG SWITCH FUNDAY 150K" buyIn: 45€ + 5€ level: 6 - HandId: #3242644658588745758-64-1708288144 - Holdem no limit (60/250/500) - 2024/02/18 20:29:04 UTC
Table: 'BIG SWITCH FUNDAY 150K(754987043)#0029' 6-max (real money) Seat #1 is the button
Seat 1: mcail (38142, 22.50€ bounty)
Seat 2: 1Bet2luxe (53758, 22.50€ bounty)
Seat 3: Farripa (18960, 45€ bounty)
Seat 4: torresmo123 (34591, 33.75€ bounty)
Seat 5: SuperMiaouu (12870, 22.50€ bounty)
Seat 6: Michelrg (21157, 22.50€ bounty)
*** ANTE/BLINDS ***
1Bet2luxe posts ante 60
Farripa posts ante 60
mcail posts ante 60
torresmo123 posts ante 60
SuperMiaouu posts ante 60
Michelrg posts ante 60
1Bet2luxe posts small blind 250
Farripa posts big blind 500
Dealt to torresmo123 [6h 9c]
*** PRE-FLOP *** 
torresmo123 folds
SuperMiaouu raises 750 to 1250
Michelrg folds
mcail folds
1Bet2luxe folds
Farripa raises 17650 to 18900 and is all-in
SuperMiaouu calls 11560 and is all-in
*** FLOP *** [5c 2h 8d]
*** TURN *** [5c 2h 8d][As]
*** RIVER *** [5c 2h 8d As][Kd]
*** SHOW DOWN ***
SuperMiaouu shows [Qc Kh] (One pair : Kings)
Farripa shows [Jd Ad] (One pair : Aces)
Farripa collected 32320 from pot
*** SUMMARY ***
Total pot 32320 | No rake
Board: [5c 2h 8d As Kd]
Seat 3: Farripa (big blind) showed [Jd Ad] and won 32320 with One pair : Aces
Seat 5: SuperMiaouu showed [Qc Kh] and lost with One pair : Kings


Winamax Poker - Tournament "BIG SWITCH FUNDAY 150K" buyIn: 45€ + 5€ level: 6 - HandId: #3242644658588745758-65-1708288197 - Holdem no limit (60/250/500) - 2024/02/18 20:29:57 UTC
Table: 'BIG SWITCH FUNDAY 150K(754987043)#0029' 6-max (real money) Seat #2 is the button
Seat 1: mcail (38082, 22.50€ bounty)
Seat 2: 1Bet2luxe (53448, 22.50€ bounty)
Seat 3: Farripa (32320, 56.25€ bounty)
Seat 4: torresmo123 (34531, 33.75€ bounty)
Seat 6: Michelrg (21097, 22.50€ bounty)
*** ANTE/BLINDS ***
Farripa posts ante 60
torresmo123 posts ante 60
mcail posts ante 60
1Bet2luxe posts ante 60
Michelrg posts ante 60
Farripa posts small blind 250
torresmo123 posts big blind 500
Dealt to torresmo123 [5c 3h]
*** PRE-FLOP *** 
Michelrg folds
mcail folds
1Bet2luxe folds
Farripa calls 250
torresmo123 checks
*** FLOP *** [8d 6c Qd]
Farripa bets 500
torresmo123 folds
Farripa collected 1800 from pot
*** SUMMARY ***
Total pot 1800 | No rake
Board: [8d 6c Qd]
Seat 3: Farripa (small blind) won 1800


Winamax Poker - Tournament "BIG SWITCH FUNDAY 150K" buyIn: 45€ + 5€ level: 6 - HandId: #3242644658588745758-66-1708288267 - Holdem no limit (60/250/500) - 2024/02/18 20:31:07 UTC
Table: 'BIG SWITCH FUNDAY 150K(754987043)#0029' 6-max (real money) Seat #3 is the button
Seat 1: mcail (38022, 22.50€ bounty)
Seat 2: 1Bet2luxe (53388, 22.50€ bounty)
Seat 3: Farripa (33060, 56.25€ bounty)
Seat 4: torresmo123 (33971, 33.75€ bounty)
Seat 6: Michelrg (21037, 22.50€ bounty)
*** ANTE/BLINDS ***
torresmo123 posts ante 60
Michelrg posts ante 60
mcail posts ante 60
1Bet2luxe posts ante 60
Farripa posts ante 60
torresmo123 posts small blind 250
Michelrg posts big blind 500
Dealt to torresmo123 [8c Tc]
*** PRE-FLOP *** 
mcail folds
1Bet2luxe folds
Farripa folds
torresmo123 calls 250
Michelrg checks
*** FLOP *** [7s 4h Kh]
torresmo123 checks
Michelrg checks
*** TURN *** [7s 4h Kh][6d]
torresmo123 checks
Michelrg bets 1000
torresmo123 folds
Michelrg collected 2300 from pot
*** SUMMARY ***
Total pot 2300 | No rake
Board: [7s 4h Kh 6d]
Seat 6: Michelrg (big blind) won 2300


Winamax Poker - Tournament "BIG SWITCH FUNDAY 150K" buyIn: 45€ + 5€ level: 7 - HandId: #3242644658588745758-67-1708288343 - Holdem no limit (70/300/600) - 2024/02/18 20:32:23 UTC
Table: 'BIG SWITCH FUNDAY 150K(754987043)#0029' 6-max (real money) Seat #4 is the button
Seat 1: mcail (37962, 22.50€ bounty)
Seat 2: 1Bet2luxe (53328, 22.50€ bounty)
Seat 3: Farripa (33000, 56.25€ bounty)
Seat 4: torresmo123 (33411, 33.75€ bounty)
Seat 5: TheOnlyWay (30624, 22.50€ bounty)
Seat 6: Michelrg (21777, 22.50€ bounty)
*** ANTE/BLINDS ***
Michelrg posts ante 70
mcail posts ante 70
1Bet2luxe posts ante 70
Farripa posts ante 70
torresmo123 posts ante 70
Michelrg posts small blind 300
mcail posts big blind 600
Dealt to torresmo123 [Ac 2s]
*** PRE-FLOP *** 
1Bet2luxe folds
Farripa raises 600 to 1200
torresmo123 folds
Michelrg folds
mcail calls 600
*** FLOP *** [5c 8c Qc]
mcail checks
Farripa bets 763
mcail calls 763
*** TURN *** [5c 8c Qc][2h]
mcail checks
Farripa checks
*** RIVER *** [5c 8c Qc 2h][5s]
mcail bets 1602
Farripa folds
mcail collected 6178 from pot
*** SUMMARY ***
Total pot 6178 | No rake
Board: [5c 8c Qc 2h 5s]
Seat 1: mcail (big blind) won 6178


Winamax Poker - Tournament "BIG SWITCH FUNDAY 150K" buyIn: 45€ + 5€ level: 7 - HandId: #3242644658588745758-68-1708288416 - Holdem no limit (70/300/600) - 2024/02/18 20:33:36 UTC
Table: 'BIG SWITCH FUNDAY 150K(754987043)#0029' 6-max (real money) Seat #6 is the button
Seat 1: mcail (40505, 22.50€ bounty)
Seat 2: 1Bet2luxe (53258, 22.50€ bounty)
Seat 3: Farripa (30967, 56.25€ bounty)
Seat 4: torresmo123 (33341, 33.75€ bounty)
Seat 5: TheOnlyWay (30624, 22.50€ bounty)
Seat 6: Michelrg (21407, 22.50€ bounty)
*** ANTE/BLINDS ***
mcail posts ante 70
1Bet2luxe posts ante 70
Farripa posts ante 70
torresmo123 posts ante 70
TheOnlyWay posts ante 70
Michelrg posts ante 70
mcail posts small blind 300
1Bet2luxe posts big blind 600
Dealt to torresmo123 [8h 2s]
*** PRE-FLOP *** 
Farripa folds
torresmo123 folds
TheOnlyWay folds
Michelrg raises 720 to 1320
mcail folds
1Bet2luxe calls 720
*** FLOP *** [6d 8s Jc]
1Bet2luxe checks
Michelrg checks
*** TURN *** [6d 8s Jc][4c]
1Bet2luxe checks
Michelrg checks
*** RIVER *** [6d 8s Jc 4c][Ks]
1Bet2luxe checks
Michelrg checks
*** SHOW DOWN ***
1Bet2luxe shows [3d 3h] (One pair : 3)
Michelrg shows [7h 6h] (One pair : 6)
Michelrg collected 3360 from pot
*** SUMMARY ***
Total pot 3360 | No rake
Board: [6d 8s Jc 4c Ks]
Seat 2: 1Bet2luxe (big blind) showed [3d 3h] and lost with One pair : 3
Seat 6: Michelrg (button) showed [7h 6h] and won 3360 with One pair : 6


Winamax Poker - Tournament "BIG SWITCH FUNDAY 150K" buyIn: 45€ + 5€ level: 7 - HandId: #3242644658588745758-69-1708288487 - Holdem no limit (70/300/600) - 2024/02/18 20:34:47 UTC
Table: 'BIG SWITCH FUNDAY 150K(754987043)#0029' 6-max (real money) Seat #1 is the button
Seat 1: mcail (40135, 22.50€ bounty)
Seat 2: 1Bet2luxe (51868, 22.50€ bounty)
Seat 3: Farripa (30897, 56.25€ bounty)
Seat 4: torresmo123 (33271, 33.75€ bounty)
Seat 5: TheOnlyWay (30554, 22.50€ bounty)
Seat 6: Michelrg (23377, 22.50€ bounty)
*** ANTE/BLINDS ***
1Bet2luxe posts ante 70
Farripa posts ante 70
mcail posts ante 70
torresmo123 posts ante 70
TheOnlyWay posts ante 70
Michelrg posts ante 70
1Bet2luxe posts small blind 300
Farripa posts big blind 600
Dealt to torresmo123 [Jh Js]
*** PRE-FLOP *** 
torresmo123 raises 600 to 1200
TheOnlyWay folds
Michelrg folds
mcail folds
1Bet2luxe folds
Farripa folds
torresmo123 collected 2520 from pot
*** SUMMARY ***
Total pot 2520 | No rake
Seat 4: torresmo123 won 2520


Winamax Poker - Tournament "BIG SWITCH FUNDAY 150K" buyIn: 45€ + 5€ level: 7 - HandId: #3242644658588745758-70-1708288526 - Holdem no limit (70/300/600) - 2024/02/18 20:35:26 UTC
Table: 'BIG SWITCH FUNDAY 150K(754987043)#0029' 6-max (real money) Seat #2 is the button
Seat 1: mcail (40065, 22.50€ bounty)
Seat 2: 1Bet2luxe (51498, 22.50€ bounty)
Seat 3: Farripa (30227, 56.25€ bounty)
Seat 4: torresmo123 (34521, 33.75€ bounty)
Seat 5: TheOnlyWay (30484, 22.50€ bounty)
Seat 6: Michelrg (23307, 22.50€ bounty)
*** ANTE/BLINDS ***
Farripa posts ante 70
torresmo123 posts ante 70
mcail posts ante 70
1Bet2luxe posts ante 70
TheOnlyWay posts ante 70
Michelrg posts ante 70
Farripa posts small blind 300
torresmo123 posts big blind 600
Dealt to torresmo123 [5c 8h]
*** PRE-FLOP *** 
TheOnlyWay folds
Michelrg folds
mcail folds
1Bet2luxe raises 600 to 1200
Farripa folds
torresmo123 calls 600
*** FLOP *** [7h 2s 8c]
torresmo123 checks
1Bet2luxe bets 1092
torresmo123 raises 2426 to 3518
1Bet2luxe calls 2426
*** TURN *** [7h 2s 8c][2h]
torresmo123 checks
1Bet2luxe bets 6600
torresmo123 calls 6600
*** RIVER *** [7h 2s 8c 2h][2c]
torresmo123 checks
1Bet2luxe checks
*** SHOW DOWN ***
1Bet2luxe shows [Tc 9s] (Trips of 2)
torresmo123 shows [5c 8h] (Full of 2 and 8)
torresmo123 collected 23356 from pot
*** SUMMARY ***
Total pot 23356 | No rake
Board: [7h 2s 8c 2h 2c]
Seat 2: 1Bet2luxe (button) showed [Tc 9s] and lost with Trips of 2
Seat 4: torresmo123 (big blind) showed [5c 8h] and won 23356 with Full of 2 and 8


Winamax Poker - Tournament "BIG SWITCH FUNDAY 150K" buyIn: 45€ + 5€ level: 7 - HandId: #3242644658588745758-71-1708288623 - Holdem no limit (70/300/600) - 2024/02/18 20:37:03 UTC
Table: 'BIG SWITCH FUNDAY 150K(754987043)#0029' 6-max (real money) Seat #3 is the button
Seat 1: mcail (39995, 22.50€ bounty)
Seat 2: 1Bet2luxe (40110, 22.50€ bounty)
Seat 3: Farripa (29857, 56.25€ bounty)
Seat 4: torresmo123 (46489, 33.75€ bounty)
Seat 5: TheOnlyWay (30414, 22.50€ bounty)
Seat 6: Michelrg (23237, 22.50€ bounty)
*** ANTE/BLINDS ***
torresmo123 posts ante 70
TheOnlyWay posts ante 70
mcail posts ante 70
1Bet2luxe posts ante 70
Farripa posts ante 70
Michelrg posts ante 70
torresmo123 posts small blind 300
TheOnlyWay posts big blind 600
Dealt to torresmo123 [Qd 4s]
*** PRE-FLOP *** 
Michelrg folds
mcail folds
1Bet2luxe raises 600 to 1200
Farripa folds
torresmo123 folds
TheOnlyWay folds
1Bet2luxe collected 2520 from pot
*** SUMMARY ***
Total pot 2520 | No rake
Seat 2: 1Bet2luxe won 2520


Winamax Poker - Tournament "BIG SWITCH FUNDAY 150K" buyIn: 45€ + 5€ level: 7 - HandId: #3242644658588745758-72-1708288653 - Holdem no limit (70/300/600) - 2024/02/18 20:37:33 UTC
Table: 'BIG SWITCH FUNDAY 150K(754987043)#0029' 6-max (real money) Seat #4 is the button
Seat 1: mcail (39925, 22.50€ bounty)
Seat 2: 1Bet2luxe (41360, 22.50€ bounty)
Seat 3: Farripa (29787, 56.25€ bounty)
Seat 4: torresmo123 (46119, 33.75€ bounty)
Seat 5: TheOnlyWay (29744, 22.50€ bounty)
Seat 6: Michelrg (23167, 22.50€ bounty)
*** ANTE/BLINDS ***
TheOnlyWay posts ante 70
Michelrg posts ante 70
mcail posts ante 70
1Bet2luxe posts ante 70
Farripa posts ante 70
torresmo123 posts ante 70
TheOnlyWay posts small blind 300
Michelrg posts big blind 600
Dealt to torresmo123 [Th 2s]
*** PRE-FLOP *** 
mcail calls 600
1Bet2luxe folds
Farripa folds
torresmo123 folds
TheOnlyWay calls 300
Michelrg raises 1800 to 2400
mcail raises 37455 to 39855 and is all-in
TheOnlyWay folds
Michelrg folds
mcail collected 43275 from pot
*** SUMMARY ***
Total pot 43275 | No rake
Seat 1: mcail won 43275


Winamax Poker - Tournament "BIG SWITCH FUNDAY 150K" buyIn: 45€ + 5€ level: 8 - HandId: #3242644658588745758-73-1708288710 - Holdem no limit (80/350/700) - 2024/02/18 20:38:30 UTC
Table: 'BIG SWITCH FUNDAY 150K(754987043)#0029' 6-max (real money) Seat #5 is the button
Seat 1: mcail (43275, 22.50€ bounty)
Seat 2: 1Bet2luxe (41290, 22.50€ bounty)
Seat 3: Farripa (29717, 56.25€ bounty)
Seat 4: torresmo123 (46049, 33.75€ bounty)
Seat 5: TheOnlyWay (29074, 22.50€ bounty)
Seat 6: Michelrg (20697, 22.50€ bounty)
*** ANTE/BLINDS ***
Michelrg posts ante 80
mcail posts ante 80
1Bet2luxe posts ante 80
Farripa posts ante 80
torresmo123 posts ante 80
TheOnlyWay posts ante 80
Michelrg posts small blind 350
mcail posts big blind 700
Dealt to torresmo123 [6d 5s]
*** PRE-FLOP *** 
1Bet2luxe folds
Farripa folds
torresmo123 folds
TheOnlyWay folds
Michelrg folds
mcail collected 1530 from pot
*** SUMMARY ***
Total pot 1530 | No rake
Seat 1: mcail (big blind) won 1530


Winamax Poker - Tournament "BIG SWITCH FUNDAY 150K" buyIn: 45€ + 5€ level: 8 - HandId: #3242644658588745758-74-1708288743 - Holdem no limit (80/350/700) - 2024/02/18 20:39:03 UTC
Table: 'BIG SWITCH FUNDAY 150K(754987043)#0029' 6-max (real money) Seat #6 is the button
Seat 1: mcail (44025, 22.50€ bounty)
Seat 2: 1Bet2luxe (41210, 22.50€ bounty)
Seat 3: Farripa (29637, 56.25€ bounty)
Seat 4: torresmo123 (45969, 33.75€ bounty)
Seat 5: TheOnlyWay (28994, 22.50€ bounty)
Seat 6: Michelrg (20267, 22.50€ bounty)
*** ANTE/BLINDS ***
mcail posts ante 80
1Bet2luxe posts ante 80
Farripa posts ante 80
torresmo123 posts ante 80
TheOnlyWay posts ante 80
Michelrg posts ante 80
mcail posts small blind 350
1Bet2luxe posts big blind 700
Dealt to torresmo123 [Qh 4c]
*** PRE-FLOP *** 
Farripa raises 700 to 1400
torresmo123 folds
TheOnlyWay calls 1400
Michelrg folds
mcail folds
1Bet2luxe folds
*** FLOP *** [4s Qd 6h]
Farripa checks
TheOnlyWay checks
*** TURN *** [4s Qd 6h][Jh]
Farripa bets 3500
TheOnlyWay calls 3500
*** RIVER *** [4s Qd 6h Jh][7s]
Farripa bets 9800
TheOnlyWay folds
Farripa collected 21130 from pot
*** SUMMARY ***
Total pot 21130 | No rake
Board: [4s Qd 6h Jh 7s]
Seat 3: Farripa won 21130


Winamax Poker - Tournament "BIG SWITCH FUNDAY 150K" buyIn: 45€ + 5€ level: 8 - HandId: #3242644658588745758-75-1708288791 - Holdem no limit (80/350/700) - 2024/02/18 20:39:51 UTC
Table: 'BIG SWITCH FUNDAY 150K(754987043)#0029' 6-max (real money) Seat #1 is the button
Seat 1: mcail (43595, 22.50€ bounty)
Seat 2: 1Bet2luxe (40430, 22.50€ bounty)
Seat 3: Farripa (35987, 56.25€ bounty)
Seat 4: torresmo123 (45889, 33.75€ bounty)
Seat 5: TheOnlyWay (24014, 22.50€ bounty)
Seat 6: Michelrg (20187, 22.50€ bounty)
*** ANTE/BLINDS ***
1Bet2luxe posts ante 80
Farripa posts ante 80
mcail posts ante 80
torresmo123 posts ante 80
TheOnlyWay posts ante 80
Michelrg posts ante 80
1Bet2luxe posts small blind 350
Farripa posts big blind 700
Dealt to torresmo123 [8h 8d]
*** PRE-FLOP *** 
torresmo123 raises 700 to 1400
TheOnlyWay folds
Michelrg raises 18707 to 20107 and is all-in
mcail folds
1Bet2luxe folds
Farripa folds
torresmo123 calls 18707
*** FLOP *** [2d Qd 6h]
*** TURN *** [2d Qd 6h][4d]
*** RIVER *** [2d Qd 6h 4d][Ac]
*** SHOW DOWN ***
torresmo123 shows [8h 8d] (One pair : 8)
Michelrg shows [Kc Ad] (One pair : Aces)
Michelrg collected 41744 from pot
*** SUMMARY ***
Total pot 41744 | No rake
Board: [2d Qd 6h 4d Ac]
Seat 4: torresmo123 showed [8h 8d] and lost with One pair : 8
Seat 6: Michelrg showed [Kc Ad] and won 41744 with One pair : Aces


Winamax Poker - Tournament "BIG SWITCH FUNDAY 150K" buyIn: 45€ + 5€ level: 8 - HandId: #3242644658588745758-76-1708288826 - Holdem no limit (80/350/700) - 2024/02/18 20:40:26 UTC
Table: 'BIG SWITCH FUNDAY 150K(754987043)#0029' 6-max (real money) Seat #2 is the button
Seat 1: mcail (43515, 22.50€ bounty)
Seat 2: 1Bet2luxe (40000, 22.50€ bounty)
Seat 3: Farripa (35207, 56.25€ bounty)
Seat 4: torresmo123 (25702, 33.75€ bounty)
Seat 5: TheOnlyWay (23934, 22.50€ bounty)
Seat 6: Michelrg (41744, 22.50€ bounty)
*** ANTE/BLINDS ***
Farripa posts ante 80
torresmo123 posts ante 80
mcail posts ante 80
1Bet2luxe posts ante 80
TheOnlyWay posts ante 80
Michelrg posts ante 80
Farripa posts small blind 350
torresmo123 posts big blind 700
Dealt to torresmo123 [2h Td]
*** PRE-FLOP *** 
TheOnlyWay folds
Michelrg folds
mcail calls 700
1Bet2luxe folds
Farripa raises 4900 to 5600
torresmo123 folds
mcail folds
Farripa collected 7480 from pot
*** SUMMARY ***
Total pot 7480 | No rake
Seat 3: Farripa (small blind) won 7480


Winamax Poker - Tournament "BIG SWITCH FUNDAY 150K" buyIn: 45€ + 5€ level: 8 - HandId: #3242644658588745758-77-1708288848 - Holdem no limit (80/350/700) - 2024/02/18 20:40:48 UTC
Table: 'BIG SWITCH FUNDAY 150K(754987043)#0029' 6-max (real money) Seat #3 is the button
Seat 1: mcail (42735, 22.50€ bounty)
Seat 2: 1Bet2luxe (39920, 22.50€ bounty)
Seat 3: Farripa (37007, 56.25€ bounty)
Seat 4: torresmo123 (24922, 33.75€ bounty)
Seat 5: TheOnlyWay (23854, 22.50€ bounty)
Seat 6: Michelrg (41664, 22.50€ bounty)
*** ANTE/BLINDS ***
torresmo123 posts ante 80
TheOnlyWay posts ante 80
mcail posts ante 80
1Bet2luxe posts ante 80
Farripa posts ante 80
Michelrg posts ante 80
torresmo123 posts small blind 350
TheOnlyWay posts big blind 700
Dealt to torresmo123 [9s Ah]
*** PRE-FLOP *** 
Michelrg folds
mcail calls 700
1Bet2luxe folds
Farripa folds
torresmo123 calls 350
TheOnlyWay checks
*** FLOP *** [7h 9d Tc]
torresmo123 checks
TheOnlyWay checks
mcail bets 700
torresmo123 calls 700
TheOnlyWay calls 700
*** TURN *** [7h 9d Tc][Ks]
torresmo123 checks
TheOnlyWay checks
mcail bets 700
torresmo123 calls 700
TheOnlyWay calls 700
*** RIVER *** [7h 9d Tc Ks][3d]
torresmo123 checks
TheOnlyWay checks
mcail checks
*** SHOW DOWN ***
mcail shows [Jc 9c] (One pair : 9)
torresmo123 shows [9s Ah] (One pair : 9)
TheOnlyWay shows [Ts 4d] (One pair : Tens)
TheOnlyWay collected 6780 from pot
*** SUMMARY ***
Total pot 6780 | No rake
Board: [7h 9d Tc Ks 3d]
Seat 1: mcail showed [Jc 9c] and lost with One pair : 9
Seat 4: torresmo123 (small blind) showed [9s Ah] and lost with One pair : 9
Seat 5: TheOnlyWay (big blind) showed [Ts 4d] and won 6780 with One pair : Tens


Winamax Poker - Tournament "BIG SWITCH FUNDAY 150K" buyIn: 45€ + 5€ level: 8 - HandId: #3242644658588745758-78-1708288943 - Holdem no limit (80/350/700) - 2024/02/18 20:42:23 UTC
Table: 'BIG SWITCH FUNDAY 150K(754987043)#0029' 6-max (real money) Seat #4 is the button
Seat 1: mcail (40555, 22.50€ bounty)
Seat 2: 1Bet2luxe (39840, 22.50€ bounty)
Seat 3: Farripa (36927, 56.25€ bounty)
Seat 4: torresmo123 (22742, 33.75€ bounty)
Seat 5: TheOnlyWay (28454, 22.50€ bounty)
Seat 6: Michelrg (41584, 22.50€ bounty)
*** ANTE/BLINDS ***
TheOnlyWay posts ante 80
Michelrg posts ante 80
mcail posts ante 80
1Bet2luxe posts ante 80
Farripa posts ante 80
torresmo123 posts ante 80
TheOnlyWay posts small blind 350
Michelrg posts big blind 700
Dealt to torresmo123 [9h 4c]
*** PRE-FLOP *** 
mcail folds
1Bet2luxe folds
Farripa folds
torresmo123 folds
TheOnlyWay calls 350
Michelrg checks
*** FLOP *** [3c 8s 8c]
TheOnlyWay bets 700
Michelrg calls 700
*** TURN *** [3c 8s 8c][6h]
TheOnlyWay checks
Michelrg bets 1082
TheOnlyWay calls 1082
*** RIVER *** [3c 8s 8c 6h][8h]
TheOnlyWay checks
Michelrg checks
*** SHOW DOWN ***
Michelrg shows [Kc 5h] (Trips of 8)
TheOnlyWay shows [5c 6s] (Full of 8 and 6)
TheOnlyWay collected 5444 from pot
*** SUMMARY ***
Total pot 5444 | No rake
Board: [3c 8s 8c 6h 8h]
Seat 5: TheOnlyWay (small blind) showed [5c 6s] and won 5444 with Full of 8 and 6
Seat 6: Michelrg (big blind) showed [Kc 5h] and lost with Trips of 8


Winamax Poker - Tournament "BIG SWITCH FUNDAY 150K" buyIn: 45€ + 5€ level: 8 - HandId: #3242644658588745758-79-1708289005 - Holdem no limit (80/350/700) - 2024/02/18 20:43:25 UTC
Table: 'BIG SWITCH FUNDAY 150K(754987043)#0029' 6-max (real money) Seat #5 is the button
Seat 1: mcail (40475, 22.50€ bounty)
Seat 2: 1Bet2luxe (39760, 22.50€ bounty)
Seat 3: Farripa (36847, 56.25€ bounty)
Seat 4: torresmo123 (22662, 33.75€ bounty)
Seat 5: TheOnlyWay (31336, 22.50€ bounty)
Seat 6: Michelrg (39022, 22.50€ bounty)
*** ANTE/BLINDS ***
Michelrg posts ante 80
mcail posts ante 80
1Bet2luxe posts ante 80
Farripa posts ante 80
torresmo123 posts ante 80
TheOnlyWay posts ante 80
Michelrg posts small blind 350
mcail posts big blind 700
Dealt to torresmo123 [Th 3d]
*** PRE-FLOP *** 
1Bet2luxe folds
Farripa folds
torresmo123 folds
TheOnlyWay folds
Michelrg calls 350
mcail checks
*** FLOP *** [8h 2c 3c]
Michelrg checks
mcail checks
*** TURN *** [8h 2c 3c][Qh]
Michelrg checks
mcail checks
*** RIVER *** [8h 2c 3c Qh][8s]
Michelrg bets 700
mcail folds
Michelrg collected 2580 from pot
*** SUMMARY ***
Total pot 2580 | No rake
Board: [8h 2c 3c Qh 8s]
Seat 6: Michelrg (small blind) won 2580


Winamax Poker - Tournament "BIG SWITCH FUNDAY 150K" buyIn: 45€ + 5€ level: 8 - HandId: #3242644658588745758-80-1708289075 - Holdem no limit (80/350/700) - 2024/02/18 20:44:35 UTC
Table: 'BIG SWITCH FUNDAY 150K(754987043)#0029' 6-max (real money) Seat #6 is the button
Seat 1: mcail (39695, 22.50€ bounty)
Seat 2: 1Bet2luxe (39680, 22.50€ bounty)
Seat 3: Farripa (36767, 56.25€ bounty)
Seat 4: torresmo123 (22582, 33.75€ bounty)
Seat 5: TheOnlyWay (31256, 22.50€ bounty)
Seat 6: Michelrg (40122, 22.50€ bounty)
*** ANTE/BLINDS ***
mcail posts ante 80
1Bet2luxe posts ante 80
Farripa posts ante 80
torresmo123 posts ante 80
TheOnlyWay posts ante 80
Michelrg posts ante 80
mcail posts small blind 350
1Bet2luxe posts big blind 700
Dealt to torresmo123 [6c 2h]
*** PRE-FLOP *** 
Farripa folds
torresmo123 folds
TheOnlyWay folds
Michelrg raises 840 to 1540
mcail folds
1Bet2luxe calls 840
*** FLOP *** [8c 4h 5h]
1Bet2luxe checks
Michelrg checks
*** TURN *** [8c 4h 5h][Qc]
1Bet2luxe checks
Michelrg checks
*** RIVER *** [8c 4h 5h Qc][7s]
1Bet2luxe bets 2800
Michelrg folds
1Bet2luxe collected 6710 from pot
*** SUMMARY ***
Total pot 6710 | No rake
Board: [8c 4h 5h Qc 7s]
Seat 2: 1Bet2luxe (big blind) won 6710


Winamax Poker - Tournament "BIG SWITCH FUNDAY 150K" buyIn: 45€ + 5€ level: 9 - HandId: #3242644658588745758-81-1708289168 - Holdem no limit (100/400/800) - 2024/02/18 20:46:08 UTC
Table: 'BIG SWITCH FUNDAY 150K(754987043)#0029' 6-max (real money) Seat #1 is the button
Seat 1: mcail (39265, 22.50€ bounty)
Seat 2: 1Bet2luxe (41970, 22.50€ bounty)
Seat 3: Farripa (36687, 56.25€ bounty)
Seat 4: torresmo123 (22502, 33.75€ bounty)
Seat 5: TheOnlyWay (31176, 22.50€ bounty)
Seat 6: Michelrg (38502, 22.50€ bounty)
*** ANTE/BLINDS ***
1Bet2luxe posts ante 100
Farripa posts ante 100
mcail posts ante 100
torresmo123 posts ante 100
TheOnlyWay posts ante 100
Michelrg posts ante 100
1Bet2luxe posts small blind 400
Farripa posts big blind 800
Dealt to torresmo123 [3c 4c]
*** PRE-FLOP *** 
torresmo123 folds
TheOnlyWay folds
Michelrg folds
mcail folds
1Bet2luxe folds
Farripa collected 1800 from pot
*** SUMMARY ***
Total pot 1800 | No rake
Seat 3: Farripa (big blind) won 1800


Winamax Poker - Tournament "BIG SWITCH FUNDAY 150K" buyIn: 45€ + 5€ level: 9 - HandId: #3242644658588745758-82-1708289199 - Holdem no limit (100/400/800) - 2024/02/18 20:46:39 UTC
Table: 'BIG SWITCH FUNDAY 150K(754987043)#0029' 6-max (real money) Seat #2 is the button
Seat 1: mcail (39165, 22.50€ bounty)
Seat 2: 1Bet2luxe (41470, 22.50€ bounty)
Seat 3: Farripa (37587, 56.25€ bounty)
Seat 4: torresmo123 (22402, 33.75€ bounty)
Seat 5: TheOnlyWay (31076, 22.50€ bounty)
Seat 6: Michelrg (38402, 22.50€ bounty)
*** ANTE/BLINDS ***
Farripa posts ante 100
torresmo123 posts ante 100
mcail posts ante 100
1Bet2luxe posts ante 100
TheOnlyWay posts ante 100
Michelrg posts ante 100
Farripa posts small blind 400
torresmo123 posts big blind 800
Dealt to torresmo123 [3s 7d]
*** PRE-FLOP *** 
TheOnlyWay raises 800 to 1600
Michelrg folds
mcail calls 1600
1Bet2luxe raises 5600 to 7200
Farripa folds
torresmo123 folds
TheOnlyWay folds
mcail raises 31865 to 39065 and is all-in
1Bet2luxe folds
mcail collected 49665 from pot
*** SUMMARY ***
Total pot 49665 | No rake
Seat 1: mcail won 49665


Winamax Poker - Tournament "BIG SWITCH FUNDAY 150K" buyIn: 45€ + 5€ level: 9 - HandId: #3242644658588745758-83-1708289262 - Holdem no limit (100/400/800) - 2024/02/18 20:47:42 UTC
Table: 'BIG SWITCH FUNDAY 150K(754987043)#0029' 6-max (real money) Seat #3 is the button
Seat 1: mcail (49665, 22.50€ bounty)
Seat 2: 1Bet2luxe (34170, 22.50€ bounty)
Seat 3: Farripa (37087, 56.25€ bounty)
Seat 4: torresmo123 (21502, 33.75€ bounty)
Seat 5: TheOnlyWay (29376, 22.50€ bounty)
Seat 6: Michelrg (38302, 22.50€ bounty)
*** ANTE/BLINDS ***
torresmo123 posts ante 100
TheOnlyWay posts ante 100
mcail posts ante 100
1Bet2luxe posts ante 100
Farripa posts ante 100
Michelrg posts ante 100
torresmo123 posts small blind 400
TheOnlyWay posts big blind 800
Dealt to torresmo123 [4d Qd]
*** PRE-FLOP *** 
Michelrg raises 960 to 1760
mcail folds
1Bet2luxe folds
Farripa folds
torresmo123 folds
TheOnlyWay calls 960
*** FLOP *** [Jh 4h 8h]
TheOnlyWay checks
Michelrg bets 1130
TheOnlyWay calls 1130
*** TURN *** [Jh 4h 8h][Ts]
TheOnlyWay checks
Michelrg bets 5085
TheOnlyWay calls 5085
*** RIVER *** [Jh 4h 8h Ts][2d]
TheOnlyWay checks
Michelrg bets 30227 and is all-in
TheOnlyWay calls 21301 and is all-in
*** SHOW DOWN ***
TheOnlyWay shows [Kh Td] (One pair : Tens)
Michelrg shows [Ah Kc] (High card : Ace)
Michelrg collected 8926 from side pot 1
TheOnlyWay collected 59552 from main pot
*** SUMMARY ***
Total pot 68478 | No rake
Board: [Jh 4h 8h Ts 2d]
Seat 5: TheOnlyWay (big blind) showed [Kh Td] and won 59552 with One pair : Tens
Seat 6: Michelrg showed [Ah Kc] and won 8926 with High card : Ace


Winamax Poker - Tournament "BIG SWITCH FUNDAY 150K" buyIn: 45€ + 5€ level: 9 - HandId: #3242644658588745758-84-1708289365 - Holdem no limit (100/400/800) - 2024/02/18 20:49:25 UTC
Table: 'BIG SWITCH FUNDAY 150K(754987043)#0029' 6-max (real money) Seat #4 is the button
Seat 1: mcail (49565, 22.50€ bounty)
Seat 2: 1Bet2luxe (34070, 22.50€ bounty)
Seat 3: Farripa (36987, 56.25€ bounty)
Seat 4: torresmo123 (21002, 33.75€ bounty)
Seat 5: TheOnlyWay (59552, 22.50€ bounty)
Seat 6: Michelrg (8926, 22.50€ bounty)
*** ANTE/BLINDS ***
TheOnlyWay posts ante 100
Michelrg posts ante 100
mcail posts ante 100
1Bet2luxe posts ante 100
Farripa posts ante 100
torresmo123 posts ante 100
TheOnlyWay posts small blind 400
Michelrg posts big blind 800
Dealt to torresmo123 [4c Kc]
*** PRE-FLOP *** 
mcail calls 800
1Bet2luxe raises 2000 to 2800
Farripa folds
torresmo123 folds
TheOnlyWay folds
Michelrg folds
mcail calls 2000
*** FLOP *** [Qs 6s Td]
mcail checks
1Bet2luxe bets 2590
mcail calls 2590
*** TURN *** [Qs 6s Td][4h]
mcail checks
1Bet2luxe checks
*** RIVER *** [Qs 6s Td 4h][Qd]
mcail bets 4403
1Bet2luxe folds
mcail collected 16983 from pot
*** SUMMARY ***
Total pot 16983 | No rake
Board: [Qs 6s Td 4h Qd]
Seat 1: mcail won 16983


Winamax Poker - Tournament "BIG SWITCH FUNDAY 150K" buyIn: 45€ + 5€ level: 9 - HandId: #3242644658588745758-85-1708289444 - Holdem no limit (100/400/800) - 2024/02/18 20:50:44 UTC
Table: 'BIG SWITCH FUNDAY 150K(754987043)#0029' 6-max (real money) Seat #5 is the button
Seat 1: mcail (56655, 22.50€ bounty)
Seat 2: 1Bet2luxe (28580, 22.50€ bounty)
Seat 3: Farripa (36887, 56.25€ bounty)
Seat 4: torresmo123 (20902, 33.75€ bounty)
Seat 5: TheOnlyWay (59052, 22.50€ bounty)
Seat 6: Michelrg (8026, 22.50€ bounty)
*** ANTE/BLINDS ***
Michelrg posts ante 100
mcail posts ante 100
1Bet2luxe posts ante 100
Farripa posts ante 100
torresmo123 posts ante 100
TheOnlyWay posts ante 100
Michelrg posts small blind 400
mcail posts big blind 800
Dealt to torresmo123 [Ac 4h]
*** PRE-FLOP *** 
1Bet2luxe raises 800 to 1600
Farripa folds
torresmo123 folds
TheOnlyWay folds
Michelrg folds
mcail calls 800
*** FLOP *** [4s 9d Ad]
mcail checks
1Bet2luxe bets 1470
mcail folds
1Bet2luxe collected 5670 from pot
*** SUMMARY ***
Total pot 5670 | No rake
Board: [4s 9d Ad]
Seat 2: 1Bet2luxe won 5670


Winamax Poker - Tournament "BIG SWITCH FUNDAY 150K" buyIn: 45€ + 5€ level: 9 - HandId: #3242644658588745758-86-1708289479 - Holdem no limit (100/400/800) - 2024/02/18 20:51:19 UTC
Table: 'BIG SWITCH FUNDAY 150K(754987043)#0029' 6-max (real money) Seat #6 is the button
Seat 1: mcail (54955, 22.50€ bounty)
Seat 2: 1Bet2luxe (31080, 22.50€ bounty)
Seat 3: Farripa (36787, 56.25€ bounty)
Seat 4: torresmo123 (20802, 33.75€ bounty)
Seat 5: TheOnlyWay (58952, 22.50€ bounty)
Seat 6: Michelrg (7526, 22.50€ bounty)
*** ANTE/BLINDS ***
mcail posts ante 100
1Bet2luxe posts ante 100
Farripa posts ante 100
torresmo123 posts ante 100
TheOnlyWay posts ante 100
Michelrg posts ante 100
mcail posts small blind 400
1Bet2luxe posts big blind 800
Dealt to torresmo123 [9c Kd]
*** PRE-FLOP *** 
Farripa raises 800 to 1600
torresmo123 folds
TheOnlyWay folds
Michelrg folds
mcail folds
1Bet2luxe calls 800
*** FLOP *** [Kh 5d 2c]
1Bet2luxe checks
Farripa bets 1386
1Bet2luxe folds
Farripa collected 5586 from pot
*** SUMMARY ***
Total pot 5586 | No rake
Board: [Kh 5d 2c]
Seat 3: Farripa won 5586


Winamax Poker - Tournament "BIG SWITCH FUNDAY 150K" buyIn: 45€ + 5€ level: 9 - HandId: #3242644658588745758-87-1708289541 - Holdem no limit (100/400/800) - 2024/02/18 20:52:21 UTC
Table: 'BIG SWITCH FUNDAY 150K(754987043)#0029' 6-max (real money) Seat #1 is the button
Seat 1: mcail (54455, 22.50€ bounty)
Seat 2: 1Bet2luxe (29380, 22.50€ bounty)
Seat 3: Farripa (39287, 56.25€ bounty)
Seat 4: torresmo123 (20702, 33.75€ bounty)
Seat 5: TheOnlyWay (58852, 22.50€ bounty)
Seat 6: Michelrg (7426, 22.50€ bounty)
*** ANTE/BLINDS ***
1Bet2luxe posts ante 100
Farripa posts ante 100
mcail posts ante 100
torresmo123 posts ante 100
TheOnlyWay posts ante 100
Michelrg posts ante 100
1Bet2luxe posts small blind 400
Farripa posts big blind 800
Dealt to torresmo123 [5c Ah]
*** PRE-FLOP *** 
torresmo123 folds
TheOnlyWay folds
Michelrg raises 6526 to 7326 and is all-in
mcail folds
1Bet2luxe raises 21954 to 29280 and is all-in
Farripa raises 9907 to 39187 and is all-in
*** FLOP *** [Qd 5d 7s]
*** TURN *** [Qd 5d 7s][2d]
*** RIVER *** [Qd 5d 7s 2d][9h]
*** SHOW DOWN ***
Michelrg shows [Kh Qc] (One pair : Queens)
1Bet2luxe shows [8d Td] (Flush Queen high)
Farripa shows [Ks Kc] (One pair : Kings)
Farripa collected 9907 from side pot 1
1Bet2luxe collected 66486 from main pot
*** SUMMARY ***
Total pot 76393 | No rake
Board: [Qd 5d 7s 2d 9h]
Seat 2: 1Bet2luxe (small blind) showed [8d Td] and won 66486 with Flush Queen high
Seat 3: Farripa (big blind) showed [Ks Kc] and won 9907 with One pair : Kings
Seat 6: Michelrg showed [Kh Qc] and lost with One pair : Queens


Winamax Poker - Tournament "BIG SWITCH FUNDAY 150K" buyIn: 45€ + 5€ level: 10 - HandId: #3242644658588745758-88-1708289594 - Holdem no limit (120/500/1000) - 2024/02/18 20:53:14 UTC
Table: 'BIG SWITCH FUNDAY 150K(754987043)#0029' 6-max (real money) Seat #2 is the button
Seat 1: mcail (54355, 22.50€ bounty)
Seat 2: 1Bet2luxe (66486, 33.75€ bounty)
Seat 3: Farripa (9907, 56.25€ bounty)
Seat 4: torresmo123 (20602, 33.75€ bounty)
Seat 5: TheOnlyWay (58752, 22.50€ bounty)
*** ANTE/BLINDS ***
Farripa posts ante 120
torresmo123 posts ante 120
mcail posts ante 120
1Bet2luxe posts ante 120
TheOnlyWay posts ante 120
Farripa posts small blind 500
torresmo123 posts big blind 1000
Dealt to torresmo123 [5h 8d]
*** PRE-FLOP *** 
TheOnlyWay folds
mcail calls 1000
1Bet2luxe folds
Farripa raises 8787 to 9787 and is all-in
torresmo123 folds
mcail calls 8787
*** FLOP *** [9d Kc As]
*** TURN *** [9d Kc As][6d]
*** RIVER *** [9d Kc As 6d][Ad]
*** SHOW DOWN ***
mcail shows [4d 4h] (Two pairs : Aces and 4)
Farripa shows [5s 5d] (Two pairs : Aces and 5)
Farripa collected 21174 from pot
*** SUMMARY ***
Total pot 21174 | No rake
Board: [9d Kc As 6d Ad]
Seat 1: mcail showed [4d 4h] and lost with Two pairs : Aces and 4
Seat 3: Farripa (small blind) showed [5s 5d] and won 21174 with Two pairs : Aces and 5


Winamax Poker - Tournament "BIG SWITCH FUNDAY 150K" buyIn: 45€ + 5€ level: 10 - HandId: #3242644658588745758-89-1708289626 - Holdem no limit (120/500/1000) - 2024/02/18 20:53:46 UTC
Table: 'BIG SWITCH FUNDAY 150K(754987043)#0029' 6-max (real money) Seat #3 is the button
Seat 1: mcail (44448, 22.50€ bounty)
Seat 2: 1Bet2luxe (66366, 33.75€ bounty)
Seat 3: Farripa (21174, 56.25€ bounty)
Seat 4: torresmo123 (19482, 33.75€ bounty)
Seat 5: TheOnlyWay (58632, 22.50€ bounty)
*** ANTE/BLINDS ***
torresmo123 posts ante 120
TheOnlyWay posts ante 120
mcail posts ante 120
1Bet2luxe posts ante 120
Farripa posts ante 120
torresmo123 posts small blind 500
TheOnlyWay posts big blind 1000
Dealt to torresmo123 [3c Kd]
*** PRE-FLOP *** 
mcail calls 1000
1Bet2luxe raises 2500 to 3500
Farripa folds
torresmo123 folds
TheOnlyWay folds
mcail calls 2500
*** FLOP *** [Tc 7c 7s]
mcail checks
1Bet2luxe checks
*** TURN *** [Tc 7c 7s][2s]
mcail checks
1Bet2luxe checks
*** RIVER *** [Tc 7c 7s 2s][9s]
mcail checks
1Bet2luxe checks
*** SHOW DOWN ***
1Bet2luxe shows [Kc Qs] (One pair : 7)
mcail shows [2d Ac] (Two pairs : 7 and 2)
mcail collected 9100 from pot
*** SUMMARY ***
Total pot 9100 | No rake
Board: [Tc 7c 7s 2s 9s]
Seat 1: mcail showed [2d Ac] and won 9100 with Two pairs : 7 and 2
Seat 2: 1Bet2luxe showed [Kc Qs] and lost with One pair : 7


Winamax Poker - Tournament "BIG SWITCH FUNDAY 150K" buyIn: 45€ + 5€ level: 10 - HandId: #3242644658588745758-90-1708289673 - Holdem no limit (120/500/1000) - 2024/02/18 20:54:33 UTC
Table: 'BIG SWITCH FUNDAY 150K(754987043)#0029' 6-max (real money) Seat #4 is the button
Seat 1: mcail (49928, 22.50€ bounty)
Seat 2: 1Bet2luxe (62746, 33.75€ bounty)
Seat 3: Farripa (21054, 56.25€ bounty)
Seat 4: torresmo123 (18862, 33.75€ bounty)
Seat 5: TheOnlyWay (57512, 22.50€ bounty)
*** ANTE/BLINDS ***
TheOnlyWay posts ante 120
mcail posts ante 120
1Bet2luxe posts ante 120
Farripa posts ante 120
torresmo123 posts ante 120
TheOnlyWay posts small blind 500
mcail posts big blind 1000
Dealt to torresmo123 [Jd 5h]
*** PRE-FLOP *** 
1Bet2luxe folds
Farripa raises 1000 to 2000
torresmo123 folds
TheOnlyWay folds
mcail folds
Farripa collected 4100 from pot
*** SUMMARY ***
Total pot 4100 | No rake
Seat 3: Farripa won 4100


Winamax Poker - Tournament "BIG SWITCH FUNDAY 150K" buyIn: 45€ + 5€ level: 10 - HandId: #3242644658588745758-91-1708289696 - Holdem no limit (120/500/1000) - 2024/02/18 20:54:56 UTC
Table: 'BIG SWITCH FUNDAY 150K(754987043)#0029' 6-max (real money) Seat #5 is the button
Seat 1: mcail (48808, 22.50€ bounty)
Seat 2: 1Bet2luxe (62626, 33.75€ bounty)
Seat 3: Farripa (23034, 56.25€ bounty)
Seat 4: torresmo123 (18742, 33.75€ bounty)
Seat 5: TheOnlyWay (56892, 22.50€ bounty)
*** ANTE/BLINDS ***
mcail posts ante 120
1Bet2luxe posts ante 120
Farripa posts ante 120
torresmo123 posts ante 120
TheOnlyWay posts ante 120
mcail posts small blind 500
1Bet2luxe posts big blind 1000
Dealt to torresmo123 [3h Th]
*** PRE-FLOP *** 
Farripa folds
torresmo123 folds
TheOnlyWay folds
mcail folds
1Bet2luxe collected 2100 from pot
*** SUMMARY ***
Total pot 2100 | No rake
Seat 2: 1Bet2luxe (big blind) won 2100


Winamax Poker - Tournament "BIG SWITCH FUNDAY 150K" buyIn: 45€ + 5€ level: 10 - HandId: #3242644658588745758-92-1708290060 - Holdem no limit (120/500/1000) - 2024/02/18 21:01:00 UTC
Table: 'BIG SWITCH FUNDAY 150K(754987043)#0029' 6-max (real money) Seat #1 is the button
Seat 1: mcail (48188, 22.50€ bounty)
Seat 2: 1Bet2luxe (63606, 33.75€ bounty)
Seat 3: Farripa (22914, 56.25€ bounty)
Seat 4: torresmo123 (18622, 33.75€ bounty)
Seat 5: TheOnlyWay (56772, 22.50€ bounty)
Seat 6: anchem (20000, 22.50€ bounty)
*** ANTE/BLINDS ***
1Bet2luxe posts ante 120
Farripa posts ante 120
mcail posts ante 120
torresmo123 posts ante 120
TheOnlyWay posts ante 120
anchem posts ante 120
1Bet2luxe posts small blind 500
Farripa posts big blind 1000
Dealt to torresmo123 [5h Qs]
*** PRE-FLOP *** 
torresmo123 folds
TheOnlyWay folds
anchem raises 1000 to 2000
mcail folds
1Bet2luxe folds
Farripa raises 20794 to 22794 and is all-in
anchem folds
Farripa collected 26014 from pot
*** SUMMARY ***
Total pot 26014 | No rake
Seat 3: Farripa (big blind) won 26014


Winamax Poker - Tournament "BIG SWITCH FUNDAY 150K" buyIn: 45€ + 5€ level: 10 - HandId: #3242644658588745758-93-1708290104 - Holdem no limit (120/500/1000) - 2024/02/18 21:01:44 UTC
Table: 'BIG SWITCH FUNDAY 150K(754987043)#0029' 6-max (real money) Seat #2 is the button
Seat 1: mcail (48068, 22.50€ bounty)
Seat 2: 1Bet2luxe (62986, 33.75€ bounty)
Seat 3: Farripa (26014, 56.25€ bounty)
Seat 4: torresmo123 (18502, 33.75€ bounty)
Seat 5: TheOnlyWay (56652, 22.50€ bounty)
Seat 6: anchem (17880, 22.50€ bounty)
*** ANTE/BLINDS ***
Farripa posts ante 120
torresmo123 posts ante 120
mcail posts ante 120
1Bet2luxe posts ante 120
TheOnlyWay posts ante 120
anchem posts ante 120
Farripa posts small blind 500
torresmo123 posts big blind 1000
Dealt to torresmo123 [2c 7s]
*** PRE-FLOP *** 
TheOnlyWay folds
anchem folds
mcail folds
1Bet2luxe folds
Farripa calls 500
torresmo123 raises 2000 to 3000
Farripa calls 2000
*** FLOP *** [3d 6h Js]
Farripa checks
torresmo123 bets 1344
Farripa calls 1344
*** TURN *** [3d 6h Js][5h]
Farripa checks
torresmo123 bets 5174
Farripa raises 16376 to 21550 and is all-in
torresmo123 folds
Farripa collected 36132 from pot
*** SUMMARY ***
Total pot 36132 | No rake
Board: [3d 6h Js 5h]
Seat 3: Farripa (small blind) won 36132


Winamax Poker - Tournament "BIG SWITCH FUNDAY 150K" buyIn: 45€ + 5€ level: 10 - HandId: #3242644658588745758-94-1708290211 - Holdem no limit (120/500/1000) - 2024/02/18 21:03:31 UTC
Table: 'BIG SWITCH FUNDAY 150K(754987043)#0029' 6-max (real money) Seat #3 is the button
Seat 1: mcail (47948, 22.50€ bounty)
Seat 2: 1Bet2luxe (62866, 33.75€ bounty)
Seat 3: Farripa (36132, 56.25€ bounty)
Seat 4: torresmo123 (8864, 33.75€ bounty)
Seat 5: TheOnlyWay (56532, 22.50€ bounty)
Seat 6: anchem (17760, 22.50€ bounty)
*** ANTE/BLINDS ***
torresmo123 posts ante 120
TheOnlyWay posts ante 120
mcail posts ante 120
1Bet2luxe posts ante 120
Farripa posts ante 120
anchem posts ante 120
torresmo123 posts small blind 500
TheOnlyWay posts big blind 1000
Dealt to torresmo123 [2s 8d]
*** PRE-FLOP *** 
anchem folds
mcail folds
1Bet2luxe folds
Farripa raises 1000 to 2000
torresmo123 folds
TheOnlyWay calls 1000
*** FLOP *** [7d 3c As]
TheOnlyWay checks
Farripa bets 1723
TheOnlyWay folds
Farripa collected 6943 from pot
*** SUMMARY ***
Total pot 6943 | No rake
Board: [7d 3c As]
Seat 3: Farripa (button) won 6943


Winamax Poker - Tournament "BIG SWITCH FUNDAY 150K" buyIn: 45€ + 5€ level: 10 - HandId: #3242644658588745758-95-1708290259 - Holdem no limit (120/500/1000) - 2024/02/18 21:04:19 UTC
Table: 'BIG SWITCH FUNDAY 150K(754987043)#0029' 6-max (real money) Seat #4 is the button
Seat 1: mcail (47828, 22.50€ bounty)
Seat 2: 1Bet2luxe (62746, 33.75€ bounty)
Seat 3: Farripa (39232, 56.25€ bounty)
Seat 4: torresmo123 (8244, 33.75€ bounty)
Seat 5: TheOnlyWay (54412, 22.50€ bounty)
Seat 6: anchem (17640, 22.50€ bounty)
*** ANTE/BLINDS ***
TheOnlyWay posts ante 120
anchem posts ante 120
mcail posts ante 120
1Bet2luxe posts ante 120
Farripa posts ante 120
torresmo123 posts ante 120
TheOnlyWay posts small blind 500
anchem posts big blind 1000
Dealt to torresmo123 [2d Ks]
*** PRE-FLOP *** 
mcail calls 1000
1Bet2luxe raises 2500 to 3500
Farripa raises 7500 to 11000
torresmo123 folds
TheOnlyWay folds
anchem folds
mcail folds
1Bet2luxe raises 51626 to 62626 and is all-in
Farripa calls 28112 and is all-in
*** FLOP *** [7h 4c Js]
*** TURN *** [7h 4c Js][5c]
*** RIVER *** [7h 4c Js 5c][3h]
*** SHOW DOWN ***
Farripa shows [Kc Ah] (High card : Ace)
1Bet2luxe shows [Jd Jh] (Trips of Jacks)
1Bet2luxe collected 104958 from pot
*** SUMMARY ***
Total pot 104958 | No rake
Board: [7h 4c Js 5c 3h]
Seat 2: 1Bet2luxe showed [Jd Jh] and won 104958 with Trips of Jacks
Seat 3: Farripa showed [Kc Ah] and lost with High card : Ace


Winamax Poker - Tournament "BIG SWITCH FUNDAY 150K" buyIn: 45€ + 5€ level: 10 - HandId: #3242644658588745758-96-1708290301 - Holdem no limit (120/500/1000) - 2024/02/18 21:05:01 UTC
Table: 'BIG SWITCH FUNDAY 150K(754987043)#0029' 6-max (real money) Seat #5 is the button
Seat 1: mcail (46708, 22.50€ bounty)
Seat 2: 1Bet2luxe (104958, 61.87€ bounty)
Seat 4: torresmo123 (8124, 33.75€ bounty)
Seat 5: TheOnlyWay (53792, 22.50€ bounty)
Seat 6: anchem (16520, 22.50€ bounty)
*** ANTE/BLINDS ***
anchem posts ante 120
mcail posts ante 120
1Bet2luxe posts ante 120
torresmo123 posts ante 120
TheOnlyWay posts ante 120
anchem posts small blind 500
mcail posts big blind 1000
Dealt to torresmo123 [6h Tc]
*** PRE-FLOP *** 
1Bet2luxe folds
torresmo123 folds
TheOnlyWay folds
anchem folds
mcail collected 2100 from pot
*** SUMMARY ***
Total pot 2100 | No rake
Seat 1: mcail (big blind) won 2100


Winamax Poker - Tournament "BIG SWITCH FUNDAY 150K" buyIn: 45€ + 5€ level: 10 - HandId: #3242644658588745758-97-1708290313 - Holdem no limit (120/500/1000) - 2024/02/18 21:05:13 UTC
Table: 'BIG SWITCH FUNDAY 150K(754987043)#0029' 6-max (real money) Seat #6 is the button
Seat 1: mcail (47688, 22.50€ bounty)
Seat 2: 1Bet2luxe (104838, 61.87€ bounty)
Seat 4: torresmo123 (8004, 33.75€ bounty)
Seat 5: TheOnlyWay (53672, 22.50€ bounty)
Seat 6: anchem (15900, 22.50€ bounty)
*** ANTE/BLINDS ***
mcail posts ante 120
1Bet2luxe posts ante 120
torresmo123 posts ante 120
TheOnlyWay posts ante 120
anchem posts ante 120
mcail posts small blind 500
1Bet2luxe posts big blind 1000
Dealt to torresmo123 [8s Jc]
*** PRE-FLOP *** 
torresmo123 folds
TheOnlyWay folds
anchem raises 14780 to 15780 and is all-in
mcail folds
1Bet2luxe calls 14780
*** FLOP *** [Qh Ah 4h]
*** TURN *** [Qh Ah 4h][Kc]
*** RIVER *** [Qh Ah 4h Kc][Kd]
*** SHOW DOWN ***
1Bet2luxe shows [7h As] (Two pairs : Aces and Kings)
anchem shows [2d Ad] (Two pairs : Aces and Kings)
anchem collected 16330 from pot
1Bet2luxe collected 16330 from pot
*** SUMMARY ***
Total pot 32660 | No rake
Board: [Qh Ah 4h Kc Kd]
Seat 2: 1Bet2luxe (big blind) showed [7h As] and won 16330 with Two pairs : Aces and Kings
Seat 6: anchem (button) showed [2d Ad] and won 16330 with Two pairs : Aces and Kings


Winamax Poker - Tournament "BIG SWITCH FUNDAY 150K" buyIn: 45€ + 5€ level: 11 - HandId: #3242644658588745758-98-1708290344 - Holdem no limit (140/600/1200) - 2024/02/18 21:05:44 UTC
Table: 'BIG SWITCH FUNDAY 150K(754987043)#0029' 6-max (real money) Seat #1 is the button
Seat 1: mcail (47068, 22.50€ bounty)
Seat 2: 1Bet2luxe (105268, 61.87€ bounty)
Seat 3: RUBENSABATA (24052, 22.50€ bounty)
Seat 4: torresmo123 (7884, 33.75€ bounty)
Seat 5: TheOnlyWay (53552, 22.50€ bounty)
Seat 6: anchem (16330, 22.50€ bounty)
*** ANTE/BLINDS ***
1Bet2luxe posts ante 140
RUBENSABATA posts ante 140
mcail posts ante 140
torresmo123 posts ante 140
TheOnlyWay posts ante 140
anchem posts ante 140
1Bet2luxe posts small blind 600
RUBENSABATA posts big blind 1200
Dealt to torresmo123 [As 8c]
*** PRE-FLOP *** 
torresmo123 raises 6544 to 7744 and is all-in
TheOnlyWay calls 7744
anchem folds
mcail folds
1Bet2luxe folds
RUBENSABATA folds
*** FLOP *** [Jh 8s 3h]
*** TURN *** [Jh 8s 3h][4c]
*** RIVER *** [Jh 8s 3h 4c][5s]
*** SHOW DOWN ***
TheOnlyWay shows [7c Kc] (High card : King)
torresmo123 shows [As 8c] (One pair : 8)
torresmo123 collected 18128 from pot
*** SUMMARY ***
Total pot 18128 | No rake
Board: [Jh 8s 3h 4c 5s]
Seat 4: torresmo123 showed [As 8c] and won 18128 with One pair : 8
Seat 5: TheOnlyWay showed [7c Kc] and lost with High card : King


Winamax Poker - Tournament "BIG SWITCH FUNDAY 150K" buyIn: 45€ + 5€ level: 11 - HandId: #3242644658588745758-99-1708290373 - Holdem no limit (140/600/1200) - 2024/02/18 21:06:13 UTC
Table: 'BIG SWITCH FUNDAY 150K(754987043)#0029' 6-max (real money) Seat #2 is the button
Seat 1: mcail (46928, 22.50€ bounty)
Seat 2: 1Bet2luxe (104528, 61.87€ bounty)
Seat 3: RUBENSABATA (22712, 22.50€ bounty)
Seat 4: torresmo123 (18128, 33.75€ bounty)
Seat 5: TheOnlyWay (45668, 22.50€ bounty)
Seat 6: anchem (16190, 22.50€ bounty)
*** ANTE/BLINDS ***
RUBENSABATA posts ante 140
torresmo123 posts ante 140
mcail posts ante 140
1Bet2luxe posts ante 140
TheOnlyWay posts ante 140
anchem posts ante 140
RUBENSABATA posts small blind 600
torresmo123 posts big blind 1200
Dealt to torresmo123 [Ad 7c]
*** PRE-FLOP *** 
TheOnlyWay folds
anchem folds
mcail folds
1Bet2luxe raises 1200 to 2400
RUBENSABATA folds
torresmo123 raises 15588 to 17988 and is all-in
1Bet2luxe calls 15588
*** FLOP *** [Kh 9h 8d]
*** TURN *** [Kh 9h 8d][6s]
*** RIVER *** [Kh 9h 8d 6s][3h]
*** SHOW DOWN ***
torresmo123 shows [Ad 7c] (High card : Ace)
1Bet2luxe shows [Qh Qs] (One pair : Queens)
1Bet2luxe collected 37416 from pot
*** SUMMARY ***
Total pot 37416 | No rake
Board: [Kh 9h 8d 6s 3h]
Seat 2: 1Bet2luxe (button) showed [Qh Qs] and won 37416 with One pair : Queens
Seat 4: torresmo123 (big blind) showed [Ad 7c] and lost with High card : Ace


