Winamax Poker - Tournament "TEA TIME" buyIn: 18€ + 2€ level: 1 - HandId: #3186326294329556998-15-1707408832 - Holdem no limit (25/100/200) - 2024/02/08 16:13:52 UTC
Table: 'TEA TIME(741874402)#0005' 6-max (real money) Seat #1 is the button
Seat 1: Akrepah (20500, 13.50€ bounty)
Seat 2: utreck (42675, 9€ bounty)
Seat 3: VADOR...MIR (20339, 9€ bounty)
Seat 4: FFoldEquity (20386, 9€ bounty)
Seat 5: _._nova_._ (16125, 9€ bounty)
Seat 6: torresmo123 (20000, 9€ bounty)
*** ANTE/BLINDS ***
utreck posts ante 25
VADOR...MIR posts ante 25
Akrepah posts ante 25
FFoldEquity posts ante 25
_._nova_._ posts ante 25
torresmo123 posts ante 25
utreck posts small blind 100
VADOR...MIR posts big blind 200
Dealt to torresmo123 [Qh Qc]
*** PRE-FLOP *** 
FFoldEquity raises 200 to 400
_._nova_._ calls 400
torresmo123 raises 1300 to 1700
Akrepah folds
utreck folds
VADOR...MIR folds
FFoldEquity folds
_._nova_._ folds
torresmo123 collected 2950 from pot
*** SUMMARY ***
Total pot 2950 | No rake
Seat 6: torresmo123 won 2950


Winamax Poker - Tournament "TEA TIME" buyIn: 18€ + 2€ level: 1 - HandId: #3186326294329556998-16-1707408879 - Holdem no limit (25/100/200) - 2024/02/08 16:14:39 UTC
Table: 'TEA TIME(741874402)#0005' 6-max (real money) Seat #2 is the button
Seat 1: Akrepah (20475, 13.50€ bounty)
Seat 2: utreck (42550, 9€ bounty)
Seat 3: VADOR...MIR (20114, 9€ bounty)
Seat 4: FFoldEquity (19961, 9€ bounty)
Seat 5: _._nova_._ (15700, 9€ bounty)
Seat 6: torresmo123 (21225, 9€ bounty)
*** ANTE/BLINDS ***
VADOR...MIR posts ante 25
FFoldEquity posts ante 25
Akrepah posts ante 25
utreck posts ante 25
_._nova_._ posts ante 25
torresmo123 posts ante 25
VADOR...MIR posts small blind 100
FFoldEquity posts big blind 200
Dealt to torresmo123 [8c 9d]
*** PRE-FLOP *** 
_._nova_._ raises 300 to 500
torresmo123 folds
Akrepah folds
utreck raises 1000 to 1500
VADOR...MIR calls 1400
FFoldEquity folds
_._nova_._ raises 14175 to 15675 and is all-in
utreck raises 26850 to 42525 and is all-in
VADOR...MIR calls 18589 and is all-in
*** FLOP *** [Ts 5d Jh]
*** TURN *** [Ts 5d Jh][6s]
*** RIVER *** [Ts 5d Jh 6s][As]
*** SHOW DOWN ***
_._nova_._ shows [Ah Qs] (One pair : Aces)
utreck shows [Ks Ac] (One pair : Aces)
VADOR...MIR shows [Jc Jd] (Trips of Jacks)
VADOR...MIR collected 56203 from main pot
utreck collected 22436 from side pot 1
*** SUMMARY ***
Total pot 78639 | No rake
Board: [Ts 5d Jh 6s As]
Seat 2: utreck (button) showed [Ks Ac] and won 22436 with One pair : Aces
Seat 3: VADOR...MIR (small blind) showed [Jc Jd] and won 56203 with Trips of Jacks
Seat 5: _._nova_._ showed [Ah Qs] and lost with One pair : Aces


Winamax Poker - Tournament "TEA TIME" buyIn: 18€ + 2€ level: 1 - HandId: #3186326294329556998-17-1707408933 - Holdem no limit (25/100/200) - 2024/02/08 16:15:33 UTC
Table: 'TEA TIME(741874402)#0005' 6-max (real money) Seat #3 is the button
Seat 1: Akrepah (20450, 13.50€ bounty)
Seat 2: utreck (22436, 9€ bounty)
Seat 3: VADOR...MIR (56203, 13.50€ bounty)
Seat 4: FFoldEquity (19736, 9€ bounty)
Seat 6: torresmo123 (21200, 9€ bounty)
*** ANTE/BLINDS ***
FFoldEquity posts ante 25
torresmo123 posts ante 25
Akrepah posts ante 25
utreck posts ante 25
VADOR...MIR posts ante 25
FFoldEquity posts small blind 100
torresmo123 posts big blind 200
Dealt to torresmo123 [As 4h]
*** PRE-FLOP *** 
Akrepah folds
utreck folds
VADOR...MIR folds
FFoldEquity calls 100
torresmo123 checks
*** FLOP *** [7h Qh Tc]
FFoldEquity bets 200
torresmo123 calls 200
*** TURN *** [7h Qh Tc][5h]
FFoldEquity bets 509
torresmo123 calls 509
*** RIVER *** [7h Qh Tc 5h][5d]
FFoldEquity checks
torresmo123 checks
*** SHOW DOWN ***
torresmo123 shows [As 4h] (One pair : 5)
FFoldEquity shows [4c Qd] (Two pairs : Queens and 5)
FFoldEquity collected 1943 from pot
*** SUMMARY ***
Total pot 1943 | No rake
Board: [7h Qh Tc 5h 5d]
Seat 4: FFoldEquity (small blind) showed [4c Qd] and won 1943 with Two pairs : Queens and 5
Seat 6: torresmo123 (big blind) showed [As 4h] and lost with One pair : 5


Winamax Poker - Tournament "TEA TIME" buyIn: 18€ + 2€ level: 1 - HandId: #3186326294329556998-18-1707408998 - Holdem no limit (25/100/200) - 2024/02/08 16:16:38 UTC
Table: 'TEA TIME(741874402)#0005' 6-max (real money) Seat #4 is the button
Seat 1: Akrepah (20425, 13.50€ bounty)
Seat 2: utreck (22411, 9€ bounty)
Seat 3: VADOR...MIR (56178, 13.50€ bounty)
Seat 4: FFoldEquity (20745, 9€ bounty)
Seat 5: T-1000- (20000, 9€ bounty)
Seat 6: torresmo123 (20266, 9€ bounty)
*** ANTE/BLINDS ***
torresmo123 posts ante 25
Akrepah posts ante 25
utreck posts ante 25
VADOR...MIR posts ante 25
FFoldEquity posts ante 25
torresmo123 posts small blind 100
Akrepah posts big blind 200
Dealt to torresmo123 [9s Ks]
*** PRE-FLOP *** 
utreck raises 250 to 450
VADOR...MIR folds
FFoldEquity folds
torresmo123 calls 350
Akrepah calls 250
*** FLOP *** [8h 8d Qd]
torresmo123 checks
Akrepah checks
utreck bets 738
torresmo123 folds
Akrepah calls 738
*** TURN *** [8h 8d Qd][3s]
Akrepah checks
utreck bets 1918
Akrepah calls 1918
*** RIVER *** [8h 8d Qd 3s][4d]
Akrepah checks
utreck checks
*** SHOW DOWN ***
Akrepah shows [3h Qh] (Two pairs : Queens and 8)
utreck shows [Kc Qc] (Two pairs : Queens and 8)
utreck collected 6787 from pot
*** SUMMARY ***
Total pot 6787 | No rake
Board: [8h 8d Qd 3s 4d]
Seat 1: Akrepah (big blind) showed [3h Qh] and lost with Two pairs : Queens and 8
Seat 2: utreck showed [Kc Qc] and won 6787 with Two pairs : Queens and 8


Winamax Poker - Tournament "TEA TIME" buyIn: 18€ + 2€ level: 1 - HandId: #3186326294329556998-19-1707409057 - Holdem no limit (25/100/200) - 2024/02/08 16:17:37 UTC
Table: 'TEA TIME(741874402)#0005' 6-max (real money) Seat #6 is the button
Seat 1: Akrepah (17294, 13.50€ bounty)
Seat 2: utreck (26067, 9€ bounty)
Seat 3: VADOR...MIR (56153, 13.50€ bounty)
Seat 4: FFoldEquity (20720, 9€ bounty)
Seat 5: T-1000- (20000, 9€ bounty)
Seat 6: torresmo123 (19791, 9€ bounty)
*** ANTE/BLINDS ***
Akrepah posts ante 25
utreck posts ante 25
VADOR...MIR posts ante 25
FFoldEquity posts ante 25
T-1000- posts ante 25
torresmo123 posts ante 25
Akrepah posts small blind 100
utreck posts big blind 200
Dealt to torresmo123 [Jc 5h]
*** PRE-FLOP *** 
VADOR...MIR raises 250 to 450
FFoldEquity folds
T-1000- calls 450
torresmo123 folds
Akrepah folds
utreck calls 250
*** FLOP *** [Kc Td As]
utreck checks
VADOR...MIR bets 400
T-1000- folds
utreck folds
VADOR...MIR collected 2000 from pot
*** SUMMARY ***
Total pot 2000 | No rake
Board: [Kc Td As]
Seat 3: VADOR...MIR won 2000


Winamax Poker - Tournament "TEA TIME" buyIn: 18€ + 2€ level: 1 - HandId: #3186326294329556998-20-1707409110 - Holdem no limit (25/100/200) - 2024/02/08 16:18:30 UTC
Table: 'TEA TIME(741874402)#0005' 6-max (real money) Seat #1 is the button
Seat 1: Akrepah (17169, 13.50€ bounty)
Seat 2: utreck (25592, 9€ bounty)
Seat 3: VADOR...MIR (57278, 13.50€ bounty)
Seat 4: FFoldEquity (20695, 9€ bounty)
Seat 5: T-1000- (19525, 9€ bounty)
Seat 6: torresmo123 (19766, 9€ bounty)
*** ANTE/BLINDS ***
utreck posts ante 25
VADOR...MIR posts ante 25
Akrepah posts ante 25
FFoldEquity posts ante 25
T-1000- posts ante 25
torresmo123 posts ante 25
utreck posts small blind 100
VADOR...MIR posts big blind 200
Dealt to torresmo123 [Ah 2d]
*** PRE-FLOP *** 
FFoldEquity folds
T-1000- folds
torresmo123 folds
Akrepah folds
utreck calls 100
VADOR...MIR raises 400 to 600
utreck calls 400
*** FLOP *** [8s Ks 4d]
utreck checks
VADOR...MIR checks
*** TURN *** [8s Ks 4d][3c]
utreck bets 473
VADOR...MIR folds
utreck collected 1823 from pot
*** SUMMARY ***
Total pot 1823 | No rake
Board: [8s Ks 4d 3c]
Seat 2: utreck (small blind) won 1823


Winamax Poker - Tournament "TEA TIME" buyIn: 18€ + 2€ level: 1 - HandId: #3186326294329556998-21-1707409155 - Holdem no limit (25/100/200) - 2024/02/08 16:19:15 UTC
Table: 'TEA TIME(741874402)#0005' 6-max (real money) Seat #2 is the button
Seat 1: Akrepah (17144, 13.50€ bounty)
Seat 2: utreck (26317, 9€ bounty)
Seat 3: VADOR...MIR (56653, 13.50€ bounty)
Seat 4: FFoldEquity (20670, 9€ bounty)
Seat 5: T-1000- (19500, 9€ bounty)
Seat 6: torresmo123 (19741, 9€ bounty)
*** ANTE/BLINDS ***
VADOR...MIR posts ante 25
FFoldEquity posts ante 25
Akrepah posts ante 25
utreck posts ante 25
T-1000- posts ante 25
torresmo123 posts ante 25
VADOR...MIR posts small blind 100
FFoldEquity posts big blind 200
Dealt to torresmo123 [Kd Ad]
*** PRE-FLOP *** 
T-1000- raises 300 to 500
torresmo123 raises 1100 to 1600
Akrepah folds
utreck folds
VADOR...MIR folds
FFoldEquity folds
T-1000- calls 1100
*** FLOP *** [Kc Td 5c]
T-1000- checks
torresmo123 bets 730
T-1000- raises 1314 to 2044
torresmo123 calls 1314
*** TURN *** [Kc Td 5c][3s]
T-1000- bets 2933
torresmo123 raises 13139 to 16072 and is all-in
T-1000- calls 12898 and is all-in
*** RIVER *** [Kc Td 5c 3s][7h]
*** SHOW DOWN ***
T-1000- shows [5s 5h] (Trips of 5)
torresmo123 shows [Kd Ad] (One pair : Kings)
torresmo123 collected 241 from side pot 1
T-1000- collected 39400 from main pot
*** SUMMARY ***
Total pot 39641 | No rake
Board: [Kc Td 5c 3s 7h]
Seat 5: T-1000- showed [5s 5h] and won 39400 with Trips of 5
Seat 6: torresmo123 showed [Kd Ad] and won 241 with One pair : Kings


Winamax Poker - Tournament "TEA TIME" buyIn: 18€ + 2€ level: 1 - HandId: #3186326294329556998-22-1707409259 - Holdem no limit (25/100/200) - 2024/02/08 16:20:59 UTC
Table: 'TEA TIME(741874402)#0005' 6-max (real money) Seat #3 is the button
Seat 1: Akrepah (17119, 13.50€ bounty)
Seat 2: utreck (26292, 9€ bounty)
Seat 3: VADOR...MIR (56528, 13.50€ bounty)
Seat 4: FFoldEquity (20445, 9€ bounty)
Seat 5: T-1000- (39400, 9€ bounty)
Seat 6: torresmo123 (241, 9€ bounty)
*** ANTE/BLINDS ***
FFoldEquity posts ante 25
T-1000- posts ante 25
Akrepah posts ante 25
utreck posts ante 25
VADOR...MIR posts ante 25
torresmo123 posts ante 25
FFoldEquity posts small blind 100
T-1000- posts big blind 200
Dealt to torresmo123 [4h 5h]
*** PRE-FLOP *** 
torresmo123 raises 16 to 216 and is all-in
Akrepah folds
utreck folds
VADOR...MIR raises 432 to 648
FFoldEquity calls 548
T-1000- calls 448
*** FLOP *** [Jd 2h 8c]
FFoldEquity checks
T-1000- checks
VADOR...MIR checks
*** TURN *** [Jd 2h 8c][3s]
FFoldEquity checks
T-1000- bets 2310
VADOR...MIR folds
FFoldEquity folds
*** RIVER *** [Jd 2h 8c 3s][7d]
*** SHOW DOWN ***
torresmo123 shows [4h 5h] (High card : Jack)
T-1000- shows [Ah Js] (One pair : Jacks)
T-1000- collected 4620 from pot
*** SUMMARY ***
Total pot 4620 | No rake
Board: [Jd 2h 8c 3s 7d]
Seat 5: T-1000- (big blind) showed [Ah Js] and won 4620 with One pair : Jacks
Seat 6: torresmo123 showed [4h 5h] and lost with High card : Jack


Winamax Poker - Tournament "TEA TIME" buyIn: 18€ + 2€ level: 1 - HandId: #3186326294329557084-2-1707409318 - Holdem no limit (25/100/200) - 2024/02/08 16:21:58 UTC
Table: 'TEA TIME(741874402)#0091' 6-max (real money) Seat #5 is the button
Seat 1: AEdwards (15375, 9€ bounty)
Seat 2: Oprik (20236, 9€ bounty)
Seat 3: Trenks (21704, 9€ bounty)
Seat 4: torresmo123 (20000, 9€ bounty)
Seat 5: Rucagi (19875, 9€ bounty)
Seat 6: STF84 (24628, 9€ bounty)
*** ANTE/BLINDS ***
Oprik posts ante 25
Trenks posts ante 25
torresmo123 posts ante 25
Rucagi posts ante 25
Oprik posts small blind 100
Trenks posts big blind 200
Dealt to torresmo123 [6h 5s]
*** PRE-FLOP *** 
torresmo123 folds
Rucagi folds
Oprik raises 600 to 800
Trenks calls 600
*** FLOP *** [Jc Td 3d]
Oprik bets 610
Trenks calls 610
*** TURN *** [Jc Td 3d][9h]
Oprik bets 1468
Trenks calls 1468
*** RIVER *** [Jc Td 3d 9h][Kh]
Oprik checks
Trenks bets 5856
Oprik folds
Trenks collected 11712 from pot
*** SUMMARY ***
Total pot 11712 | No rake
Board: [Jc Td 3d 9h Kh]
Seat 3: Trenks (big blind) won 11712


Winamax Poker - Tournament "TEA TIME" buyIn: 18€ + 2€ level: 1 - HandId: #3186326294329557084-3-1707409407 - Holdem no limit (25/100/200) - 2024/02/08 16:23:27 UTC
Table: 'TEA TIME(741874402)#0091' 6-max (real money) Seat #2 is the button
Seat 1: AEdwards (15375, 9€ bounty)
Seat 2: Oprik (17333, 9€ bounty)
Seat 4: torresmo123 (19975, 9€ bounty)
Seat 5: Rucagi (19850, 9€ bounty)
Seat 6: STF84 (24628, 9€ bounty)
*** ANTE/BLINDS ***
torresmo123 posts ante 25
AEdwards posts ante 25
Oprik posts ante 25
Rucagi posts ante 25
STF84 posts ante 25
torresmo123 posts big blind 200
Dealt to torresmo123 [2c Jc]
*** PRE-FLOP *** 
Rucagi calls 200
STF84 raises 500 to 700
AEdwards calls 700
Oprik calls 700
torresmo123 folds
Rucagi calls 500
*** FLOP *** [9h 9s Kh]
Rucagi checks
STF84 checks
AEdwards checks
Oprik checks
*** TURN *** [9h 9s Kh][Ad]
Rucagi checks
STF84 checks
AEdwards checks
Oprik bets 1763
Rucagi folds
STF84 folds
AEdwards calls 1763
*** RIVER *** [9h 9s Kh Ad][6c]
AEdwards checks
Oprik checks
*** SHOW DOWN ***
Oprik shows [4d 4h] (Two pairs : 9 and 4)
AEdwards shows [As Qs] (Two pairs : Aces and 9)
AEdwards collected 6651 from pot
*** SUMMARY ***
Total pot 6651 | No rake
Board: [9h 9s Kh Ad 6c]
Seat 1: AEdwards showed [As Qs] and won 6651 with Two pairs : Aces and 9
Seat 2: Oprik (button) showed [4d 4h] and lost with Two pairs : 9 and 4


Winamax Poker - Tournament "TEA TIME" buyIn: 18€ + 2€ level: 1 - HandId: #3186326294329557084-4-1707409534 - Holdem no limit (25/100/200) - 2024/02/08 16:25:34 UTC
Table: 'TEA TIME(741874402)#0091' 6-max (real money) Seat #3 is the button
Seat 1: AEdwards (19538, 9€ bounty)
Seat 2: Oprik (14845, 9€ bounty)
Seat 3: hAAnski01 (20000, 9€ bounty)
Seat 4: torresmo123 (19750, 9€ bounty)
Seat 5: Rucagi (19125, 9€ bounty)
Seat 6: STF84 (23903, 9€ bounty)
*** ANTE/BLINDS ***
torresmo123 posts ante 25
Rucagi posts ante 25
AEdwards posts ante 25
Oprik posts ante 25
STF84 posts ante 25
torresmo123 posts small blind 100
Rucagi posts big blind 200
Dealt to torresmo123 [As 9s]
*** PRE-FLOP *** 
STF84 folds
AEdwards folds
Oprik folds
torresmo123 raises 600 to 800
Rucagi folds
torresmo123 collected 1125 from pot
*** SUMMARY ***
Total pot 1125 | No rake
Seat 4: torresmo123 (small blind) won 1125


Winamax Poker - Tournament "TEA TIME" buyIn: 18€ + 2€ level: 1 - HandId: #3186326294329557084-5-1707409556 - Holdem no limit (25/100/200) - 2024/02/08 16:25:56 UTC
Table: 'TEA TIME(741874402)#0091' 6-max (real money) Seat #4 is the button
Seat 1: AEdwards (19513, 9€ bounty)
Seat 2: Oprik (14820, 9€ bounty)
Seat 3: hAAnski01 (20000, 9€ bounty)
Seat 4: torresmo123 (20050, 9€ bounty)
Seat 5: Rucagi (18900, 9€ bounty)
Seat 6: STF84 (23878, 9€ bounty)
*** ANTE/BLINDS ***
Rucagi posts ante 25
STF84 posts ante 25
AEdwards posts ante 25
Oprik posts ante 25
hAAnski01 posts ante 25
torresmo123 posts ante 25
Rucagi posts small blind 100
STF84 posts big blind 200
Dealt to torresmo123 [3h 9c]
*** PRE-FLOP *** 
AEdwards folds
Oprik raises 400 to 600
hAAnski01 folds
torresmo123 folds
Rucagi folds
STF84 folds
Oprik collected 1050 from pot
*** SUMMARY ***
Total pot 1050 | No rake
Seat 2: Oprik won 1050


Winamax Poker - Tournament "TEA TIME" buyIn: 18€ + 2€ level: 1 - HandId: #3186326294329557084-6-1707409583 - Holdem no limit (25/100/200) - 2024/02/08 16:26:23 UTC
Table: 'TEA TIME(741874402)#0091' 6-max (real money) Seat #5 is the button
Seat 1: AEdwards (19488, 9€ bounty)
Seat 2: Oprik (15245, 9€ bounty)
Seat 3: hAAnski01 (19975, 9€ bounty)
Seat 4: torresmo123 (20025, 9€ bounty)
Seat 5: Rucagi (18775, 9€ bounty)
Seat 6: STF84 (23653, 9€ bounty)
*** ANTE/BLINDS ***
STF84 posts ante 25
AEdwards posts ante 25
Oprik posts ante 25
hAAnski01 posts ante 25
torresmo123 posts ante 25
Rucagi posts ante 25
STF84 posts small blind 100
AEdwards posts big blind 200
Dealt to torresmo123 [Qh 9h]
*** PRE-FLOP *** 
Oprik raises 400 to 600
hAAnski01 raises 1200 to 1800
torresmo123 folds
Rucagi folds
STF84 folds
AEdwards folds
Oprik folds
hAAnski01 collected 2850 from pot
*** SUMMARY ***
Total pot 2850 | No rake
Seat 3: hAAnski01 won 2850


Winamax Poker - Tournament "TEA TIME" buyIn: 18€ + 2€ level: 1 - HandId: #3186326294329557084-7-1707409626 - Holdem no limit (25/100/200) - 2024/02/08 16:27:06 UTC
Table: 'TEA TIME(741874402)#0091' 6-max (real money) Seat #6 is the button
Seat 1: AEdwards (19263, 9€ bounty)
Seat 2: Oprik (14620, 9€ bounty)
Seat 3: hAAnski01 (21000, 9€ bounty)
Seat 4: torresmo123 (20000, 9€ bounty)
Seat 5: Rucagi (18750, 9€ bounty)
Seat 6: STF84 (23528, 9€ bounty)
*** ANTE/BLINDS ***
AEdwards posts ante 25
Oprik posts ante 25
hAAnski01 posts ante 25
torresmo123 posts ante 25
Rucagi posts ante 25
STF84 posts ante 25
AEdwards posts small blind 100
Oprik posts big blind 200
Dealt to torresmo123 [6h 8s]
*** PRE-FLOP *** 
hAAnski01 folds
torresmo123 folds
Rucagi raises 400 to 600
STF84 folds
AEdwards raises 1800 to 2400
Oprik folds
Rucagi folds
AEdwards collected 3350 from pot
*** SUMMARY ***
Total pot 3350 | No rake
Seat 1: AEdwards (small blind) won 3350


Winamax Poker - Tournament "TEA TIME" buyIn: 18€ + 2€ level: 1 - HandId: #3186326294329557084-8-1707409669 - Holdem no limit (25/100/200) - 2024/02/08 16:27:49 UTC
Table: 'TEA TIME(741874402)#0091' 6-max (real money) Seat #1 is the button
Seat 1: AEdwards (20188, 9€ bounty)
Seat 2: Oprik (14395, 9€ bounty)
Seat 3: hAAnski01 (20975, 9€ bounty)
Seat 4: torresmo123 (19975, 9€ bounty)
Seat 5: Rucagi (18125, 9€ bounty)
Seat 6: STF84 (23503, 9€ bounty)
*** ANTE/BLINDS ***
Oprik posts ante 25
hAAnski01 posts ante 25
AEdwards posts ante 25
torresmo123 posts ante 25
Rucagi posts ante 25
STF84 posts ante 25
Oprik posts small blind 100
hAAnski01 posts big blind 200
Dealt to torresmo123 [Ad Kc]
*** PRE-FLOP *** 
torresmo123 raises 220 to 420
Rucagi folds
STF84 calls 420
AEdwards folds
Oprik folds
hAAnski01 folds
*** FLOP *** [8c 9s Js]
torresmo123 checks
STF84 bets 516
torresmo123 folds
STF84 collected 1806 from pot
*** SUMMARY ***
Total pot 1806 | No rake
Board: [8c 9s Js]
Seat 6: STF84 won 1806


Winamax Poker - Tournament "TEA TIME" buyIn: 18€ + 2€ level: 1 - HandId: #3186326294329557084-9-1707409738 - Holdem no limit (25/100/200) - 2024/02/08 16:28:58 UTC
Table: 'TEA TIME(741874402)#0091' 6-max (real money) Seat #2 is the button
Seat 1: AEdwards (20163, 9€ bounty)
Seat 2: Oprik (14270, 9€ bounty)
Seat 3: hAAnski01 (20750, 9€ bounty)
Seat 4: torresmo123 (19530, 9€ bounty)
Seat 5: Rucagi (18100, 9€ bounty)
Seat 6: STF84 (24348, 9€ bounty)
*** ANTE/BLINDS ***
hAAnski01 posts ante 25
torresmo123 posts ante 25
AEdwards posts ante 25
Oprik posts ante 25
Rucagi posts ante 25
STF84 posts ante 25
hAAnski01 posts small blind 100
torresmo123 posts big blind 200
Dealt to torresmo123 [5c Kd]
*** PRE-FLOP *** 
Rucagi folds
STF84 folds
AEdwards raises 300 to 500
Oprik folds
hAAnski01 folds
torresmo123 calls 300
*** FLOP *** [5h Th Ac]
torresmo123 checks
AEdwards bets 400
torresmo123 calls 400
*** TURN *** [5h Th Ac][7s]
torresmo123 checks
AEdwards bets 1900
torresmo123 folds
AEdwards collected 3950 from pot
*** SUMMARY ***
Total pot 3950 | No rake
Board: [5h Th Ac 7s]
Seat 1: AEdwards won 3950


Winamax Poker - Tournament "TEA TIME" buyIn: 18€ + 2€ level: 1 - HandId: #3186326294329557084-10-1707409794 - Holdem no limit (25/100/200) - 2024/02/08 16:29:54 UTC
Table: 'TEA TIME(741874402)#0091' 6-max (real money) Seat #3 is the button
Seat 1: AEdwards (21288, 9€ bounty)
Seat 2: Oprik (14245, 9€ bounty)
Seat 3: hAAnski01 (20625, 9€ bounty)
Seat 4: torresmo123 (18605, 9€ bounty)
Seat 5: Rucagi (18075, 9€ bounty)
Seat 6: STF84 (24323, 9€ bounty)
*** ANTE/BLINDS ***
torresmo123 posts ante 25
Rucagi posts ante 25
AEdwards posts ante 25
Oprik posts ante 25
hAAnski01 posts ante 25
STF84 posts ante 25
torresmo123 posts small blind 100
Rucagi posts big blind 200
Dealt to torresmo123 [Jd Ts]
*** PRE-FLOP *** 
STF84 folds
AEdwards folds
Oprik folds
hAAnski01 raises 400 to 600
torresmo123 folds
Rucagi calls 400
*** FLOP *** [Td 3s Kc]
Rucagi checks
hAAnski01 checks
*** TURN *** [Td 3s Kc][7c]
Rucagi checks
hAAnski01 bets 943
Rucagi folds
hAAnski01 collected 2393 from pot
*** SUMMARY ***
Total pot 2393 | No rake
Board: [Td 3s Kc 7c]
Seat 3: hAAnski01 (button) won 2393


Winamax Poker - Tournament "TEA TIME" buyIn: 18€ + 2€ level: 1 - HandId: #3186326294329557084-11-1707409883 - Holdem no limit (25/100/200) - 2024/02/08 16:31:23 UTC
Table: 'TEA TIME(741874402)#0091' 6-max (real money) Seat #4 is the button
Seat 1: AEdwards (21263, 9€ bounty)
Seat 2: Oprik (14220, 9€ bounty)
Seat 3: hAAnski01 (21450, 9€ bounty)
Seat 4: torresmo123 (18480, 9€ bounty)
Seat 5: Rucagi (17450, 9€ bounty)
Seat 6: STF84 (24298, 9€ bounty)
*** ANTE/BLINDS ***
Rucagi posts ante 25
STF84 posts ante 25
AEdwards posts ante 25
Oprik posts ante 25
hAAnski01 posts ante 25
torresmo123 posts ante 25
Rucagi posts small blind 100
STF84 posts big blind 200
Dealt to torresmo123 [Qh Qd]
*** PRE-FLOP *** 
AEdwards folds
Oprik folds
hAAnski01 folds
torresmo123 raises 250 to 450
Rucagi calls 350
STF84 calls 250
*** FLOP *** [2h 8h Ah]
Rucagi checks
STF84 checks
torresmo123 checks
*** TURN *** [2h 8h Ah][Jd]
Rucagi checks
STF84 checks
torresmo123 bets 825
Rucagi calls 825
STF84 folds
*** RIVER *** [2h 8h Ah Jd][Qc]
Rucagi checks
torresmo123 bets 2079
Rucagi calls 2079
*** SHOW DOWN ***
Rucagi shows [6d Ac] (One pair : Aces)
torresmo123 shows [Qh Qd] (Trips of Queens)
torresmo123 collected 7308 from pot
*** SUMMARY ***
Total pot 7308 | No rake
Board: [2h 8h Ah Jd Qc]
Seat 4: torresmo123 (button) showed [Qh Qd] and won 7308 with Trips of Queens
Seat 5: Rucagi (small blind) showed [6d Ac] and lost with One pair : Aces


Winamax Poker - Tournament "TEA TIME" buyIn: 18€ + 2€ level: 1 - HandId: #3186326294329557084-12-1707409996 - Holdem no limit (25/100/200) - 2024/02/08 16:33:16 UTC
Table: 'TEA TIME(741874402)#0091' 6-max (real money) Seat #5 is the button
Seat 1: AEdwards (21238, 9€ bounty)
Seat 2: Oprik (14195, 9€ bounty)
Seat 3: hAAnski01 (21425, 9€ bounty)
Seat 4: torresmo123 (22409, 9€ bounty)
Seat 5: Rucagi (14071, 9€ bounty)
Seat 6: STF84 (23823, 9€ bounty)
*** ANTE/BLINDS ***
STF84 posts ante 25
AEdwards posts ante 25
Oprik posts ante 25
hAAnski01 posts ante 25
torresmo123 posts ante 25
Rucagi posts ante 25
STF84 posts small blind 100
AEdwards posts big blind 200
Dealt to torresmo123 [Td 3c]
*** PRE-FLOP *** 
Oprik raises 400 to 600
hAAnski01 folds
torresmo123 folds
Rucagi folds
STF84 folds
AEdwards folds
Oprik collected 1050 from pot
*** SUMMARY ***
Total pot 1050 | No rake
Seat 2: Oprik won 1050


Winamax Poker - Tournament "TEA TIME" buyIn: 18€ + 2€ level: 1 - HandId: #3186326294329557084-13-1707410026 - Holdem no limit (25/100/200) - 2024/02/08 16:33:46 UTC
Table: 'TEA TIME(741874402)#0091' 6-max (real money) Seat #6 is the button
Seat 1: AEdwards (21013, 9€ bounty)
Seat 2: Oprik (14620, 9€ bounty)
Seat 3: hAAnski01 (21400, 9€ bounty)
Seat 4: torresmo123 (22384, 9€ bounty)
Seat 5: Rucagi (14046, 9€ bounty)
Seat 6: STF84 (23698, 9€ bounty)
*** ANTE/BLINDS ***
AEdwards posts ante 25
Oprik posts ante 25
hAAnski01 posts ante 25
torresmo123 posts ante 25
Rucagi posts ante 25
STF84 posts ante 25
AEdwards posts small blind 100
Oprik posts big blind 200
Dealt to torresmo123 [5c 2c]
*** PRE-FLOP *** 
hAAnski01 raises 400 to 600
torresmo123 folds
Rucagi calls 600
STF84 folds
AEdwards folds
Oprik folds
*** FLOP *** [Jh 3h Td]
hAAnski01 checks
Rucagi checks
*** TURN *** [Jh 3h Td][2s]
hAAnski01 bets 1320
Rucagi folds
hAAnski01 collected 2970 from pot
*** SUMMARY ***
Total pot 2970 | No rake
Board: [Jh 3h Td 2s]
Seat 3: hAAnski01 won 2970


Winamax Poker - Tournament "TEA TIME" buyIn: 18€ + 2€ level: 1 - HandId: #3186326294329557084-14-1707410087 - Holdem no limit (25/100/200) - 2024/02/08 16:34:47 UTC
Table: 'TEA TIME(741874402)#0091' 6-max (real money) Seat #1 is the button
Seat 1: AEdwards (20888, 9€ bounty)
Seat 2: Oprik (14395, 9€ bounty)
Seat 3: hAAnski01 (22425, 9€ bounty)
Seat 4: torresmo123 (22359, 9€ bounty)
Seat 5: Rucagi (13421, 9€ bounty)
Seat 6: STF84 (23673, 9€ bounty)
*** ANTE/BLINDS ***
Oprik posts ante 25
hAAnski01 posts ante 25
AEdwards posts ante 25
torresmo123 posts ante 25
Rucagi posts ante 25
STF84 posts ante 25
Oprik posts small blind 100
hAAnski01 posts big blind 200
Dealt to torresmo123 [5h 9d]
*** PRE-FLOP *** 
torresmo123 folds
Rucagi raises 300 to 500
STF84 folds
AEdwards folds
Oprik folds
hAAnski01 folds
Rucagi collected 950 from pot
*** SUMMARY ***
Total pot 950 | No rake
Seat 5: Rucagi won 950


Winamax Poker - Tournament "TEA TIME" buyIn: 18€ + 2€ level: 1 - HandId: #3186326294329557084-15-1707410136 - Holdem no limit (25/100/200) - 2024/02/08 16:35:36 UTC
Table: 'TEA TIME(741874402)#0091' 6-max (real money) Seat #2 is the button
Seat 1: AEdwards (20863, 9€ bounty)
Seat 2: Oprik (14270, 9€ bounty)
Seat 3: hAAnski01 (22200, 9€ bounty)
Seat 4: torresmo123 (22334, 9€ bounty)
Seat 5: Rucagi (13846, 9€ bounty)
Seat 6: STF84 (23648, 9€ bounty)
*** ANTE/BLINDS ***
hAAnski01 posts ante 25
torresmo123 posts ante 25
AEdwards posts ante 25
Oprik posts ante 25
Rucagi posts ante 25
STF84 posts ante 25
hAAnski01 posts small blind 100
torresmo123 posts big blind 200
Dealt to torresmo123 [9h 4h]
*** PRE-FLOP *** 
Rucagi folds
STF84 folds
AEdwards raises 300 to 500
Oprik folds
hAAnski01 folds
torresmo123 calls 300
*** FLOP *** [3c Kc 4c]
torresmo123 checks
AEdwards bets 400
torresmo123 raises 700 to 1100
AEdwards folds
torresmo123 collected 2750 from pot
*** SUMMARY ***
Total pot 2750 | No rake
Board: [3c Kc 4c]
Seat 4: torresmo123 (big blind) won 2750


Winamax Poker - Tournament "TEA TIME" buyIn: 18€ + 2€ level: 1 - HandId: #3186326294329557084-16-1707410175 - Holdem no limit (25/100/200) - 2024/02/08 16:36:15 UTC
Table: 'TEA TIME(741874402)#0091' 6-max (real money) Seat #3 is the button
Seat 1: AEdwards (19938, 9€ bounty)
Seat 2: Oprik (14245, 9€ bounty)
Seat 3: hAAnski01 (22075, 9€ bounty)
Seat 4: torresmo123 (23459, 9€ bounty)
Seat 5: Rucagi (13821, 9€ bounty)
Seat 6: STF84 (23623, 9€ bounty)
*** ANTE/BLINDS ***
torresmo123 posts ante 25
Rucagi posts ante 25
AEdwards posts ante 25
Oprik posts ante 25
hAAnski01 posts ante 25
STF84 posts ante 25
torresmo123 posts small blind 100
Rucagi posts big blind 200
Dealt to torresmo123 [5s 2h]
*** PRE-FLOP *** 
STF84 folds
AEdwards folds
Oprik raises 200 to 400
hAAnski01 folds
torresmo123 folds
Rucagi calls 200
*** FLOP *** [4s 5d 6s]
Rucagi checks
Oprik checks
*** TURN *** [4s 5d 6s][Tc]
Rucagi checks
Oprik bets 693
Rucagi folds
Oprik collected 1743 from pot
*** SUMMARY ***
Total pot 1743 | No rake
Board: [4s 5d 6s Tc]
Seat 2: Oprik won 1743


Winamax Poker - Tournament "TEA TIME" buyIn: 18€ + 2€ level: 1 - HandId: #3186326294329557084-17-1707410227 - Holdem no limit (25/100/200) - 2024/02/08 16:37:07 UTC
Table: 'TEA TIME(741874402)#0091' 6-max (real money) Seat #4 is the button
Seat 1: AEdwards (19913, 9€ bounty)
Seat 2: Oprik (14870, 9€ bounty)
Seat 3: hAAnski01 (22050, 9€ bounty)
Seat 4: torresmo123 (23334, 9€ bounty)
Seat 5: Rucagi (13396, 9€ bounty)
Seat 6: STF84 (23598, 9€ bounty)
*** ANTE/BLINDS ***
Rucagi posts ante 25
STF84 posts ante 25
AEdwards posts ante 25
Oprik posts ante 25
hAAnski01 posts ante 25
torresmo123 posts ante 25
Rucagi posts small blind 100
STF84 posts big blind 200
Dealt to torresmo123 [5c Kd]
*** PRE-FLOP *** 
AEdwards raises 300 to 500
Oprik folds
hAAnski01 folds
torresmo123 folds
Rucagi folds
STF84 calls 300
*** FLOP *** [As 3s 8s]
STF84 checks
AEdwards bets 400
STF84 calls 400
*** TURN *** [As 3s 8s][6c]
STF84 checks
AEdwards checks
*** RIVER *** [As 3s 8s 6c][2h]
STF84 checks
AEdwards bets 1400
STF84 calls 1400
*** SHOW DOWN ***
AEdwards shows [Jh Qc] (High card : Ace)
STF84 shows [Tc Ad] (One pair : Aces)
STF84 collected 4850 from pot
*** SUMMARY ***
Total pot 4850 | No rake
Board: [As 3s 8s 6c 2h]
Seat 1: AEdwards showed [Jh Qc] and lost with High card : Ace
Seat 6: STF84 (big blind) showed [Tc Ad] and won 4850 with One pair : Aces


Winamax Poker - Tournament "TEA TIME" buyIn: 18€ + 2€ level: 1 - HandId: #3186326294329557084-18-1707410325 - Holdem no limit (25/100/200) - 2024/02/08 16:38:45 UTC
Table: 'TEA TIME(741874402)#0091' 6-max (real money) Seat #5 is the button
Seat 1: AEdwards (17588, 9€ bounty)
Seat 2: Oprik (14845, 9€ bounty)
Seat 3: hAAnski01 (22025, 9€ bounty)
Seat 4: torresmo123 (23309, 9€ bounty)
Seat 5: Rucagi (13271, 9€ bounty)
Seat 6: STF84 (26123, 9€ bounty)
*** ANTE/BLINDS ***
STF84 posts ante 25
AEdwards posts ante 25
Oprik posts ante 25
hAAnski01 posts ante 25
torresmo123 posts ante 25
Rucagi posts ante 25
STF84 posts small blind 100
AEdwards posts big blind 200
Dealt to torresmo123 [5s 8s]
*** PRE-FLOP *** 
Oprik folds
hAAnski01 folds
torresmo123 raises 220 to 420
Rucagi calls 420
STF84 folds
AEdwards raises 1910 to 2330
torresmo123 folds
Rucagi folds
AEdwards collected 3420 from pot
*** SUMMARY ***
Total pot 3420 | No rake
Seat 1: AEdwards (big blind) won 3420


Winamax Poker - Tournament "TEA TIME" buyIn: 18€ + 2€ level: 2 - HandId: #3186326294329557084-19-1707410437 - Holdem no limit (30/125/250) - 2024/02/08 16:40:37 UTC
Table: 'TEA TIME(741874402)#0091' 6-max (real money) Seat #6 is the button
Seat 1: AEdwards (18653, 9€ bounty)
Seat 2: Oprik (14820, 9€ bounty)
Seat 3: hAAnski01 (22000, 9€ bounty)
Seat 4: torresmo123 (22864, 9€ bounty)
Seat 5: Rucagi (12826, 9€ bounty)
Seat 6: STF84 (25998, 9€ bounty)
*** ANTE/BLINDS ***
AEdwards posts ante 30
Oprik posts ante 30
hAAnski01 posts ante 30
torresmo123 posts ante 30
Rucagi posts ante 30
STF84 posts ante 30
AEdwards posts small blind 125
Oprik posts big blind 250
Dealt to torresmo123 [8s 6c]
*** PRE-FLOP *** 
hAAnski01 folds
torresmo123 folds
Rucagi calls 250
STF84 folds
AEdwards folds
Oprik checks
*** FLOP *** [Ac 8h 7s]
Oprik checks
Rucagi checks
*** TURN *** [Ac 8h 7s][2s]
Oprik bets 708
Rucagi calls 708
*** RIVER *** [Ac 8h 7s 2s][5c]
Oprik bets 1954
Rucagi folds
Oprik collected 4175 from pot
*** SUMMARY ***
Total pot 4175 | No rake
Board: [Ac 8h 7s 2s 5c]
Seat 2: Oprik (big blind) won 4175


Winamax Poker - Tournament "TEA TIME" buyIn: 18€ + 2€ level: 2 - HandId: #3186326294329557084-20-1707410485 - Holdem no limit (30/125/250) - 2024/02/08 16:41:25 UTC
Table: 'TEA TIME(741874402)#0091' 6-max (real money) Seat #1 is the button
Seat 1: AEdwards (18498, 9€ bounty)
Seat 2: Oprik (16053, 9€ bounty)
Seat 3: hAAnski01 (21970, 9€ bounty)
Seat 4: torresmo123 (22834, 9€ bounty)
Seat 5: Rucagi (11838, 9€ bounty)
Seat 6: STF84 (25968, 9€ bounty)
*** ANTE/BLINDS ***
Oprik posts ante 30
hAAnski01 posts ante 30
AEdwards posts ante 30
torresmo123 posts ante 30
Rucagi posts ante 30
STF84 posts ante 30
Oprik posts small blind 125
hAAnski01 posts big blind 250
Dealt to torresmo123 [Jc 3h]
*** PRE-FLOP *** 
torresmo123 folds
Rucagi raises 375 to 625
STF84 calls 625
AEdwards folds
Oprik folds
hAAnski01 calls 375
*** FLOP *** [Ad 4d 8c]
hAAnski01 checks
Rucagi checks
STF84 bets 1090
hAAnski01 folds
Rucagi folds
STF84 collected 3270 from pot
*** SUMMARY ***
Total pot 3270 | No rake
Board: [Ad 4d 8c]
Seat 6: STF84 won 3270


Winamax Poker - Tournament "TEA TIME" buyIn: 18€ + 2€ level: 2 - HandId: #3186326294329557084-21-1707410514 - Holdem no limit (30/125/250) - 2024/02/08 16:41:54 UTC
Table: 'TEA TIME(741874402)#0091' 6-max (real money) Seat #2 is the button
Seat 1: AEdwards (18468, 9€ bounty)
Seat 2: Oprik (15898, 9€ bounty)
Seat 3: hAAnski01 (21315, 9€ bounty)
Seat 4: torresmo123 (22804, 9€ bounty)
Seat 5: Rucagi (11183, 9€ bounty)
Seat 6: STF84 (27493, 9€ bounty)
*** ANTE/BLINDS ***
hAAnski01 posts ante 30
torresmo123 posts ante 30
AEdwards posts ante 30
Oprik posts ante 30
Rucagi posts ante 30
STF84 posts ante 30
hAAnski01 posts small blind 125
torresmo123 posts big blind 250
Dealt to torresmo123 [9d Ks]
*** PRE-FLOP *** 
Rucagi raises 375 to 625
STF84 folds
AEdwards folds
Oprik folds
hAAnski01 folds
torresmo123 calls 375
*** FLOP *** [Qc 2d Ad]
torresmo123 checks
Rucagi bets 544
torresmo123 folds
Rucagi collected 2099 from pot
*** SUMMARY ***
Total pot 2099 | No rake
Board: [Qc 2d Ad]
Seat 5: Rucagi won 2099


