Winamax Poker - Tournament "NITRO" buyIn: 18€ + 2€ level: 1 - HandId: #3205116634515636250-8-1708366832 - Holdem no limit (25/100/200) - 2024/02/19 18:20:32 UTC
Table: 'NITRO(746249369)#025' 6-max (real money) Seat #4 is the button
Seat 1: ShelbyWalk (19361, 9€ bounty)
Seat 2: tanketa1990 (20753, 9€ bounty)
Seat 3: PersianEyes. (21550, 9€ bounty)
Seat 4: Tu.C.Ki (18711, 9€ bounty)
Seat 5: Cool rasta (20075, 9€ bounty)
Seat 6: torresmo123 (20000, 9€ bounty)
*** ANTE/BLINDS ***
Cool rasta posts ante 25
torresmo123 posts ante 25
ShelbyWalk posts ante 25
tanketa1990 posts ante 25
PersianEyes. posts ante 25
Tu.C.Ki posts ante 25
Cool rasta posts small blind 100
torresmo123 posts big blind 200
Dealt to torresmo123 [Qc Ac]
*** PRE-FLOP *** 
ShelbyWalk folds
tanketa1990 folds
PersianEyes. folds
Tu.C.Ki folds
Cool rasta folds
torresmo123 collected 450 from pot
*** SUMMARY ***
Total pot 450 | No rake
Seat 6: torresmo123 (big blind) won 450


Winamax Poker - Tournament "NITRO" buyIn: 18€ + 2€ level: 1 - HandId: #3205116634515636250-9-1708366848 - Holdem no limit (25/100/200) - 2024/02/19 18:20:48 UTC
Table: 'NITRO(746249369)#025' 6-max (real money) Seat #5 is the button
Seat 1: ShelbyWalk (19336, 9€ bounty)
Seat 2: tanketa1990 (20728, 9€ bounty)
Seat 3: PersianEyes. (21525, 9€ bounty)
Seat 4: Tu.C.Ki (18686, 9€ bounty)
Seat 5: Cool rasta (19950, 9€ bounty)
Seat 6: torresmo123 (20225, 9€ bounty)
*** ANTE/BLINDS ***
torresmo123 posts ante 25
ShelbyWalk posts ante 25
tanketa1990 posts ante 25
PersianEyes. posts ante 25
Tu.C.Ki posts ante 25
Cool rasta posts ante 25
torresmo123 posts small blind 100
ShelbyWalk posts big blind 200
Dealt to torresmo123 [6d 9s]
*** PRE-FLOP *** 
tanketa1990 folds
PersianEyes. folds
Tu.C.Ki raises 300 to 500
Cool rasta folds
torresmo123 folds
ShelbyWalk folds
Tu.C.Ki collected 950 from pot
*** SUMMARY ***
Total pot 950 | No rake
Seat 4: Tu.C.Ki won 950


Winamax Poker - Tournament "NITRO" buyIn: 18€ + 2€ level: 1 - HandId: #3205116634515636250-10-1708366870 - Holdem no limit (25/100/200) - 2024/02/19 18:21:10 UTC
Table: 'NITRO(746249369)#025' 6-max (real money) Seat #6 is the button
Seat 1: ShelbyWalk (19111, 9€ bounty)
Seat 2: tanketa1990 (20703, 9€ bounty)
Seat 3: PersianEyes. (21500, 9€ bounty)
Seat 4: Tu.C.Ki (19111, 9€ bounty)
Seat 5: Cool rasta (19925, 9€ bounty)
Seat 6: torresmo123 (20100, 9€ bounty)
*** ANTE/BLINDS ***
ShelbyWalk posts ante 25
tanketa1990 posts ante 25
PersianEyes. posts ante 25
Tu.C.Ki posts ante 25
Cool rasta posts ante 25
torresmo123 posts ante 25
ShelbyWalk posts small blind 100
tanketa1990 posts big blind 200
Dealt to torresmo123 [4c Jh]
*** PRE-FLOP *** 
PersianEyes. folds
Tu.C.Ki folds
Cool rasta folds
torresmo123 folds
ShelbyWalk raises 500 to 700
tanketa1990 folds
ShelbyWalk collected 1050 from pot
*** SUMMARY ***
Total pot 1050 | No rake
Seat 1: ShelbyWalk (small blind) won 1050


Winamax Poker - Tournament "NITRO" buyIn: 18€ + 2€ level: 1 - HandId: #3205116634515636250-11-1708366889 - Holdem no limit (25/100/200) - 2024/02/19 18:21:29 UTC
Table: 'NITRO(746249369)#025' 6-max (real money) Seat #1 is the button
Seat 1: ShelbyWalk (19436, 9€ bounty)
Seat 2: tanketa1990 (20478, 9€ bounty)
Seat 3: PersianEyes. (21475, 9€ bounty)
Seat 4: Tu.C.Ki (19086, 9€ bounty)
Seat 5: Cool rasta (19900, 9€ bounty)
Seat 6: torresmo123 (20075, 9€ bounty)
*** ANTE/BLINDS ***
tanketa1990 posts ante 25
PersianEyes. posts ante 25
ShelbyWalk posts ante 25
Tu.C.Ki posts ante 25
Cool rasta posts ante 25
torresmo123 posts ante 25
tanketa1990 posts small blind 100
PersianEyes. posts big blind 200
Dealt to torresmo123 [Jd 7s]
*** PRE-FLOP *** 
Tu.C.Ki raises 240 to 440
Cool rasta folds
torresmo123 folds
ShelbyWalk folds
tanketa1990 folds
PersianEyes. calls 240
*** FLOP *** [Ts Qc 8h]
PersianEyes. checks
Tu.C.Ki bets 283
PersianEyes. folds
Tu.C.Ki collected 1413 from pot
*** SUMMARY ***
Total pot 1413 | No rake
Board: [Ts Qc 8h]
Seat 4: Tu.C.Ki won 1413


Winamax Poker - Tournament "NITRO" buyIn: 18€ + 2€ level: 1 - HandId: #3205116634515636250-12-1708366938 - Holdem no limit (25/100/200) - 2024/02/19 18:22:18 UTC
Table: 'NITRO(746249369)#025' 6-max (real money) Seat #2 is the button
Seat 1: ShelbyWalk (19411, 9€ bounty)
Seat 2: tanketa1990 (20353, 9€ bounty)
Seat 3: PersianEyes. (21010, 9€ bounty)
Seat 4: Tu.C.Ki (19751, 9€ bounty)
Seat 5: Cool rasta (19875, 9€ bounty)
Seat 6: torresmo123 (20050, 9€ bounty)
*** ANTE/BLINDS ***
PersianEyes. posts ante 25
Tu.C.Ki posts ante 25
ShelbyWalk posts ante 25
tanketa1990 posts ante 25
Cool rasta posts ante 25
torresmo123 posts ante 25
PersianEyes. posts small blind 100
Tu.C.Ki posts big blind 200
Dealt to torresmo123 [4h 5c]
*** PRE-FLOP *** 
Cool rasta folds
torresmo123 folds
ShelbyWalk folds
tanketa1990 folds
PersianEyes. calls 100
Tu.C.Ki raises 500 to 700
PersianEyes. folds
Tu.C.Ki collected 1050 from pot
*** SUMMARY ***
Total pot 1050 | No rake
Seat 4: Tu.C.Ki (big blind) won 1050


Winamax Poker - Tournament "NITRO" buyIn: 18€ + 2€ level: 1 - HandId: #3205116634515636250-13-1708366973 - Holdem no limit (25/100/200) - 2024/02/19 18:22:53 UTC
Table: 'NITRO(746249369)#025' 6-max (real money) Seat #3 is the button
Seat 1: ShelbyWalk (19386, 9€ bounty)
Seat 2: tanketa1990 (20328, 9€ bounty)
Seat 3: PersianEyes. (20785, 9€ bounty)
Seat 4: Tu.C.Ki (20076, 9€ bounty)
Seat 5: Cool rasta (19850, 9€ bounty)
Seat 6: torresmo123 (20025, 9€ bounty)
*** ANTE/BLINDS ***
Tu.C.Ki posts ante 25
Cool rasta posts ante 25
ShelbyWalk posts ante 25
tanketa1990 posts ante 25
PersianEyes. posts ante 25
torresmo123 posts ante 25
Tu.C.Ki posts small blind 100
Cool rasta posts big blind 200
Dealt to torresmo123 [6c 8d]
*** PRE-FLOP *** 
torresmo123 folds
ShelbyWalk raises 200 to 400
tanketa1990 raises 1400 to 1800
PersianEyes. folds
Tu.C.Ki folds
Cool rasta folds
ShelbyWalk calls 1400
*** FLOP *** [7h 2c Qh]
ShelbyWalk checks
tanketa1990 bets 1000
ShelbyWalk raises 2600 to 3600
tanketa1990 calls 2600
*** TURN *** [7h 2c Qh][3s]
ShelbyWalk checks
tanketa1990 bets 3000
ShelbyWalk folds
tanketa1990 collected 14250 from pot
*** SUMMARY ***
Total pot 14250 | No rake
Board: [7h 2c Qh 3s]
Seat 2: tanketa1990 won 14250


Winamax Poker - Tournament "NITRO" buyIn: 18€ + 2€ level: 1 - HandId: #3205116634515636250-14-1708367048 - Holdem no limit (25/100/200) - 2024/02/19 18:24:08 UTC
Table: 'NITRO(746249369)#025' 6-max (real money) Seat #4 is the button
Seat 1: ShelbyWalk (13961, 9€ bounty)
Seat 2: tanketa1990 (26153, 9€ bounty)
Seat 3: PersianEyes. (20760, 9€ bounty)
Seat 4: Tu.C.Ki (19951, 9€ bounty)
Seat 5: Cool rasta (19625, 9€ bounty)
Seat 6: torresmo123 (20000, 9€ bounty)
*** ANTE/BLINDS ***
Cool rasta posts ante 25
torresmo123 posts ante 25
ShelbyWalk posts ante 25
tanketa1990 posts ante 25
PersianEyes. posts ante 25
Tu.C.Ki posts ante 25
Cool rasta posts small blind 100
torresmo123 posts big blind 200
Dealt to torresmo123 [9s Js]
*** PRE-FLOP *** 
ShelbyWalk folds
tanketa1990 folds
PersianEyes. folds
Tu.C.Ki raises 300 to 500
Cool rasta folds
torresmo123 calls 300
*** FLOP *** [9c 7c Tc]
torresmo123 checks
Tu.C.Ki bets 438
torresmo123 calls 438
*** TURN *** [9c 7c Tc][Ks]
torresmo123 checks
Tu.C.Ki bets 1582
torresmo123 calls 1582
*** RIVER *** [9c 7c Tc Ks][3s]
torresmo123 checks
Tu.C.Ki bets 4775
torresmo123 folds
Tu.C.Ki collected 10065 from pot
*** SUMMARY ***
Total pot 10065 | No rake
Board: [9c 7c Tc Ks 3s]
Seat 4: Tu.C.Ki (button) won 10065


Winamax Poker - Tournament "NITRO" buyIn: 18€ + 2€ level: 1 - HandId: #3205116634515636250-15-1708367157 - Holdem no limit (25/100/200) - 2024/02/19 18:25:57 UTC
Table: 'NITRO(746249369)#025' 6-max (real money) Seat #5 is the button
Seat 1: ShelbyWalk (13936, 9€ bounty)
Seat 2: tanketa1990 (26128, 9€ bounty)
Seat 3: PersianEyes. (20735, 9€ bounty)
Seat 4: Tu.C.Ki (22696, 9€ bounty)
Seat 5: Cool rasta (19500, 9€ bounty)
Seat 6: torresmo123 (17455, 9€ bounty)
*** ANTE/BLINDS ***
torresmo123 posts ante 25
ShelbyWalk posts ante 25
tanketa1990 posts ante 25
PersianEyes. posts ante 25
Tu.C.Ki posts ante 25
Cool rasta posts ante 25
torresmo123 posts small blind 100
ShelbyWalk posts big blind 200
Dealt to torresmo123 [Ks 4d]
*** PRE-FLOP *** 
tanketa1990 folds
PersianEyes. folds
Tu.C.Ki folds
Cool rasta folds
torresmo123 calls 100
ShelbyWalk raises 500 to 700
torresmo123 calls 500
*** FLOP *** [3h 2h 8d]
torresmo123 checks
ShelbyWalk bets 512
torresmo123 folds
ShelbyWalk collected 2062 from pot
*** SUMMARY ***
Total pot 2062 | No rake
Board: [3h 2h 8d]
Seat 1: ShelbyWalk (big blind) won 2062


Winamax Poker - Tournament "NITRO" buyIn: 18€ + 2€ level: 1 - HandId: #3205116634515636250-16-1708367202 - Holdem no limit (25/100/200) - 2024/02/19 18:26:42 UTC
Table: 'NITRO(746249369)#025' 6-max (real money) Seat #6 is the button
Seat 1: ShelbyWalk (14761, 9€ bounty)
Seat 2: tanketa1990 (26103, 9€ bounty)
Seat 3: PersianEyes. (20710, 9€ bounty)
Seat 4: Tu.C.Ki (22671, 9€ bounty)
Seat 5: Cool rasta (19475, 9€ bounty)
Seat 6: torresmo123 (16730, 9€ bounty)
*** ANTE/BLINDS ***
ShelbyWalk posts ante 25
tanketa1990 posts ante 25
PersianEyes. posts ante 25
Tu.C.Ki posts ante 25
Cool rasta posts ante 25
torresmo123 posts ante 25
ShelbyWalk posts small blind 100
tanketa1990 posts big blind 200
Dealt to torresmo123 [Td 6d]
*** PRE-FLOP *** 
PersianEyes. folds
Tu.C.Ki raises 300 to 500
Cool rasta calls 500
torresmo123 folds
ShelbyWalk folds
tanketa1990 calls 300
*** FLOP *** [Ad 3s 7c]
tanketa1990 checks
Tu.C.Ki bets 538
Cool rasta calls 538
tanketa1990 folds
*** TURN *** [Ad 3s 7c][7d]
Tu.C.Ki checks
Cool rasta bets 707
Tu.C.Ki folds
Cool rasta collected 3533 from pot
*** SUMMARY ***
Total pot 3533 | No rake
Board: [Ad 3s 7c 7d]
Seat 5: Cool rasta won 3533


Winamax Poker - Tournament "NITRO" buyIn: 18€ + 2€ level: 1 - HandId: #3205116634515636250-17-1708367265 - Holdem no limit (25/100/200) - 2024/02/19 18:27:45 UTC
Table: 'NITRO(746249369)#025' 6-max (real money) Seat #1 is the button
Seat 1: ShelbyWalk (14636, 9€ bounty)
Seat 2: tanketa1990 (25578, 9€ bounty)
Seat 3: PersianEyes. (20685, 9€ bounty)
Seat 4: Tu.C.Ki (21608, 9€ bounty)
Seat 5: Cool rasta (21238, 9€ bounty)
Seat 6: torresmo123 (16705, 9€ bounty)
*** ANTE/BLINDS ***
tanketa1990 posts ante 25
PersianEyes. posts ante 25
ShelbyWalk posts ante 25
Tu.C.Ki posts ante 25
Cool rasta posts ante 25
torresmo123 posts ante 25
tanketa1990 posts small blind 100
PersianEyes. posts big blind 200
Dealt to torresmo123 [Jh 9c]
*** PRE-FLOP *** 
Tu.C.Ki folds
Cool rasta raises 200 to 400
torresmo123 folds
ShelbyWalk calls 400
tanketa1990 raises 2000 to 2400
PersianEyes. folds
Cool rasta folds
ShelbyWalk calls 2000
*** FLOP *** [2h 7c 4h]
tanketa1990 bets 2553
ShelbyWalk calls 2553
*** TURN *** [2h 7c 4h][2s]
tanketa1990 bets 9800
ShelbyWalk calls 9658 and is all-in
*** RIVER *** [2h 7c 4h 2s][8s]
*** SHOW DOWN ***
ShelbyWalk shows [Ah 7h] (Two pairs : 7 and 2)
tanketa1990 shows [9d Ad] (One pair : 2)
tanketa1990 collected 142 from side pot 1
ShelbyWalk collected 29972 from main pot
*** SUMMARY ***
Total pot 30114 | No rake
Board: [2h 7c 4h 2s 8s]
Seat 1: ShelbyWalk (button) showed [Ah 7h] and won 29972 with Two pairs : 7 and 2
Seat 2: tanketa1990 (small blind) showed [9d Ad] and won 142 with One pair : 2


Winamax Poker - Tournament "NITRO" buyIn: 18€ + 2€ level: 1 - HandId: #3205116634515636250-18-1708367346 - Holdem no limit (25/100/200) - 2024/02/19 18:29:06 UTC
Table: 'NITRO(746249369)#025' 6-max (real money) Seat #2 is the button
Seat 1: ShelbyWalk (29972, 9€ bounty)
Seat 2: tanketa1990 (10942, 9€ bounty)
Seat 3: PersianEyes. (20460, 9€ bounty)
Seat 4: Tu.C.Ki (21583, 9€ bounty)
Seat 6: torresmo123 (16680, 9€ bounty)
*** ANTE/BLINDS ***
PersianEyes. posts ante 25
Tu.C.Ki posts ante 25
ShelbyWalk posts ante 25
tanketa1990 posts ante 25
torresmo123 posts ante 25
PersianEyes. posts small blind 100
Tu.C.Ki posts big blind 200
Dealt to torresmo123 [Kh 2c]
*** PRE-FLOP *** 
torresmo123 folds
ShelbyWalk folds
tanketa1990 raises 200 to 400
PersianEyes. folds
Tu.C.Ki calls 200
*** FLOP *** [4d 6c Qh]
Tu.C.Ki checks
tanketa1990 bets 300
Tu.C.Ki calls 300
*** TURN *** [4d 6c Qh][3c]
Tu.C.Ki checks
tanketa1990 bets 1000
Tu.C.Ki folds
tanketa1990 collected 2625 from pot
*** SUMMARY ***
Total pot 2625 | No rake
Board: [4d 6c Qh 3c]
Seat 2: tanketa1990 (button) won 2625


Winamax Poker - Tournament "NITRO" buyIn: 18€ + 2€ level: 1 - HandId: #3205116634515636250-19-1708367412 - Holdem no limit (25/100/200) - 2024/02/19 18:30:12 UTC
Table: 'NITRO(746249369)#025' 6-max (real money) Seat #3 is the button
Seat 1: ShelbyWalk (29947, 9€ bounty)
Seat 2: tanketa1990 (11842, 9€ bounty)
Seat 3: PersianEyes. (20335, 9€ bounty)
Seat 4: Tu.C.Ki (20858, 9€ bounty)
Seat 5: Big Patate (20000, 9€ bounty)
Seat 6: torresmo123 (16655, 9€ bounty)
*** ANTE/BLINDS ***
Tu.C.Ki posts ante 25
Big Patate posts ante 25
ShelbyWalk posts ante 25
tanketa1990 posts ante 25
PersianEyes. posts ante 25
torresmo123 posts ante 25
Tu.C.Ki posts small blind 100
Big Patate posts big blind 200
Dealt to torresmo123 [4s Kh]
*** PRE-FLOP *** 
torresmo123 folds
ShelbyWalk folds
tanketa1990 folds
PersianEyes. folds
Tu.C.Ki raises 500 to 700
Big Patate calls 500
*** FLOP *** [7h 7s 8d]
Tu.C.Ki checks
Big Patate checks
*** TURN *** [7h 7s 8d][Qc]
Tu.C.Ki checks
Big Patate checks
*** RIVER *** [7h 7s 8d Qc][3h]
Tu.C.Ki checks
Big Patate bets 800
Tu.C.Ki calls 800
*** SHOW DOWN ***
Tu.C.Ki shows [Ah Kc] (One pair : 7)
Big Patate shows [3s Ks] (Two pairs : 7 and 3)
Big Patate collected 3150 from pot
*** SUMMARY ***
Total pot 3150 | No rake
Board: [7h 7s 8d Qc 3h]
Seat 4: Tu.C.Ki (small blind) showed [Ah Kc] and lost with One pair : 7
Seat 5: Big Patate (big blind) showed [3s Ks] and won 3150 with Two pairs : 7 and 3


Winamax Poker - Tournament "NITRO" buyIn: 18€ + 2€ level: 1 - HandId: #3205116634515636250-20-1708367473 - Holdem no limit (25/100/200) - 2024/02/19 18:31:13 UTC
Table: 'NITRO(746249369)#025' 6-max (real money) Seat #4 is the button
Seat 1: ShelbyWalk (29922, 9€ bounty)
Seat 2: tanketa1990 (11817, 9€ bounty)
Seat 3: PersianEyes. (20310, 9€ bounty)
Seat 4: Tu.C.Ki (19333, 9€ bounty)
Seat 5: Big Patate (21625, 9€ bounty)
Seat 6: torresmo123 (16630, 9€ bounty)
*** ANTE/BLINDS ***
Big Patate posts ante 25
torresmo123 posts ante 25
ShelbyWalk posts ante 25
tanketa1990 posts ante 25
PersianEyes. posts ante 25
Tu.C.Ki posts ante 25
Big Patate posts small blind 100
torresmo123 posts big blind 200
Dealt to torresmo123 [As 5c]
*** PRE-FLOP *** 
ShelbyWalk folds
tanketa1990 folds
PersianEyes. folds
Tu.C.Ki folds
Big Patate calls 100
torresmo123 checks
*** FLOP *** [8c 6s Ks]
Big Patate checks
torresmo123 checks
*** TURN *** [8c 6s Ks][Qd]
Big Patate bets 440
torresmo123 folds
Big Patate collected 990 from pot
*** SUMMARY ***
Total pot 990 | No rake
Board: [8c 6s Ks Qd]
Seat 5: Big Patate (small blind) won 990


Winamax Poker - Tournament "NITRO" buyIn: 18€ + 2€ level: 1 - HandId: #3205116634515636250-21-1708367564 - Holdem no limit (25/100/200) - 2024/02/19 18:32:44 UTC
Table: 'NITRO(746249369)#025' 6-max (real money) Seat #5 is the button
Seat 1: ShelbyWalk (29897, 9€ bounty)
Seat 2: tanketa1990 (11792, 9€ bounty)
Seat 3: PersianEyes. (20285, 9€ bounty)
Seat 4: Tu.C.Ki (19308, 9€ bounty)
Seat 5: Big Patate (21950, 9€ bounty)
Seat 6: torresmo123 (16405, 9€ bounty)
*** ANTE/BLINDS ***
torresmo123 posts ante 25
ShelbyWalk posts ante 25
tanketa1990 posts ante 25
PersianEyes. posts ante 25
Tu.C.Ki posts ante 25
Big Patate posts ante 25
torresmo123 posts small blind 100
ShelbyWalk posts big blind 200
Dealt to torresmo123 [7h Qc]
*** PRE-FLOP *** 
tanketa1990 folds
PersianEyes. folds
Tu.C.Ki folds
Big Patate raises 200 to 400
torresmo123 folds
ShelbyWalk calls 200
*** FLOP *** [3h Ad 2s]
ShelbyWalk checks
Big Patate bets 347
ShelbyWalk folds
Big Patate collected 1397 from pot
*** SUMMARY ***
Total pot 1397 | No rake
Board: [3h Ad 2s]
Seat 5: Big Patate (button) won 1397


Winamax Poker - Tournament "NITRO" buyIn: 18€ + 2€ level: 1 - HandId: #3205116634515636250-22-1708367588 - Holdem no limit (25/100/200) - 2024/02/19 18:33:08 UTC
Table: 'NITRO(746249369)#025' 6-max (real money) Seat #6 is the button
Seat 1: ShelbyWalk (29472, 9€ bounty)
Seat 2: tanketa1990 (11767, 9€ bounty)
Seat 3: PersianEyes. (20260, 9€ bounty)
Seat 4: Tu.C.Ki (19283, 9€ bounty)
Seat 5: Big Patate (22575, 9€ bounty)
Seat 6: torresmo123 (16280, 9€ bounty)
*** ANTE/BLINDS ***
ShelbyWalk posts ante 25
tanketa1990 posts ante 25
PersianEyes. posts ante 25
Tu.C.Ki posts ante 25
Big Patate posts ante 25
torresmo123 posts ante 25
ShelbyWalk posts small blind 100
tanketa1990 posts big blind 200
Dealt to torresmo123 [8s Ah]
*** PRE-FLOP *** 
PersianEyes. folds
Tu.C.Ki raises 300 to 500
Big Patate raises 800 to 1300
torresmo123 folds
ShelbyWalk folds
tanketa1990 folds
Tu.C.Ki calls 800
*** FLOP *** [4h 4d 7c]
Tu.C.Ki checks
Big Patate bets 1007
Tu.C.Ki calls 1007
*** TURN *** [4h 4d 7c][4s]
Tu.C.Ki checks
Big Patate bets 1800
Tu.C.Ki calls 1800
*** RIVER *** [4h 4d 7c 4s][Kh]
Tu.C.Ki checks
Big Patate checks
*** SHOW DOWN ***
Tu.C.Ki shows [5c 5d] (Full of 4 and 5)
Big Patate shows [9s 7s] (Full of 4 and 7)
Big Patate collected 8664 from pot
*** SUMMARY ***
Total pot 8664 | No rake
Board: [4h 4d 7c 4s Kh]
Seat 4: Tu.C.Ki showed [5c 5d] and lost with Full of 4 and 5
Seat 5: Big Patate showed [9s 7s] and won 8664 with Full of 4 and 7


Winamax Poker - Tournament "NITRO" buyIn: 18€ + 2€ level: 1 - HandId: #3205116634515636250-23-1708367638 - Holdem no limit (25/100/200) - 2024/02/19 18:33:58 UTC
Table: 'NITRO(746249369)#025' 6-max (real money) Seat #1 is the button
Seat 1: ShelbyWalk (29347, 9€ bounty)
Seat 2: tanketa1990 (11542, 9€ bounty)
Seat 3: PersianEyes. (20235, 9€ bounty)
Seat 4: Tu.C.Ki (15151, 9€ bounty)
Seat 5: Big Patate (27107, 9€ bounty)
Seat 6: torresmo123 (16255, 9€ bounty)
*** ANTE/BLINDS ***
tanketa1990 posts ante 25
PersianEyes. posts ante 25
ShelbyWalk posts ante 25
Tu.C.Ki posts ante 25
Big Patate posts ante 25
torresmo123 posts ante 25
tanketa1990 posts small blind 100
PersianEyes. posts big blind 200
Dealt to torresmo123 [Qs 3h]
*** PRE-FLOP *** 
Tu.C.Ki folds
Big Patate folds
torresmo123 folds
ShelbyWalk raises 200 to 400
tanketa1990 folds
PersianEyes. raises 1400 to 1800
ShelbyWalk folds
PersianEyes. collected 2450 from pot
*** SUMMARY ***
Total pot 2450 | No rake
Seat 3: PersianEyes. (big blind) won 2450


Winamax Poker - Tournament "NITRO" buyIn: 18€ + 2€ level: 1 - HandId: #3205116634515636250-24-1708367678 - Holdem no limit (25/100/200) - 2024/02/19 18:34:38 UTC
Table: 'NITRO(746249369)#025' 6-max (real money) Seat #2 is the button
Seat 1: ShelbyWalk (28922, 9€ bounty)
Seat 2: tanketa1990 (11417, 9€ bounty)
Seat 3: PersianEyes. (20860, 9€ bounty)
Seat 4: Tu.C.Ki (15126, 9€ bounty)
Seat 5: Big Patate (27082, 9€ bounty)
Seat 6: torresmo123 (16230, 9€ bounty)
*** ANTE/BLINDS ***
PersianEyes. posts ante 25
Tu.C.Ki posts ante 25
ShelbyWalk posts ante 25
tanketa1990 posts ante 25
Big Patate posts ante 25
torresmo123 posts ante 25
PersianEyes. posts small blind 100
Tu.C.Ki posts big blind 200
Dealt to torresmo123 [4d 9h]
*** PRE-FLOP *** 
Big Patate folds
torresmo123 folds
ShelbyWalk raises 200 to 400
tanketa1990 raises 1000 to 1400
PersianEyes. folds
Tu.C.Ki folds
ShelbyWalk raises 2000 to 3400
tanketa1990 calls 2000
*** FLOP *** [Ad Kc 8c]
ShelbyWalk bets 2000
tanketa1990 calls 2000
*** TURN *** [Ad Kc 8c][2c]
ShelbyWalk bets 23497 and is all-in
tanketa1990 calls 5992 and is all-in
*** RIVER *** [Ad Kc 8c 2c][Qs]
*** SHOW DOWN ***
ShelbyWalk shows [Jc Qh] (One pair : Queens)
tanketa1990 shows [Ks Qd] (Two pairs : Kings and Queens)
tanketa1990 collected 23234 from main pot
ShelbyWalk collected 17505 from side pot 1
*** SUMMARY ***
Total pot 40739 | No rake
Board: [Ad Kc 8c 2c Qs]
Seat 1: ShelbyWalk showed [Jc Qh] and won 17505 with One pair : Queens
Seat 2: tanketa1990 (button) showed [Ks Qd] and won 23234 with Two pairs : Kings and Queens


Winamax Poker - Tournament "NITRO" buyIn: 18€ + 2€ level: 1 - HandId: #3205116634515636280-2-1708367809 - Holdem no limit (25/100/200) - 2024/02/19 18:36:49 UTC
Table: 'NITRO(746249369)#055' 6-max (real money) Seat #3 is the button
Seat 1: AngelMa_10 (22479, 9€ bounty)
Seat 2: torresmo123 (16205, 9€ bounty)
Seat 3: LittleBen (12291, 9€ bounty)
Seat 4: VaZy JoJo (10986, 9€ bounty)
Seat 5: ms06370 (20000, 9€ bounty)
Seat 6: JWPOCKER (17976, 9€ bounty)
*** ANTE/BLINDS ***
VaZy JoJo posts ante 25
ms06370 posts ante 25
AngelMa_10 posts ante 25
torresmo123 posts ante 25
LittleBen posts ante 25
JWPOCKER posts ante 25
VaZy JoJo posts small blind 100
ms06370 posts big blind 200
Dealt to torresmo123 [8s 3s]
*** PRE-FLOP *** 
JWPOCKER calls 200
AngelMa_10 calls 200
torresmo123 folds
LittleBen folds
VaZy JoJo calls 100
ms06370 checks
*** FLOP *** [3c Kd 7d]
VaZy JoJo checks
ms06370 checks
JWPOCKER bets 950
AngelMa_10 folds
VaZy JoJo folds
ms06370 folds
JWPOCKER collected 1900 from pot
*** SUMMARY ***
Total pot 1900 | No rake
Board: [3c Kd 7d]
Seat 6: JWPOCKER won 1900


Winamax Poker - Tournament "NITRO" buyIn: 18€ + 2€ level: 1 - HandId: #3205116634515636280-3-1708367854 - Holdem no limit (25/100/200) - 2024/02/19 18:37:34 UTC
Table: 'NITRO(746249369)#055' 6-max (real money) Seat #4 is the button
Seat 1: AngelMa_10 (22254, 9€ bounty)
Seat 2: torresmo123 (16180, 9€ bounty)
Seat 3: LittleBen (12266, 9€ bounty)
Seat 4: VaZy JoJo (10761, 9€ bounty)
Seat 5: ms06370 (19775, 9€ bounty)
Seat 6: JWPOCKER (18701, 9€ bounty)
*** ANTE/BLINDS ***
ms06370 posts ante 25
JWPOCKER posts ante 25
AngelMa_10 posts ante 25
torresmo123 posts ante 25
LittleBen posts ante 25
VaZy JoJo posts ante 25
ms06370 posts small blind 100
JWPOCKER posts big blind 200
Dealt to torresmo123 [5d Qh]
*** PRE-FLOP *** 
AngelMa_10 folds
torresmo123 folds
LittleBen folds
VaZy JoJo raises 300 to 500
ms06370 folds
JWPOCKER calls 300
*** FLOP *** [3d 5s As]
JWPOCKER checks
VaZy JoJo checks
*** TURN *** [3d 5s As][Td]
JWPOCKER checks
VaZy JoJo bets 813
JWPOCKER folds
VaZy JoJo collected 2063 from pot
*** SUMMARY ***
Total pot 2063 | No rake
Board: [3d 5s As Td]
Seat 4: VaZy JoJo (button) won 2063


Winamax Poker - Tournament "NITRO" buyIn: 18€ + 2€ level: 1 - HandId: #3205116634515636280-4-1708367919 - Holdem no limit (25/100/200) - 2024/02/19 18:38:39 UTC
Table: 'NITRO(746249369)#055' 6-max (real money) Seat #5 is the button
Seat 1: AngelMa_10 (22229, 9€ bounty)
Seat 2: torresmo123 (16155, 9€ bounty)
Seat 3: LittleBen (12241, 9€ bounty)
Seat 4: VaZy JoJo (11486, 9€ bounty)
Seat 5: ms06370 (19650, 9€ bounty)
Seat 6: JWPOCKER (18176, 9€ bounty)
*** ANTE/BLINDS ***
JWPOCKER posts ante 25
AngelMa_10 posts ante 25
torresmo123 posts ante 25
LittleBen posts ante 25
VaZy JoJo posts ante 25
ms06370 posts ante 25
JWPOCKER posts small blind 100
AngelMa_10 posts big blind 200
Dealt to torresmo123 [9c Qh]
*** PRE-FLOP *** 
torresmo123 folds
LittleBen folds
VaZy JoJo folds
ms06370 folds
JWPOCKER raises 550 to 750
AngelMa_10 folds
JWPOCKER collected 1100 from pot
*** SUMMARY ***
Total pot 1100 | No rake
Seat 6: JWPOCKER (small blind) won 1100


