Winamax Poker - Tournament "FLIPPER" buyIn: 18€ + 2€ level: 1 - HandId: #3196803428961484830-4-1707943461 - Holdem no limit (25/100/200) - 2024/02/14 20:44:21 UTC
Table: 'FLIPPER(744313800)#029' 6-max (real money) Seat #6 is the button
Seat 1: sdlgnrb (19425, 9€ bounty)
Seat 2: torresmo123 (20000, 9€ bounty)
Seat 3: ZIGGI OK (18350, 9€ bounty)
Seat 4: VanLoon (15155, 9€ bounty)
Seat 5: pjxeLa7 (23589, 9€ bounty)
Seat 6: razlatouffe (21510, 9€ bounty)
*** ANTE/BLINDS ***
sdlgnrb posts ante 25
torresmo123 posts ante 25
ZIGGI OK posts ante 25
VanLoon posts ante 25
pjxeLa7 posts ante 25
razlatouffe posts ante 25
sdlgnrb posts small blind 100
torresmo123 posts big blind 200
Dealt to torresmo123 [Jh 4d]
*** PRE-FLOP *** 
ZIGGI OK folds
VanLoon folds
pjxeLa7 folds
razlatouffe raises 300 to 500
sdlgnrb folds
torresmo123 folds
razlatouffe collected 950 from pot
*** SUMMARY ***
Total pot 950 | No rake
Seat 6: razlatouffe (button) won 950


Winamax Poker - Tournament "FLIPPER" buyIn: 18€ + 2€ level: 1 - HandId: #3196803428961484830-5-1707943512 - Holdem no limit (25/100/200) - 2024/02/14 20:45:12 UTC
Table: 'FLIPPER(744313800)#029' 6-max (real money) Seat #1 is the button
Seat 1: sdlgnrb (19300, 9€ bounty)
Seat 2: torresmo123 (19775, 9€ bounty)
Seat 3: ZIGGI OK (18325, 9€ bounty)
Seat 4: VanLoon (15130, 9€ bounty)
Seat 5: pjxeLa7 (23564, 9€ bounty)
Seat 6: razlatouffe (21935, 9€ bounty)
*** ANTE/BLINDS ***
torresmo123 posts ante 25
ZIGGI OK posts ante 25
sdlgnrb posts ante 25
VanLoon posts ante 25
pjxeLa7 posts ante 25
razlatouffe posts ante 25
torresmo123 posts small blind 100
ZIGGI OK posts big blind 200
Dealt to torresmo123 [6c 8d]
*** PRE-FLOP *** 
VanLoon folds
pjxeLa7 folds
razlatouffe folds
sdlgnrb raises 300 to 500
torresmo123 folds
ZIGGI OK folds
sdlgnrb collected 950 from pot
*** SUMMARY ***
Total pot 950 | No rake
Seat 1: sdlgnrb (button) won 950


Winamax Poker - Tournament "FLIPPER" buyIn: 18€ + 2€ level: 1 - HandId: #3196803428961484830-6-1707943542 - Holdem no limit (25/100/200) - 2024/02/14 20:45:42 UTC
Table: 'FLIPPER(744313800)#029' 6-max (real money) Seat #2 is the button
Seat 1: sdlgnrb (19725, 9€ bounty)
Seat 2: torresmo123 (19650, 9€ bounty)
Seat 3: ZIGGI OK (18100, 9€ bounty)
Seat 4: VanLoon (15105, 9€ bounty)
Seat 5: pjxeLa7 (23539, 9€ bounty)
Seat 6: razlatouffe (21910, 9€ bounty)
*** ANTE/BLINDS ***
ZIGGI OK posts ante 25
VanLoon posts ante 25
sdlgnrb posts ante 25
torresmo123 posts ante 25
pjxeLa7 posts ante 25
razlatouffe posts ante 25
ZIGGI OK posts small blind 100
VanLoon posts big blind 200
Dealt to torresmo123 [5h 3d]
*** PRE-FLOP *** 
pjxeLa7 folds
razlatouffe raises 300 to 500
sdlgnrb raises 1000 to 1500
torresmo123 folds
ZIGGI OK folds
VanLoon folds
razlatouffe folds
sdlgnrb collected 2450 from pot
*** SUMMARY ***
Total pot 2450 | No rake
Seat 1: sdlgnrb won 2450


Winamax Poker - Tournament "FLIPPER" buyIn: 18€ + 2€ level: 1 - HandId: #3196803428961484830-7-1707943569 - Holdem no limit (25/100/200) - 2024/02/14 20:46:09 UTC
Table: 'FLIPPER(744313800)#029' 6-max (real money) Seat #3 is the button
Seat 1: sdlgnrb (20650, 9€ bounty)
Seat 2: torresmo123 (19625, 9€ bounty)
Seat 3: ZIGGI OK (17975, 9€ bounty)
Seat 4: VanLoon (14880, 9€ bounty)
Seat 5: pjxeLa7 (23514, 9€ bounty)
Seat 6: razlatouffe (21385, 9€ bounty)
*** ANTE/BLINDS ***
VanLoon posts ante 25
pjxeLa7 posts ante 25
sdlgnrb posts ante 25
torresmo123 posts ante 25
ZIGGI OK posts ante 25
razlatouffe posts ante 25
VanLoon posts small blind 100
pjxeLa7 posts big blind 200
Dealt to torresmo123 [Qs Ac]
*** PRE-FLOP *** 
razlatouffe folds
sdlgnrb folds
torresmo123 raises 220 to 420
ZIGGI OK calls 420
VanLoon folds
pjxeLa7 calls 220
*** FLOP *** [9h 4c 7h]
pjxeLa7 checks
torresmo123 checks
ZIGGI OK checks
*** TURN *** [9h 4c 7h][4s]
pjxeLa7 checks
torresmo123 checks
ZIGGI OK bets 982
pjxeLa7 folds
torresmo123 folds
ZIGGI OK collected 2492 from pot
*** SUMMARY ***
Total pot 2492 | No rake
Board: [9h 4c 7h 4s]
Seat 3: ZIGGI OK (button) won 2492


Winamax Poker - Tournament "FLIPPER" buyIn: 18€ + 2€ level: 1 - HandId: #3196803428961484830-8-1707943643 - Holdem no limit (25/100/200) - 2024/02/14 20:47:23 UTC
Table: 'FLIPPER(744313800)#029' 6-max (real money) Seat #4 is the button
Seat 1: sdlgnrb (20625, 9€ bounty)
Seat 2: torresmo123 (19180, 9€ bounty)
Seat 3: ZIGGI OK (19040, 9€ bounty)
Seat 4: VanLoon (14755, 9€ bounty)
Seat 5: pjxeLa7 (23069, 9€ bounty)
Seat 6: razlatouffe (21360, 9€ bounty)
*** ANTE/BLINDS ***
pjxeLa7 posts ante 25
razlatouffe posts ante 25
sdlgnrb posts ante 25
torresmo123 posts ante 25
ZIGGI OK posts ante 25
VanLoon posts ante 25
pjxeLa7 posts small blind 100
razlatouffe posts big blind 200
Dealt to torresmo123 [9d Tc]
*** PRE-FLOP *** 
sdlgnrb folds
torresmo123 folds
ZIGGI OK folds
VanLoon raises 200 to 400
pjxeLa7 calls 300
razlatouffe calls 200
*** FLOP *** [Qh 4c Jd]
pjxeLa7 checks
razlatouffe checks
VanLoon bets 405
pjxeLa7 calls 405
razlatouffe folds
*** TURN *** [Qh 4c Jd][8d]
pjxeLa7 checks
VanLoon bets 1318
pjxeLa7 calls 1318
*** RIVER *** [Qh 4c Jd 8d][Kc]
pjxeLa7 checks
VanLoon checks
*** SHOW DOWN ***
VanLoon shows [Qd As] (One pair : Queens)
pjxeLa7 shows [Jc 8c] (Two pairs : Jacks and 8)
pjxeLa7 collected 4796 from pot
*** SUMMARY ***
Total pot 4796 | No rake
Board: [Qh 4c Jd 8d Kc]
Seat 4: VanLoon (button) showed [Qd As] and lost with One pair : Queens
Seat 5: pjxeLa7 (small blind) showed [Jc 8c] and won 4796 with Two pairs : Jacks and 8


Winamax Poker - Tournament "FLIPPER" buyIn: 18€ + 2€ level: 1 - HandId: #3196803428961484830-9-1707943737 - Holdem no limit (25/100/200) - 2024/02/14 20:48:57 UTC
Table: 'FLIPPER(744313800)#029' 6-max (real money) Seat #5 is the button
Seat 1: sdlgnrb (20600, 9€ bounty)
Seat 2: torresmo123 (19155, 9€ bounty)
Seat 3: ZIGGI OK (19015, 9€ bounty)
Seat 4: VanLoon (12607, 9€ bounty)
Seat 5: pjxeLa7 (25717, 9€ bounty)
Seat 6: razlatouffe (20935, 9€ bounty)
*** ANTE/BLINDS ***
razlatouffe posts ante 25
sdlgnrb posts ante 25
torresmo123 posts ante 25
ZIGGI OK posts ante 25
VanLoon posts ante 25
pjxeLa7 posts ante 25
razlatouffe posts small blind 100
sdlgnrb posts big blind 200
Dealt to torresmo123 [3c 4c]
*** PRE-FLOP *** 
torresmo123 folds
ZIGGI OK raises 200 to 400
VanLoon raises 1200 to 1600
pjxeLa7 raises 1700 to 3300
razlatouffe folds
sdlgnrb folds
ZIGGI OK folds
VanLoon folds
pjxeLa7 collected 5750 from pot
*** SUMMARY ***
Total pot 5750 | No rake
Seat 5: pjxeLa7 (button) won 5750


Winamax Poker - Tournament "FLIPPER" buyIn: 18€ + 2€ level: 1 - HandId: #3196803428961484830-10-1707943781 - Holdem no limit (25/100/200) - 2024/02/14 20:49:41 UTC
Table: 'FLIPPER(744313800)#029' 6-max (real money) Seat #6 is the button
Seat 1: sdlgnrb (20375, 9€ bounty)
Seat 2: torresmo123 (19130, 9€ bounty)
Seat 3: ZIGGI OK (18590, 9€ bounty)
Seat 4: VanLoon (10982, 9€ bounty)
Seat 5: pjxeLa7 (28142, 9€ bounty)
Seat 6: razlatouffe (20810, 9€ bounty)
*** ANTE/BLINDS ***
sdlgnrb posts ante 25
torresmo123 posts ante 25
ZIGGI OK posts ante 25
VanLoon posts ante 25
pjxeLa7 posts ante 25
razlatouffe posts ante 25
sdlgnrb posts small blind 100
torresmo123 posts big blind 200
Dealt to torresmo123 [6d 5c]
*** PRE-FLOP *** 
ZIGGI OK folds
VanLoon folds
pjxeLa7 raises 200 to 400
razlatouffe folds
sdlgnrb folds
torresmo123 calls 200
*** FLOP *** [3s 5d Ad]
torresmo123 checks
pjxeLa7 bets 578
torresmo123 calls 578
*** TURN *** [3s 5d Ad][Js]
torresmo123 checks
pjxeLa7 bets 1655
torresmo123 folds
pjxeLa7 collected 3861 from pot
*** SUMMARY ***
Total pot 3861 | No rake
Board: [3s 5d Ad Js]
Seat 5: pjxeLa7 won 3861


Winamax Poker - Tournament "FLIPPER" buyIn: 18€ + 2€ level: 1 - HandId: #3196803428961484830-11-1707943855 - Holdem no limit (25/100/200) - 2024/02/14 20:50:55 UTC
Table: 'FLIPPER(744313800)#029' 6-max (real money) Seat #1 is the button
Seat 1: sdlgnrb (20250, 9€ bounty)
Seat 2: torresmo123 (18127, 9€ bounty)
Seat 3: ZIGGI OK (18565, 9€ bounty)
Seat 4: VanLoon (10957, 9€ bounty)
Seat 5: pjxeLa7 (29345, 9€ bounty)
Seat 6: razlatouffe (20785, 9€ bounty)
*** ANTE/BLINDS ***
torresmo123 posts ante 25
ZIGGI OK posts ante 25
sdlgnrb posts ante 25
VanLoon posts ante 25
pjxeLa7 posts ante 25
razlatouffe posts ante 25
torresmo123 posts small blind 100
ZIGGI OK posts big blind 200
Dealt to torresmo123 [Qh Jc]
*** PRE-FLOP *** 
VanLoon folds
pjxeLa7 folds
razlatouffe folds
sdlgnrb folds
torresmo123 calls 100
ZIGGI OK checks
*** FLOP *** [6d Qs Ts]
torresmo123 bets 200
ZIGGI OK folds
torresmo123 collected 750 from pot
*** SUMMARY ***
Total pot 750 | No rake
Board: [6d Qs Ts]
Seat 2: torresmo123 (small blind) won 750


Winamax Poker - Tournament "FLIPPER" buyIn: 18€ + 2€ level: 1 - HandId: #3196803428961484830-12-1707943911 - Holdem no limit (25/100/200) - 2024/02/14 20:51:51 UTC
Table: 'FLIPPER(744313800)#029' 6-max (real money) Seat #2 is the button
Seat 1: sdlgnrb (20225, 9€ bounty)
Seat 2: torresmo123 (18452, 9€ bounty)
Seat 3: ZIGGI OK (18340, 9€ bounty)
Seat 4: VanLoon (10932, 9€ bounty)
Seat 5: pjxeLa7 (29320, 9€ bounty)
Seat 6: razlatouffe (20760, 9€ bounty)
*** ANTE/BLINDS ***
ZIGGI OK posts ante 25
VanLoon posts ante 25
sdlgnrb posts ante 25
torresmo123 posts ante 25
pjxeLa7 posts ante 25
razlatouffe posts ante 25
ZIGGI OK posts small blind 100
VanLoon posts big blind 200
Dealt to torresmo123 [Qd 8d]
*** PRE-FLOP *** 
pjxeLa7 folds
razlatouffe folds
sdlgnrb raises 300 to 500
torresmo123 calls 500
ZIGGI OK folds
VanLoon folds
*** FLOP *** [2c Ad 3d]
sdlgnrb bets 943
torresmo123 calls 943
*** TURN *** [2c Ad 3d][8h]
sdlgnrb checks
torresmo123 bets 1101
sdlgnrb folds
torresmo123 collected 4437 from pot
*** SUMMARY ***
Total pot 4437 | No rake
Board: [2c Ad 3d 8h]
Seat 2: torresmo123 (button) won 4437


Winamax Poker - Tournament "FLIPPER" buyIn: 18€ + 2€ level: 1 - HandId: #3196803428961484830-13-1707943982 - Holdem no limit (25/100/200) - 2024/02/14 20:53:02 UTC
Table: 'FLIPPER(744313800)#029' 6-max (real money) Seat #3 is the button
Seat 1: sdlgnrb (18757, 9€ bounty)
Seat 2: torresmo123 (20320, 9€ bounty)
Seat 3: ZIGGI OK (18215, 9€ bounty)
Seat 4: VanLoon (10707, 9€ bounty)
Seat 5: pjxeLa7 (29295, 9€ bounty)
Seat 6: razlatouffe (20735, 9€ bounty)
*** ANTE/BLINDS ***
VanLoon posts ante 25
pjxeLa7 posts ante 25
sdlgnrb posts ante 25
torresmo123 posts ante 25
ZIGGI OK posts ante 25
razlatouffe posts ante 25
VanLoon posts small blind 100
pjxeLa7 posts big blind 200
Dealt to torresmo123 [Qs 5h]
*** PRE-FLOP *** 
razlatouffe folds
sdlgnrb folds
torresmo123 folds
ZIGGI OK folds
VanLoon raises 500 to 700
pjxeLa7 calls 500
*** FLOP *** [6h As 2h]
VanLoon bets 1163
pjxeLa7 calls 1163
*** TURN *** [6h As 2h][Tc]
VanLoon bets 2907
pjxeLa7 folds
VanLoon collected 6783 from pot
*** SUMMARY ***
Total pot 6783 | No rake
Board: [6h As 2h Tc]
Seat 4: VanLoon (small blind) won 6783


Winamax Poker - Tournament "FLIPPER" buyIn: 18€ + 2€ level: 1 - HandId: #3196803428961484830-14-1707944041 - Holdem no limit (25/100/200) - 2024/02/14 20:54:01 UTC
Table: 'FLIPPER(744313800)#029' 6-max (real money) Seat #4 is the button
Seat 1: sdlgnrb (18732, 9€ bounty)
Seat 2: torresmo123 (20295, 9€ bounty)
Seat 3: ZIGGI OK (18190, 9€ bounty)
Seat 4: VanLoon (12695, 9€ bounty)
Seat 5: pjxeLa7 (27407, 9€ bounty)
Seat 6: razlatouffe (20710, 9€ bounty)
*** ANTE/BLINDS ***
pjxeLa7 posts ante 25
razlatouffe posts ante 25
sdlgnrb posts ante 25
torresmo123 posts ante 25
ZIGGI OK posts ante 25
VanLoon posts ante 25
pjxeLa7 posts small blind 100
razlatouffe posts big blind 200
Dealt to torresmo123 [Kd 5c]
*** PRE-FLOP *** 
sdlgnrb folds
torresmo123 folds
ZIGGI OK folds
VanLoon raises 200 to 400
pjxeLa7 folds
razlatouffe calls 200
*** FLOP *** [8h 5d 4s]
razlatouffe checks
VanLoon bets 315
razlatouffe calls 315
*** TURN *** [8h 5d 4s][4c]
razlatouffe checks
VanLoon checks
*** RIVER *** [8h 5d 4s 4c][9d]
razlatouffe bets 1344
VanLoon folds
razlatouffe collected 3024 from pot
*** SUMMARY ***
Total pot 3024 | No rake
Board: [8h 5d 4s 4c 9d]
Seat 6: razlatouffe (big blind) won 3024


Winamax Poker - Tournament "FLIPPER" buyIn: 18€ + 2€ level: 1 - HandId: #3196803428961484830-15-1707944097 - Holdem no limit (25/100/200) - 2024/02/14 20:54:57 UTC
Table: 'FLIPPER(744313800)#029' 6-max (real money) Seat #5 is the button
Seat 1: sdlgnrb (18707, 9€ bounty)
Seat 2: torresmo123 (20270, 9€ bounty)
Seat 3: ZIGGI OK (18165, 9€ bounty)
Seat 4: VanLoon (11955, 9€ bounty)
Seat 5: pjxeLa7 (27282, 9€ bounty)
Seat 6: razlatouffe (21650, 9€ bounty)
*** ANTE/BLINDS ***
razlatouffe posts ante 25
sdlgnrb posts ante 25
torresmo123 posts ante 25
ZIGGI OK posts ante 25
VanLoon posts ante 25
pjxeLa7 posts ante 25
razlatouffe posts small blind 100
sdlgnrb posts big blind 200
Dealt to torresmo123 [7h 8c]
*** PRE-FLOP *** 
torresmo123 folds
ZIGGI OK raises 300 to 500
VanLoon folds
pjxeLa7 calls 500
razlatouffe folds
sdlgnrb calls 300
*** FLOP *** [5s 6s 6h]
sdlgnrb checks
ZIGGI OK bets 1138
pjxeLa7 folds
sdlgnrb folds
ZIGGI OK collected 2888 from pot
*** SUMMARY ***
Total pot 2888 | No rake
Board: [5s 6s 6h]
Seat 3: ZIGGI OK won 2888


Winamax Poker - Tournament "FLIPPER" buyIn: 18€ + 2€ level: 1 - HandId: #3196803428961484830-16-1707944460 - Holdem no limit (25/100/200) - 2024/02/14 21:01:00 UTC
Table: 'FLIPPER(744313800)#029' 6-max (real money) Seat #6 is the button
Seat 1: sdlgnrb (18182, 9€ bounty)
Seat 2: torresmo123 (20245, 9€ bounty)
Seat 3: ZIGGI OK (19390, 9€ bounty)
Seat 4: VanLoon (11930, 9€ bounty)
Seat 5: pjxeLa7 (26757, 9€ bounty)
Seat 6: razlatouffe (21525, 9€ bounty)
*** ANTE/BLINDS ***
sdlgnrb posts ante 25
torresmo123 posts ante 25
ZIGGI OK posts ante 25
VanLoon posts ante 25
pjxeLa7 posts ante 25
razlatouffe posts ante 25
sdlgnrb posts small blind 100
torresmo123 posts big blind 200
Dealt to torresmo123 [9c 5h]
*** PRE-FLOP *** 
ZIGGI OK folds
VanLoon folds
pjxeLa7 folds
razlatouffe raises 300 to 500
sdlgnrb raises 1000 to 1500
torresmo123 folds
razlatouffe calls 1000
*** FLOP *** [Ts Qc Ah]
sdlgnrb bets 2178
razlatouffe calls 2178
*** TURN *** [Ts Qc Ah][Kc]
sdlgnrb checks
razlatouffe checks
*** RIVER *** [Ts Qc Ah Kc][4c]
sdlgnrb checks
razlatouffe bets 17822 and is all-in
sdlgnrb calls 14479 and is all-in
*** SHOW DOWN ***
sdlgnrb shows [Ad Qh] (Two pairs : Aces and Queens)
razlatouffe shows [Ac 9d] (One pair : Aces)
razlatouffe collected 3343 from side pot 1
sdlgnrb collected 36664 from main pot
*** SUMMARY ***
Total pot 40007 | No rake
Board: [Ts Qc Ah Kc 4c]
Seat 1: sdlgnrb (small blind) showed [Ad Qh] and won 36664 with Two pairs : Aces and Queens
Seat 6: razlatouffe (button) showed [Ac 9d] and won 3343 with One pair : Aces


Winamax Poker - Tournament "FLIPPER" buyIn: 18€ + 2€ level: 1 - HandId: #3196803428961484830-17-1707944535 - Holdem no limit (25/100/200) - 2024/02/14 21:02:15 UTC
Table: 'FLIPPER(744313800)#029' 6-max (real money) Seat #1 is the button
Seat 1: sdlgnrb (36664, 9€ bounty)
Seat 2: torresmo123 (20020, 9€ bounty)
Seat 3: ZIGGI OK (19365, 9€ bounty)
Seat 4: VanLoon (11905, 9€ bounty)
Seat 5: pjxeLa7 (26732, 9€ bounty)
Seat 6: razlatouffe (3343, 9€ bounty)
*** ANTE/BLINDS ***
torresmo123 posts ante 25
ZIGGI OK posts ante 25
sdlgnrb posts ante 25
VanLoon posts ante 25
pjxeLa7 posts ante 25
razlatouffe posts ante 25
torresmo123 posts small blind 100
ZIGGI OK posts big blind 200
Dealt to torresmo123 [Jd Qc]
*** PRE-FLOP *** 
VanLoon raises 200 to 400
pjxeLa7 folds
razlatouffe folds
sdlgnrb folds
torresmo123 calls 300
ZIGGI OK calls 200
*** FLOP *** [Qs Jc 9c]
torresmo123 checks
ZIGGI OK checks
VanLoon bets 405
torresmo123 calls 405
ZIGGI OK folds
*** TURN *** [Qs Jc 9c][9s]
torresmo123 checks
VanLoon bets 1080
torresmo123 calls 1080
*** RIVER *** [Qs Jc 9c 9s][3s]
torresmo123 checks
VanLoon checks
*** SHOW DOWN ***
VanLoon shows [Qd As] (Two pairs : Queens and 9)
torresmo123 shows [Jd Qc] (Two pairs : Queens and Jacks)
torresmo123 collected 4320 from pot
*** SUMMARY ***
Total pot 4320 | No rake
Board: [Qs Jc 9c 9s 3s]
Seat 2: torresmo123 (small blind) showed [Jd Qc] and won 4320 with Two pairs : Queens and Jacks
Seat 4: VanLoon showed [Qd As] and lost with Two pairs : Queens and 9


Winamax Poker - Tournament "FLIPPER" buyIn: 18€ + 2€ level: 1 - HandId: #3196803428961484830-18-1707944654 - Holdem no limit (25/100/200) - 2024/02/14 21:04:14 UTC
Table: 'FLIPPER(744313800)#029' 6-max (real money) Seat #2 is the button
Seat 1: sdlgnrb (36639, 9€ bounty)
Seat 2: torresmo123 (22430, 9€ bounty)
Seat 3: ZIGGI OK (18940, 9€ bounty)
Seat 4: VanLoon (9995, 9€ bounty)
Seat 5: pjxeLa7 (26707, 9€ bounty)
Seat 6: razlatouffe (3318, 9€ bounty)
*** ANTE/BLINDS ***
ZIGGI OK posts ante 25
VanLoon posts ante 25
sdlgnrb posts ante 25
torresmo123 posts ante 25
pjxeLa7 posts ante 25
razlatouffe posts ante 25
ZIGGI OK posts small blind 100
VanLoon posts big blind 200
Dealt to torresmo123 [Qd Ks]
*** PRE-FLOP *** 
pjxeLa7 raises 200 to 400
razlatouffe folds
sdlgnrb folds
torresmo123 calls 400
ZIGGI OK raises 1800 to 2200
VanLoon folds
pjxeLa7 folds
torresmo123 calls 1800
*** FLOP *** [4d 7s 5s]
ZIGGI OK bets 1803
torresmo123 calls 1803
*** TURN *** [4d 7s 5s][Ts]
ZIGGI OK bets 3400
torresmo123 calls 3400
*** RIVER *** [4d 7s 5s Ts][Qs]
ZIGGI OK bets 11512 and is all-in
torresmo123 calls 11512
*** SHOW DOWN ***
ZIGGI OK shows [Ac Jh] (High card : Ace)
torresmo123 shows [Qd Ks] (Flush King high)
torresmo123 collected 38580 from pot
*** SUMMARY ***
Total pot 38580 | No rake
Board: [4d 7s 5s Ts Qs]
Seat 2: torresmo123 (button) showed [Qd Ks] and won 38580 with Flush King high
Seat 3: ZIGGI OK (small blind) showed [Ac Jh] and lost with High card : Ace


Winamax Poker - Tournament "FLIPPER" buyIn: 18€ + 2€ level: 2 - HandId: #3196803428961484830-19-1707944774 - Holdem no limit (30/125/250) - 2024/02/14 21:06:14 UTC
Table: 'FLIPPER(744313800)#029' 6-max (real money) Seat #3 is the button
Seat 1: sdlgnrb (36614, 9€ bounty)
Seat 2: torresmo123 (42070, 13.50€ bounty)
Seat 4: VanLoon (9770, 9€ bounty)
Seat 5: pjxeLa7 (26282, 9€ bounty)
Seat 6: razlatouffe (3293, 9€ bounty)
*** ANTE/BLINDS ***
VanLoon posts ante 30
pjxeLa7 posts ante 30
sdlgnrb posts ante 30
torresmo123 posts ante 30
razlatouffe posts ante 30
VanLoon posts small blind 125
pjxeLa7 posts big blind 250
Dealt to torresmo123 [Kh 4h]
*** PRE-FLOP *** 
razlatouffe raises 3013 to 3263 and is all-in
sdlgnrb folds
torresmo123 folds
VanLoon folds
pjxeLa7 folds
razlatouffe collected 3788 from pot
*** SUMMARY ***
Total pot 3788 | No rake
Seat 6: razlatouffe won 3788


Winamax Poker - Tournament "FLIPPER" buyIn: 18€ + 2€ level: 2 - HandId: #3196803428961484830-20-1707944809 - Holdem no limit (30/125/250) - 2024/02/14 21:06:49 UTC
Table: 'FLIPPER(744313800)#029' 6-max (real money) Seat #4 is the button
Seat 1: sdlgnrb (36584, 9€ bounty)
Seat 2: torresmo123 (42040, 13.50€ bounty)
Seat 4: VanLoon (9615, 9€ bounty)
Seat 5: pjxeLa7 (26002, 9€ bounty)
Seat 6: razlatouffe (3788, 9€ bounty)
*** ANTE/BLINDS ***
pjxeLa7 posts ante 30
razlatouffe posts ante 30
sdlgnrb posts ante 30
torresmo123 posts ante 30
VanLoon posts ante 30
pjxeLa7 posts small blind 125
razlatouffe posts big blind 250
Dealt to torresmo123 [Th Jd]
*** PRE-FLOP *** 
sdlgnrb folds
torresmo123 raises 275 to 525
VanLoon folds
pjxeLa7 folds
razlatouffe raises 3233 to 3758 and is all-in
torresmo123 calls 3233
*** FLOP *** [9s Jh 9d]
*** TURN *** [9s Jh 9d][8d]
*** RIVER *** [9s Jh 9d 8d][Kh]
*** SHOW DOWN ***
torresmo123 shows [Th Jd] (Two pairs : Jacks and 9)
razlatouffe shows [Jc Js] (Full of Jacks and 9)
razlatouffe collected 7791 from pot
*** SUMMARY ***
Total pot 7791 | No rake
Board: [9s Jh 9d 8d Kh]
Seat 2: torresmo123 showed [Th Jd] and lost with Two pairs : Jacks and 9
Seat 6: razlatouffe (big blind) showed [Jc Js] and won 7791 with Full of Jacks and 9


Winamax Poker - Tournament "FLIPPER" buyIn: 18€ + 2€ level: 2 - HandId: #3196803428961484830-21-1707944847 - Holdem no limit (30/125/250) - 2024/02/14 21:07:27 UTC
Table: 'FLIPPER(744313800)#029' 6-max (real money) Seat #5 is the button
Seat 1: sdlgnrb (36554, 9€ bounty)
Seat 2: torresmo123 (38252, 13.50€ bounty)
Seat 3: 20paellaras (20000, 9€ bounty)
Seat 4: VanLoon (9585, 9€ bounty)
Seat 5: pjxeLa7 (25847, 9€ bounty)
Seat 6: razlatouffe (7791, 9€ bounty)
*** ANTE/BLINDS ***
razlatouffe posts ante 30
sdlgnrb posts ante 30
torresmo123 posts ante 30
20paellaras posts ante 30
VanLoon posts ante 30
pjxeLa7 posts ante 30
razlatouffe posts small blind 125
sdlgnrb posts big blind 250
Dealt to torresmo123 [Td 3s]
*** PRE-FLOP *** 
torresmo123 folds
20paellaras folds
VanLoon raises 250 to 500
pjxeLa7 folds
razlatouffe folds
sdlgnrb calls 250
*** FLOP *** [6s Ts 2h]
sdlgnrb checks
VanLoon bets 809
sdlgnrb calls 809
*** TURN *** [6s Ts 2h][As]
sdlgnrb checks
VanLoon checks
*** RIVER *** [6s Ts 2h As][8d]
sdlgnrb bets 1023
VanLoon calls 1023
*** SHOW DOWN ***
sdlgnrb shows [Kh 6c] (One pair : 6)
VanLoon shows [Tc Qs] (One pair : Tens)
VanLoon collected 4969 from pot
*** SUMMARY ***
Total pot 4969 | No rake
Board: [6s Ts 2h As 8d]
Seat 1: sdlgnrb (big blind) showed [Kh 6c] and lost with One pair : 6
Seat 4: VanLoon showed [Tc Qs] and won 4969 with One pair : Tens


Winamax Poker - Tournament "FLIPPER" buyIn: 18€ + 2€ level: 2 - HandId: #3196803428961484830-22-1707944902 - Holdem no limit (30/125/250) - 2024/02/14 21:08:22 UTC
Table: 'FLIPPER(744313800)#029' 6-max (real money) Seat #6 is the button
Seat 1: sdlgnrb (34192, 9€ bounty)
Seat 2: torresmo123 (38222, 13.50€ bounty)
Seat 3: 20paellaras (19970, 9€ bounty)
Seat 4: VanLoon (12192, 9€ bounty)
Seat 5: pjxeLa7 (25817, 9€ bounty)
Seat 6: razlatouffe (7636, 9€ bounty)
*** ANTE/BLINDS ***
sdlgnrb posts ante 30
torresmo123 posts ante 30
20paellaras posts ante 30
VanLoon posts ante 30
pjxeLa7 posts ante 30
razlatouffe posts ante 30
sdlgnrb posts small blind 125
torresmo123 posts big blind 250
Dealt to torresmo123 [Qd 3c]
*** PRE-FLOP *** 
20paellaras folds
VanLoon folds
pjxeLa7 folds
razlatouffe folds
sdlgnrb raises 250 to 500
torresmo123 calls 250
*** FLOP *** [6d Kh Qh]
sdlgnrb bets 767
torresmo123 calls 767
*** TURN *** [6d Kh Qh][Kd]
sdlgnrb checks
torresmo123 checks
*** RIVER *** [6d Kh Qh Kd][8d]
sdlgnrb bets 1764
torresmo123 calls 1764
*** SHOW DOWN ***
torresmo123 shows [Qd 3c] (Two pairs : Kings and Queens)
sdlgnrb shows [Kc Ts] (Trips of Kings)
sdlgnrb collected 6242 from pot
*** SUMMARY ***
Total pot 6242 | No rake
Board: [6d Kh Qh Kd 8d]
Seat 1: sdlgnrb (small blind) showed [Kc Ts] and won 6242 with Trips of Kings
Seat 2: torresmo123 (big blind) showed [Qd 3c] and lost with Two pairs : Kings and Queens


Winamax Poker - Tournament "FLIPPER" buyIn: 18€ + 2€ level: 2 - HandId: #3196803428961484830-23-1707944988 - Holdem no limit (30/125/250) - 2024/02/14 21:09:48 UTC
Table: 'FLIPPER(744313800)#029' 6-max (real money) Seat #1 is the button
Seat 1: sdlgnrb (37373, 9€ bounty)
Seat 2: torresmo123 (35161, 13.50€ bounty)
Seat 3: 20paellaras (19940, 9€ bounty)
Seat 4: VanLoon (12162, 9€ bounty)
Seat 5: pjxeLa7 (25787, 9€ bounty)
Seat 6: razlatouffe (7606, 9€ bounty)
*** ANTE/BLINDS ***
torresmo123 posts ante 30
20paellaras posts ante 30
sdlgnrb posts ante 30
VanLoon posts ante 30
pjxeLa7 posts ante 30
razlatouffe posts ante 30
torresmo123 posts small blind 125
20paellaras posts big blind 250
Dealt to torresmo123 [7d 3h]
*** PRE-FLOP *** 
VanLoon folds
pjxeLa7 raises 250 to 500
razlatouffe folds
sdlgnrb folds
torresmo123 folds
20paellaras folds
pjxeLa7 collected 1055 from pot
*** SUMMARY ***
Total pot 1055 | No rake
Seat 5: pjxeLa7 won 1055


Winamax Poker - Tournament "FLIPPER" buyIn: 18€ + 2€ level: 2 - HandId: #3196803428961484830-24-1707945020 - Holdem no limit (30/125/250) - 2024/02/14 21:10:20 UTC
Table: 'FLIPPER(744313800)#029' 6-max (real money) Seat #2 is the button
Seat 1: sdlgnrb (37343, 9€ bounty)
Seat 2: torresmo123 (35006, 13.50€ bounty)
Seat 3: 20paellaras (19660, 9€ bounty)
Seat 4: VanLoon (12132, 9€ bounty)
Seat 5: pjxeLa7 (26312, 9€ bounty)
Seat 6: razlatouffe (7576, 9€ bounty)
*** ANTE/BLINDS ***
20paellaras posts ante 30
VanLoon posts ante 30
sdlgnrb posts ante 30
torresmo123 posts ante 30
pjxeLa7 posts ante 30
razlatouffe posts ante 30
20paellaras posts small blind 125
VanLoon posts big blind 250
Dealt to torresmo123 [2c 4h]
*** PRE-FLOP *** 
pjxeLa7 folds
razlatouffe raises 375 to 625
sdlgnrb calls 625
torresmo123 folds
20paellaras folds
VanLoon folds
*** FLOP *** [7d 6h 5c]
razlatouffe checks
sdlgnrb bets 1173
razlatouffe raises 5748 to 6921 and is all-in
sdlgnrb calls 5748
*** TURN *** [7d 6h 5c][8d]
*** RIVER *** [7d 6h 5c 8d][6c]
*** SHOW DOWN ***
sdlgnrb shows [Qh Jh] (One pair : 6)
razlatouffe shows [Ts Tc] (Two pairs : Tens and 6)
razlatouffe collected 15647 from pot
*** SUMMARY ***
Total pot 15647 | No rake
Board: [7d 6h 5c 8d 6c]
Seat 1: sdlgnrb showed [Qh Jh] and lost with One pair : 6
Seat 6: razlatouffe showed [Ts Tc] and won 15647 with Two pairs : Tens and 6


Winamax Poker - Tournament "FLIPPER" buyIn: 18€ + 2€ level: 2 - HandId: #3196803428961484830-25-1707945055 - Holdem no limit (30/125/250) - 2024/02/14 21:10:55 UTC
Table: 'FLIPPER(744313800)#029' 6-max (real money) Seat #3 is the button
Seat 1: sdlgnrb (29767, 9€ bounty)
Seat 2: torresmo123 (34976, 13.50€ bounty)
Seat 3: 20paellaras (19505, 9€ bounty)
Seat 4: VanLoon (11852, 9€ bounty)
Seat 5: pjxeLa7 (26282, 9€ bounty)
Seat 6: razlatouffe (15647, 9€ bounty)
*** ANTE/BLINDS ***
VanLoon posts ante 30
pjxeLa7 posts ante 30
sdlgnrb posts ante 30
torresmo123 posts ante 30
20paellaras posts ante 30
razlatouffe posts ante 30
VanLoon posts small blind 125
pjxeLa7 posts big blind 250
Dealt to torresmo123 [3d 8s]
*** PRE-FLOP *** 
razlatouffe raises 375 to 625
sdlgnrb folds
torresmo123 folds
20paellaras calls 625
VanLoon calls 500
pjxeLa7 folds
*** FLOP *** [Jd 4s Kh]
VanLoon checks
razlatouffe checks
20paellaras checks
*** TURN *** [Jd 4s Kh][2h]
VanLoon checks
razlatouffe bets 1521
20paellaras folds
VanLoon folds
razlatouffe collected 3826 from pot
*** SUMMARY ***
Total pot 3826 | No rake
Board: [Jd 4s Kh 2h]
Seat 6: razlatouffe won 3826


Winamax Poker - Tournament "FLIPPER" buyIn: 18€ + 2€ level: 2 - HandId: #3196803428961484830-26-1707945100 - Holdem no limit (30/125/250) - 2024/02/14 21:11:40 UTC
Table: 'FLIPPER(744313800)#029' 6-max (real money) Seat #4 is the button
Seat 1: sdlgnrb (29737, 9€ bounty)
Seat 2: torresmo123 (34946, 13.50€ bounty)
Seat 3: 20paellaras (18850, 9€ bounty)
Seat 4: VanLoon (11197, 9€ bounty)
Seat 5: pjxeLa7 (26002, 9€ bounty)
Seat 6: razlatouffe (17297, 9€ bounty)
*** ANTE/BLINDS ***
pjxeLa7 posts ante 30
razlatouffe posts ante 30
sdlgnrb posts ante 30
torresmo123 posts ante 30
20paellaras posts ante 30
VanLoon posts ante 30
pjxeLa7 posts small blind 125
razlatouffe posts big blind 250
Dealt to torresmo123 [6c Kc]
*** PRE-FLOP *** 
sdlgnrb raises 250 to 500
torresmo123 calls 500
20paellaras folds
VanLoon raises 2250 to 2750
pjxeLa7 folds
razlatouffe folds
sdlgnrb raises 6555 to 9305
torresmo123 folds
VanLoon folds
sdlgnrb collected 13110 from pot
*** SUMMARY ***
Total pot 13110 | No rake
Seat 1: sdlgnrb won 13110


Winamax Poker - Tournament "FLIPPER" buyIn: 18€ + 2€ level: 3 - HandId: #3196803428961484830-27-1707945141 - Holdem no limit (35/150/300) - 2024/02/14 21:12:21 UTC
Table: 'FLIPPER(744313800)#029' 6-max (real money) Seat #5 is the button
Seat 1: sdlgnrb (33512, 9€ bounty)
Seat 2: torresmo123 (34416, 13.50€ bounty)
Seat 3: 20paellaras (18820, 9€ bounty)
Seat 4: VanLoon (8417, 9€ bounty)
Seat 5: pjxeLa7 (25847, 9€ bounty)
Seat 6: razlatouffe (17017, 9€ bounty)
*** ANTE/BLINDS ***
razlatouffe posts ante 35
sdlgnrb posts ante 35
torresmo123 posts ante 35
20paellaras posts ante 35
VanLoon posts ante 35
pjxeLa7 posts ante 35
razlatouffe posts small blind 150
sdlgnrb posts big blind 300
Dealt to torresmo123 [8h Kc]
*** PRE-FLOP *** 
torresmo123 folds
20paellaras folds
VanLoon folds
pjxeLa7 folds
razlatouffe folds
sdlgnrb collected 660 from pot
*** SUMMARY ***
Total pot 660 | No rake
Seat 1: sdlgnrb (big blind) won 660


Winamax Poker - Tournament "FLIPPER" buyIn: 18€ + 2€ level: 3 - HandId: #3196803428961484830-28-1707945151 - Holdem no limit (35/150/300) - 2024/02/14 21:12:31 UTC
Table: 'FLIPPER(744313800)#029' 6-max (real money) Seat #6 is the button
Seat 1: sdlgnrb (33837, 9€ bounty)
Seat 2: torresmo123 (34381, 13.50€ bounty)
Seat 3: 20paellaras (18785, 9€ bounty)
Seat 4: VanLoon (8382, 9€ bounty)
Seat 5: pjxeLa7 (25812, 9€ bounty)
Seat 6: razlatouffe (16832, 9€ bounty)
*** ANTE/BLINDS ***
sdlgnrb posts ante 35
torresmo123 posts ante 35
20paellaras posts ante 35
VanLoon posts ante 35
pjxeLa7 posts ante 35
razlatouffe posts ante 35
sdlgnrb posts small blind 150
torresmo123 posts big blind 300
Dealt to torresmo123 [Ks 8d]
*** PRE-FLOP *** 
20paellaras raises 375 to 675
VanLoon folds
pjxeLa7 raises 1568 to 2243
razlatouffe folds
sdlgnrb calls 2093
torresmo123 folds
20paellaras raises 3365 to 5608
pjxeLa7 folds
sdlgnrb folds
20paellaras collected 10604 from pot
*** SUMMARY ***
Total pot 10604 | No rake
Seat 3: 20paellaras won 10604


Winamax Poker - Tournament "FLIPPER" buyIn: 18€ + 2€ level: 3 - HandId: #3196803428961484830-29-1707945203 - Holdem no limit (35/150/300) - 2024/02/14 21:13:23 UTC
Table: 'FLIPPER(744313800)#029' 6-max (real money) Seat #1 is the button
Seat 1: sdlgnrb (31559, 9€ bounty)
Seat 2: torresmo123 (34046, 13.50€ bounty)
Seat 3: 20paellaras (23746, 9€ bounty)
Seat 4: VanLoon (8347, 9€ bounty)
Seat 5: pjxeLa7 (23534, 9€ bounty)
Seat 6: razlatouffe (16797, 9€ bounty)
*** ANTE/BLINDS ***
torresmo123 posts ante 35
20paellaras posts ante 35
sdlgnrb posts ante 35
VanLoon posts ante 35
pjxeLa7 posts ante 35
razlatouffe posts ante 35
torresmo123 posts small blind 150
20paellaras posts big blind 300
Dealt to torresmo123 [2s 5c]
*** PRE-FLOP *** 
VanLoon folds
pjxeLa7 folds
razlatouffe folds
sdlgnrb folds
torresmo123 folds
20paellaras collected 660 from pot
*** SUMMARY ***
Total pot 660 | No rake
Seat 3: 20paellaras (big blind) won 660


Winamax Poker - Tournament "FLIPPER" buyIn: 18€ + 2€ level: 3 - HandId: #3196803428961484830-30-1707945216 - Holdem no limit (35/150/300) - 2024/02/14 21:13:36 UTC
Table: 'FLIPPER(744313800)#029' 6-max (real money) Seat #2 is the button
Seat 1: sdlgnrb (31524, 9€ bounty)
Seat 2: torresmo123 (33861, 13.50€ bounty)
Seat 3: 20paellaras (24071, 9€ bounty)
Seat 4: VanLoon (8312, 9€ bounty)
Seat 6: razlatouffe (16762, 9€ bounty)
*** ANTE/BLINDS ***
20paellaras posts ante 35
VanLoon posts ante 35
sdlgnrb posts ante 35
torresmo123 posts ante 35
razlatouffe posts ante 35
20paellaras posts small blind 150
VanLoon posts big blind 300
Dealt to torresmo123 [Ts 6d]
*** PRE-FLOP *** 
razlatouffe raises 300 to 600
sdlgnrb calls 600
torresmo123 folds
20paellaras calls 450
VanLoon folds
*** FLOP *** [4s Qs 7s]
20paellaras checks
razlatouffe checks
sdlgnrb bets 1479
20paellaras folds
razlatouffe calls 1479
*** TURN *** [4s Qs 7s][Qc]
razlatouffe checks
sdlgnrb checks
*** RIVER *** [4s Qs 7s Qc][5h]
razlatouffe bets 3454
sdlgnrb folds
razlatouffe collected 8687 from pot
*** SUMMARY ***
Total pot 8687 | No rake
Board: [4s Qs 7s Qc 5h]
Seat 6: razlatouffe won 8687


Winamax Poker - Tournament "FLIPPER" buyIn: 18€ + 2€ level: 3 - HandId: #3196803428961484830-31-1707945255 - Holdem no limit (35/150/300) - 2024/02/14 21:14:15 UTC
Table: 'FLIPPER(744313800)#029' 6-max (real money) Seat #3 is the button
Seat 1: sdlgnrb (29410, 9€ bounty)
Seat 2: torresmo123 (33826, 13.50€ bounty)
Seat 3: 20paellaras (23436, 9€ bounty)
Seat 4: VanLoon (7977, 9€ bounty)
Seat 5: Angrini (20000, 9€ bounty)
Seat 6: razlatouffe (19881, 9€ bounty)
*** ANTE/BLINDS ***
VanLoon posts ante 35
Angrini posts ante 35
sdlgnrb posts ante 35
torresmo123 posts ante 35
20paellaras posts ante 35
razlatouffe posts ante 35
VanLoon posts small blind 150
Angrini posts big blind 300
Dealt to torresmo123 [Qh Kh]
*** PRE-FLOP *** 
razlatouffe folds
sdlgnrb folds
torresmo123 raises 330 to 630
20paellaras folds
VanLoon raises 7312 to 7942 and is all-in
Angrini folds
torresmo123 calls 7312
*** FLOP *** [9s Ah 2h]
*** TURN *** [9s Ah 2h][4d]
*** RIVER *** [9s Ah 2h 4d][7h]
*** SHOW DOWN ***
VanLoon shows [Td Tc] (One pair : Tens)
torresmo123 shows [Qh Kh] (Flush Ace high)
torresmo123 collected 16394 from pot
*** SUMMARY ***
Total pot 16394 | No rake
Board: [9s Ah 2h 4d 7h]
Seat 2: torresmo123 showed [Qh Kh] and won 16394 with Flush Ace high
Seat 4: VanLoon (small blind) showed [Td Tc] and lost with One pair : Tens


Winamax Poker - Tournament "FLIPPER" buyIn: 18€ + 2€ level: 3 - HandId: #3196803428961484830-32-1707945280 - Holdem no limit (35/150/300) - 2024/02/14 21:14:40 UTC
Table: 'FLIPPER(744313800)#029' 6-max (real money) Seat #4 is the button
Seat 1: sdlgnrb (29375, 9€ bounty)
Seat 2: torresmo123 (42243, 18€ bounty)
Seat 3: 20paellaras (23401, 9€ bounty)
Seat 5: Angrini (19665, 9€ bounty)
Seat 6: razlatouffe (19846, 9€ bounty)
*** ANTE/BLINDS ***
Angrini posts ante 35
razlatouffe posts ante 35
sdlgnrb posts ante 35
torresmo123 posts ante 35
20paellaras posts ante 35
Angrini posts small blind 150
razlatouffe posts big blind 300
Dealt to torresmo123 [5d 5c]
*** PRE-FLOP *** 
sdlgnrb folds
torresmo123 raises 330 to 630
20paellaras folds
Angrini folds
razlatouffe calls 330
*** FLOP *** [7h Tc 3s]
razlatouffe checks
torresmo123 bets 523
razlatouffe calls 523
*** TURN *** [7h Tc 3s][Qc]
razlatouffe checks
torresmo123 bets 2236
razlatouffe folds
torresmo123 collected 4867 from pot
*** SUMMARY ***
Total pot 4867 | No rake
Board: [7h Tc 3s Qc]
Seat 2: torresmo123 won 4867


Winamax Poker - Tournament "FLIPPER" buyIn: 18€ + 2€ level: 3 - HandId: #3196803428961484830-33-1707945351 - Holdem no limit (35/150/300) - 2024/02/14 21:15:51 UTC
Table: 'FLIPPER(744313800)#029' 6-max (real money) Seat #5 is the button
Seat 1: sdlgnrb (29340, 9€ bounty)
Seat 2: torresmo123 (43686, 18€ bounty)
Seat 3: 20paellaras (23366, 9€ bounty)
Seat 4: Mazaldav06 (20000, 9€ bounty)
Seat 5: Angrini (19480, 9€ bounty)
Seat 6: razlatouffe (18658, 9€ bounty)
*** ANTE/BLINDS ***
razlatouffe posts ante 35
sdlgnrb posts ante 35
torresmo123 posts ante 35
20paellaras posts ante 35
Mazaldav06 posts ante 35
Angrini posts ante 35
razlatouffe posts small blind 150
sdlgnrb posts big blind 300
Dealt to torresmo123 [8c As]
*** PRE-FLOP *** 
torresmo123 raises 330 to 630
20paellaras folds
Mazaldav06 folds
Angrini folds
razlatouffe folds
sdlgnrb folds
torresmo123 collected 1290 from pot
*** SUMMARY ***
Total pot 1290 | No rake
Seat 2: torresmo123 won 1290


Winamax Poker - Tournament "FLIPPER" buyIn: 18€ + 2€ level: 3 - HandId: #3196803428961484830-34-1707945368 - Holdem no limit (35/150/300) - 2024/02/14 21:16:08 UTC
Table: 'FLIPPER(744313800)#029' 6-max (real money) Seat #6 is the button
Seat 1: sdlgnrb (29005, 9€ bounty)
Seat 2: torresmo123 (44311, 18€ bounty)
Seat 3: 20paellaras (23331, 9€ bounty)
Seat 4: Mazaldav06 (19965, 9€ bounty)
Seat 5: Angrini (19445, 9€ bounty)
Seat 6: razlatouffe (18473, 9€ bounty)
*** ANTE/BLINDS ***
sdlgnrb posts ante 35
torresmo123 posts ante 35
20paellaras posts ante 35
Mazaldav06 posts ante 35
Angrini posts ante 35
razlatouffe posts ante 35
sdlgnrb posts small blind 150
torresmo123 posts big blind 300
Dealt to torresmo123 [Jh 5c]
*** PRE-FLOP *** 
20paellaras raises 450 to 750
Mazaldav06 calls 750
Angrini folds
razlatouffe calls 750
sdlgnrb folds
torresmo123 folds
*** FLOP *** [6c Ks 6d]
20paellaras checks
Mazaldav06 checks
razlatouffe bets 728
20paellaras folds
Mazaldav06 folds
razlatouffe collected 3638 from pot
*** SUMMARY ***
Total pot 3638 | No rake
Board: [6c Ks 6d]
Seat 6: razlatouffe (button) won 3638


Winamax Poker - Tournament "FLIPPER" buyIn: 18€ + 2€ level: 3 - HandId: #3196803428961484830-35-1707945429 - Holdem no limit (35/150/300) - 2024/02/14 21:17:09 UTC
Table: 'FLIPPER(744313800)#029' 6-max (real money) Seat #1 is the button
Seat 1: sdlgnrb (28820, 9€ bounty)
Seat 2: torresmo123 (43976, 18€ bounty)
Seat 3: 20paellaras (22546, 9€ bounty)
Seat 4: Mazaldav06 (19180, 9€ bounty)
Seat 5: Angrini (19410, 9€ bounty)
Seat 6: razlatouffe (20598, 9€ bounty)
*** ANTE/BLINDS ***
torresmo123 posts ante 35
20paellaras posts ante 35
sdlgnrb posts ante 35
Mazaldav06 posts ante 35
Angrini posts ante 35
razlatouffe posts ante 35
torresmo123 posts small blind 150
20paellaras posts big blind 300
Dealt to torresmo123 [Ks 2h]
*** PRE-FLOP *** 
Mazaldav06 folds
Angrini folds
razlatouffe folds
sdlgnrb raises 450 to 750
torresmo123 folds
20paellaras calls 450
*** FLOP *** [Kd 9h 9c]
20paellaras checks
sdlgnrb checks
*** TURN *** [Kd 9h 9c][Jd]
20paellaras checks
sdlgnrb bets 651
20paellaras folds
sdlgnrb collected 2511 from pot
*** SUMMARY ***
Total pot 2511 | No rake
Board: [Kd 9h 9c Jd]
Seat 1: sdlgnrb (button) won 2511


Winamax Poker - Tournament "FLIPPER" buyIn: 18€ + 2€ level: 3 - HandId: #3196803428961484830-36-1707945466 - Holdem no limit (35/150/300) - 2024/02/14 21:17:46 UTC
Table: 'FLIPPER(744313800)#029' 6-max (real money) Seat #2 is the button
Seat 1: sdlgnrb (29895, 9€ bounty)
Seat 2: torresmo123 (43791, 18€ bounty)
Seat 3: 20paellaras (21761, 9€ bounty)
Seat 4: Mazaldav06 (19145, 9€ bounty)
Seat 5: Angrini (19375, 9€ bounty)
Seat 6: razlatouffe (20563, 9€ bounty)
*** ANTE/BLINDS ***
20paellaras posts ante 35
Mazaldav06 posts ante 35
sdlgnrb posts ante 35
torresmo123 posts ante 35
Angrini posts ante 35
razlatouffe posts ante 35
20paellaras posts small blind 150
Mazaldav06 posts big blind 300
Dealt to torresmo123 [5d 5c]
*** PRE-FLOP *** 
Angrini raises 300 to 600
razlatouffe folds
sdlgnrb folds
torresmo123 calls 600
20paellaras folds
Mazaldav06 calls 300
*** FLOP *** [Qd 4s Tc]
Mazaldav06 checks
Angrini checks
torresmo123 checks
*** TURN *** [Qd 4s Tc][7d]
Mazaldav06 bets 1404
Angrini folds
torresmo123 folds
Mazaldav06 collected 3564 from pot
*** SUMMARY ***
Total pot 3564 | No rake
Board: [Qd 4s Tc 7d]
Seat 4: Mazaldav06 (big blind) won 3564


Winamax Poker - Tournament "FLIPPER" buyIn: 18€ + 2€ level: 4 - HandId: #3196803428961484830-37-1707945507 - Holdem no limit (40/175/350) - 2024/02/14 21:18:27 UTC
Table: 'FLIPPER(744313800)#029' 6-max (real money) Seat #3 is the button
Seat 1: sdlgnrb (29860, 9€ bounty)
Seat 2: torresmo123 (43156, 18€ bounty)
Seat 3: 20paellaras (21576, 9€ bounty)
Seat 4: Mazaldav06 (20670, 9€ bounty)
Seat 5: Angrini (18740, 9€ bounty)
Seat 6: razlatouffe (20528, 9€ bounty)
*** ANTE/BLINDS ***
Mazaldav06 posts ante 40
Angrini posts ante 40
sdlgnrb posts ante 40
torresmo123 posts ante 40
20paellaras posts ante 40
razlatouffe posts ante 40
Mazaldav06 posts small blind 175
Angrini posts big blind 350
Dealt to torresmo123 [Ah Th]
*** PRE-FLOP *** 
razlatouffe folds
sdlgnrb folds
torresmo123 raises 385 to 735
20paellaras raises 1838 to 2573
Mazaldav06 folds
Angrini folds
torresmo123 calls 1838
*** FLOP *** [4d 8c Jc]
torresmo123 checks
20paellaras bets 2956
torresmo123 folds
20paellaras collected 8867 from pot
*** SUMMARY ***
Total pot 8867 | No rake
Board: [4d 8c Jc]
Seat 3: 20paellaras (button) won 8867


Winamax Poker - Tournament "FLIPPER" buyIn: 18€ + 2€ level: 4 - HandId: #3196803428961484830-38-1707945544 - Holdem no limit (40/175/350) - 2024/02/14 21:19:04 UTC
Table: 'FLIPPER(744313800)#029' 6-max (real money) Seat #4 is the button
Seat 2: torresmo123 (40543, 18€ bounty)
Seat 3: 20paellaras (24874, 9€ bounty)
Seat 4: Mazaldav06 (20455, 9€ bounty)
Seat 5: Angrini (18350, 9€ bounty)
Seat 6: razlatouffe (20488, 9€ bounty)
*** ANTE/BLINDS ***
Angrini posts ante 40
razlatouffe posts ante 40
torresmo123 posts ante 40
20paellaras posts ante 40
Mazaldav06 posts ante 40
Angrini posts small blind 175
razlatouffe posts big blind 350
Dealt to torresmo123 [8s 3d]
*** PRE-FLOP *** 
torresmo123 folds
20paellaras raises 525 to 875
Mazaldav06 folds
Angrini folds
razlatouffe folds
20paellaras collected 1600 from pot
*** SUMMARY ***
Total pot 1600 | No rake
Seat 3: 20paellaras won 1600


Winamax Poker - Tournament "FLIPPER" buyIn: 18€ + 2€ level: 4 - HandId: #3196803428961484830-39-1707945566 - Holdem no limit (40/175/350) - 2024/02/14 21:19:26 UTC
Table: 'FLIPPER(744313800)#029' 6-max (real money) Seat #5 is the button
Seat 1: JetonChanceu (20000, 9€ bounty)
Seat 2: torresmo123 (40503, 18€ bounty)
Seat 3: 20paellaras (25559, 9€ bounty)
Seat 4: Mazaldav06 (20415, 9€ bounty)
Seat 5: Angrini (18135, 9€ bounty)
Seat 6: razlatouffe (20098, 9€ bounty)
*** ANTE/BLINDS ***
razlatouffe posts ante 40
JetonChanceu posts ante 40
torresmo123 posts ante 40
20paellaras posts ante 40
Mazaldav06 posts ante 40
Angrini posts ante 40
razlatouffe posts small blind 175
JetonChanceu posts big blind 350
Dealt to torresmo123 [4h 9h]
*** PRE-FLOP *** 
torresmo123 folds
20paellaras raises 525 to 875
Mazaldav06 folds
Angrini folds
razlatouffe calls 700
JetonChanceu calls 525
*** FLOP *** [Jh Td 6s]
razlatouffe checks
JetonChanceu checks
20paellaras checks
*** TURN *** [Jh Td 6s][9d]
razlatouffe checks
JetonChanceu bets 2149
20paellaras folds
razlatouffe calls 2149
*** RIVER *** [Jh Td 6s 9d][Jd]
razlatouffe bets 7130
JetonChanceu calls 7130
*** SHOW DOWN ***
razlatouffe shows [Kc 9c] (Two pairs : Jacks and 9)
JetonChanceu shows [3d Qd] (Flush Queen high)
JetonChanceu collected 21423 from pot
*** SUMMARY ***
Total pot 21423 | No rake
Board: [Jh Td 6s 9d Jd]
Seat 1: JetonChanceu (big blind) showed [3d Qd] and won 21423 with Flush Queen high
Seat 6: razlatouffe (small blind) showed [Kc 9c] and lost with Two pairs : Jacks and 9


Winamax Poker - Tournament "FLIPPER" buyIn: 18€ + 2€ level: 4 - HandId: #3196803428961484830-40-1707945656 - Holdem no limit (40/175/350) - 2024/02/14 21:20:56 UTC
Table: 'FLIPPER(744313800)#029' 6-max (real money) Seat #6 is the button
Seat 1: JetonChanceu (31229, 9€ bounty)
Seat 2: torresmo123 (40463, 18€ bounty)
Seat 3: 20paellaras (24644, 9€ bounty)
Seat 4: Mazaldav06 (20375, 9€ bounty)
Seat 5: Angrini (18095, 9€ bounty)
Seat 6: razlatouffe (9904, 9€ bounty)
*** ANTE/BLINDS ***
JetonChanceu posts ante 40
torresmo123 posts ante 40
20paellaras posts ante 40
Mazaldav06 posts ante 40
Angrini posts ante 40
razlatouffe posts ante 40
JetonChanceu posts small blind 175
torresmo123 posts big blind 350
Dealt to torresmo123 [Tc Ac]
*** PRE-FLOP *** 
20paellaras folds
Mazaldav06 folds
Angrini raises 525 to 875
razlatouffe raises 8989 to 9864 and is all-in
JetonChanceu folds
torresmo123 raises 30559 to 40423 and is all-in
Angrini calls 17180 and is all-in
*** FLOP *** [9d 7c 7h]
*** TURN *** [9d 7c 7h][As]
*** RIVER *** [9d 7c 7h As][5d]
*** SHOW DOWN ***
Angrini shows [Qh Ks] (One pair : 7)
razlatouffe shows [Jc Js] (Two pairs : Jacks and 7)
torresmo123 shows [Tc Ac] (Two pairs : Aces and 7)
torresmo123 collected 68757 from pot
*** SUMMARY ***
Total pot 68757 | No rake
Board: [9d 7c 7h As 5d]
Seat 2: torresmo123 (big blind) showed [Tc Ac] and won 68757 with Two pairs : Aces and 7
Seat 5: Angrini showed [Qh Ks] and lost with One pair : 7
Seat 6: razlatouffe (button) showed [Jc Js] and lost with Two pairs : Jacks and 7


Winamax Poker - Tournament "FLIPPER" buyIn: 18€ + 2€ level: 4 - HandId: #3196803428961484830-41-1707945685 - Holdem no limit (40/175/350) - 2024/02/14 21:21:25 UTC
Table: 'FLIPPER(744313800)#029' 6-max (real money) Seat #1 is the button
Seat 1: JetonChanceu (31014, 9€ bounty)
Seat 2: torresmo123 (68757, 27€ bounty)
Seat 3: 20paellaras (24604, 9€ bounty)
Seat 4: Mazaldav06 (20335, 9€ bounty)
*** ANTE/BLINDS ***
torresmo123 posts ante 40
20paellaras posts ante 40
JetonChanceu posts ante 40
Mazaldav06 posts ante 40
torresmo123 posts small blind 175
20paellaras posts big blind 350
Dealt to torresmo123 [Ah 5d]
*** PRE-FLOP *** 
Mazaldav06 folds
JetonChanceu raises 350 to 700
torresmo123 calls 525
20paellaras calls 350
*** FLOP *** [4d 4s 9s]
torresmo123 checks
20paellaras checks
JetonChanceu bets 1492
torresmo123 folds
20paellaras calls 1492
*** TURN *** [4d 4s 9s][3h]
20paellaras checks
JetonChanceu bets 3933
20paellaras calls 3933
*** RIVER *** [4d 4s 9s 3h][6s]
20paellaras checks
JetonChanceu checks
*** SHOW DOWN ***
20paellaras shows [9h 8d] (Two pairs : 9 and 4)
JetonChanceu shows [Th Tc] (Two pairs : Tens and 4)
JetonChanceu collected 13110 from pot
*** SUMMARY ***
Total pot 13110 | No rake
Board: [4d 4s 9s 3h 6s]
Seat 1: JetonChanceu (button) showed [Th Tc] and won 13110 with Two pairs : Tens and 4
Seat 3: 20paellaras (big blind) showed [9h 8d] and lost with Two pairs : 9 and 4


Winamax Poker - Tournament "FLIPPER" buyIn: 18€ + 2€ level: 4 - HandId: #3196803428961484830-42-1707945794 - Holdem no limit (40/175/350) - 2024/02/14 21:23:14 UTC
Table: 'FLIPPER(744313800)#029' 6-max (real money) Seat #2 is the button
Seat 1: JetonChanceu (37959, 9€ bounty)
Seat 2: torresmo123 (68017, 27€ bounty)
Seat 3: 20paellaras (18439, 9€ bounty)
Seat 4: Mazaldav06 (20295, 9€ bounty)
Seat 6: GAME_0VER (20000, 9€ bounty)
*** ANTE/BLINDS ***
20paellaras posts ante 40
Mazaldav06 posts ante 40
JetonChanceu posts ante 40
torresmo123 posts ante 40
GAME_0VER posts ante 40
20paellaras posts small blind 175
Mazaldav06 posts big blind 350
Dealt to torresmo123 [Th Qc]
*** PRE-FLOP *** 
GAME_0VER folds
JetonChanceu raises 350 to 700
torresmo123 calls 700
20paellaras folds
Mazaldav06 calls 350
*** FLOP *** [Jd Qs 4d]
Mazaldav06 checks
JetonChanceu bets 1634
torresmo123 calls 1634
Mazaldav06 raises 4223 to 5857
JetonChanceu calls 4223
torresmo123 folds
*** TURN *** [Jd Qs 4d][5s]
Mazaldav06 bets 13698 and is all-in
JetonChanceu raises 13698 to 27396
*** RIVER *** [Jd Qs 4d 5s][Ks]
*** SHOW DOWN ***
Mazaldav06 shows [6d 7d] (High card : King)
JetonChanceu shows [Qd 9d] (One pair : Queens)
JetonChanceu collected 56917 from pot
*** SUMMARY ***
Total pot 56917 | No rake
Board: [Jd Qs 4d 5s Ks]
Seat 1: JetonChanceu showed [Qd 9d] and won 56917 with One pair : Queens
Seat 4: Mazaldav06 (big blind) showed [6d 7d] and lost with High card : King


Winamax Poker - Tournament "FLIPPER" buyIn: 18€ + 2€ level: 5 - HandId: #3196803428961484830-43-1707945888 - Holdem no limit (50/200/400) - 2024/02/14 21:24:48 UTC
Table: 'FLIPPER(744313800)#029' 6-max (real money) Seat #3 is the button
Seat 1: JetonChanceu (60883, 13.50€ bounty)
Seat 2: torresmo123 (65643, 27€ bounty)
Seat 3: 20paellaras (18224, 9€ bounty)
Seat 5: AlorsLeZin13 (20000, 9€ bounty)
Seat 6: GAME_0VER (19960, 9€ bounty)
*** ANTE/BLINDS ***
AlorsLeZin13 posts ante 50
JetonChanceu posts ante 50
torresmo123 posts ante 50
20paellaras posts ante 50
GAME_0VER posts ante 50
AlorsLeZin13 posts big blind 400
Dealt to torresmo123 [9d 3c]
*** PRE-FLOP *** 
GAME_0VER folds
JetonChanceu folds
torresmo123 folds
20paellaras raises 600 to 1000
AlorsLeZin13 calls 600
*** FLOP *** [2s 6d 8d]
AlorsLeZin13 checks
20paellaras checks
*** TURN *** [2s 6d 8d][7h]
AlorsLeZin13 checks
20paellaras bets 1463
AlorsLeZin13 calls 1463
*** RIVER *** [2s 6d 8d 7h][Kh]
AlorsLeZin13 checks
20paellaras bets 3364
AlorsLeZin13 folds
20paellaras collected 8540 from pot
*** SUMMARY ***
Total pot 8540 | No rake
Board: [2s 6d 8d 7h Kh]
Seat 3: 20paellaras (button) won 8540


Winamax Poker - Tournament "FLIPPER" buyIn: 18€ + 2€ level: 5 - HandId: #3196803428961484830-44-1707945961 - Holdem no limit (50/200/400) - 2024/02/14 21:26:01 UTC
Table: 'FLIPPER(744313800)#029' 6-max (real money) Seat #4 is the button
Seat 1: JetonChanceu (60833, 13.50€ bounty)
Seat 2: torresmo123 (65593, 27€ bounty)
Seat 3: 20paellaras (20887, 9€ bounty)
Seat 5: AlorsLeZin13 (17487, 9€ bounty)
Seat 6: GAME_0VER (19910, 9€ bounty)
*** ANTE/BLINDS ***
AlorsLeZin13 posts ante 50
GAME_0VER posts ante 50
JetonChanceu posts ante 50
torresmo123 posts ante 50
20paellaras posts ante 50
AlorsLeZin13 posts small blind 200
GAME_0VER posts big blind 400
Dealt to torresmo123 [5s 3s]
*** PRE-FLOP *** 
JetonChanceu folds
torresmo123 raises 440 to 840
20paellaras raises 1680 to 2520
AlorsLeZin13 folds
GAME_0VER folds
torresmo123 calls 1680
*** FLOP *** [8d 4c 2c]
torresmo123 checks
20paellaras bets 3829
torresmo123 calls 3829
*** TURN *** [8d 4c 2c][As]
torresmo123 checks
20paellaras bets 3387
torresmo123 raises 55807 to 59194 and is all-in
20paellaras calls 11101 and is all-in
*** RIVER *** [8d 4c 2c As][6d]
*** SHOW DOWN ***
20paellaras shows [Tc Th] (One pair : Tens)
torresmo123 shows [5s 3s] (Straight 6 high)
torresmo123 collected 87230 from pot
*** SUMMARY ***
Total pot 87230 | No rake
Board: [8d 4c 2c As 6d]
Seat 2: torresmo123 showed [5s 3s] and won 87230 with Straight 6 high
Seat 3: 20paellaras showed [Tc Th] and lost with One pair : Tens


Winamax Poker - Tournament "FLIPPER" buyIn: 18€ + 2€ level: 5 - HandId: #3196803428961484830-45-1707946111 - Holdem no limit (50/200/400) - 2024/02/14 21:28:31 UTC
Table: 'FLIPPER(744313800)#029' 6-max (real money) Seat #5 is the button
Seat 1: JetonChanceu (60783, 13.50€ bounty)
Seat 2: torresmo123 (87230, 31.50€ bounty)
Seat 4: Alex_NuLo (20000, 9€ bounty)
Seat 5: AlorsLeZin13 (17237, 9€ bounty)
Seat 6: GAME_0VER (19460, 9€ bounty)
*** ANTE/BLINDS ***
GAME_0VER posts ante 50
JetonChanceu posts ante 50
torresmo123 posts ante 50
Alex_NuLo posts ante 50
AlorsLeZin13 posts ante 50
GAME_0VER posts small blind 200
JetonChanceu posts big blind 400
Dealt to torresmo123 [9d Qs]
*** PRE-FLOP *** 
torresmo123 folds
Alex_NuLo folds
AlorsLeZin13 calls 400
GAME_0VER calls 200
JetonChanceu checks
*** FLOP *** [6c 8h 5d]
GAME_0VER checks
JetonChanceu bets 1088
AlorsLeZin13 calls 1088
GAME_0VER calls 1088
*** TURN *** [6c 8h 5d][2d]
GAME_0VER checks
JetonChanceu bets 3536
AlorsLeZin13 calls 3536
GAME_0VER calls 3536
*** RIVER *** [6c 8h 5d 2d][Kh]
GAME_0VER checks
JetonChanceu bets 55709 and is all-in
AlorsLeZin13 calls 12163 and is all-in
GAME_0VER folds
*** SHOW DOWN ***
JetonChanceu shows [7c Jh] (High card : King)
AlorsLeZin13 shows [8d 8c] (Trips of 8)
AlorsLeZin13 collected 39648 from main pot
JetonChanceu collected 43546 from side pot 1
*** SUMMARY ***
Total pot 83194 | No rake
Board: [6c 8h 5d 2d Kh]
Seat 1: JetonChanceu (big blind) showed [7c Jh] and won 43546 with High card : King
Seat 5: AlorsLeZin13 (button) showed [8d 8c] and won 39648 with Trips of 8


Winamax Poker - Tournament "FLIPPER" buyIn: 18€ + 2€ level: 5 - HandId: #3196803428961484830-46-1707946196 - Holdem no limit (50/200/400) - 2024/02/14 21:29:56 UTC
Table: 'FLIPPER(744313800)#029' 6-max (real money) Seat #6 is the button
Seat 1: JetonChanceu (43546, 13.50€ bounty)
Seat 2: torresmo123 (87180, 31.50€ bounty)
Seat 3: MrRikeMourze (20000, 9€ bounty)
Seat 4: Alex_NuLo (19950, 9€ bounty)
Seat 5: AlorsLeZin13 (39648, 9€ bounty)
Seat 6: GAME_0VER (14386, 9€ bounty)
*** ANTE/BLINDS ***
JetonChanceu posts ante 50
torresmo123 posts ante 50
MrRikeMourze posts ante 50
Alex_NuLo posts ante 50
AlorsLeZin13 posts ante 50
GAME_0VER posts ante 50
JetonChanceu posts small blind 200
torresmo123 posts big blind 400
Dealt to torresmo123 [3s 3h]
*** PRE-FLOP *** 
MrRikeMourze folds
Alex_NuLo folds
AlorsLeZin13 folds
GAME_0VER folds
JetonChanceu raises 1280 to 1680
torresmo123 calls 1280
*** FLOP *** [2h 4s 2s]
JetonChanceu bets 2745
torresmo123 folds
JetonChanceu collected 6405 from pot
*** SUMMARY ***
Total pot 6405 | No rake
Board: [2h 4s 2s]
Seat 1: JetonChanceu (small blind) won 6405


Winamax Poker - Tournament "FLIPPER" buyIn: 18€ + 2€ level: 6 - HandId: #3196803428961484830-47-1707946285 - Holdem no limit (60/250/500) - 2024/02/14 21:31:25 UTC
Table: 'FLIPPER(744313800)#029' 6-max (real money) Seat #1 is the button
Seat 1: JetonChanceu (45476, 13.50€ bounty)
Seat 2: torresmo123 (85450, 31.50€ bounty)
Seat 3: MrRikeMourze (19950, 9€ bounty)
Seat 4: Alex_NuLo (19900, 9€ bounty)
Seat 5: AlorsLeZin13 (39598, 9€ bounty)
Seat 6: GAME_0VER (14336, 9€ bounty)
*** ANTE/BLINDS ***
torresmo123 posts ante 60
MrRikeMourze posts ante 60
JetonChanceu posts ante 60
Alex_NuLo posts ante 60
AlorsLeZin13 posts ante 60
GAME_0VER posts ante 60
torresmo123 posts small blind 250
MrRikeMourze posts big blind 500
Dealt to torresmo123 [6s 6h]
*** PRE-FLOP *** 
Alex_NuLo folds
AlorsLeZin13 folds
GAME_0VER raises 500 to 1000
JetonChanceu calls 1000
torresmo123 raises 3250 to 4250
MrRikeMourze folds
GAME_0VER folds
JetonChanceu calls 3250
*** FLOP *** [5h 2h 8s]
torresmo123 bets 5698
JetonChanceu calls 5698
*** TURN *** [5h 2h 8s][9c]
torresmo123 checks
JetonChanceu bets 14500
torresmo123 calls 14500
*** RIVER *** [5h 2h 8s 9c][Ts]
torresmo123 checks
JetonChanceu bets 20968 and is all-in
torresmo123 calls 20968
*** SHOW DOWN ***
torresmo123 shows [6s 6h] (One pair : 6)
JetonChanceu shows [Th 9h] (Two pairs : Tens and 9)
JetonChanceu collected 92692 from pot
*** SUMMARY ***
Total pot 92692 | No rake
Board: [5h 2h 8s 9c Ts]
Seat 1: JetonChanceu (button) showed [Th 9h] and won 92692 with Two pairs : Tens and 9
Seat 2: torresmo123 (small blind) showed [6s 6h] and lost with One pair : 6


Winamax Poker - Tournament "FLIPPER" buyIn: 18€ + 2€ level: 6 - HandId: #3196803428961484830-48-1707946463 - Holdem no limit (60/250/500) - 2024/02/14 21:34:23 UTC
Table: 'FLIPPER(744313800)#029' 6-max (real money) Seat #2 is the button
Seat 1: JetonChanceu (92692, 13.50€ bounty)
Seat 2: torresmo123 (39974, 31.50€ bounty)
Seat 3: MrRikeMourze (19390, 9€ bounty)
Seat 4: Alex_NuLo (19840, 9€ bounty)
Seat 5: AlorsLeZin13 (39538, 9€ bounty)
Seat 6: GAME_0VER (13276, 9€ bounty)
*** ANTE/BLINDS ***
MrRikeMourze posts ante 60
Alex_NuLo posts ante 60
JetonChanceu posts ante 60
torresmo123 posts ante 60
AlorsLeZin13 posts ante 60
GAME_0VER posts ante 60
MrRikeMourze posts small blind 250
Alex_NuLo posts big blind 500
Dealt to torresmo123 [Qs 9d]
*** PRE-FLOP *** 
AlorsLeZin13 folds
GAME_0VER raises 500 to 1000
JetonChanceu folds
torresmo123 folds
MrRikeMourze folds
Alex_NuLo calls 500
*** FLOP *** [Td Jc 6h]
Alex_NuLo checks
GAME_0VER bets 914
Alex_NuLo folds
GAME_0VER collected 3524 from pot
*** SUMMARY ***
Total pot 3524 | No rake
Board: [Td Jc 6h]
Seat 6: GAME_0VER won 3524


Winamax Poker - Tournament "FLIPPER" buyIn: 18€ + 2€ level: 6 - HandId: #3196803428961484830-49-1707946499 - Holdem no limit (60/250/500) - 2024/02/14 21:34:59 UTC
Table: 'FLIPPER(744313800)#029' 6-max (real money) Seat #3 is the button
Seat 1: JetonChanceu (92632, 13.50€ bounty)
Seat 2: torresmo123 (39914, 31.50€ bounty)
Seat 3: MrRikeMourze (19080, 9€ bounty)
Seat 4: Alex_NuLo (18780, 9€ bounty)
Seat 5: AlorsLeZin13 (39478, 9€ bounty)
Seat 6: GAME_0VER (14826, 9€ bounty)
*** ANTE/BLINDS ***
Alex_NuLo posts ante 60
AlorsLeZin13 posts ante 60
JetonChanceu posts ante 60
torresmo123 posts ante 60
MrRikeMourze posts ante 60
GAME_0VER posts ante 60
Alex_NuLo posts small blind 250
AlorsLeZin13 posts big blind 500
Dealt to torresmo123 [Qs 3h]
*** PRE-FLOP *** 
GAME_0VER folds
JetonChanceu raises 500 to 1000
torresmo123 folds
MrRikeMourze raises 2000 to 3000
Alex_NuLo folds
AlorsLeZin13 folds
JetonChanceu calls 2000
*** FLOP *** [Qh Jd 6s]
JetonChanceu checks
MrRikeMourze bets 1778
JetonChanceu calls 1778
*** TURN *** [Qh Jd 6s][Jh]
JetonChanceu checks
MrRikeMourze bets 2667
JetonChanceu folds
MrRikeMourze collected 13333 from pot
*** SUMMARY ***
Total pot 13333 | No rake
Board: [Qh Jd 6s Jh]
Seat 3: MrRikeMourze (button) won 13333


Winamax Poker - Tournament "FLIPPER" buyIn: 18€ + 2€ level: 6 - HandId: #3196803428961484830-50-1707946557 - Holdem no limit (60/250/500) - 2024/02/14 21:35:57 UTC
Table: 'FLIPPER(744313800)#029' 6-max (real money) Seat #4 is the button
Seat 1: JetonChanceu (87794, 13.50€ bounty)
Seat 2: torresmo123 (39854, 31.50€ bounty)
Seat 3: MrRikeMourze (24908, 9€ bounty)
Seat 4: Alex_NuLo (18470, 9€ bounty)
Seat 5: AlorsLeZin13 (38918, 9€ bounty)
Seat 6: GAME_0VER (14766, 9€ bounty)
*** ANTE/BLINDS ***
AlorsLeZin13 posts ante 60
GAME_0VER posts ante 60
JetonChanceu posts ante 60
torresmo123 posts ante 60
MrRikeMourze posts ante 60
Alex_NuLo posts ante 60
AlorsLeZin13 posts small blind 250
GAME_0VER posts big blind 500
Dealt to torresmo123 [5d 8d]
*** PRE-FLOP *** 
JetonChanceu folds
torresmo123 folds
MrRikeMourze folds
Alex_NuLo folds
AlorsLeZin13 calls 250
GAME_0VER raises 1000 to 1500
AlorsLeZin13 calls 1000
*** FLOP *** [Td 6d As]
AlorsLeZin13 checks
GAME_0VER bets 1176
AlorsLeZin13 folds
GAME_0VER collected 4536 from pot
*** SUMMARY ***
Total pot 4536 | No rake
Board: [Td 6d As]
Seat 6: GAME_0VER (big blind) won 4536


Winamax Poker - Tournament "FLIPPER" buyIn: 18€ + 2€ level: 7 - HandId: #3196803428961484830-51-1707946606 - Holdem no limit (70/300/600) - 2024/02/14 21:36:46 UTC
Table: 'FLIPPER(744313800)#029' 6-max (real money) Seat #5 is the button
Seat 1: JetonChanceu (87734, 13.50€ bounty)
Seat 2: torresmo123 (39794, 31.50€ bounty)
Seat 3: MrRikeMourze (24848, 9€ bounty)
Seat 4: Alex_NuLo (18410, 9€ bounty)
Seat 5: AlorsLeZin13 (37358, 9€ bounty)
Seat 6: GAME_0VER (16566, 9€ bounty)
*** ANTE/BLINDS ***
GAME_0VER posts ante 70
JetonChanceu posts ante 70
torresmo123 posts ante 70
MrRikeMourze posts ante 70
Alex_NuLo posts ante 70
AlorsLeZin13 posts ante 70
GAME_0VER posts small blind 300
JetonChanceu posts big blind 600
Dealt to torresmo123 [Qc 2c]
*** PRE-FLOP *** 
torresmo123 folds
MrRikeMourze raises 720 to 1320
Alex_NuLo folds
AlorsLeZin13 folds
GAME_0VER folds
JetonChanceu calls 720
*** FLOP *** [Ah 9s 6s]
JetonChanceu checks
MrRikeMourze bets 2184
JetonChanceu raises 3216 to 5400
MrRikeMourze calls 3216
*** TURN *** [Ah 9s 6s][Jd]
JetonChanceu bets 10620
MrRikeMourze raises 7438 to 18058 and is all-in
JetonChanceu calls 7438
*** RIVER *** [Ah 9s 6s Jd][5s]
*** SHOW DOWN ***
JetonChanceu shows [Ac 8c] (One pair : Aces)
MrRikeMourze shows [Qh Ad] (One pair : Aces)
MrRikeMourze collected 50276 from pot
*** SUMMARY ***
Total pot 50276 | No rake
Board: [Ah 9s 6s Jd 5s]
Seat 1: JetonChanceu (big blind) showed [Ac 8c] and lost with One pair : Aces
Seat 3: MrRikeMourze showed [Qh Ad] and won 50276 with One pair : Aces


Winamax Poker - Tournament "FLIPPER" buyIn: 18€ + 2€ level: 7 - HandId: #3196803428961484830-52-1707946692 - Holdem no limit (70/300/600) - 2024/02/14 21:38:12 UTC
Table: 'FLIPPER(744313800)#029' 6-max (real money) Seat #6 is the button
Seat 1: JetonChanceu (62886, 13.50€ bounty)
Seat 2: torresmo123 (39724, 31.50€ bounty)
Seat 3: MrRikeMourze (50276, 9€ bounty)
Seat 4: Alex_NuLo (18340, 9€ bounty)
Seat 5: AlorsLeZin13 (37288, 9€ bounty)
Seat 6: GAME_0VER (16196, 9€ bounty)
*** ANTE/BLINDS ***
JetonChanceu posts ante 70
torresmo123 posts ante 70
MrRikeMourze posts ante 70
Alex_NuLo posts ante 70
AlorsLeZin13 posts ante 70
GAME_0VER posts ante 70
JetonChanceu posts small blind 300
torresmo123 posts big blind 600
Dealt to torresmo123 [Ts 3h]
*** PRE-FLOP *** 
MrRikeMourze folds
Alex_NuLo folds
AlorsLeZin13 folds
GAME_0VER folds
JetonChanceu folds
torresmo123 collected 1320 from pot
*** SUMMARY ***
Total pot 1320 | No rake
Seat 2: torresmo123 (big blind) won 1320


Winamax Poker - Tournament "FLIPPER" buyIn: 18€ + 2€ level: 7 - HandId: #3196803428961484830-53-1707946737 - Holdem no limit (70/300/600) - 2024/02/14 21:38:57 UTC
Table: 'FLIPPER(744313800)#029' 6-max (real money) Seat #1 is the button
Seat 1: JetonChanceu (62516, 13.50€ bounty)
Seat 2: torresmo123 (40374, 31.50€ bounty)
Seat 3: MrRikeMourze (50206, 9€ bounty)
Seat 4: Alex_NuLo (18270, 9€ bounty)
Seat 5: AlorsLeZin13 (37218, 9€ bounty)
Seat 6: GAME_0VER (16126, 9€ bounty)
*** ANTE/BLINDS ***
torresmo123 posts ante 70
MrRikeMourze posts ante 70
JetonChanceu posts ante 70
Alex_NuLo posts ante 70
AlorsLeZin13 posts ante 70
GAME_0VER posts ante 70
torresmo123 posts small blind 300
MrRikeMourze posts big blind 600
Dealt to torresmo123 [6c Ah]
*** PRE-FLOP *** 
Alex_NuLo folds
AlorsLeZin13 calls 600
GAME_0VER folds
JetonChanceu raises 1500 to 2100
torresmo123 folds
MrRikeMourze folds
AlorsLeZin13 calls 1500
*** FLOP *** [3d 9h Kd]
AlorsLeZin13 checks
JetonChanceu bets 2652
AlorsLeZin13 calls 2652
*** TURN *** [3d 9h Kd][2c]
AlorsLeZin13 checks
JetonChanceu checks
*** RIVER *** [3d 9h Kd 2c][Qs]
AlorsLeZin13 checks
JetonChanceu checks
*** SHOW DOWN ***
JetonChanceu shows [Ac 4c] (High card : Ace)
AlorsLeZin13 shows [Qd Th] (One pair : Queens)
AlorsLeZin13 collected 10824 from pot
*** SUMMARY ***
Total pot 10824 | No rake
Board: [3d 9h Kd 2c Qs]
Seat 1: JetonChanceu (button) showed [Ac 4c] and lost with High card : Ace
Seat 5: AlorsLeZin13 showed [Qd Th] and won 10824 with One pair : Queens


Winamax Poker - Tournament "FLIPPER" buyIn: 18€ + 2€ level: 7 - HandId: #3196803428961484830-54-1707946811 - Holdem no limit (70/300/600) - 2024/02/14 21:40:11 UTC
Table: 'FLIPPER(744313800)#029' 6-max (real money) Seat #2 is the button
Seat 1: JetonChanceu (57694, 13.50€ bounty)
Seat 2: torresmo123 (40004, 31.50€ bounty)
Seat 3: MrRikeMourze (49536, 9€ bounty)
Seat 4: Alex_NuLo (18200, 9€ bounty)
Seat 5: AlorsLeZin13 (43220, 9€ bounty)
Seat 6: GAME_0VER (16056, 9€ bounty)
*** ANTE/BLINDS ***
MrRikeMourze posts ante 70
Alex_NuLo posts ante 70
JetonChanceu posts ante 70
torresmo123 posts ante 70
AlorsLeZin13 posts ante 70
GAME_0VER posts ante 70
MrRikeMourze posts small blind 300
Alex_NuLo posts big blind 600
Dealt to torresmo123 [5h Kc]
*** PRE-FLOP *** 
AlorsLeZin13 calls 600
GAME_0VER folds
JetonChanceu raises 1920 to 2520
torresmo123 folds
MrRikeMourze folds
Alex_NuLo folds
AlorsLeZin13 folds
JetonChanceu collected 4440 from pot
*** SUMMARY ***
Total pot 4440 | No rake
Seat 1: JetonChanceu won 4440


Winamax Poker - Tournament "FLIPPER" buyIn: 18€ + 2€ level: 7 - HandId: #3196803428961484830-55-1707946834 - Holdem no limit (70/300/600) - 2024/02/14 21:40:34 UTC
Table: 'FLIPPER(744313800)#029' 6-max (real money) Seat #3 is the button
Seat 1: JetonChanceu (59544, 13.50€ bounty)
Seat 2: torresmo123 (39934, 31.50€ bounty)
Seat 3: MrRikeMourze (49166, 9€ bounty)
Seat 4: Alex_NuLo (17530, 9€ bounty)
Seat 5: AlorsLeZin13 (42550, 9€ bounty)
Seat 6: GAME_0VER (15986, 9€ bounty)
*** ANTE/BLINDS ***
Alex_NuLo posts ante 70
AlorsLeZin13 posts ante 70
JetonChanceu posts ante 70
torresmo123 posts ante 70
MrRikeMourze posts ante 70
GAME_0VER posts ante 70
Alex_NuLo posts small blind 300
AlorsLeZin13 posts big blind 600
Dealt to torresmo123 [Qd 4h]
*** PRE-FLOP *** 
GAME_0VER folds
JetonChanceu folds
torresmo123 folds
MrRikeMourze raises 720 to 1320
Alex_NuLo folds
AlorsLeZin13 calls 720
*** FLOP *** [Kd 6c 7c]
AlorsLeZin13 checks
MrRikeMourze bets 2184
AlorsLeZin13 folds
MrRikeMourze collected 5544 from pot
*** SUMMARY ***
Total pot 5544 | No rake
Board: [Kd 6c 7c]
Seat 3: MrRikeMourze (button) won 5544


Winamax Poker - Tournament "FLIPPER" buyIn: 18€ + 2€ level: 7 - HandId: #3196803428961484830-56-1707946871 - Holdem no limit (70/300/600) - 2024/02/14 21:41:11 UTC
Table: 'FLIPPER(744313800)#029' 6-max (real money) Seat #4 is the button
Seat 2: torresmo123 (39864, 31.50€ bounty)
Seat 3: MrRikeMourze (51136, 9€ bounty)
Seat 4: Alex_NuLo (17160, 9€ bounty)
Seat 5: AlorsLeZin13 (41160, 9€ bounty)
Seat 6: GAME_0VER (15916, 9€ bounty)
*** ANTE/BLINDS ***
AlorsLeZin13 posts ante 70
GAME_0VER posts ante 70
torresmo123 posts ante 70
MrRikeMourze posts ante 70
Alex_NuLo posts ante 70
AlorsLeZin13 posts small blind 300
GAME_0VER posts big blind 600
Dealt to torresmo123 [6s Ac]
*** PRE-FLOP *** 
torresmo123 folds
MrRikeMourze raises 720 to 1320
Alex_NuLo calls 1320
AlorsLeZin13 folds
GAME_0VER raises 14526 to 15846 and is all-in
MrRikeMourze folds
Alex_NuLo folds
GAME_0VER collected 19136 from pot
*** SUMMARY ***
Total pot 19136 | No rake
Seat 6: GAME_0VER (big blind) won 19136


Winamax Poker - Tournament "FLIPPER" buyIn: 18€ + 2€ level: 7 - HandId: #3196803428961484830-57-1707946917 - Holdem no limit (70/300/600) - 2024/02/14 21:41:57 UTC
Table: 'FLIPPER(744313800)#029' 6-max (real money) Seat #5 is the button
Seat 2: torresmo123 (39794, 31.50€ bounty)
Seat 3: MrRikeMourze (49746, 9€ bounty)
Seat 4: Alex_NuLo (15770, 9€ bounty)
Seat 5: AlorsLeZin13 (40790, 9€ bounty)
Seat 6: GAME_0VER (19136, 9€ bounty)
*** ANTE/BLINDS ***
GAME_0VER posts ante 70
torresmo123 posts ante 70
MrRikeMourze posts ante 70
Alex_NuLo posts ante 70
AlorsLeZin13 posts ante 70
GAME_0VER posts small blind 300
torresmo123 posts big blind 600
Dealt to torresmo123 [8c Jc]
*** PRE-FLOP *** 
MrRikeMourze folds
Alex_NuLo folds
AlorsLeZin13 calls 600
GAME_0VER calls 300
torresmo123 checks
*** FLOP *** [2c 7s Jd]
GAME_0VER checks
torresmo123 checks
AlorsLeZin13 checks
*** TURN *** [2c 7s Jd][8s]
GAME_0VER checks
torresmo123 bets 1828
AlorsLeZin13 folds
GAME_0VER folds
torresmo123 collected 3978 from pot
*** SUMMARY ***
Total pot 3978 | No rake
Board: [2c 7s Jd 8s]
Seat 2: torresmo123 (big blind) won 3978


Winamax Poker - Tournament "FLIPPER" buyIn: 18€ + 2€ level: 8 - HandId: #3196803428961484830-58-1707946968 - Holdem no limit (80/350/700) - 2024/02/14 21:42:48 UTC
Table: 'FLIPPER(744313800)#029' 6-max (real money) Seat #6 is the button
Seat 2: torresmo123 (41274, 31.50€ bounty)
Seat 3: MrRikeMourze (49676, 9€ bounty)
Seat 4: Alex_NuLo (15700, 9€ bounty)
Seat 5: AlorsLeZin13 (40120, 9€ bounty)
Seat 6: GAME_0VER (18466, 9€ bounty)
*** ANTE/BLINDS ***
torresmo123 posts ante 80
MrRikeMourze posts ante 80
Alex_NuLo posts ante 80
AlorsLeZin13 posts ante 80
GAME_0VER posts ante 80
torresmo123 posts small blind 350
MrRikeMourze posts big blind 700
Dealt to torresmo123 [Js 6d]
*** PRE-FLOP *** 
Alex_NuLo folds
AlorsLeZin13 raises 1400 to 2100
GAME_0VER raises 16286 to 18386 and is all-in
torresmo123 folds
MrRikeMourze raises 31210 to 49596 and is all-in
AlorsLeZin13 calls 37940 and is all-in
*** FLOP *** [9c Td 8c]
*** TURN *** [9c Td 8c][2h]
*** RIVER *** [9c Td 8c 2h][Kh]
*** SHOW DOWN ***
GAME_0VER shows [Ac Qh] (High card : Ace)
MrRikeMourze shows [Ah Qd] (High card : Ace)
AlorsLeZin13 shows [Ts As] (One pair : Tens)
AlorsLeZin13 collected 99216 from main pot
MrRikeMourze collected 9556 from side pot 1
*** SUMMARY ***
Total pot 108772 | No rake
Board: [9c Td 8c 2h Kh]
Seat 3: MrRikeMourze (big blind) showed [Ah Qd] and won 9556 with High card : Ace
Seat 5: AlorsLeZin13 showed [Ts As] and won 99216 with One pair : Tens
Seat 6: GAME_0VER (button) showed [Ac Qh] and lost with High card : Ace


Winamax Poker - Tournament "FLIPPER" buyIn: 18€ + 2€ level: 8 - HandId: #3196803428961484830-59-1707946995 - Holdem no limit (80/350/700) - 2024/02/14 21:43:15 UTC
Table: 'FLIPPER(744313800)#029' 6-max (real money) Seat #2 is the button
Seat 2: torresmo123 (40844, 31.50€ bounty)
Seat 3: MrRikeMourze (9556, 9€ bounty)
Seat 4: Alex_NuLo (15620, 9€ bounty)
Seat 5: AlorsLeZin13 (99216, 13.50€ bounty)
*** ANTE/BLINDS ***
MrRikeMourze posts ante 80
Alex_NuLo posts ante 80
torresmo123 posts ante 80
AlorsLeZin13 posts ante 80
MrRikeMourze posts small blind 350
Alex_NuLo posts big blind 700
Dealt to torresmo123 [6s Js]
*** PRE-FLOP *** 
AlorsLeZin13 calls 700
torresmo123 calls 700
MrRikeMourze calls 350
Alex_NuLo checks
*** FLOP *** [2c Jh Kh]
MrRikeMourze bets 8776 and is all-in
Alex_NuLo calls 8776
AlorsLeZin13 folds
torresmo123 folds
*** TURN *** [2c Jh Kh][9s]
*** RIVER *** [2c Jh Kh 9s][Qc]
*** SHOW DOWN ***
Alex_NuLo shows [Jc 4s] (One pair : Jacks)
MrRikeMourze shows [9c Kd] (Two pairs : Kings and 9)
MrRikeMourze collected 20672 from pot
*** SUMMARY ***
Total pot 20672 | No rake
Board: [2c Jh Kh 9s Qc]
Seat 3: MrRikeMourze (small blind) showed [9c Kd] and won 20672 with Two pairs : Kings and 9
Seat 4: Alex_NuLo (big blind) showed [Jc 4s] and lost with One pair : Jacks


Winamax Poker - Tournament "FLIPPER" buyIn: 18€ + 2€ level: 8 - HandId: #3196803428961484830-60-1707947048 - Holdem no limit (80/350/700) - 2024/02/14 21:44:08 UTC
Table: 'FLIPPER(744313800)#029' 6-max (real money) Seat #3 is the button
Seat 2: torresmo123 (40064, 31.50€ bounty)
Seat 3: MrRikeMourze (20672, 9€ bounty)
Seat 4: Alex_NuLo (6064, 9€ bounty)
Seat 5: AlorsLeZin13 (98436, 13.50€ bounty)
Seat 6: Xterrigg (29796, 9€ bounty)
*** ANTE/BLINDS ***
Alex_NuLo posts ante 80
AlorsLeZin13 posts ante 80
torresmo123 posts ante 80
MrRikeMourze posts ante 80
Xterrigg posts ante 80
Alex_NuLo posts small blind 350
AlorsLeZin13 posts big blind 700
Dealt to torresmo123 [7h 4d]
*** PRE-FLOP *** 
Xterrigg raises 700 to 1400
torresmo123 folds
MrRikeMourze folds
Alex_NuLo folds
AlorsLeZin13 calls 700
*** FLOP *** [Th 6c 9s]
AlorsLeZin13 checks
Xterrigg bets 2100
AlorsLeZin13 folds
Xterrigg collected 5650 from pot
*** SUMMARY ***
Total pot 5650 | No rake
Board: [Th 6c 9s]
Seat 6: Xterrigg won 5650


Winamax Poker - Tournament "FLIPPER" buyIn: 18€ + 2€ level: 8 - HandId: #3196803428961484830-61-1707947090 - Holdem no limit (80/350/700) - 2024/02/14 21:44:50 UTC
Table: 'FLIPPER(744313800)#029' 6-max (real money) Seat #4 is the button
Seat 2: torresmo123 (39984, 31.50€ bounty)
Seat 3: MrRikeMourze (20592, 9€ bounty)
Seat 4: Alex_NuLo (5634, 9€ bounty)
Seat 5: AlorsLeZin13 (96956, 13.50€ bounty)
Seat 6: Xterrigg (31866, 9€ bounty)
*** ANTE/BLINDS ***
AlorsLeZin13 posts ante 80
Xterrigg posts ante 80
torresmo123 posts ante 80
MrRikeMourze posts ante 80
Alex_NuLo posts ante 80
AlorsLeZin13 posts small blind 350
Xterrigg posts big blind 700
Dealt to torresmo123 [2h 9d]
*** PRE-FLOP *** 
torresmo123 folds
MrRikeMourze folds
Alex_NuLo folds
AlorsLeZin13 calls 350
Xterrigg checks
*** FLOP *** [Qh Qd 4h]
AlorsLeZin13 checks
Xterrigg bets 700
AlorsLeZin13 calls 700
*** TURN *** [Qh Qd 4h][4c]
AlorsLeZin13 checks
Xterrigg bets 1400
AlorsLeZin13 folds
Xterrigg collected 4600 from pot
*** SUMMARY ***
Total pot 4600 | No rake
Board: [Qh Qd 4h 4c]
Seat 6: Xterrigg (big blind) won 4600


Winamax Poker - Tournament "FLIPPER" buyIn: 18€ + 2€ level: 8 - HandId: #3196803428961484830-62-1707947123 - Holdem no limit (80/350/700) - 2024/02/14 21:45:23 UTC
Table: 'FLIPPER(744313800)#029' 6-max (real money) Seat #5 is the button
Seat 2: torresmo123 (39904, 31.50€ bounty)
Seat 3: MrRikeMourze (20512, 9€ bounty)
Seat 4: Alex_NuLo (5554, 9€ bounty)
Seat 5: AlorsLeZin13 (95476, 13.50€ bounty)
Seat 6: Xterrigg (33586, 9€ bounty)
*** ANTE/BLINDS ***
Xterrigg posts ante 80
torresmo123 posts ante 80
MrRikeMourze posts ante 80
Alex_NuLo posts ante 80
AlorsLeZin13 posts ante 80
Xterrigg posts small blind 350
torresmo123 posts big blind 700
Dealt to torresmo123 [Ks 3s]
*** PRE-FLOP *** 
MrRikeMourze folds
Alex_NuLo folds
AlorsLeZin13 folds
Xterrigg calls 350
torresmo123 checks
*** FLOP *** [8s 9d 4h]
Xterrigg bets 700
torresmo123 calls 700
*** TURN *** [8s 9d 4h][3d]
Xterrigg bets 1750
torresmo123 calls 1750
*** RIVER *** [8s 9d 4h 3d][7d]
Xterrigg bets 5159
torresmo123 folds
Xterrigg collected 11859 from pot
*** SUMMARY ***
Total pot 11859 | No rake
Board: [8s 9d 4h 3d 7d]
Seat 6: Xterrigg (small blind) won 11859


Winamax Poker - Tournament "FLIPPER" buyIn: 18€ + 2€ level: 8 - HandId: #3196803428961484830-63-1707947167 - Holdem no limit (80/350/700) - 2024/02/14 21:46:07 UTC
Table: 'FLIPPER(744313800)#029' 6-max (real money) Seat #6 is the button
Seat 2: torresmo123 (36674, 31.50€ bounty)
Seat 3: MrRikeMourze (20432, 9€ bounty)
Seat 4: Alex_NuLo (5474, 9€ bounty)
Seat 5: AlorsLeZin13 (95396, 13.50€ bounty)
Seat 6: Xterrigg (37056, 9€ bounty)
*** ANTE/BLINDS ***
torresmo123 posts ante 80
MrRikeMourze posts ante 80
Alex_NuLo posts ante 80
AlorsLeZin13 posts ante 80
Xterrigg posts ante 80
torresmo123 posts small blind 350
MrRikeMourze posts big blind 700
Dealt to torresmo123 [Qh 2d]
*** PRE-FLOP *** 
Alex_NuLo folds
AlorsLeZin13 raises 1400 to 2100
Xterrigg folds
torresmo123 folds
MrRikeMourze folds
AlorsLeZin13 collected 3550 from pot
*** SUMMARY ***
Total pot 3550 | No rake
Seat 5: AlorsLeZin13 won 3550


Winamax Poker - Tournament "FLIPPER" buyIn: 18€ + 2€ level: 8 - HandId: #3196803428961484830-64-1707947198 - Holdem no limit (80/350/700) - 2024/02/14 21:46:38 UTC
Table: 'FLIPPER(744313800)#029' 6-max (real money) Seat #2 is the button
Seat 2: torresmo123 (36244, 31.50€ bounty)
Seat 3: MrRikeMourze (19652, 9€ bounty)
Seat 4: Alex_NuLo (5394, 9€ bounty)
Seat 5: AlorsLeZin13 (96766, 13.50€ bounty)
Seat 6: Xterrigg (36976, 9€ bounty)
*** ANTE/BLINDS ***
MrRikeMourze posts ante 80
Alex_NuLo posts ante 80
torresmo123 posts ante 80
AlorsLeZin13 posts ante 80
Xterrigg posts ante 80
MrRikeMourze posts small blind 350
Alex_NuLo posts big blind 700
Dealt to torresmo123 [Th 4c]
*** PRE-FLOP *** 
AlorsLeZin13 raises 700 to 1400
Xterrigg folds
torresmo123 folds
MrRikeMourze folds
Alex_NuLo folds
AlorsLeZin13 collected 2850 from pot
*** SUMMARY ***
Total pot 2850 | No rake
Seat 5: AlorsLeZin13 won 2850


Winamax Poker - Tournament "FLIPPER" buyIn: 18€ + 2€ level: 8 - HandId: #3196803428961484830-65-1707947223 - Holdem no limit (80/350/700) - 2024/02/14 21:47:03 UTC
Table: 'FLIPPER(744313800)#029' 6-max (real money) Seat #3 is the button
Seat 1: LabriBusse (20000, 9€ bounty)
Seat 2: torresmo123 (36164, 31.50€ bounty)
Seat 3: MrRikeMourze (19222, 9€ bounty)
Seat 4: Alex_NuLo (4614, 9€ bounty)
Seat 5: AlorsLeZin13 (98136, 13.50€ bounty)
Seat 6: Xterrigg (36896, 9€ bounty)
*** ANTE/BLINDS ***
Alex_NuLo posts ante 80
AlorsLeZin13 posts ante 80
LabriBusse posts ante 80
torresmo123 posts ante 80
MrRikeMourze posts ante 80
Xterrigg posts ante 80
Alex_NuLo posts small blind 350
AlorsLeZin13 posts big blind 700
Dealt to torresmo123 [Ts 3s]
*** PRE-FLOP *** 
Xterrigg raises 700 to 1400
LabriBusse folds
torresmo123 folds
MrRikeMourze folds
Alex_NuLo raises 3134 to 4534 and is all-in
AlorsLeZin13 calls 3834
Xterrigg calls 3134
*** FLOP *** [5c Jc 6c]
AlorsLeZin13 checks
Xterrigg checks
*** TURN *** [5c Jc 6c][8c]
AlorsLeZin13 checks
Xterrigg checks
*** RIVER *** [5c Jc 6c 8c][Th]
AlorsLeZin13 bets 15132
Xterrigg folds
*** SHOW DOWN ***
Alex_NuLo shows [Jd Ks] (One pair : Jacks)
AlorsLeZin13 shows [Ac Tc] (Flush Ace high)
AlorsLeZin13 collected 29214 from pot
*** SUMMARY ***
Total pot 29214 | No rake
Board: [5c Jc 6c 8c Th]
Seat 4: Alex_NuLo (small blind) showed [Jd Ks] and lost with One pair : Jacks
Seat 5: AlorsLeZin13 (big blind) showed [Ac Tc] and won 29214 with Flush Ace high


Winamax Poker - Tournament "FLIPPER" buyIn: 18€ + 2€ level: 8 - HandId: #3196803428961484830-66-1707947266 - Holdem no limit (80/350/700) - 2024/02/14 21:47:46 UTC
Table: 'FLIPPER(744313800)#029' 6-max (real money) Seat #4 is the button
Seat 1: LabriBusse (19920, 9€ bounty)
Seat 2: torresmo123 (36084, 31.50€ bounty)
Seat 3: MrRikeMourze (19142, 9€ bounty)
Seat 5: AlorsLeZin13 (107604, 18€ bounty)
Seat 6: Xterrigg (32282, 9€ bounty)
*** ANTE/BLINDS ***
AlorsLeZin13 posts ante 80
Xterrigg posts ante 80
LabriBusse posts ante 80
torresmo123 posts ante 80
MrRikeMourze posts ante 80
AlorsLeZin13 posts small blind 350
Xterrigg posts big blind 700
Dealt to torresmo123 [Jd 5c]
*** PRE-FLOP *** 
LabriBusse raises 2800 to 3500
torresmo123 folds
MrRikeMourze folds
AlorsLeZin13 folds
Xterrigg folds
LabriBusse collected 4950 from pot
*** SUMMARY ***
Total pot 4950 | No rake
Seat 1: LabriBusse won 4950


Winamax Poker - Tournament "FLIPPER" buyIn: 18€ + 2€ level: 9 - HandId: #3196803428961484830-67-1707947282 - Holdem no limit (100/400/800) - 2024/02/14 21:48:02 UTC
Table: 'FLIPPER(744313800)#029' 6-max (real money) Seat #5 is the button
Seat 1: LabriBusse (21290, 9€ bounty)
Seat 2: torresmo123 (36004, 31.50€ bounty)
Seat 3: MrRikeMourze (19062, 9€ bounty)
Seat 5: AlorsLeZin13 (107174, 18€ bounty)
Seat 6: Xterrigg (31502, 9€ bounty)
*** ANTE/BLINDS ***
Xterrigg posts ante 100
LabriBusse posts ante 100
torresmo123 posts ante 100
MrRikeMourze posts ante 100
AlorsLeZin13 posts ante 100
Xterrigg posts small blind 400
LabriBusse posts big blind 800
Dealt to torresmo123 [Ks Th]
*** PRE-FLOP *** 
torresmo123 raises 880 to 1680
MrRikeMourze folds
AlorsLeZin13 calls 1680
Xterrigg calls 1280
LabriBusse folds
*** FLOP *** [As 2c 4c]
Xterrigg checks
torresmo123 checks
AlorsLeZin13 checks
*** TURN *** [As 2c 4c][5h]
Xterrigg bets 4882
torresmo123 folds
AlorsLeZin13 folds
Xterrigg collected 11222 from pot
*** SUMMARY ***
Total pot 11222 | No rake
Board: [As 2c 4c 5h]
Seat 6: Xterrigg (small blind) won 11222


Winamax Poker - Tournament "FLIPPER" buyIn: 18€ + 2€ level: 9 - HandId: #3196803428961484830-68-1707947311 - Holdem no limit (100/400/800) - 2024/02/14 21:48:31 UTC
Table: 'FLIPPER(744313800)#029' 6-max (real money) Seat #6 is the button
Seat 1: LabriBusse (20390, 9€ bounty)
Seat 2: torresmo123 (34224, 31.50€ bounty)
Seat 3: MrRikeMourze (18962, 9€ bounty)
Seat 5: AlorsLeZin13 (105394, 18€ bounty)
Seat 6: Xterrigg (36062, 9€ bounty)
*** ANTE/BLINDS ***
LabriBusse posts ante 100
torresmo123 posts ante 100
MrRikeMourze posts ante 100
AlorsLeZin13 posts ante 100
Xterrigg posts ante 100
LabriBusse posts small blind 400
torresmo123 posts big blind 800
Dealt to torresmo123 [Ad 3h]
*** PRE-FLOP *** 
MrRikeMourze folds
AlorsLeZin13 raises 1200 to 2000
Xterrigg folds
LabriBusse folds
torresmo123 calls 1200
*** FLOP *** [Kh Jh 7c]
torresmo123 checks
AlorsLeZin13 bets 1600
torresmo123 folds
AlorsLeZin13 collected 6500 from pot
*** SUMMARY ***
Total pot 6500 | No rake
Board: [Kh Jh 7c]
Seat 5: AlorsLeZin13 won 6500


Winamax Poker - Tournament "FLIPPER" buyIn: 18€ + 2€ level: 9 - HandId: #3196803428961484830-69-1707947336 - Holdem no limit (100/400/800) - 2024/02/14 21:48:56 UTC
Table: 'FLIPPER(744313800)#029' 6-max (real money) Seat #1 is the button
Seat 1: LabriBusse (19890, 9€ bounty)
Seat 2: torresmo123 (32124, 31.50€ bounty)
Seat 3: MrRikeMourze (18862, 9€ bounty)
Seat 5: AlorsLeZin13 (108194, 18€ bounty)
Seat 6: Xterrigg (35962, 9€ bounty)
*** ANTE/BLINDS ***
torresmo123 posts ante 100
MrRikeMourze posts ante 100
LabriBusse posts ante 100
AlorsLeZin13 posts ante 100
Xterrigg posts ante 100
torresmo123 posts small blind 400
MrRikeMourze posts big blind 800
Dealt to torresmo123 [As Jc]
*** PRE-FLOP *** 
AlorsLeZin13 calls 800
Xterrigg folds
LabriBusse raises 1600 to 2400
torresmo123 raises 29624 to 32024 and is all-in
MrRikeMourze calls 17962 and is all-in
AlorsLeZin13 folds
LabriBusse folds
*** FLOP *** [7h Kh 7d]
*** TURN *** [7h Kh 7d][Kd]
*** RIVER *** [7h Kh 7d Kd][6h]
*** SHOW DOWN ***
torresmo123 shows [As Jc] (Two pairs : Kings and 7)
MrRikeMourze shows [Ts Td] (Two pairs : Kings and Tens)
MrRikeMourze collected 41224 from main pot
torresmo123 collected 13262 from side pot 1
*** SUMMARY ***
Total pot 54486 | No rake
Board: [7h Kh 7d Kd 6h]
Seat 2: torresmo123 (small blind) showed [As Jc] and won 13262 with Two pairs : Kings and 7
Seat 3: MrRikeMourze (big blind) showed [Ts Td] and won 41224 with Two pairs : Kings and Tens


Winamax Poker - Tournament "FLIPPER" buyIn: 18€ + 2€ level: 9 - HandId: #3196803428961484830-70-1707947361 - Holdem no limit (100/400/800) - 2024/02/14 21:49:21 UTC
Table: 'FLIPPER(744313800)#029' 6-max (real money) Seat #2 is the button
Seat 1: LabriBusse (17390, 9€ bounty)
Seat 2: torresmo123 (13262, 31.50€ bounty)
Seat 3: MrRikeMourze (41224, 9€ bounty)
Seat 5: AlorsLeZin13 (107294, 18€ bounty)
Seat 6: Xterrigg (35862, 9€ bounty)
*** ANTE/BLINDS ***
MrRikeMourze posts ante 100
AlorsLeZin13 posts ante 100
LabriBusse posts ante 100
torresmo123 posts ante 100
Xterrigg posts ante 100
MrRikeMourze posts small blind 400
AlorsLeZin13 posts big blind 800
Dealt to torresmo123 [4d 3h]
*** PRE-FLOP *** 
Xterrigg folds
LabriBusse folds
torresmo123 folds
MrRikeMourze calls 400
AlorsLeZin13 checks
*** FLOP *** [Qc Qh Ad]
MrRikeMourze bets 800
AlorsLeZin13 folds
MrRikeMourze collected 2900 from pot
*** SUMMARY ***
Total pot 2900 | No rake
Board: [Qc Qh Ad]
Seat 3: MrRikeMourze (small blind) won 2900


Winamax Poker - Tournament "FLIPPER" buyIn: 18€ + 2€ level: 9 - HandId: #3196803428961484830-71-1707947399 - Holdem no limit (100/400/800) - 2024/02/14 21:49:59 UTC
Table: 'FLIPPER(744313800)#029' 6-max (real money) Seat #3 is the button
Seat 1: LabriBusse (17290, 9€ bounty)
Seat 2: torresmo123 (13162, 31.50€ bounty)
Seat 3: MrRikeMourze (42424, 9€ bounty)
Seat 5: AlorsLeZin13 (106394, 18€ bounty)
Seat 6: Xterrigg (35762, 9€ bounty)
*** ANTE/BLINDS ***
AlorsLeZin13 posts ante 100
Xterrigg posts ante 100
LabriBusse posts ante 100
torresmo123 posts ante 100
MrRikeMourze posts ante 100
AlorsLeZin13 posts small blind 400
Xterrigg posts big blind 800
Dealt to torresmo123 [4c 6c]
*** PRE-FLOP *** 
LabriBusse folds
torresmo123 folds
MrRikeMourze folds
AlorsLeZin13 calls 400
Xterrigg checks
*** FLOP *** [5c 8c 6s]
AlorsLeZin13 checks
Xterrigg bets 800
AlorsLeZin13 raises 800 to 1600
Xterrigg calls 800
*** TURN *** [5c 8c 6s][As]
AlorsLeZin13 checks
Xterrigg bets 3498
AlorsLeZin13 raises 3498 to 6996
Xterrigg calls 3498
*** RIVER *** [5c 8c 6s As][Qs]
AlorsLeZin13 checks
Xterrigg checks
*** SHOW DOWN ***
Xterrigg shows [9c 6d] (One pair : 6)
AlorsLeZin13 shows [7d 9s] (Straight 9 high)
AlorsLeZin13 collected 19292 from pot
*** SUMMARY ***
Total pot 19292 | No rake
Board: [5c 8c 6s As Qs]
Seat 5: AlorsLeZin13 (small blind) showed [7d 9s] and won 19292 with Straight 9 high
Seat 6: Xterrigg (big blind) showed [9c 6d] and lost with One pair : 6


Winamax Poker - Tournament "FLIPPER" buyIn: 18€ + 2€ level: 9 - HandId: #3196803428961484830-72-1707947441 - Holdem no limit (100/400/800) - 2024/02/14 21:50:41 UTC
Table: 'FLIPPER(744313800)#029' 6-max (real money) Seat #5 is the button
Seat 1: LabriBusse (17190, 9€ bounty)
Seat 2: torresmo123 (13062, 31.50€ bounty)
Seat 3: MrRikeMourze (42324, 9€ bounty)
Seat 5: AlorsLeZin13 (116190, 18€ bounty)
Seat 6: Xterrigg (26266, 9€ bounty)
*** ANTE/BLINDS ***
Xterrigg posts ante 100
LabriBusse posts ante 100
torresmo123 posts ante 100
MrRikeMourze posts ante 100
AlorsLeZin13 posts ante 100
Xterrigg posts small blind 400
LabriBusse posts big blind 800
Dealt to torresmo123 [5h 4h]
*** PRE-FLOP *** 
torresmo123 folds
MrRikeMourze folds
AlorsLeZin13 calls 800
Xterrigg folds
LabriBusse checks
*** FLOP *** [6c Jd 9s]
LabriBusse checks
AlorsLeZin13 checks
*** TURN *** [6c Jd 9s][Td]
LabriBusse bets 875
AlorsLeZin13 calls 875
*** RIVER *** [6c Jd 9s Td][9h]
LabriBusse bets 1488
AlorsLeZin13 calls 1488
*** SHOW DOWN ***
LabriBusse shows [7h Tc] (Two pairs : Tens and 9)
AlorsLeZin13 shows [8s Jc] (Two pairs : Jacks and 9)
AlorsLeZin13 collected 7226 from pot
*** SUMMARY ***
Total pot 7226 | No rake
Board: [6c Jd 9s Td 9h]
Seat 1: LabriBusse (big blind) showed [7h Tc] and lost with Two pairs : Tens and 9
Seat 5: AlorsLeZin13 (button) showed [8s Jc] and won 7226 with Two pairs : Jacks and 9


Winamax Poker - Tournament "FLIPPER" buyIn: 18€ + 2€ level: 9 - HandId: #3196803428961484830-73-1707947459 - Holdem no limit (100/400/800) - 2024/02/14 21:50:59 UTC
Table: 'FLIPPER(744313800)#029' 6-max (real money) Seat #6 is the button
Seat 1: LabriBusse (13927, 9€ bounty)
Seat 2: torresmo123 (12962, 31.50€ bounty)
Seat 3: MrRikeMourze (42224, 9€ bounty)
Seat 5: AlorsLeZin13 (120153, 18€ bounty)
Seat 6: Xterrigg (25766, 9€ bounty)
*** ANTE/BLINDS ***
LabriBusse posts ante 100
torresmo123 posts ante 100
MrRikeMourze posts ante 100
AlorsLeZin13 posts ante 100
Xterrigg posts ante 100
LabriBusse posts small blind 400
torresmo123 posts big blind 800
Dealt to torresmo123 [5s Qs]
*** PRE-FLOP *** 
MrRikeMourze folds
AlorsLeZin13 folds
Xterrigg folds
LabriBusse raises 800 to 1600
torresmo123 calls 800
*** FLOP *** [7d Td 9d]
LabriBusse checks
torresmo123 checks
*** TURN *** [7d Td 9d][5c]
LabriBusse checks
torresmo123 checks
*** RIVER *** [7d Td 9d 5c][Ac]
LabriBusse bets 1295
torresmo123 folds
LabriBusse collected 4995 from pot
*** SUMMARY ***
Total pot 4995 | No rake
Board: [7d Td 9d 5c Ac]
Seat 1: LabriBusse (small blind) won 4995


Winamax Poker - Tournament "FLIPPER" buyIn: 18€ + 2€ level: 9 - HandId: #3196803428961484830-74-1707947527 - Holdem no limit (100/400/800) - 2024/02/14 21:52:07 UTC
Table: 'FLIPPER(744313800)#029' 6-max (real money) Seat #1 is the button
Seat 1: LabriBusse (15927, 9€ bounty)
Seat 2: torresmo123 (11262, 31.50€ bounty)
Seat 3: MrRikeMourze (42124, 9€ bounty)
Seat 5: AlorsLeZin13 (120053, 18€ bounty)
Seat 6: Xterrigg (25666, 9€ bounty)
*** ANTE/BLINDS ***
torresmo123 posts ante 100
MrRikeMourze posts ante 100
LabriBusse posts ante 100
AlorsLeZin13 posts ante 100
Xterrigg posts ante 100
torresmo123 posts small blind 400
MrRikeMourze posts big blind 800
Dealt to torresmo123 [6h 7c]
*** PRE-FLOP *** 
AlorsLeZin13 calls 800
Xterrigg folds
LabriBusse raises 1200 to 2000
torresmo123 folds
MrRikeMourze folds
AlorsLeZin13 calls 1200
*** FLOP *** [Tc 3d 2d]
AlorsLeZin13 checks
LabriBusse checks
*** TURN *** [Tc 3d 2d][6d]
AlorsLeZin13 checks
LabriBusse bets 1995
AlorsLeZin13 calls 1995
*** RIVER *** [Tc 3d 2d 6d][Qc]
AlorsLeZin13 checks
LabriBusse bets 6299
AlorsLeZin13 folds
LabriBusse collected 15989 from pot
*** SUMMARY ***
Total pot 15989 | No rake
Board: [Tc 3d 2d 6d Qc]
Seat 1: LabriBusse (button) won 15989


Winamax Poker - Tournament "FLIPPER" buyIn: 18€ + 2€ level: 9 - HandId: #3196803428961484830-75-1707947580 - Holdem no limit (100/400/800) - 2024/02/14 21:53:00 UTC
Table: 'FLIPPER(744313800)#029' 6-max (real money) Seat #2 is the button
Seat 1: LabriBusse (21522, 9€ bounty)
Seat 2: torresmo123 (10762, 31.50€ bounty)
Seat 3: MrRikeMourze (41224, 9€ bounty)
Seat 4: thimon61 (67020, 9€ bounty)
Seat 5: AlorsLeZin13 (115958, 18€ bounty)
Seat 6: Xterrigg (25566, 9€ bounty)
*** ANTE/BLINDS ***
MrRikeMourze posts ante 100
thimon61 posts ante 100
LabriBusse posts ante 100
torresmo123 posts ante 100
AlorsLeZin13 posts ante 100
Xterrigg posts ante 100
MrRikeMourze posts small blind 400
thimon61 posts big blind 800
Dealt to torresmo123 [6c 6h]
*** PRE-FLOP *** 
AlorsLeZin13 folds
Xterrigg raises 800 to 1600
LabriBusse calls 1600
torresmo123 raises 9062 to 10662 and is all-in
MrRikeMourze folds
thimon61 folds
Xterrigg raises 14804 to 25466 and is all-in
LabriBusse folds
*** FLOP *** [6s Td 5s]
*** TURN *** [6s Td 5s][9s]
*** RIVER *** [6s Td 5s 9s][Kd]
*** SHOW DOWN ***
torresmo123 shows [6c 6h] (Trips of 6)
Xterrigg shows [As 9c] (One pair : 9)
Xterrigg collected 14804 from side pot 1
torresmo123 collected 24724 from main pot
*** SUMMARY ***
Total pot 39528 | No rake
Board: [6s Td 5s 9s Kd]
Seat 2: torresmo123 (button) showed [6c 6h] and won 24724 with Trips of 6
Seat 6: Xterrigg showed [As 9c] and won 14804 with One pair : 9


Winamax Poker - Tournament "FLIPPER" buyIn: 18€ + 2€ level: 9 - HandId: #3196803428961484830-76-1707947608 - Holdem no limit (100/400/800) - 2024/02/14 21:53:28 UTC
Table: 'FLIPPER(744313800)#029' 6-max (real money) Seat #3 is the button
Seat 1: LabriBusse (19822, 9€ bounty)
Seat 2: torresmo123 (24724, 31.50€ bounty)
Seat 3: MrRikeMourze (40724, 9€ bounty)
Seat 4: thimon61 (66120, 9€ bounty)
Seat 5: AlorsLeZin13 (115858, 18€ bounty)
Seat 6: Xterrigg (14804, 9€ bounty)
*** ANTE/BLINDS ***
thimon61 posts ante 100
AlorsLeZin13 posts ante 100
LabriBusse posts ante 100
torresmo123 posts ante 100
MrRikeMourze posts ante 100
Xterrigg posts ante 100
thimon61 posts small blind 400
AlorsLeZin13 posts big blind 800
Dealt to torresmo123 [5c 5h]
*** PRE-FLOP *** 
Xterrigg folds
LabriBusse folds
torresmo123 raises 880 to 1680
MrRikeMourze folds
thimon61 calls 1280
AlorsLeZin13 raises 8960 to 10640
torresmo123 folds
thimon61 folds
AlorsLeZin13 collected 14600 from pot
*** SUMMARY ***
Total pot 14600 | No rake
Seat 5: AlorsLeZin13 (big blind) won 14600


Winamax Poker - Tournament "FLIPPER" buyIn: 18€ + 2€ level: 10 - HandId: #3196803428961484830-77-1707947642 - Holdem no limit (120/500/1000) - 2024/02/14 21:54:02 UTC
Table: 'FLIPPER(744313800)#029' 6-max (real money) Seat #4 is the button
Seat 1: LabriBusse (19722, 9€ bounty)
Seat 2: torresmo123 (22944, 31.50€ bounty)
Seat 3: MrRikeMourze (40624, 9€ bounty)
Seat 4: thimon61 (64340, 9€ bounty)
Seat 5: AlorsLeZin13 (119718, 18€ bounty)
Seat 6: Xterrigg (14704, 9€ bounty)
*** ANTE/BLINDS ***
AlorsLeZin13 posts ante 120
Xterrigg posts ante 120
LabriBusse posts ante 120
torresmo123 posts ante 120
MrRikeMourze posts ante 120
thimon61 posts ante 120
AlorsLeZin13 posts small blind 500
Xterrigg posts big blind 1000
Dealt to torresmo123 [4c 2h]
*** PRE-FLOP *** 
LabriBusse folds
torresmo123 folds
MrRikeMourze folds
thimon61 raises 1000 to 2000
AlorsLeZin13 folds
Xterrigg raises 12584 to 14584 and is all-in
thimon61 calls 12584
*** FLOP *** [Kd 8s Qs]
*** TURN *** [Kd 8s Qs][9d]
*** RIVER *** [Kd 8s Qs 9d][8c]
*** SHOW DOWN ***
thimon61 shows [6c 6h] (Two pairs : 8 and 6)
Xterrigg shows [Ac 8h] (Trips of 8)
Xterrigg collected 30388 from pot
*** SUMMARY ***
Total pot 30388 | No rake
Board: [Kd 8s Qs 9d 8c]
Seat 4: thimon61 (button) showed [6c 6h] and lost with Two pairs : 8 and 6
Seat 6: Xterrigg (big blind) showed [Ac 8h] and won 30388 with Trips of 8


Winamax Poker - Tournament "FLIPPER" buyIn: 18€ + 2€ level: 10 - HandId: #3196803428961484830-78-1707947667 - Holdem no limit (120/500/1000) - 2024/02/14 21:54:27 UTC
Table: 'FLIPPER(744313800)#029' 6-max (real money) Seat #5 is the button
Seat 1: LabriBusse (19602, 9€ bounty)
Seat 2: torresmo123 (22824, 31.50€ bounty)
Seat 3: MrRikeMourze (40504, 9€ bounty)
Seat 4: thimon61 (49636, 9€ bounty)
Seat 5: AlorsLeZin13 (119098, 18€ bounty)
Seat 6: Xterrigg (30388, 9€ bounty)
*** ANTE/BLINDS ***
Xterrigg posts ante 120
LabriBusse posts ante 120
torresmo123 posts ante 120
MrRikeMourze posts ante 120
thimon61 posts ante 120
AlorsLeZin13 posts ante 120
Xterrigg posts small blind 500
LabriBusse posts big blind 1000
Dealt to torresmo123 [Kd 3s]
*** PRE-FLOP *** 
torresmo123 folds
MrRikeMourze folds
thimon61 folds
AlorsLeZin13 calls 1000
Xterrigg calls 500
LabriBusse checks
*** FLOP *** [4d Qh 6h]
Xterrigg checks
LabriBusse bets 1000
AlorsLeZin13 calls 1000
Xterrigg calls 1000
*** TURN *** [4d Qh 6h][7c]
Xterrigg checks
LabriBusse checks
AlorsLeZin13 checks
*** RIVER *** [4d Qh 6h 7c][9h]
Xterrigg checks
LabriBusse checks
AlorsLeZin13 checks
*** SHOW DOWN ***
AlorsLeZin13 shows [2d 3d] (High card : Queen)
LabriBusse shows [6d Js] (One pair : 6)
Xterrigg shows [Jc 6c] (One pair : 6)
Xterrigg collected 3360 from pot
LabriBusse collected 3360 from pot
*** SUMMARY ***
Total pot 6720 | No rake
Board: [4d Qh 6h 7c 9h]
Seat 1: LabriBusse (big blind) showed [6d Js] and won 3360 with One pair : 6
Seat 5: AlorsLeZin13 (button) showed [2d 3d] and lost with High card : Queen
Seat 6: Xterrigg (small blind) showed [Jc 6c] and won 3360 with One pair : 6


Winamax Poker - Tournament "FLIPPER" buyIn: 18€ + 2€ level: 10 - HandId: #3196803428961484830-79-1707948060 - Holdem no limit (120/500/1000) - 2024/02/14 22:01:00 UTC
Table: 'FLIPPER(744313800)#029' 6-max (real money) Seat #6 is the button
Seat 1: LabriBusse (20842, 9€ bounty)
Seat 2: torresmo123 (22704, 31.50€ bounty)
Seat 3: MrRikeMourze (40384, 9€ bounty)
Seat 4: thimon61 (49516, 9€ bounty)
Seat 5: AlorsLeZin13 (116978, 18€ bounty)
Seat 6: Xterrigg (31628, 9€ bounty)
*** ANTE/BLINDS ***
LabriBusse posts ante 120
torresmo123 posts ante 120
MrRikeMourze posts ante 120
thimon61 posts ante 120
AlorsLeZin13 posts ante 120
Xterrigg posts ante 120
LabriBusse posts small blind 500
torresmo123 posts big blind 1000
Dealt to torresmo123 [5h Kh]
*** PRE-FLOP *** 
MrRikeMourze folds
thimon61 folds
AlorsLeZin13 raises 1500 to 2500
Xterrigg folds
LabriBusse folds
torresmo123 calls 1500
*** FLOP *** [4c 7s 5c]
torresmo123 checks
AlorsLeZin13 bets 2000
torresmo123 calls 2000
*** TURN *** [4c 7s 5c][Tc]
torresmo123 checks
AlorsLeZin13 checks
*** RIVER *** [4c 7s 5c Tc][9c]
torresmo123 bets 8687
AlorsLeZin13 folds
torresmo123 collected 18907 from pot
*** SUMMARY ***
Total pot 18907 | No rake
Board: [4c 7s 5c Tc 9c]
Seat 2: torresmo123 (big blind) won 18907


Winamax Poker - Tournament "FLIPPER" buyIn: 18€ + 2€ level: 10 - HandId: #3196803428961484830-80-1707948139 - Holdem no limit (120/500/1000) - 2024/02/14 22:02:19 UTC
Table: 'FLIPPER(744313800)#029' 6-max (real money) Seat #1 is the button
Seat 1: LabriBusse (20222, 9€ bounty)
Seat 2: torresmo123 (28304, 31.50€ bounty)
Seat 3: MrRikeMourze (40264, 9€ bounty)
Seat 4: thimon61 (49396, 9€ bounty)
Seat 5: AlorsLeZin13 (112358, 18€ bounty)
Seat 6: Xterrigg (31508, 9€ bounty)
*** ANTE/BLINDS ***
torresmo123 posts ante 120
MrRikeMourze posts ante 120
LabriBusse posts ante 120
thimon61 posts ante 120
AlorsLeZin13 posts ante 120
Xterrigg posts ante 120
torresmo123 posts small blind 500
MrRikeMourze posts big blind 1000
Dealt to torresmo123 [Ad 4s]
*** PRE-FLOP *** 
thimon61 folds
AlorsLeZin13 folds
Xterrigg folds
LabriBusse calls 1000
torresmo123 calls 500
MrRikeMourze checks
*** FLOP *** [Qd Ts Qs]
torresmo123 checks
MrRikeMourze bets 1302
LabriBusse calls 1302
torresmo123 folds
*** TURN *** [Qd Ts Qs][Td]
MrRikeMourze checks
LabriBusse checks
*** RIVER *** [Qd Ts Qs Td][5s]
MrRikeMourze bets 2213
LabriBusse folds
MrRikeMourze collected 8537 from pot
*** SUMMARY ***
Total pot 8537 | No rake
Board: [Qd Ts Qs Td 5s]
Seat 3: MrRikeMourze (big blind) won 8537


Winamax Poker - Tournament "FLIPPER" buyIn: 18€ + 2€ level: 10 - HandId: #3196803428961484830-81-1707948239 - Holdem no limit (120/500/1000) - 2024/02/14 22:03:59 UTC
Table: 'FLIPPER(744313800)#029' 6-max (real money) Seat #2 is the button
Seat 1: LabriBusse (17800, 9€ bounty)
Seat 2: torresmo123 (27184, 31.50€ bounty)
Seat 3: MrRikeMourze (44166, 9€ bounty)
Seat 4: thimon61 (49276, 9€ bounty)
Seat 5: AlorsLeZin13 (112238, 18€ bounty)
Seat 6: Xterrigg (31388, 9€ bounty)
*** ANTE/BLINDS ***
MrRikeMourze posts ante 120
thimon61 posts ante 120
LabriBusse posts ante 120
torresmo123 posts ante 120
AlorsLeZin13 posts ante 120
Xterrigg posts ante 120
MrRikeMourze posts small blind 500
thimon61 posts big blind 1000
Dealt to torresmo123 [Ts 2d]
*** PRE-FLOP *** 
AlorsLeZin13 raises 1500 to 2500
Xterrigg folds
LabriBusse folds
torresmo123 folds
MrRikeMourze folds
thimon61 folds
AlorsLeZin13 collected 4720 from pot
*** SUMMARY ***
Total pot 4720 | No rake
Seat 5: AlorsLeZin13 won 4720


Winamax Poker - Tournament "FLIPPER" buyIn: 18€ + 2€ level: 10 - HandId: #3196803428961484830-82-1707948260 - Holdem no limit (120/500/1000) - 2024/02/14 22:04:20 UTC
Table: 'FLIPPER(744313800)#029' 6-max (real money) Seat #3 is the button
Seat 1: LabriBusse (17680, 9€ bounty)
Seat 2: torresmo123 (27064, 31.50€ bounty)
Seat 3: MrRikeMourze (43546, 9€ bounty)
Seat 4: thimon61 (48156, 9€ bounty)
Seat 5: AlorsLeZin13 (114338, 18€ bounty)
Seat 6: Xterrigg (31268, 9€ bounty)
*** ANTE/BLINDS ***
thimon61 posts ante 120
AlorsLeZin13 posts ante 120
LabriBusse posts ante 120
torresmo123 posts ante 120
MrRikeMourze posts ante 120
Xterrigg posts ante 120
thimon61 posts small blind 500
AlorsLeZin13 posts big blind 1000
Dealt to torresmo123 [4h Jd]
*** PRE-FLOP *** 
Xterrigg raises 1000 to 2000
LabriBusse folds
torresmo123 folds
MrRikeMourze folds
thimon61 calls 1500
AlorsLeZin13 calls 1000
*** FLOP *** [Ks Th 5c]
thimon61 checks
AlorsLeZin13 checks
Xterrigg bets 3696
thimon61 calls 3696
AlorsLeZin13 folds
*** TURN *** [Ks Th 5c][8c]
thimon61 checks
Xterrigg bets 10866
thimon61 folds
Xterrigg collected 24978 from pot
*** SUMMARY ***
Total pot 24978 | No rake
Board: [Ks Th 5c 8c]
Seat 6: Xterrigg won 24978


Winamax Poker - Tournament "FLIPPER" buyIn: 18€ + 2€ level: 10 - HandId: #3196803428961484830-83-1707948310 - Holdem no limit (120/500/1000) - 2024/02/14 22:05:10 UTC
Table: 'FLIPPER(744313800)#029' 6-max (real money) Seat #4 is the button
Seat 1: LabriBusse (17560, 9€ bounty)
Seat 2: torresmo123 (26944, 31.50€ bounty)
Seat 3: MrRikeMourze (43426, 9€ bounty)
Seat 4: thimon61 (42340, 9€ bounty)
Seat 5: AlorsLeZin13 (112218, 18€ bounty)
Seat 6: Xterrigg (39564, 9€ bounty)
*** ANTE/BLINDS ***
AlorsLeZin13 posts ante 120
Xterrigg posts ante 120
LabriBusse posts ante 120
torresmo123 posts ante 120
MrRikeMourze posts ante 120
thimon61 posts ante 120
AlorsLeZin13 posts small blind 500
Xterrigg posts big blind 1000
Dealt to torresmo123 [Kc 7h]
*** PRE-FLOP *** 
LabriBusse folds
torresmo123 folds
MrRikeMourze folds
thimon61 folds
AlorsLeZin13 calls 500
Xterrigg raises 2500 to 3500
AlorsLeZin13 calls 2500
*** FLOP *** [Js 6s 8d]
AlorsLeZin13 checks
Xterrigg bets 2000
AlorsLeZin13 calls 2000
*** TURN *** [Js 6s 8d][4c]
AlorsLeZin13 checks
Xterrigg checks
*** RIVER *** [Js 6s 8d 4c][Jd]
AlorsLeZin13 bets 3000
Xterrigg calls 3000
*** SHOW DOWN ***
Xterrigg shows [2d Qs] (One pair : Jacks)
AlorsLeZin13 shows [8h Qd] (Two pairs : Jacks and 8)
AlorsLeZin13 collected 17720 from pot
*** SUMMARY ***
Total pot 17720 | No rake
Board: [Js 6s 8d 4c Jd]
Seat 5: AlorsLeZin13 (small blind) showed [8h Qd] and won 17720 with Two pairs : Jacks and 8
Seat 6: Xterrigg (big blind) showed [2d Qs] and lost with One pair : Jacks


Winamax Poker - Tournament "FLIPPER" buyIn: 18€ + 2€ level: 11 - HandId: #3196803428961484830-84-1707948379 - Holdem no limit (140/600/1200) - 2024/02/14 22:06:19 UTC
Table: 'FLIPPER(744313800)#029' 6-max (real money) Seat #5 is the button
Seat 1: LabriBusse (17440, 9€ bounty)
Seat 2: torresmo123 (26824, 31.50€ bounty)
Seat 3: MrRikeMourze (43306, 9€ bounty)
Seat 4: thimon61 (42220, 9€ bounty)
Seat 5: AlorsLeZin13 (121318, 18€ bounty)
Seat 6: Xterrigg (30944, 9€ bounty)
*** ANTE/BLINDS ***
Xterrigg posts ante 140
LabriBusse posts ante 140
torresmo123 posts ante 140
MrRikeMourze posts ante 140
thimon61 posts ante 140
AlorsLeZin13 posts ante 140
Xterrigg posts small blind 600
LabriBusse posts big blind 1200
Dealt to torresmo123 [8c Ts]
*** PRE-FLOP *** 
torresmo123 folds
MrRikeMourze raises 1440 to 2640
thimon61 folds
AlorsLeZin13 calls 2640
Xterrigg folds
LabriBusse folds
*** FLOP *** [6d 9h 9c]
MrRikeMourze bets 5148
AlorsLeZin13 folds
MrRikeMourze collected 13068 from pot
*** SUMMARY ***
Total pot 13068 | No rake
Board: [6d 9h 9c]
Seat 3: MrRikeMourze won 13068


Winamax Poker - Tournament "FLIPPER" buyIn: 18€ + 2€ level: 11 - HandId: #3196803428961484830-85-1707948410 - Holdem no limit (140/600/1200) - 2024/02/14 22:06:50 UTC
Table: 'FLIPPER(744313800)#029' 6-max (real money) Seat #6 is the button
Seat 1: LabriBusse (16100, 9€ bounty)
Seat 2: torresmo123 (26684, 31.50€ bounty)
Seat 3: MrRikeMourze (48446, 9€ bounty)
Seat 4: thimon61 (42080, 9€ bounty)
Seat 5: AlorsLeZin13 (118538, 18€ bounty)
Seat 6: Xterrigg (30204, 9€ bounty)
*** ANTE/BLINDS ***
LabriBusse posts ante 140
torresmo123 posts ante 140
MrRikeMourze posts ante 140
thimon61 posts ante 140
AlorsLeZin13 posts ante 140
Xterrigg posts ante 140
LabriBusse posts small blind 600
torresmo123 posts big blind 1200
Dealt to torresmo123 [6h 5d]
*** PRE-FLOP *** 
MrRikeMourze folds
thimon61 raises 1200 to 2400
AlorsLeZin13 calls 2400
Xterrigg folds
LabriBusse folds
torresmo123 calls 1200
*** FLOP *** [Ad 7h Kc]
torresmo123 checks
thimon61 bets 3024
AlorsLeZin13 folds
torresmo123 folds
thimon61 collected 11664 from pot
*** SUMMARY ***
Total pot 11664 | No rake
Board: [Ad 7h Kc]
Seat 4: thimon61 won 11664


Winamax Poker - Tournament "FLIPPER" buyIn: 18€ + 2€ level: 11 - HandId: #3196803428961484830-86-1707948439 - Holdem no limit (140/600/1200) - 2024/02/14 22:07:19 UTC
Table: 'FLIPPER(744313800)#029' 6-max (real money) Seat #1 is the button
Seat 1: LabriBusse (15360, 9€ bounty)
Seat 2: torresmo123 (24144, 31.50€ bounty)
Seat 3: MrRikeMourze (48306, 9€ bounty)
Seat 4: thimon61 (48180, 9€ bounty)
Seat 5: AlorsLeZin13 (115998, 18€ bounty)
Seat 6: Xterrigg (30064, 9€ bounty)
*** ANTE/BLINDS ***
torresmo123 posts ante 140
MrRikeMourze posts ante 140
LabriBusse posts ante 140
thimon61 posts ante 140
AlorsLeZin13 posts ante 140
Xterrigg posts ante 140
torresmo123 posts small blind 600
MrRikeMourze posts big blind 1200
Dealt to torresmo123 [8d Td]
*** PRE-FLOP *** 
thimon61 folds
AlorsLeZin13 folds
Xterrigg raises 1200 to 2400
LabriBusse folds
torresmo123 calls 1800
MrRikeMourze calls 1200
*** FLOP *** [5s Ah 3h]
torresmo123 checks
MrRikeMourze checks
Xterrigg bets 4422
torresmo123 folds
MrRikeMourze folds
Xterrigg collected 12462 from pot
*** SUMMARY ***
Total pot 12462 | No rake
Board: [5s Ah 3h]
Seat 6: Xterrigg won 12462


Winamax Poker - Tournament "FLIPPER" buyIn: 18€ + 2€ level: 11 - HandId: #3196803428961484830-87-1707948496 - Holdem no limit (140/600/1200) - 2024/02/14 22:08:16 UTC
Table: 'FLIPPER(744313800)#029' 6-max (real money) Seat #2 is the button
Seat 1: LabriBusse (15220, 9€ bounty)
Seat 2: torresmo123 (21604, 31.50€ bounty)
Seat 3: MrRikeMourze (45766, 9€ bounty)
Seat 4: thimon61 (48040, 9€ bounty)
Seat 5: AlorsLeZin13 (115858, 18€ bounty)
Seat 6: Xterrigg (35564, 9€ bounty)
*** ANTE/BLINDS ***
MrRikeMourze posts ante 140
thimon61 posts ante 140
LabriBusse posts ante 140
torresmo123 posts ante 140
AlorsLeZin13 posts ante 140
Xterrigg posts ante 140
MrRikeMourze posts small blind 600
thimon61 posts big blind 1200
Dealt to torresmo123 [9d 3s]
*** PRE-FLOP *** 
AlorsLeZin13 raises 1800 to 3000
Xterrigg folds
LabriBusse folds
torresmo123 folds
MrRikeMourze folds
thimon61 calls 1800
*** FLOP *** [Qc Ac Qh]
thimon61 checks
AlorsLeZin13 checks
*** TURN *** [Qc Ac Qh][Kd]
thimon61 bets 4836
AlorsLeZin13 calls 4836
*** RIVER *** [Qc Ac Qh Kd][2c]
thimon61 checks
AlorsLeZin13 bets 5400
thimon61 calls 5400
*** SHOW DOWN ***
AlorsLeZin13 shows [Jh As] (Two pairs : Aces and Queens)
thimon61 shows [Qd 9s] (Trips of Queens)
thimon61 collected 27912 from pot
*** SUMMARY ***
Total pot 27912 | No rake
Board: [Qc Ac Qh Kd 2c]
Seat 4: thimon61 (big blind) showed [Qd 9s] and won 27912 with Trips of Queens
Seat 5: AlorsLeZin13 showed [Jh As] and lost with Two pairs : Aces and Queens


Winamax Poker - Tournament "FLIPPER" buyIn: 18€ + 2€ level: 11 - HandId: #3196803428961484830-88-1707948538 - Holdem no limit (140/600/1200) - 2024/02/14 22:08:58 UTC
Table: 'FLIPPER(744313800)#029' 6-max (real money) Seat #3 is the button
Seat 1: LabriBusse (15080, 9€ bounty)
Seat 2: torresmo123 (21464, 31.50€ bounty)
Seat 3: MrRikeMourze (45026, 9€ bounty)
Seat 4: thimon61 (62576, 9€ bounty)
Seat 5: AlorsLeZin13 (102482, 18€ bounty)
Seat 6: Xterrigg (35424, 9€ bounty)
*** ANTE/BLINDS ***
thimon61 posts ante 140
AlorsLeZin13 posts ante 140
LabriBusse posts ante 140
torresmo123 posts ante 140
MrRikeMourze posts ante 140
Xterrigg posts ante 140
thimon61 posts small blind 600
AlorsLeZin13 posts big blind 1200
Dealt to torresmo123 [6d 6h]
*** PRE-FLOP *** 
Xterrigg raises 1200 to 2400
LabriBusse folds
torresmo123 raises 18924 to 21324 and is all-in
MrRikeMourze folds
thimon61 folds
AlorsLeZin13 calls 20124
Xterrigg calls 18924
*** FLOP *** [Kh 3s 9c]
AlorsLeZin13 checks
Xterrigg checks
*** TURN *** [Kh 3s 9c][2d]
AlorsLeZin13 bets 13800
Xterrigg folds
*** RIVER *** [Kh 3s 9c 2d][Ts]
*** SHOW DOWN ***
torresmo123 shows [6d 6h] (One pair : 6)
AlorsLeZin13 shows [5c Ac] (High card : Ace)
AlorsLeZin13 collected 13800 from side pot 1
torresmo123 collected 65412 from main pot
*** SUMMARY ***
Total pot 79212 | No rake
Board: [Kh 3s 9c 2d Ts]
Seat 2: torresmo123 showed [6d 6h] and won 65412 with One pair : 6
Seat 5: AlorsLeZin13 (big blind) showed [5c Ac] and won 13800 with High card : Ace


Winamax Poker - Tournament "FLIPPER" buyIn: 18€ + 2€ level: 11 - HandId: #3196803428961484830-89-1707948580 - Holdem no limit (140/600/1200) - 2024/02/14 22:09:40 UTC
Table: 'FLIPPER(744313800)#029' 6-max (real money) Seat #4 is the button
Seat 1: LabriBusse (14940, 9€ bounty)
Seat 2: torresmo123 (65412, 31.50€ bounty)
Seat 3: MrRikeMourze (44886, 9€ bounty)
Seat 4: thimon61 (61836, 9€ bounty)
Seat 5: AlorsLeZin13 (81018, 18€ bounty)
Seat 6: Xterrigg (13960, 9€ bounty)
*** ANTE/BLINDS ***
AlorsLeZin13 posts ante 140
Xterrigg posts ante 140
LabriBusse posts ante 140
torresmo123 posts ante 140
MrRikeMourze posts ante 140
thimon61 posts ante 140
AlorsLeZin13 posts small blind 600
Xterrigg posts big blind 1200
Dealt to torresmo123 [Qh 4d]
*** PRE-FLOP *** 
LabriBusse raises 13600 to 14800 and is all-in
torresmo123 folds
MrRikeMourze folds
thimon61 folds
AlorsLeZin13 folds
Xterrigg calls 12620 and is all-in
*** FLOP *** [7d Tc 5s]
*** TURN *** [7d Tc 5s][9h]
*** RIVER *** [7d Tc 5s 9h][2c]
*** SHOW DOWN ***
LabriBusse shows [Ac 8d] (High card : Ace)
Xterrigg shows [As Kh] (High card : Ace)
Xterrigg collected 29080 from main pot
LabriBusse collected 980 from side pot 1
*** SUMMARY ***
Total pot 30060 | No rake
Board: [7d Tc 5s 9h 2c]
Seat 1: LabriBusse showed [Ac 8d] and won 980 with High card : Ace
Seat 6: Xterrigg (big blind) showed [As Kh] and won 29080 with High card : Ace


Winamax Poker - Tournament "FLIPPER" buyIn: 18€ + 2€ level: 11 - HandId: #3196803428961484807-106-1707948664 - Holdem no limit (140/600/1200) - 2024/02/14 22:11:04 UTC
Table: 'FLIPPER(744313800)#006' 6-max (real money) Seat #5 is the button
Seat 1: torresmo123 (65272, 31.50€ bounty)
Seat 2: Hazee- (23340, 9€ bounty)
Seat 3: eganomakeup8 (83604, 18€ bounty)
Seat 4: KeanuRiver (21078, 13.50€ bounty)
Seat 5: BadFlying (35489, 13.50€ bounty)
Seat 6: TottiStarK (108201, 22.50€ bounty)
*** ANTE/BLINDS ***
TottiStarK posts ante 140
torresmo123 posts ante 140
Hazee- posts ante 140
eganomakeup8 posts ante 140
KeanuRiver posts ante 140
BadFlying posts ante 140
TottiStarK posts small blind 600
torresmo123 posts big blind 1200
Dealt to torresmo123 [5d 3c]
*** PRE-FLOP *** 
Hazee- folds
eganomakeup8 folds
KeanuRiver raises 19738 to 20938 and is all-in
BadFlying raises 14411 to 35349 and is all-in
TottiStarK folds
torresmo123 folds
*** FLOP *** [2s Qc 9h]
*** TURN *** [2s Qc 9h][Jh]
*** RIVER *** [2s Qc 9h Jh][6d]
*** SHOW DOWN ***
KeanuRiver shows [7d 7c] (One pair : 7)
BadFlying shows [Tc Td] (One pair : Tens)
BadFlying collected 58927 from pot
*** SUMMARY ***
Total pot 58927 | No rake
Board: [2s Qc 9h Jh 6d]
Seat 4: KeanuRiver showed [7d 7c] and lost with One pair : 7
Seat 5: BadFlying (button) showed [Tc Td] and won 58927 with One pair : Tens


Winamax Poker - Tournament "FLIPPER" buyIn: 18€ + 2€ level: 11 - HandId: #3196803428961484807-107-1707948691 - Holdem no limit (140/600/1200) - 2024/02/14 22:11:31 UTC
Table: 'FLIPPER(744313800)#006' 6-max (real money) Seat #6 is the button
Seat 1: torresmo123 (63932, 31.50€ bounty)
Seat 2: Hazee- (23200, 9€ bounty)
Seat 3: eganomakeup8 (83464, 18€ bounty)
Seat 5: BadFlying (58927, 20.25€ bounty)
Seat 6: TottiStarK (107461, 22.50€ bounty)
*** ANTE/BLINDS ***
torresmo123 posts ante 140
Hazee- posts ante 140
eganomakeup8 posts ante 140
BadFlying posts ante 140
TottiStarK posts ante 140
torresmo123 posts small blind 600
Hazee- posts big blind 1200
Dealt to torresmo123 [Jh 7c]
*** PRE-FLOP *** 
eganomakeup8 raises 1200 to 2400
BadFlying folds
TottiStarK folds
torresmo123 folds
Hazee- calls 1200
*** FLOP *** [Js 3d Ac]
Hazee- checks
eganomakeup8 bets 2135
Hazee- folds
eganomakeup8 collected 8235 from pot
*** SUMMARY ***
Total pot 8235 | No rake
Board: [Js 3d Ac]
Seat 3: eganomakeup8 won 8235


Winamax Poker - Tournament "FLIPPER" buyIn: 18€ + 2€ level: 12 - HandId: #3196803428961484807-108-1707948735 - Holdem no limit (160/700/1400) - 2024/02/14 22:12:15 UTC
Table: 'FLIPPER(744313800)#006' 6-max (real money) Seat #1 is the button
Seat 1: torresmo123 (63192, 31.50€ bounty)
Seat 2: Hazee- (20660, 9€ bounty)
Seat 3: eganomakeup8 (87024, 18€ bounty)
Seat 5: BadFlying (58787, 20.25€ bounty)
Seat 6: TottiStarK (107321, 22.50€ bounty)
*** ANTE/BLINDS ***
Hazee- posts ante 160
eganomakeup8 posts ante 160
torresmo123 posts ante 160
BadFlying posts ante 160
TottiStarK posts ante 160
Hazee- posts small blind 700
eganomakeup8 posts big blind 1400
Dealt to torresmo123 [7c 5h]
*** PRE-FLOP *** 
BadFlying folds
TottiStarK folds
torresmo123 folds
Hazee- raises 19100 to 20500 and is all-in
eganomakeup8 folds
Hazee- collected 22700 from pot
*** SUMMARY ***
Total pot 22700 | No rake
Seat 2: Hazee- (small blind) won 22700


Winamax Poker - Tournament "FLIPPER" buyIn: 18€ + 2€ level: 12 - HandId: #3196803428961484807-109-1707948773 - Holdem no limit (160/700/1400) - 2024/02/14 22:12:53 UTC
Table: 'FLIPPER(744313800)#006' 6-max (real money) Seat #2 is the button
Seat 1: torresmo123 (63032, 31.50€ bounty)
Seat 2: Hazee- (22700, 9€ bounty)
Seat 3: eganomakeup8 (85464, 18€ bounty)
Seat 5: BadFlying (58627, 20.25€ bounty)
Seat 6: TottiStarK (107161, 22.50€ bounty)
*** ANTE/BLINDS ***
eganomakeup8 posts ante 160
BadFlying posts ante 160
torresmo123 posts ante 160
Hazee- posts ante 160
TottiStarK posts ante 160
eganomakeup8 posts small blind 700
BadFlying posts big blind 1400
Dealt to torresmo123 [Ac 6c]
*** PRE-FLOP *** 
TottiStarK folds
torresmo123 raises 1540 to 2940
Hazee- folds
eganomakeup8 folds
BadFlying calls 1540
*** FLOP *** [4s Ad 5d]
BadFlying checks
torresmo123 bets 2435
BadFlying folds
torresmo123 collected 9815 from pot
*** SUMMARY ***
Total pot 9815 | No rake
Board: [4s Ad 5d]
Seat 1: torresmo123 won 9815


Winamax Poker - Tournament "FLIPPER" buyIn: 18€ + 2€ level: 12 - HandId: #3196803428961484807-110-1707948839 - Holdem no limit (160/700/1400) - 2024/02/14 22:13:59 UTC
Table: 'FLIPPER(744313800)#006' 6-max (real money) Seat #3 is the button
Seat 1: torresmo123 (67312, 31.50€ bounty)
Seat 2: Hazee- (22540, 9€ bounty)
Seat 3: eganomakeup8 (84604, 18€ bounty)
Seat 4: Elsa D0RSA (67435, 9€ bounty)
Seat 5: BadFlying (55527, 20.25€ bounty)
Seat 6: TottiStarK (107001, 22.50€ bounty)
*** ANTE/BLINDS ***
BadFlying posts ante 160
TottiStarK posts ante 160
torresmo123 posts ante 160
Hazee- posts ante 160
eganomakeup8 posts ante 160
BadFlying posts small blind 700
TottiStarK posts big blind 1400
Dealt to torresmo123 [Js 9d]
*** PRE-FLOP *** 
torresmo123 folds
Hazee- raises 1400 to 2800
eganomakeup8 folds
BadFlying calls 2100
TottiStarK raises 104041 to 106841 and is all-in
Hazee- folds
BadFlying folds
TottiStarK collected 113241 from pot
*** SUMMARY ***
Total pot 113241 | No rake
Seat 6: TottiStarK (big blind) won 113241


Winamax Poker - Tournament "FLIPPER" buyIn: 18€ + 2€ level: 12 - HandId: #3196803428961484807-111-1707948893 - Holdem no limit (160/700/1400) - 2024/02/14 22:14:53 UTC
Table: 'FLIPPER(744313800)#006' 6-max (real money) Seat #5 is the button
Seat 1: torresmo123 (67152, 31.50€ bounty)
Seat 2: Hazee- (19580, 9€ bounty)
Seat 3: eganomakeup8 (84444, 18€ bounty)
Seat 4: Elsa D0RSA (67435, 9€ bounty)
Seat 5: BadFlying (52567, 20.25€ bounty)
Seat 6: TottiStarK (113241, 22.50€ bounty)
*** ANTE/BLINDS ***
TottiStarK posts ante 160
torresmo123 posts ante 160
Hazee- posts ante 160
eganomakeup8 posts ante 160
Elsa D0RSA posts ante 160
BadFlying posts ante 160
TottiStarK posts small blind 700
torresmo123 posts big blind 1400
Dealt to torresmo123 [7s 4h]
*** PRE-FLOP *** 
Hazee- folds
eganomakeup8 folds
Elsa D0RSA folds
BadFlying folds
TottiStarK raises 2800 to 4200
torresmo123 calls 2800
*** FLOP *** [6c Ac 2s]
TottiStarK bets 2120
torresmo123 raises 4180 to 6300
TottiStarK folds
torresmo123 collected 17780 from pot
*** SUMMARY ***
Total pot 17780 | No rake
Board: [6c Ac 2s]
Seat 1: torresmo123 (big blind) won 17780


Winamax Poker - Tournament "FLIPPER" buyIn: 18€ + 2€ level: 12 - HandId: #3196803428961484807-112-1707948949 - Holdem no limit (160/700/1400) - 2024/02/14 22:15:49 UTC
Table: 'FLIPPER(744313800)#006' 6-max (real money) Seat #6 is the button
Seat 1: torresmo123 (74272, 31.50€ bounty)
Seat 2: Hazee- (19420, 9€ bounty)
Seat 3: eganomakeup8 (84284, 18€ bounty)
Seat 4: Elsa D0RSA (67275, 9€ bounty)
Seat 5: BadFlying (52407, 20.25€ bounty)
Seat 6: TottiStarK (106761, 22.50€ bounty)
*** ANTE/BLINDS ***
torresmo123 posts ante 160
Hazee- posts ante 160
eganomakeup8 posts ante 160
Elsa D0RSA posts ante 160
BadFlying posts ante 160
TottiStarK posts ante 160
torresmo123 posts small blind 700
Hazee- posts big blind 1400
Dealt to torresmo123 [Th 3c]
*** PRE-FLOP *** 
eganomakeup8 raises 1750 to 3150
Elsa D0RSA folds
BadFlying folds
TottiStarK folds
torresmo123 folds
Hazee- raises 16110 to 19260 and is all-in
eganomakeup8 calls 16110
*** FLOP *** [6h 2c 4d]
*** TURN *** [6h 2c 4d][9h]
*** RIVER *** [6h 2c 4d 9h][8h]
*** SHOW DOWN ***
Hazee- shows [Ah 8s] (One pair : 8)
eganomakeup8 shows [As Ac] (One pair : Aces)
eganomakeup8 collected 40180 from pot
*** SUMMARY ***
Total pot 40180 | No rake
Board: [6h 2c 4d 9h 8h]
Seat 2: Hazee- (big blind) showed [Ah 8s] and lost with One pair : 8
Seat 3: eganomakeup8 showed [As Ac] and won 40180 with One pair : Aces


Winamax Poker - Tournament "FLIPPER" buyIn: 18€ + 2€ level: 12 - HandId: #3196803428961484807-113-1707948988 - Holdem no limit (160/700/1400) - 2024/02/14 22:16:28 UTC
Table: 'FLIPPER(744313800)#006' 6-max (real money) Seat #1 is the button
Seat 1: torresmo123 (73412, 31.50€ bounty)
Seat 3: eganomakeup8 (105044, 22.50€ bounty)
Seat 4: Elsa D0RSA (67115, 9€ bounty)
Seat 5: BadFlying (52247, 20.25€ bounty)
Seat 6: TottiStarK (106601, 22.50€ bounty)
*** ANTE/BLINDS ***
eganomakeup8 posts ante 160
torresmo123 posts ante 160
Elsa D0RSA posts ante 160
BadFlying posts ante 160
TottiStarK posts ante 160
eganomakeup8 posts big blind 1400
Dealt to torresmo123 [2h 4h]
*** PRE-FLOP *** 
Elsa D0RSA raises 2100 to 3500
BadFlying folds
TottiStarK folds
torresmo123 folds
eganomakeup8 calls 2100
*** FLOP *** [3d 8s 4s]
eganomakeup8 checks
Elsa D0RSA bets 3900
eganomakeup8 calls 3900
*** TURN *** [3d 8s 4s][Jh]
eganomakeup8 checks
Elsa D0RSA bets 7800
eganomakeup8 folds
Elsa D0RSA collected 23400 from pot
*** SUMMARY ***
Total pot 23400 | No rake
Board: [3d 8s 4s Jh]
Seat 4: Elsa D0RSA won 23400


Winamax Poker - Tournament "FLIPPER" buyIn: 18€ + 2€ level: 12 - HandId: #3196803428961484807-114-1707949022 - Holdem no limit (160/700/1400) - 2024/02/14 22:17:02 UTC
Table: 'FLIPPER(744313800)#006' 6-max (real money) Seat #2 is the button
Seat 1: torresmo123 (73252, 31.50€ bounty)
Seat 3: eganomakeup8 (97484, 22.50€ bounty)
Seat 4: Elsa D0RSA (75155, 9€ bounty)
Seat 5: BadFlying (52087, 20.25€ bounty)
Seat 6: TottiStarK (106441, 22.50€ bounty)
*** ANTE/BLINDS ***
eganomakeup8 posts ante 160
Elsa D0RSA posts ante 160
torresmo123 posts ante 160
BadFlying posts ante 160
TottiStarK posts ante 160
eganomakeup8 posts small blind 700
Elsa D0RSA posts big blind 1400
Dealt to torresmo123 [Th Ac]
*** PRE-FLOP *** 
BadFlying folds
TottiStarK folds
torresmo123 raises 1540 to 2940
eganomakeup8 folds
Elsa D0RSA folds
torresmo123 collected 5840 from pot
*** SUMMARY ***
Total pot 5840 | No rake
Seat 1: torresmo123 won 5840


Winamax Poker - Tournament "FLIPPER" buyIn: 18€ + 2€ level: 12 - HandId: #3196803428961484807-115-1707949041 - Holdem no limit (160/700/1400) - 2024/02/14 22:17:21 UTC
Table: 'FLIPPER(744313800)#006' 6-max (real money) Seat #3 is the button
Seat 1: torresmo123 (75992, 31.50€ bounty)
Seat 3: eganomakeup8 (96624, 22.50€ bounty)
Seat 4: Elsa D0RSA (73595, 9€ bounty)
Seat 5: BadFlying (51927, 20.25€ bounty)
Seat 6: TottiStarK (106281, 22.50€ bounty)
*** ANTE/BLINDS ***
Elsa D0RSA posts ante 160
BadFlying posts ante 160
torresmo123 posts ante 160
eganomakeup8 posts ante 160
TottiStarK posts ante 160
Elsa D0RSA posts small blind 700
BadFlying posts big blind 1400
Dealt to torresmo123 [Ac 3h]
*** PRE-FLOP *** 
TottiStarK folds
torresmo123 folds
eganomakeup8 raises 1400 to 2800
Elsa D0RSA calls 2100
BadFlying folds
*** FLOP *** [6h 3c Ah]
Elsa D0RSA checks
eganomakeup8 bets 4200
Elsa D0RSA folds
eganomakeup8 collected 12000 from pot
*** SUMMARY ***
Total pot 12000 | No rake
Board: [6h 3c Ah]
Seat 3: eganomakeup8 (button) won 12000


Winamax Poker - Tournament "FLIPPER" buyIn: 18€ + 2€ level: 12 - HandId: #3196803428961484807-116-1707949074 - Holdem no limit (160/700/1400) - 2024/02/14 22:17:54 UTC
Table: 'FLIPPER(744313800)#006' 6-max (real money) Seat #4 is the button
Seat 1: torresmo123 (75832, 31.50€ bounty)
Seat 3: eganomakeup8 (101464, 22.50€ bounty)
Seat 4: Elsa D0RSA (70635, 9€ bounty)
Seat 5: BadFlying (50367, 20.25€ bounty)
Seat 6: TottiStarK (106121, 22.50€ bounty)
*** ANTE/BLINDS ***
BadFlying posts ante 160
TottiStarK posts ante 160
torresmo123 posts ante 160
eganomakeup8 posts ante 160
Elsa D0RSA posts ante 160
BadFlying posts small blind 700
TottiStarK posts big blind 1400
Dealt to torresmo123 [5h Jc]
*** PRE-FLOP *** 
torresmo123 folds
eganomakeup8 raises 1400 to 2800
Elsa D0RSA folds
BadFlying raises 47407 to 50207 and is all-in
TottiStarK folds
eganomakeup8 folds
BadFlying collected 55207 from pot
*** SUMMARY ***
Total pot 55207 | No rake
Seat 5: BadFlying (small blind) won 55207


Winamax Poker - Tournament "FLIPPER" buyIn: 18€ + 2€ level: 13 - HandId: #3196803428961484807-117-1707949098 - Holdem no limit (200/800/1600) - 2024/02/14 22:18:18 UTC
Table: 'FLIPPER(744313800)#006' 6-max (real money) Seat #5 is the button
Seat 1: torresmo123 (75672, 31.50€ bounty)
Seat 3: eganomakeup8 (98504, 22.50€ bounty)
Seat 4: Elsa D0RSA (70475, 9€ bounty)
Seat 5: BadFlying (55207, 20.25€ bounty)
Seat 6: TottiStarK (104561, 22.50€ bounty)
*** ANTE/BLINDS ***
TottiStarK posts ante 200
torresmo123 posts ante 200
eganomakeup8 posts ante 200
Elsa D0RSA posts ante 200
BadFlying posts ante 200
TottiStarK posts small blind 800
torresmo123 posts big blind 1600
Dealt to torresmo123 [2s Td]
*** PRE-FLOP *** 
eganomakeup8 folds
Elsa D0RSA raises 1600 to 3200
BadFlying folds
TottiStarK raises 10784 to 13984
torresmo123 folds
Elsa D0RSA folds
TottiStarK collected 19784 from pot
*** SUMMARY ***
Total pot 19784 | No rake
Seat 6: TottiStarK (small blind) won 19784


Winamax Poker - Tournament "FLIPPER" buyIn: 18€ + 2€ level: 13 - HandId: #3196803428961484807-118-1707949136 - Holdem no limit (200/800/1600) - 2024/02/14 22:18:56 UTC
Table: 'FLIPPER(744313800)#006' 6-max (real money) Seat #6 is the button
Seat 1: torresmo123 (73872, 31.50€ bounty)
Seat 2: Brief Hakase (27934, 9€ bounty)
Seat 3: eganomakeup8 (98304, 22.50€ bounty)
Seat 4: Elsa D0RSA (67075, 9€ bounty)
Seat 5: BadFlying (55007, 20.25€ bounty)
Seat 6: TottiStarK (110161, 22.50€ bounty)
*** ANTE/BLINDS ***
torresmo123 posts ante 200
Brief Hakase posts ante 200
eganomakeup8 posts ante 200
Elsa D0RSA posts ante 200
BadFlying posts ante 200
TottiStarK posts ante 200
torresmo123 posts small blind 800
Brief Hakase posts big blind 1600
Dealt to torresmo123 [Qs 4s]
*** PRE-FLOP *** 
eganomakeup8 raises 1600 to 3200
Elsa D0RSA folds
BadFlying calls 3200
TottiStarK raises 10656 to 13856
torresmo123 folds
Brief Hakase folds
eganomakeup8 folds
BadFlying folds
TottiStarK collected 23856 from pot
*** SUMMARY ***
Total pot 23856 | No rake
Seat 6: TottiStarK (button) won 23856


Winamax Poker - Tournament "FLIPPER" buyIn: 18€ + 2€ level: 13 - HandId: #3196803428961484807-119-1707949180 - Holdem no limit (200/800/1600) - 2024/02/14 22:19:40 UTC
Table: 'FLIPPER(744313800)#006' 6-max (real money) Seat #1 is the button
Seat 1: torresmo123 (72872, 31.50€ bounty)
Seat 2: Brief Hakase (26134, 9€ bounty)
Seat 3: eganomakeup8 (94904, 22.50€ bounty)
Seat 4: Elsa D0RSA (66875, 9€ bounty)
Seat 5: BadFlying (51607, 20.25€ bounty)
Seat 6: TottiStarK (119961, 22.50€ bounty)
*** ANTE/BLINDS ***
Brief Hakase posts ante 200
eganomakeup8 posts ante 200
torresmo123 posts ante 200
Elsa D0RSA posts ante 200
BadFlying posts ante 200
TottiStarK posts ante 200
Brief Hakase posts small blind 800
eganomakeup8 posts big blind 1600
Dealt to torresmo123 [7c 4s]
*** PRE-FLOP *** 
Elsa D0RSA folds
BadFlying folds
TottiStarK folds
torresmo123 folds
Brief Hakase raises 24334 to 25934 and is all-in
eganomakeup8 folds
Brief Hakase collected 28734 from pot
*** SUMMARY ***
Total pot 28734 | No rake
Seat 2: Brief Hakase (small blind) won 28734


Winamax Poker - Tournament "FLIPPER" buyIn: 18€ + 2€ level: 13 - HandId: #3196803428961484807-120-1707949210 - Holdem no limit (200/800/1600) - 2024/02/14 22:20:10 UTC
Table: 'FLIPPER(744313800)#006' 6-max (real money) Seat #2 is the button
Seat 1: torresmo123 (72672, 31.50€ bounty)
Seat 2: Brief Hakase (28734, 9€ bounty)
Seat 3: eganomakeup8 (93104, 22.50€ bounty)
Seat 4: Elsa D0RSA (66675, 9€ bounty)
Seat 5: BadFlying (51407, 20.25€ bounty)
Seat 6: TottiStarK (119761, 22.50€ bounty)
*** ANTE/BLINDS ***
eganomakeup8 posts ante 200
Elsa D0RSA posts ante 200
torresmo123 posts ante 200
Brief Hakase posts ante 200
BadFlying posts ante 200
TottiStarK posts ante 200
eganomakeup8 posts small blind 800
Elsa D0RSA posts big blind 1600
Dealt to torresmo123 [5h Td]
*** PRE-FLOP *** 
BadFlying folds
TottiStarK folds
torresmo123 folds
Brief Hakase calls 1600
eganomakeup8 calls 800
Elsa D0RSA checks
*** FLOP *** [3h 5d 8s]
eganomakeup8 checks
Elsa D0RSA bets 4000
Brief Hakase calls 4000
eganomakeup8 folds
*** TURN *** [3h 5d 8s][8d]
Elsa D0RSA checks
Brief Hakase bets 5460
Elsa D0RSA raises 24920 to 30380
Brief Hakase calls 17474 and is all-in
*** RIVER *** [3h 5d 8s 8d][2h]
*** SHOW DOWN ***
Brief Hakase shows [8c Tc] (Trips of 8)
Elsa D0RSA shows [Ac Th] (One pair : 8)
Elsa D0RSA collected 7446 from side pot 1
Brief Hakase collected 59868 from main pot
*** SUMMARY ***
Total pot 67314 | No rake
Board: [3h 5d 8s 8d 2h]
Seat 2: Brief Hakase (button) showed [8c Tc] and won 59868 with Trips of 8
Seat 4: Elsa D0RSA (big blind) showed [Ac Th] and won 7446 with One pair : 8


Winamax Poker - Tournament "FLIPPER" buyIn: 18€ + 2€ level: 13 - HandId: #3196803428961484807-121-1707949299 - Holdem no limit (200/800/1600) - 2024/02/14 22:21:39 UTC
Table: 'FLIPPER(744313800)#006' 6-max (real money) Seat #3 is the button
Seat 1: torresmo123 (72472, 31.50€ bounty)
Seat 2: Brief Hakase (59868, 9€ bounty)
Seat 3: eganomakeup8 (91304, 22.50€ bounty)
Seat 4: Elsa D0RSA (37941, 9€ bounty)
Seat 5: BadFlying (51207, 20.25€ bounty)
Seat 6: TottiStarK (119561, 22.50€ bounty)
*** ANTE/BLINDS ***
Elsa D0RSA posts ante 200
BadFlying posts ante 200
torresmo123 posts ante 200
Brief Hakase posts ante 200
eganomakeup8 posts ante 200
TottiStarK posts ante 200
Elsa D0RSA posts small blind 800
BadFlying posts big blind 1600
Dealt to torresmo123 [Jc 9c]
*** PRE-FLOP *** 
TottiStarK raises 1888 to 3488
torresmo123 calls 3488
Brief Hakase folds
eganomakeup8 raises 11712 to 15200
Elsa D0RSA folds
BadFlying folds
TottiStarK folds
torresmo123 folds
eganomakeup8 collected 25776 from pot
*** SUMMARY ***
Total pot 25776 | No rake
Seat 3: eganomakeup8 (button) won 25776


Winamax Poker - Tournament "FLIPPER" buyIn: 18€ + 2€ level: 13 - HandId: #3196803428961484807-122-1707949349 - Holdem no limit (200/800/1600) - 2024/02/14 22:22:29 UTC
Table: 'FLIPPER(744313800)#006' 6-max (real money) Seat #4 is the button
Seat 1: torresmo123 (68784, 31.50€ bounty)
Seat 2: Brief Hakase (59668, 9€ bounty)
Seat 3: eganomakeup8 (101680, 22.50€ bounty)
Seat 4: Elsa D0RSA (36941, 9€ bounty)
Seat 5: BadFlying (49407, 20.25€ bounty)
Seat 6: TottiStarK (115873, 22.50€ bounty)
*** ANTE/BLINDS ***
BadFlying posts ante 200
TottiStarK posts ante 200
torresmo123 posts ante 200
Brief Hakase posts ante 200
eganomakeup8 posts ante 200
Elsa D0RSA posts ante 200
BadFlying posts small blind 800
TottiStarK posts big blind 1600
Dealt to torresmo123 [3d Ac]
*** PRE-FLOP *** 
torresmo123 folds
Brief Hakase folds
eganomakeup8 folds
Elsa D0RSA folds
BadFlying raises 2400 to 4000
TottiStarK raises 6400 to 10400
BadFlying calls 6400
*** FLOP *** [8c 4s Qc]
BadFlying checks
TottiStarK checks
*** TURN *** [8c 4s Qc][4d]
BadFlying checks
TottiStarK bets 5640
BadFlying calls 5640
*** RIVER *** [8c 4s Qc 4d][Kh]
BadFlying checks
TottiStarK checks
*** SHOW DOWN ***
BadFlying shows [Ah 7d] (One pair : 4)
TottiStarK shows [Ad Td] (One pair : 4)
TottiStarK collected 16640 from pot
BadFlying collected 16640 from pot
*** SUMMARY ***
Total pot 33280 | No rake
Board: [8c 4s Qc 4d Kh]
Seat 5: BadFlying (small blind) showed [Ah 7d] and won 16640 with One pair : 4
Seat 6: TottiStarK (big blind) showed [Ad Td] and won 16640 with One pair : 4


Winamax Poker - Tournament "FLIPPER" buyIn: 18€ + 2€ level: 13 - HandId: #3196803428961484807-123-1707949421 - Holdem no limit (200/800/1600) - 2024/02/14 22:23:41 UTC
Table: 'FLIPPER(744313800)#006' 6-max (real money) Seat #5 is the button
Seat 1: torresmo123 (68584, 31.50€ bounty)
Seat 2: Brief Hakase (59468, 9€ bounty)
Seat 3: eganomakeup8 (101480, 22.50€ bounty)
Seat 4: Elsa D0RSA (36741, 9€ bounty)
Seat 5: BadFlying (49807, 20.25€ bounty)
Seat 6: TottiStarK (116273, 22.50€ bounty)
*** ANTE/BLINDS ***
TottiStarK posts ante 200
torresmo123 posts ante 200
Brief Hakase posts ante 200
eganomakeup8 posts ante 200
Elsa D0RSA posts ante 200
BadFlying posts ante 200
TottiStarK posts small blind 800
torresmo123 posts big blind 1600
Dealt to torresmo123 [6c 4h]
*** PRE-FLOP *** 
Brief Hakase folds
eganomakeup8 folds
Elsa D0RSA raises 2400 to 4000
BadFlying folds
TottiStarK folds
torresmo123 calls 2400
*** FLOP *** [Ks Kh 9s]
torresmo123 checks
Elsa D0RSA bets 6500
torresmo123 folds
Elsa D0RSA collected 16500 from pot
*** SUMMARY ***
Total pot 16500 | No rake
Board: [Ks Kh 9s]
Seat 4: Elsa D0RSA won 16500


Winamax Poker - Tournament "FLIPPER" buyIn: 18€ + 2€ level: 14 - HandId: #3196803428961484807-124-1707949464 - Holdem no limit (250/1000/2000) - 2024/02/14 22:24:24 UTC
Table: 'FLIPPER(744313800)#006' 6-max (real money) Seat #6 is the button
Seat 1: torresmo123 (64384, 31.50€ bounty)
Seat 2: Brief Hakase (59268, 9€ bounty)
Seat 3: eganomakeup8 (101280, 22.50€ bounty)
Seat 4: Elsa D0RSA (42541, 9€ bounty)
Seat 5: BadFlying (49607, 20.25€ bounty)
Seat 6: TottiStarK (115273, 22.50€ bounty)
*** ANTE/BLINDS ***
torresmo123 posts ante 250
Brief Hakase posts ante 250
eganomakeup8 posts ante 250
Elsa D0RSA posts ante 250
BadFlying posts ante 250
TottiStarK posts ante 250
torresmo123 posts small blind 1000
Brief Hakase posts big blind 2000
Dealt to torresmo123 [2h Td]
*** PRE-FLOP *** 
eganomakeup8 raises 2500 to 4500
Elsa D0RSA folds
BadFlying calls 4500
TottiStarK folds
torresmo123 folds
Brief Hakase calls 2500
*** FLOP *** [4c Qd 7h]
Brief Hakase checks
eganomakeup8 checks
BadFlying bets 5600
Brief Hakase calls 5600
eganomakeup8 calls 5600
*** TURN *** [4c Qd 7h][Ad]
Brief Hakase checks
eganomakeup8 checks
BadFlying checks
*** RIVER *** [4c Qd 7h Ad][9d]
Brief Hakase bets 12792
eganomakeup8 folds
BadFlying calls 12792
*** SHOW DOWN ***
BadFlying shows [8s Qs] (One pair : Queens)
Brief Hakase shows [6d 7d] (Flush Ace high)
Brief Hakase collected 58384 from pot
*** SUMMARY ***
Total pot 58384 | No rake
Board: [4c Qd 7h Ad 9d]
Seat 2: Brief Hakase (big blind) showed [6d 7d] and won 58384 with Flush Ace high
Seat 5: BadFlying showed [8s Qs] and lost with One pair : Queens


Winamax Poker - Tournament "FLIPPER" buyIn: 18€ + 2€ level: 14 - HandId: #3196803428961484807-125-1707949550 - Holdem no limit (250/1000/2000) - 2024/02/14 22:25:50 UTC
Table: 'FLIPPER(744313800)#006' 6-max (real money) Seat #1 is the button
Seat 1: torresmo123 (63134, 31.50€ bounty)
Seat 2: Brief Hakase (94510, 9€ bounty)
Seat 3: eganomakeup8 (90930, 22.50€ bounty)
Seat 4: Elsa D0RSA (42291, 9€ bounty)
Seat 5: BadFlying (26465, 20.25€ bounty)
Seat 6: TottiStarK (115023, 22.50€ bounty)
*** ANTE/BLINDS ***
Brief Hakase posts ante 250
eganomakeup8 posts ante 250
torresmo123 posts ante 250
Elsa D0RSA posts ante 250
BadFlying posts ante 250
TottiStarK posts ante 250
Brief Hakase posts small blind 1000
eganomakeup8 posts big blind 2000
Dealt to torresmo123 [2d 8d]
*** PRE-FLOP *** 
Elsa D0RSA folds
BadFlying raises 24215 to 26215 and is all-in
TottiStarK folds
torresmo123 folds
Brief Hakase calls 25215
eganomakeup8 folds
*** FLOP *** [3s 3h 3c]
*** TURN *** [3s 3h 3c][9d]
*** RIVER *** [3s 3h 3c 9d][Jc]
*** SHOW DOWN ***
BadFlying shows [9h Qd] (Full of 3 and 9)
Brief Hakase shows [Kd Kh] (Full of 3 and Kings)
Brief Hakase collected 55930 from pot
*** SUMMARY ***
Total pot 55930 | No rake
Board: [3s 3h 3c 9d Jc]
Seat 2: Brief Hakase (small blind) showed [Kd Kh] and won 55930 with Full of 3 and Kings
Seat 5: BadFlying showed [9h Qd] and lost with Full of 3 and 9


Winamax Poker - Tournament "FLIPPER" buyIn: 18€ + 2€ level: 14 - HandId: #3196803428961484807-126-1707949590 - Holdem no limit (250/1000/2000) - 2024/02/14 22:26:30 UTC
Table: 'FLIPPER(744313800)#006' 6-max (real money) Seat #2 is the button
Seat 1: torresmo123 (62884, 31.50€ bounty)
Seat 2: Brief Hakase (123975, 19.12€ bounty)
Seat 3: eganomakeup8 (88680, 22.50€ bounty)
Seat 4: Elsa D0RSA (42041, 9€ bounty)
Seat 6: TottiStarK (114773, 22.50€ bounty)
*** ANTE/BLINDS ***
eganomakeup8 posts ante 250
Elsa D0RSA posts ante 250
torresmo123 posts ante 250
Brief Hakase posts ante 250
TottiStarK posts ante 250
eganomakeup8 posts small blind 1000
Elsa D0RSA posts big blind 2000
Dealt to torresmo123 [9h Kh]
*** PRE-FLOP *** 
TottiStarK folds
torresmo123 raises 2200 to 4200
Brief Hakase folds
eganomakeup8 calls 3200
Elsa D0RSA folds
*** FLOP *** [8c 5d 9c]
eganomakeup8 checks
torresmo123 bets 3845
eganomakeup8 folds
torresmo123 collected 15495 from pot
*** SUMMARY ***
Total pot 15495 | No rake
Board: [8c 5d 9c]
Seat 1: torresmo123 won 15495


Winamax Poker - Tournament "FLIPPER" buyIn: 18€ + 2€ level: 14 - HandId: #3196803428961484807-127-1707949622 - Holdem no limit (250/1000/2000) - 2024/02/14 22:27:02 UTC
Table: 'FLIPPER(744313800)#006' 6-max (real money) Seat #3 is the button
Seat 1: torresmo123 (70084, 31.50€ bounty)
Seat 2: Brief Hakase (123725, 19.12€ bounty)
Seat 3: eganomakeup8 (84230, 22.50€ bounty)
Seat 4: Elsa D0RSA (39791, 9€ bounty)
Seat 6: TottiStarK (114523, 22.50€ bounty)
*** ANTE/BLINDS ***
Elsa D0RSA posts ante 250
TottiStarK posts ante 250
torresmo123 posts ante 250
Brief Hakase posts ante 250
eganomakeup8 posts ante 250
Elsa D0RSA posts small blind 1000
TottiStarK posts big blind 2000
Dealt to torresmo123 [Ad 3d]
*** PRE-FLOP *** 
torresmo123 raises 2200 to 4200
Brief Hakase folds
eganomakeup8 calls 4200
Elsa D0RSA folds
TottiStarK calls 2200
*** FLOP *** [9c Jh Ac]
TottiStarK checks
torresmo123 checks
eganomakeup8 checks
*** TURN *** [9c Jh Ac][4h]
TottiStarK checks
torresmo123 checks
eganomakeup8 checks
*** RIVER *** [9c Jh Ac 4h][5d]
TottiStarK checks
torresmo123 bets 9801
eganomakeup8 folds
TottiStarK folds
torresmo123 collected 24651 from pot
*** SUMMARY ***
Total pot 24651 | No rake
Board: [9c Jh Ac 4h 5d]
Seat 1: torresmo123 won 24651


Winamax Poker - Tournament "FLIPPER" buyIn: 18€ + 2€ level: 14 - HandId: #3196803428961484807-128-1707949698 - Holdem no limit (250/1000/2000) - 2024/02/14 22:28:18 UTC
Table: 'FLIPPER(744313800)#006' 6-max (real money) Seat #4 is the button
Seat 1: torresmo123 (80484, 31.50€ bounty)
Seat 2: Brief Hakase (123475, 19.12€ bounty)
Seat 3: eganomakeup8 (79780, 22.50€ bounty)
Seat 4: Elsa D0RSA (38541, 9€ bounty)
Seat 5: IlIllIlIIlII (94226, 9€ bounty)
Seat 6: TottiStarK (110073, 22.50€ bounty)
*** ANTE/BLINDS ***
TottiStarK posts ante 250
torresmo123 posts ante 250
Brief Hakase posts ante 250
eganomakeup8 posts ante 250
Elsa D0RSA posts ante 250
TottiStarK posts small blind 1000
torresmo123 posts big blind 2000
Dealt to torresmo123 [4h 8d]
*** PRE-FLOP *** 
Brief Hakase folds
eganomakeup8 raises 2000 to 4000
Elsa D0RSA calls 4000
TottiStarK folds
torresmo123 folds
*** FLOP *** [5s 6d 2d]
eganomakeup8 checks
Elsa D0RSA checks
*** TURN *** [5s 6d 2d][Jd]
eganomakeup8 checks
Elsa D0RSA bets 9800
eganomakeup8 calls 9800
*** RIVER *** [5s 6d 2d Jd][7h]
eganomakeup8 checks
Elsa D0RSA bets 24491 and is all-in
eganomakeup8 folds
Elsa D0RSA collected 56341 from pot
*** SUMMARY ***
Total pot 56341 | No rake
Board: [5s 6d 2d Jd 7h]
Seat 4: Elsa D0RSA (button) won 56341


Winamax Poker - Tournament "FLIPPER" buyIn: 18€ + 2€ level: 14 - HandId: #3196803428961484807-129-1707949754 - Holdem no limit (250/1000/2000) - 2024/02/14 22:29:14 UTC
Table: 'FLIPPER(744313800)#006' 6-max (real money) Seat #6 is the button
Seat 1: torresmo123 (78234, 31.50€ bounty)
Seat 2: Brief Hakase (123225, 19.12€ bounty)
Seat 3: eganomakeup8 (65730, 22.50€ bounty)
Seat 4: Elsa D0RSA (56341, 9€ bounty)
Seat 5: IlIllIlIIlII (94226, 9€ bounty)
Seat 6: TottiStarK (108823, 22.50€ bounty)
*** ANTE/BLINDS ***
torresmo123 posts ante 250
Brief Hakase posts ante 250
eganomakeup8 posts ante 250
Elsa D0RSA posts ante 250
IlIllIlIIlII posts ante 250
TottiStarK posts ante 250
torresmo123 posts small blind 1000
Brief Hakase posts big blind 2000
Dealt to torresmo123 [Kd Qc]
*** PRE-FLOP *** 
eganomakeup8 folds
Elsa D0RSA raises 2000 to 4000
IlIllIlIIlII folds
TottiStarK folds
torresmo123 calls 3000
Brief Hakase folds
*** FLOP *** [2c 6c Td]
torresmo123 checks
Elsa D0RSA bets 4025
torresmo123 calls 4025
*** TURN *** [2c 6c Td][3s]
torresmo123 checks
Elsa D0RSA checks
*** RIVER *** [2c 6c Td 3s][5h]
torresmo123 bets 6452
Elsa D0RSA calls 6452
*** SHOW DOWN ***
torresmo123 shows [Kd Qc] (High card : King)
Elsa D0RSA shows [Ks Ac] (High card : Ace)
Elsa D0RSA collected 32454 from pot
*** SUMMARY ***
Total pot 32454 | No rake
Board: [2c 6c Td 3s 5h]
Seat 1: torresmo123 (small blind) showed [Kd Qc] and lost with High card : King
Seat 4: Elsa D0RSA showed [Ks Ac] and won 32454 with High card : Ace


Winamax Poker - Tournament "FLIPPER" buyIn: 18€ + 2€ level: 15 - HandId: #3196803428961484807-130-1707949833 - Holdem no limit (300/1250/2500) - 2024/02/14 22:30:33 UTC
Table: 'FLIPPER(744313800)#006' 6-max (real money) Seat #1 is the button
Seat 1: torresmo123 (63507, 31.50€ bounty)
Seat 2: Brief Hakase (120975, 19.12€ bounty)
Seat 3: eganomakeup8 (65480, 22.50€ bounty)
Seat 4: Elsa D0RSA (74068, 9€ bounty)
Seat 5: IlIllIlIIlII (93976, 9€ bounty)
Seat 6: TottiStarK (108573, 22.50€ bounty)
*** ANTE/BLINDS ***
Brief Hakase posts ante 300
eganomakeup8 posts ante 300
torresmo123 posts ante 300
Elsa D0RSA posts ante 300
IlIllIlIIlII posts ante 300
TottiStarK posts ante 300
Brief Hakase posts small blind 1250
eganomakeup8 posts big blind 2500
Dealt to torresmo123 [6h 2c]
*** PRE-FLOP *** 
Elsa D0RSA folds
IlIllIlIIlII folds
TottiStarK folds
torresmo123 folds
Brief Hakase calls 1250
eganomakeup8 raises 5000 to 7500
Brief Hakase calls 5000
*** FLOP *** [7c Ac 6c]
Brief Hakase checks
eganomakeup8 bets 5880
Brief Hakase folds
eganomakeup8 collected 22680 from pot
*** SUMMARY ***
Total pot 22680 | No rake
Board: [7c Ac 6c]
Seat 3: eganomakeup8 (big blind) won 22680


Winamax Poker - Tournament "FLIPPER" buyIn: 18€ + 2€ level: 15 - HandId: #3196803428961484807-131-1707949876 - Holdem no limit (300/1250/2500) - 2024/02/14 22:31:16 UTC
Table: 'FLIPPER(744313800)#006' 6-max (real money) Seat #2 is the button
Seat 1: torresmo123 (63207, 31.50€ bounty)
Seat 2: Brief Hakase (113175, 19.12€ bounty)
Seat 3: eganomakeup8 (74480, 22.50€ bounty)
Seat 4: Elsa D0RSA (73768, 9€ bounty)
Seat 5: IlIllIlIIlII (93676, 9€ bounty)
Seat 6: TottiStarK (108273, 22.50€ bounty)
*** ANTE/BLINDS ***
eganomakeup8 posts ante 300
Elsa D0RSA posts ante 300
torresmo123 posts ante 300
Brief Hakase posts ante 300
IlIllIlIIlII posts ante 300
TottiStarK posts ante 300
eganomakeup8 posts small blind 1250
Elsa D0RSA posts big blind 2500
Dealt to torresmo123 [Ah 6s]
*** PRE-FLOP *** 
IlIllIlIIlII folds
TottiStarK raises 2950 to 5450
torresmo123 folds
Brief Hakase calls 5450
eganomakeup8 folds
Elsa D0RSA folds
*** FLOP *** [5h 9d Kd]
TottiStarK bets 5429
Brief Hakase raises 10821 to 16250
TottiStarK folds
Brief Hakase collected 38129 from pot
*** SUMMARY ***
Total pot 38129 | No rake
Board: [5h 9d Kd]
Seat 2: Brief Hakase (button) won 38129


Winamax Poker - Tournament "FLIPPER" buyIn: 18€ + 2€ level: 15 - HandId: #3196803428961484807-132-1707949921 - Holdem no limit (300/1250/2500) - 2024/02/14 22:32:01 UTC
Table: 'FLIPPER(744313800)#006' 6-max (real money) Seat #3 is the button
Seat 1: torresmo123 (62907, 31.50€ bounty)
Seat 2: Brief Hakase (129304, 19.12€ bounty)
Seat 3: eganomakeup8 (72930, 22.50€ bounty)
Seat 4: Elsa D0RSA (70968, 9€ bounty)
Seat 5: IlIllIlIIlII (93376, 9€ bounty)
Seat 6: TottiStarK (97094, 22.50€ bounty)
*** ANTE/BLINDS ***
Elsa D0RSA posts ante 300
IlIllIlIIlII posts ante 300
torresmo123 posts ante 300
Brief Hakase posts ante 300
eganomakeup8 posts ante 300
TottiStarK posts ante 300
Elsa D0RSA posts small blind 1250
IlIllIlIIlII posts big blind 2500
Dealt to torresmo123 [9c Jc]
*** PRE-FLOP *** 
TottiStarK folds
torresmo123 raises 2750 to 5250
Brief Hakase folds
eganomakeup8 folds
Elsa D0RSA raises 65418 to 70668 and is all-in
IlIllIlIIlII folds
torresmo123 folds
Elsa D0RSA collected 80218 from pot
*** SUMMARY ***
Total pot 80218 | No rake
Seat 4: Elsa D0RSA (small blind) won 80218


Winamax Poker - Tournament "FLIPPER" buyIn: 18€ + 2€ level: 15 - HandId: #3196803428961484807-133-1707949938 - Holdem no limit (300/1250/2500) - 2024/02/14 22:32:18 UTC
Table: 'FLIPPER(744313800)#006' 6-max (real money) Seat #4 is the button
Seat 1: torresmo123 (57357, 31.50€ bounty)
Seat 2: Brief Hakase (129004, 19.12€ bounty)
Seat 3: eganomakeup8 (72630, 22.50€ bounty)
Seat 4: Elsa D0RSA (80218, 9€ bounty)
Seat 5: IlIllIlIIlII (90576, 9€ bounty)
Seat 6: TottiStarK (96794, 22.50€ bounty)
*** ANTE/BLINDS ***
IlIllIlIIlII posts ante 300
TottiStarK posts ante 300
torresmo123 posts ante 300
Brief Hakase posts ante 300
eganomakeup8 posts ante 300
Elsa D0RSA posts ante 300
IlIllIlIIlII posts small blind 1250
TottiStarK posts big blind 2500
Dealt to torresmo123 [Qs Kh]
*** PRE-FLOP *** 
torresmo123 raises 2750 to 5250
Brief Hakase folds
eganomakeup8 folds
Elsa D0RSA calls 5250
IlIllIlIIlII folds
TottiStarK raises 91244 to 96494 and is all-in
torresmo123 calls 51807 and is all-in
Elsa D0RSA folds
*** FLOP *** [Ad 5h 5c]
*** TURN *** [Ad 5h 5c][4d]
*** RIVER *** [Ad 5h 5c 4d][Td]
*** SHOW DOWN ***
torresmo123 shows [Qs Kh] (One pair : 5)
TottiStarK shows [2s 2d] (Two pairs : 5 and 2)
TottiStarK collected 161851 from pot
*** SUMMARY ***
Total pot 161851 | No rake
Board: [Ad 5h 5c 4d Td]
Seat 1: torresmo123 showed [Qs Kh] and lost with One pair : 5
Seat 6: TottiStarK (big blind) showed [2s 2d] and won 161851 with Two pairs : 5 and 2


