Winamax Poker - Tournament "TEA TIME" buyIn: 18€ + 2€ level: 5 - HandId: #3193234817944649796-73-1707758081 - Holdem no limit (50/200/400) - 2024/02/12 17:14:41 UTC
Table: 'TEA TIME(743482918)#0067' 6-max (real money) Seat #2 is the button
Seat 1: torresmo123 (27421, 13.50€ bounty)
Seat 2: MadaraD.Goku (19050, 9€ bounty)
Seat 3: Im Venom (15597, 18€ bounty)
Seat 4: BerroJavHD (64288, 13.50€ bounty)
Seat 5: NZOTH (55560, 9€ bounty)
Seat 6: JackGribiche (18515, 9€ bounty)
*** ANTE/BLINDS ***
Im Venom posts ante 50
BerroJavHD posts ante 50
torresmo123 posts ante 50
MadaraD.Goku posts ante 50
NZOTH posts ante 50
JackGribiche posts ante 50
Im Venom posts small blind 200
BerroJavHD posts big blind 400
Dealt to torresmo123 [Ac Js]
*** PRE-FLOP *** 
NZOTH raises 400 to 800
JackGribiche folds
torresmo123 raises 1800 to 2600
MadaraD.Goku folds
Im Venom folds
BerroJavHD folds
NZOTH raises 52910 to 55510 and is all-in
torresmo123 folds
NZOTH collected 59010 from pot
*** SUMMARY ***
Total pot 59010 | No rake
Seat 5: NZOTH won 59010


Winamax Poker - Tournament "TEA TIME" buyIn: 18€ + 2€ level: 5 - HandId: #3193234817944649796-74-1707758140 - Holdem no limit (50/200/400) - 2024/02/12 17:15:40 UTC
Table: 'TEA TIME(743482918)#0067' 6-max (real money) Seat #3 is the button
Seat 1: torresmo123 (24771, 13.50€ bounty)
Seat 2: MadaraD.Goku (19000, 9€ bounty)
Seat 3: Im Venom (15347, 18€ bounty)
Seat 4: BerroJavHD (63838, 13.50€ bounty)
Seat 5: NZOTH (59010, 9€ bounty)
Seat 6: JackGribiche (18465, 9€ bounty)
*** ANTE/BLINDS ***
BerroJavHD posts ante 50
NZOTH posts ante 50
torresmo123 posts ante 50
MadaraD.Goku posts ante 50
Im Venom posts ante 50
JackGribiche posts ante 50
BerroJavHD posts small blind 200
NZOTH posts big blind 400
Dealt to torresmo123 [Ks 4c]
*** PRE-FLOP *** 
JackGribiche folds
torresmo123 folds
MadaraD.Goku raises 400 to 800
Im Venom folds
BerroJavHD folds
NZOTH calls 400
*** FLOP *** [Tc As 3h]
NZOTH checks
MadaraD.Goku bets 725
NZOTH folds
MadaraD.Goku collected 2825 from pot
*** SUMMARY ***
Total pot 2825 | No rake
Board: [Tc As 3h]
Seat 2: MadaraD.Goku won 2825


Winamax Poker - Tournament "TEA TIME" buyIn: 18€ + 2€ level: 5 - HandId: #3193234817944649796-75-1707758178 - Holdem no limit (50/200/400) - 2024/02/12 17:16:18 UTC
Table: 'TEA TIME(743482918)#0067' 6-max (real money) Seat #4 is the button
Seat 1: torresmo123 (24721, 13.50€ bounty)
Seat 2: MadaraD.Goku (20250, 9€ bounty)
Seat 3: Im Venom (15297, 18€ bounty)
Seat 4: BerroJavHD (63588, 13.50€ bounty)
Seat 5: NZOTH (58160, 9€ bounty)
Seat 6: JackGribiche (18415, 9€ bounty)
*** ANTE/BLINDS ***
NZOTH posts ante 50
JackGribiche posts ante 50
torresmo123 posts ante 50
MadaraD.Goku posts ante 50
Im Venom posts ante 50
BerroJavHD posts ante 50
NZOTH posts small blind 200
JackGribiche posts big blind 400
Dealt to torresmo123 [8s 3h]
*** PRE-FLOP *** 
torresmo123 folds
MadaraD.Goku folds
Im Venom folds
BerroJavHD raises 520 to 920
NZOTH calls 720
JackGribiche folds
*** FLOP *** [7h 8h 9s]
NZOTH checks
BerroJavHD bets 1000
NZOTH folds
BerroJavHD collected 3540 from pot
*** SUMMARY ***
Total pot 3540 | No rake
Board: [7h 8h 9s]
Seat 4: BerroJavHD (button) won 3540


Winamax Poker - Tournament "TEA TIME" buyIn: 18€ + 2€ level: 5 - HandId: #3193234817944649796-76-1707758204 - Holdem no limit (50/200/400) - 2024/02/12 17:16:44 UTC
Table: 'TEA TIME(743482918)#0067' 6-max (real money) Seat #5 is the button
Seat 1: torresmo123 (24671, 13.50€ bounty)
Seat 2: MadaraD.Goku (20200, 9€ bounty)
Seat 3: Im Venom (15247, 18€ bounty)
Seat 4: BerroJavHD (65158, 13.50€ bounty)
Seat 5: NZOTH (57190, 9€ bounty)
Seat 6: JackGribiche (17965, 9€ bounty)
*** ANTE/BLINDS ***
JackGribiche posts ante 50
torresmo123 posts ante 50
MadaraD.Goku posts ante 50
Im Venom posts ante 50
BerroJavHD posts ante 50
NZOTH posts ante 50
JackGribiche posts small blind 200
torresmo123 posts big blind 400
Dealt to torresmo123 [5d As]
*** PRE-FLOP *** 
MadaraD.Goku folds
Im Venom folds
BerroJavHD raises 520 to 920
NZOTH calls 920
JackGribiche folds
torresmo123 calls 520
*** FLOP *** [Qs 8s 3h]
torresmo123 checks
BerroJavHD checks
NZOTH checks
*** TURN *** [Qs 8s 3h][6c]
torresmo123 checks
BerroJavHD checks
NZOTH bets 815
torresmo123 folds
BerroJavHD calls 815
*** RIVER *** [Qs 8s 3h 6c][Td]
BerroJavHD checks
NZOTH checks
*** SHOW DOWN ***
BerroJavHD shows [Ad 7d] (High card : Ace)
NZOTH shows [7h 7s] (One pair : 7)
NZOTH collected 4890 from pot
*** SUMMARY ***
Total pot 4890 | No rake
Board: [Qs 8s 3h 6c Td]
Seat 4: BerroJavHD showed [Ad 7d] and lost with High card : Ace
Seat 5: NZOTH (button) showed [7h 7s] and won 4890 with One pair : 7


Winamax Poker - Tournament "TEA TIME" buyIn: 18€ + 2€ level: 5 - HandId: #3193234817944649796-77-1707758265 - Holdem no limit (50/200/400) - 2024/02/12 17:17:45 UTC
Table: 'TEA TIME(743482918)#0067' 6-max (real money) Seat #6 is the button
Seat 1: torresmo123 (23701, 13.50€ bounty)
Seat 2: MadaraD.Goku (20150, 9€ bounty)
Seat 3: Im Venom (15197, 18€ bounty)
Seat 4: BerroJavHD (63373, 13.50€ bounty)
Seat 5: NZOTH (60295, 9€ bounty)
Seat 6: JackGribiche (17715, 9€ bounty)
*** ANTE/BLINDS ***
torresmo123 posts ante 50
MadaraD.Goku posts ante 50
Im Venom posts ante 50
BerroJavHD posts ante 50
NZOTH posts ante 50
JackGribiche posts ante 50
torresmo123 posts small blind 200
MadaraD.Goku posts big blind 400
Dealt to torresmo123 [3c Td]
*** PRE-FLOP *** 
Im Venom folds
BerroJavHD raises 520 to 920
NZOTH folds
JackGribiche folds
torresmo123 folds
MadaraD.Goku folds
BerroJavHD collected 1820 from pot
*** SUMMARY ***
Total pot 1820 | No rake
Seat 4: BerroJavHD won 1820


Winamax Poker - Tournament "TEA TIME" buyIn: 18€ + 2€ level: 6 - HandId: #3193234817944649796-78-1707758293 - Holdem no limit (60/250/500) - 2024/02/12 17:18:13 UTC
Table: 'TEA TIME(743482918)#0067' 6-max (real money) Seat #1 is the button
Seat 1: torresmo123 (23451, 13.50€ bounty)
Seat 2: MadaraD.Goku (19700, 9€ bounty)
Seat 3: Im Venom (15147, 18€ bounty)
Seat 4: BerroJavHD (64223, 13.50€ bounty)
Seat 5: NZOTH (60245, 9€ bounty)
Seat 6: JackGribiche (17665, 9€ bounty)
*** ANTE/BLINDS ***
MadaraD.Goku posts ante 60
Im Venom posts ante 60
torresmo123 posts ante 60
BerroJavHD posts ante 60
NZOTH posts ante 60
JackGribiche posts ante 60
MadaraD.Goku posts small blind 250
Im Venom posts big blind 500
Dealt to torresmo123 [4c As]
*** PRE-FLOP *** 
BerroJavHD folds
NZOTH folds
JackGribiche folds
torresmo123 raises 625 to 1125
MadaraD.Goku folds
Im Venom folds
torresmo123 collected 2235 from pot
*** SUMMARY ***
Total pot 2235 | No rake
Seat 1: torresmo123 (button) won 2235


Winamax Poker - Tournament "TEA TIME" buyIn: 18€ + 2€ level: 6 - HandId: #3193234817944649796-79-1707758317 - Holdem no limit (60/250/500) - 2024/02/12 17:18:37 UTC
Table: 'TEA TIME(743482918)#0067' 6-max (real money) Seat #2 is the button
Seat 1: torresmo123 (24501, 13.50€ bounty)
Seat 2: MadaraD.Goku (19390, 9€ bounty)
Seat 3: Im Venom (14587, 18€ bounty)
Seat 4: BerroJavHD (64163, 13.50€ bounty)
Seat 5: NZOTH (60185, 9€ bounty)
Seat 6: JackGribiche (17605, 9€ bounty)
*** ANTE/BLINDS ***
Im Venom posts ante 60
BerroJavHD posts ante 60
torresmo123 posts ante 60
MadaraD.Goku posts ante 60
NZOTH posts ante 60
JackGribiche posts ante 60
Im Venom posts small blind 250
BerroJavHD posts big blind 500
Dealt to torresmo123 [Ks 6h]
*** PRE-FLOP *** 
NZOTH raises 500 to 1000
JackGribiche raises 2250 to 3250
torresmo123 folds
MadaraD.Goku folds
Im Venom folds
BerroJavHD folds
NZOTH folds
JackGribiche collected 5360 from pot
*** SUMMARY ***
Total pot 5360 | No rake
Seat 6: JackGribiche won 5360


Winamax Poker - Tournament "TEA TIME" buyIn: 18€ + 2€ level: 6 - HandId: #3193234817944649796-80-1707758342 - Holdem no limit (60/250/500) - 2024/02/12 17:19:02 UTC
Table: 'TEA TIME(743482918)#0067' 6-max (real money) Seat #3 is the button
Seat 1: torresmo123 (24441, 13.50€ bounty)
Seat 2: MadaraD.Goku (19330, 9€ bounty)
Seat 3: Im Venom (14277, 18€ bounty)
Seat 4: BerroJavHD (63603, 13.50€ bounty)
Seat 5: NZOTH (59125, 9€ bounty)
Seat 6: JackGribiche (19655, 9€ bounty)
*** ANTE/BLINDS ***
BerroJavHD posts ante 60
NZOTH posts ante 60
torresmo123 posts ante 60
MadaraD.Goku posts ante 60
Im Venom posts ante 60
JackGribiche posts ante 60
BerroJavHD posts small blind 250
NZOTH posts big blind 500
Dealt to torresmo123 [3h 2h]
*** PRE-FLOP *** 
JackGribiche folds
torresmo123 folds
MadaraD.Goku raises 610 to 1110
Im Venom folds
BerroJavHD folds
NZOTH folds
MadaraD.Goku collected 2220 from pot
*** SUMMARY ***
Total pot 2220 | No rake
Seat 2: MadaraD.Goku won 2220


Winamax Poker - Tournament "TEA TIME" buyIn: 18€ + 2€ level: 6 - HandId: #3193234817944649796-81-1707758359 - Holdem no limit (60/250/500) - 2024/02/12 17:19:19 UTC
Table: 'TEA TIME(743482918)#0067' 6-max (real money) Seat #4 is the button
Seat 1: torresmo123 (24381, 13.50€ bounty)
Seat 2: MadaraD.Goku (20380, 9€ bounty)
Seat 3: Im Venom (14217, 18€ bounty)
Seat 4: BerroJavHD (63293, 13.50€ bounty)
Seat 5: NZOTH (58565, 9€ bounty)
Seat 6: JackGribiche (19595, 9€ bounty)
*** ANTE/BLINDS ***
NZOTH posts ante 60
JackGribiche posts ante 60
torresmo123 posts ante 60
MadaraD.Goku posts ante 60
Im Venom posts ante 60
BerroJavHD posts ante 60
NZOTH posts small blind 250
JackGribiche posts big blind 500
Dealt to torresmo123 [As 5c]
*** PRE-FLOP *** 
torresmo123 raises 550 to 1050
MadaraD.Goku folds
Im Venom folds
BerroJavHD folds
NZOTH folds
JackGribiche folds
torresmo123 collected 2160 from pot
*** SUMMARY ***
Total pot 2160 | No rake
Seat 1: torresmo123 won 2160


Winamax Poker - Tournament "TEA TIME" buyIn: 18€ + 2€ level: 6 - HandId: #3193234817944649796-82-1707758381 - Holdem no limit (60/250/500) - 2024/02/12 17:19:41 UTC
Table: 'TEA TIME(743482918)#0067' 6-max (real money) Seat #5 is the button
Seat 1: torresmo123 (25431, 13.50€ bounty)
Seat 2: MadaraD.Goku (20320, 9€ bounty)
Seat 3: Im Venom (14157, 18€ bounty)
Seat 4: BerroJavHD (63233, 13.50€ bounty)
Seat 5: NZOTH (58255, 9€ bounty)
Seat 6: JackGribiche (19035, 9€ bounty)
*** ANTE/BLINDS ***
JackGribiche posts ante 60
torresmo123 posts ante 60
MadaraD.Goku posts ante 60
Im Venom posts ante 60
BerroJavHD posts ante 60
NZOTH posts ante 60
JackGribiche posts small blind 250
torresmo123 posts big blind 500
Dealt to torresmo123 [3c Th]
*** PRE-FLOP *** 
MadaraD.Goku folds
Im Venom folds
BerroJavHD raises 650 to 1150
NZOTH folds
JackGribiche calls 900
torresmo123 folds
*** FLOP *** [8h 5d Td]
JackGribiche checks
BerroJavHD bets 1043
JackGribiche calls 1043
*** TURN *** [8h 5d Td][5c]
JackGribiche checks
BerroJavHD checks
*** RIVER *** [8h 5d Td 5c][9h]
JackGribiche checks
BerroJavHD checks
*** SHOW DOWN ***
JackGribiche shows [8d Ac] (Two pairs : 8 and 5)
BerroJavHD shows [9s Ad] (Two pairs : 9 and 5)
BerroJavHD collected 5246 from pot
*** SUMMARY ***
Total pot 5246 | No rake
Board: [8h 5d Td 5c 9h]
Seat 4: BerroJavHD showed [9s Ad] and won 5246 with Two pairs : 9 and 5
Seat 6: JackGribiche (small blind) showed [8d Ac] and lost with Two pairs : 8 and 5


Winamax Poker - Tournament "TEA TIME" buyIn: 18€ + 2€ level: 6 - HandId: #3193234817944649796-83-1707758455 - Holdem no limit (60/250/500) - 2024/02/12 17:20:55 UTC
Table: 'TEA TIME(743482918)#0067' 6-max (real money) Seat #6 is the button
Seat 1: torresmo123 (24871, 13.50€ bounty)
Seat 2: MadaraD.Goku (20260, 9€ bounty)
Seat 3: Im Venom (14097, 18€ bounty)
Seat 4: BerroJavHD (66226, 13.50€ bounty)
Seat 5: NZOTH (58195, 9€ bounty)
Seat 6: JackGribiche (16782, 9€ bounty)
*** ANTE/BLINDS ***
torresmo123 posts ante 60
MadaraD.Goku posts ante 60
Im Venom posts ante 60
BerroJavHD posts ante 60
NZOTH posts ante 60
JackGribiche posts ante 60
torresmo123 posts small blind 250
MadaraD.Goku posts big blind 500
Dealt to torresmo123 [Td 3h]
*** PRE-FLOP *** 
Im Venom raises 500 to 1000
BerroJavHD folds
NZOTH folds
JackGribiche folds
torresmo123 folds
MadaraD.Goku calls 500
*** FLOP *** [9h 9c Jh]
MadaraD.Goku checks
Im Venom bets 750
MadaraD.Goku folds
Im Venom collected 3360 from pot
*** SUMMARY ***
Total pot 3360 | No rake
Board: [9h 9c Jh]
Seat 3: Im Venom won 3360


Winamax Poker - Tournament "TEA TIME" buyIn: 18€ + 2€ level: 6 - HandId: #3193234817944649796-84-1707758519 - Holdem no limit (60/250/500) - 2024/02/12 17:21:59 UTC
Table: 'TEA TIME(743482918)#0067' 6-max (real money) Seat #1 is the button
Seat 1: torresmo123 (24561, 13.50€ bounty)
Seat 2: MadaraD.Goku (19200, 9€ bounty)
Seat 3: Im Venom (15647, 18€ bounty)
Seat 4: BerroJavHD (66166, 13.50€ bounty)
Seat 5: NZOTH (58135, 9€ bounty)
Seat 6: JackGribiche (16722, 9€ bounty)
*** ANTE/BLINDS ***
MadaraD.Goku posts ante 60
Im Venom posts ante 60
torresmo123 posts ante 60
BerroJavHD posts ante 60
NZOTH posts ante 60
JackGribiche posts ante 60
MadaraD.Goku posts small blind 250
Im Venom posts big blind 500
Dealt to torresmo123 [9h Jc]
*** PRE-FLOP *** 
BerroJavHD raises 550 to 1050
NZOTH folds
JackGribiche folds
torresmo123 folds
MadaraD.Goku folds
Im Venom folds
BerroJavHD collected 2160 from pot
*** SUMMARY ***
Total pot 2160 | No rake
Seat 4: BerroJavHD won 2160


Winamax Poker - Tournament "TEA TIME" buyIn: 18€ + 2€ level: 6 - HandId: #3193234817944649796-85-1707758550 - Holdem no limit (60/250/500) - 2024/02/12 17:22:30 UTC
Table: 'TEA TIME(743482918)#0067' 6-max (real money) Seat #2 is the button
Seat 1: torresmo123 (24501, 13.50€ bounty)
Seat 2: MadaraD.Goku (18890, 9€ bounty)
Seat 3: Im Venom (15087, 18€ bounty)
Seat 4: BerroJavHD (67216, 13.50€ bounty)
Seat 5: NZOTH (58075, 9€ bounty)
Seat 6: JackGribiche (16662, 9€ bounty)
*** ANTE/BLINDS ***
Im Venom posts ante 60
BerroJavHD posts ante 60
torresmo123 posts ante 60
MadaraD.Goku posts ante 60
NZOTH posts ante 60
JackGribiche posts ante 60
Im Venom posts small blind 250
BerroJavHD posts big blind 500
Dealt to torresmo123 [9h 7s]
*** PRE-FLOP *** 
NZOTH folds
JackGribiche folds
torresmo123 folds
MadaraD.Goku raises 550 to 1050
Im Venom folds
BerroJavHD folds
MadaraD.Goku collected 2160 from pot
*** SUMMARY ***
Total pot 2160 | No rake
Seat 2: MadaraD.Goku (button) won 2160


Winamax Poker - Tournament "TEA TIME" buyIn: 18€ + 2€ level: 6 - HandId: #3193234817944649796-86-1707758576 - Holdem no limit (60/250/500) - 2024/02/12 17:22:56 UTC
Table: 'TEA TIME(743482918)#0067' 6-max (real money) Seat #3 is the button
Seat 1: torresmo123 (24441, 13.50€ bounty)
Seat 2: MadaraD.Goku (19940, 9€ bounty)
Seat 3: Im Venom (14777, 18€ bounty)
Seat 4: BerroJavHD (66656, 13.50€ bounty)
Seat 5: NZOTH (58015, 9€ bounty)
Seat 6: JackGribiche (16602, 9€ bounty)
*** ANTE/BLINDS ***
BerroJavHD posts ante 60
NZOTH posts ante 60
torresmo123 posts ante 60
MadaraD.Goku posts ante 60
Im Venom posts ante 60
JackGribiche posts ante 60
BerroJavHD posts small blind 250
NZOTH posts big blind 500
Dealt to torresmo123 [9s Qh]
*** PRE-FLOP *** 
JackGribiche folds
torresmo123 folds
MadaraD.Goku raises 500 to 1000
Im Venom folds
BerroJavHD folds
NZOTH calls 500
*** FLOP *** [Jh 5h 4h]
NZOTH checks
MadaraD.Goku bets 861
NZOTH folds
MadaraD.Goku collected 3471 from pot
*** SUMMARY ***
Total pot 3471 | No rake
Board: [Jh 5h 4h]
Seat 2: MadaraD.Goku won 3471


Winamax Poker - Tournament "TEA TIME" buyIn: 18€ + 2€ level: 6 - HandId: #3193234817944649796-87-1707758629 - Holdem no limit (60/250/500) - 2024/02/12 17:23:49 UTC
Table: 'TEA TIME(743482918)#0067' 6-max (real money) Seat #4 is the button
Seat 1: torresmo123 (24381, 13.50€ bounty)
Seat 2: MadaraD.Goku (21490, 9€ bounty)
Seat 3: Im Venom (14717, 18€ bounty)
Seat 4: BerroJavHD (66346, 13.50€ bounty)
Seat 5: NZOTH (56955, 9€ bounty)
Seat 6: JackGribiche (16542, 9€ bounty)
*** ANTE/BLINDS ***
NZOTH posts ante 60
JackGribiche posts ante 60
torresmo123 posts ante 60
MadaraD.Goku posts ante 60
Im Venom posts ante 60
BerroJavHD posts ante 60
NZOTH posts small blind 250
JackGribiche posts big blind 500
Dealt to torresmo123 [2s 3h]
*** PRE-FLOP *** 
torresmo123 folds
MadaraD.Goku folds
Im Venom folds
BerroJavHD folds
NZOTH raises 1250 to 1750
JackGribiche calls 1250
*** FLOP *** [Qs 5s Js]
NZOTH bets 1351
JackGribiche raises 2606 to 3957
NZOTH folds
JackGribiche collected 9168 from pot
*** SUMMARY ***
Total pot 9168 | No rake
Board: [Qs 5s Js]
Seat 6: JackGribiche (big blind) won 9168


Winamax Poker - Tournament "TEA TIME" buyIn: 18€ + 2€ level: 6 - HandId: #3193234817944649796-88-1707758668 - Holdem no limit (60/250/500) - 2024/02/12 17:24:28 UTC
Table: 'TEA TIME(743482918)#0067' 6-max (real money) Seat #5 is the button
Seat 1: torresmo123 (24321, 13.50€ bounty)
Seat 2: MadaraD.Goku (21430, 9€ bounty)
Seat 3: Im Venom (14657, 18€ bounty)
Seat 4: BerroJavHD (66286, 13.50€ bounty)
Seat 5: NZOTH (53794, 9€ bounty)
Seat 6: JackGribiche (19943, 9€ bounty)
*** ANTE/BLINDS ***
JackGribiche posts ante 60
torresmo123 posts ante 60
MadaraD.Goku posts ante 60
Im Venom posts ante 60
BerroJavHD posts ante 60
NZOTH posts ante 60
JackGribiche posts small blind 250
torresmo123 posts big blind 500
Dealt to torresmo123 [4s 3d]
*** PRE-FLOP *** 
MadaraD.Goku folds
Im Venom folds
BerroJavHD raises 650 to 1150
NZOTH folds
JackGribiche folds
torresmo123 folds
BerroJavHD collected 2260 from pot
*** SUMMARY ***
Total pot 2260 | No rake
Seat 4: BerroJavHD won 2260


Winamax Poker - Tournament "TEA TIME" buyIn: 18€ + 2€ level: 6 - HandId: #3193234817944649796-89-1707758707 - Holdem no limit (60/250/500) - 2024/02/12 17:25:07 UTC
Table: 'TEA TIME(743482918)#0067' 6-max (real money) Seat #6 is the button
Seat 1: torresmo123 (23761, 13.50€ bounty)
Seat 2: MadaraD.Goku (21370, 9€ bounty)
Seat 3: Im Venom (14597, 18€ bounty)
Seat 4: BerroJavHD (67336, 13.50€ bounty)
Seat 5: NZOTH (53734, 9€ bounty)
Seat 6: JackGribiche (19633, 9€ bounty)
*** ANTE/BLINDS ***
torresmo123 posts ante 60
MadaraD.Goku posts ante 60
Im Venom posts ante 60
BerroJavHD posts ante 60
NZOTH posts ante 60
JackGribiche posts ante 60
torresmo123 posts small blind 250
MadaraD.Goku posts big blind 500
Dealt to torresmo123 [2h Js]
*** PRE-FLOP *** 
Im Venom folds
BerroJavHD raises 550 to 1050
NZOTH raises 3150 to 4200
JackGribiche folds
torresmo123 folds
MadaraD.Goku folds
BerroJavHD calls 3150
*** FLOP *** [4h 2d 5s]
BerroJavHD checks
NZOTH bets 4500
BerroJavHD folds
NZOTH collected 14010 from pot
*** SUMMARY ***
Total pot 14010 | No rake
Board: [4h 2d 5s]
Seat 5: NZOTH won 14010


Winamax Poker - Tournament "TEA TIME" buyIn: 18€ + 2€ level: 6 - HandId: #3193234817944649796-90-1707758733 - Holdem no limit (60/250/500) - 2024/02/12 17:25:33 UTC
Table: 'TEA TIME(743482918)#0067' 6-max (real money) Seat #1 is the button
Seat 1: torresmo123 (23451, 13.50€ bounty)
Seat 2: MadaraD.Goku (20810, 9€ bounty)
Seat 3: Im Venom (14537, 18€ bounty)
Seat 4: BerroJavHD (63076, 13.50€ bounty)
Seat 5: NZOTH (58984, 9€ bounty)
Seat 6: JackGribiche (19573, 9€ bounty)
*** ANTE/BLINDS ***
MadaraD.Goku posts ante 60
Im Venom posts ante 60
torresmo123 posts ante 60
BerroJavHD posts ante 60
NZOTH posts ante 60
JackGribiche posts ante 60
MadaraD.Goku posts small blind 250
Im Venom posts big blind 500
Dealt to torresmo123 [3c 6h]
*** PRE-FLOP *** 
BerroJavHD folds
NZOTH raises 500 to 1000
JackGribiche folds
torresmo123 folds
MadaraD.Goku folds
Im Venom raises 2500 to 3500
NZOTH folds
Im Venom collected 5110 from pot
*** SUMMARY ***
Total pot 5110 | No rake
Seat 3: Im Venom (big blind) won 5110


Winamax Poker - Tournament "TEA TIME" buyIn: 18€ + 2€ level: 7 - HandId: #3193234817944649796-91-1707758774 - Holdem no limit (70/300/600) - 2024/02/12 17:26:14 UTC
Table: 'TEA TIME(743482918)#0067' 6-max (real money) Seat #2 is the button
Seat 1: torresmo123 (23391, 13.50€ bounty)
Seat 2: MadaraD.Goku (20500, 9€ bounty)
Seat 3: Im Venom (16087, 18€ bounty)
Seat 4: BerroJavHD (63016, 13.50€ bounty)
Seat 5: NZOTH (57924, 9€ bounty)
Seat 6: JackGribiche (19513, 9€ bounty)
*** ANTE/BLINDS ***
Im Venom posts ante 70
BerroJavHD posts ante 70
torresmo123 posts ante 70
MadaraD.Goku posts ante 70
NZOTH posts ante 70
JackGribiche posts ante 70
Im Venom posts small blind 300
BerroJavHD posts big blind 600
Dealt to torresmo123 [As 4s]
*** PRE-FLOP *** 
NZOTH folds
JackGribiche folds
torresmo123 raises 660 to 1260
MadaraD.Goku folds
Im Venom folds
BerroJavHD folds
torresmo123 collected 2580 from pot
*** SUMMARY ***
Total pot 2580 | No rake
Seat 1: torresmo123 won 2580


Winamax Poker - Tournament "TEA TIME" buyIn: 18€ + 2€ level: 7 - HandId: #3193234817944649796-92-1707758789 - Holdem no limit (70/300/600) - 2024/02/12 17:26:29 UTC
Table: 'TEA TIME(743482918)#0067' 6-max (real money) Seat #3 is the button
Seat 1: torresmo123 (24641, 13.50€ bounty)
Seat 2: MadaraD.Goku (20430, 9€ bounty)
Seat 3: Im Venom (15717, 18€ bounty)
Seat 4: BerroJavHD (62346, 13.50€ bounty)
Seat 5: NZOTH (57854, 9€ bounty)
Seat 6: JackGribiche (19443, 9€ bounty)
*** ANTE/BLINDS ***
BerroJavHD posts ante 70
NZOTH posts ante 70
torresmo123 posts ante 70
MadaraD.Goku posts ante 70
Im Venom posts ante 70
JackGribiche posts ante 70
BerroJavHD posts small blind 300
NZOTH posts big blind 600
Dealt to torresmo123 [6h Td]
*** PRE-FLOP *** 
JackGribiche folds
torresmo123 folds
MadaraD.Goku folds
Im Venom folds
BerroJavHD folds
NZOTH collected 1320 from pot
*** SUMMARY ***
Total pot 1320 | No rake
Seat 5: NZOTH (big blind) won 1320


Winamax Poker - Tournament "TEA TIME" buyIn: 18€ + 2€ level: 7 - HandId: #3193234817944649796-93-1707758809 - Holdem no limit (70/300/600) - 2024/02/12 17:26:49 UTC
Table: 'TEA TIME(743482918)#0067' 6-max (real money) Seat #4 is the button
Seat 1: torresmo123 (24571, 13.50€ bounty)
Seat 2: MadaraD.Goku (20360, 9€ bounty)
Seat 3: Im Venom (15647, 18€ bounty)
Seat 4: BerroJavHD (61976, 13.50€ bounty)
Seat 5: NZOTH (58504, 9€ bounty)
Seat 6: JackGribiche (19373, 9€ bounty)
*** ANTE/BLINDS ***
NZOTH posts ante 70
JackGribiche posts ante 70
torresmo123 posts ante 70
MadaraD.Goku posts ante 70
Im Venom posts ante 70
BerroJavHD posts ante 70
NZOTH posts small blind 300
JackGribiche posts big blind 600
Dealt to torresmo123 [Ts Ad]
*** PRE-FLOP *** 
torresmo123 raises 660 to 1260
MadaraD.Goku folds
Im Venom calls 1260
BerroJavHD folds
NZOTH folds
JackGribiche raises 18043 to 19303 and is all-in
torresmo123 folds
Im Venom folds
JackGribiche collected 22543 from pot
*** SUMMARY ***
Total pot 22543 | No rake
Seat 6: JackGribiche (big blind) won 22543


Winamax Poker - Tournament "TEA TIME" buyIn: 18€ + 2€ level: 7 - HandId: #3193234817944649796-94-1707758860 - Holdem no limit (70/300/600) - 2024/02/12 17:27:40 UTC
Table: 'TEA TIME(743482918)#0067' 6-max (real money) Seat #5 is the button
Seat 1: torresmo123 (23241, 13.50€ bounty)
Seat 2: MadaraD.Goku (20290, 9€ bounty)
Seat 3: Im Venom (14317, 18€ bounty)
Seat 4: BerroJavHD (61906, 13.50€ bounty)
Seat 5: NZOTH (58134, 9€ bounty)
Seat 6: JackGribiche (22543, 9€ bounty)
*** ANTE/BLINDS ***
JackGribiche posts ante 70
torresmo123 posts ante 70
MadaraD.Goku posts ante 70
Im Venom posts ante 70
BerroJavHD posts ante 70
NZOTH posts ante 70
JackGribiche posts small blind 300
torresmo123 posts big blind 600
Dealt to torresmo123 [Ah 6c]
*** PRE-FLOP *** 
MadaraD.Goku folds
Im Venom folds
BerroJavHD raises 780 to 1380
NZOTH folds
JackGribiche calls 1080
torresmo123 calls 780
*** FLOP *** [4h 4d Qh]
JackGribiche checks
torresmo123 checks
BerroJavHD bets 1500
JackGribiche calls 1500
torresmo123 folds
*** TURN *** [4h 4d Qh][Ad]
JackGribiche checks
BerroJavHD bets 5700
JackGribiche folds
BerroJavHD collected 13260 from pot
*** SUMMARY ***
Total pot 13260 | No rake
Board: [4h 4d Qh Ad]
Seat 4: BerroJavHD won 13260


Winamax Poker - Tournament "TEA TIME" buyIn: 18€ + 2€ level: 7 - HandId: #3193234817944649796-95-1707758965 - Holdem no limit (70/300/600) - 2024/02/12 17:29:25 UTC
Table: 'TEA TIME(743482918)#0067' 6-max (real money) Seat #6 is the button
Seat 1: torresmo123 (21791, 13.50€ bounty)
Seat 2: MadaraD.Goku (20220, 9€ bounty)
Seat 3: Im Venom (14247, 18€ bounty)
Seat 4: BerroJavHD (66516, 13.50€ bounty)
Seat 5: NZOTH (58064, 9€ bounty)
Seat 6: JackGribiche (19593, 9€ bounty)
*** ANTE/BLINDS ***
torresmo123 posts ante 70
MadaraD.Goku posts ante 70
Im Venom posts ante 70
BerroJavHD posts ante 70
NZOTH posts ante 70
JackGribiche posts ante 70
torresmo123 posts small blind 300
MadaraD.Goku posts big blind 600
Dealt to torresmo123 [2s 2c]
*** PRE-FLOP *** 
Im Venom folds
BerroJavHD folds
NZOTH raises 600 to 1200
JackGribiche folds
torresmo123 calls 900
MadaraD.Goku calls 600
*** FLOP *** [Kd 3s 9s]
torresmo123 checks
MadaraD.Goku checks
NZOTH checks
*** TURN *** [Kd 3s 9s][7d]
torresmo123 checks
MadaraD.Goku checks
NZOTH bets 1407
torresmo123 folds
MadaraD.Goku folds
NZOTH collected 5427 from pot
*** SUMMARY ***
Total pot 5427 | No rake
Board: [Kd 3s 9s 7d]
Seat 5: NZOTH won 5427


Winamax Poker - Tournament "TEA TIME" buyIn: 18€ + 2€ level: 7 - HandId: #3193234817944649796-96-1707759040 - Holdem no limit (70/300/600) - 2024/02/12 17:30:40 UTC
Table: 'TEA TIME(743482918)#0067' 6-max (real money) Seat #1 is the button
Seat 1: torresmo123 (20521, 13.50€ bounty)
Seat 2: MadaraD.Goku (18950, 9€ bounty)
Seat 3: Im Venom (14177, 18€ bounty)
Seat 4: BerroJavHD (66446, 13.50€ bounty)
Seat 5: NZOTH (60814, 9€ bounty)
Seat 6: JackGribiche (19523, 9€ bounty)
*** ANTE/BLINDS ***
MadaraD.Goku posts ante 70
Im Venom posts ante 70
torresmo123 posts ante 70
BerroJavHD posts ante 70
NZOTH posts ante 70
JackGribiche posts ante 70
MadaraD.Goku posts small blind 300
Im Venom posts big blind 600
Dealt to torresmo123 [7s Jc]
*** PRE-FLOP *** 
BerroJavHD folds
NZOTH raises 600 to 1200
JackGribiche raises 2700 to 3900
torresmo123 folds
MadaraD.Goku folds
Im Venom folds
NZOTH calls 2700
*** FLOP *** [9c As 4h]
NZOTH checks
JackGribiche checks
*** TURN *** [9c As 4h][7c]
NZOTH bets 3192
JackGribiche calls 3192
*** RIVER *** [9c As 4h 7c][Js]
NZOTH checks
JackGribiche bets 12361 and is all-in
NZOTH folds
JackGribiche collected 27865 from pot
*** SUMMARY ***
Total pot 27865 | No rake
Board: [9c As 4h 7c Js]
Seat 6: JackGribiche won 27865


Winamax Poker - Tournament "TEA TIME" buyIn: 18€ + 2€ level: 7 - HandId: #3193234817944649796-97-1707759074 - Holdem no limit (70/300/600) - 2024/02/12 17:31:14 UTC
Table: 'TEA TIME(743482918)#0067' 6-max (real money) Seat #2 is the button
Seat 1: torresmo123 (20451, 13.50€ bounty)
Seat 2: MadaraD.Goku (18580, 9€ bounty)
Seat 3: Im Venom (13507, 18€ bounty)
Seat 4: BerroJavHD (66376, 13.50€ bounty)
Seat 5: NZOTH (53652, 9€ bounty)
Seat 6: JackGribiche (27865, 9€ bounty)
*** ANTE/BLINDS ***
Im Venom posts ante 70
BerroJavHD posts ante 70
torresmo123 posts ante 70
MadaraD.Goku posts ante 70
NZOTH posts ante 70
JackGribiche posts ante 70
Im Venom posts small blind 300
BerroJavHD posts big blind 600
Dealt to torresmo123 [Ks 4d]
*** PRE-FLOP *** 
NZOTH folds
JackGribiche raises 600 to 1200
torresmo123 folds
MadaraD.Goku folds
Im Venom folds
BerroJavHD calls 600
*** FLOP *** [2h 2s Kc]
BerroJavHD checks
JackGribiche bets 1092
BerroJavHD folds
JackGribiche collected 4212 from pot
*** SUMMARY ***
Total pot 4212 | No rake
Board: [2h 2s Kc]
Seat 6: JackGribiche won 4212


Winamax Poker - Tournament "TEA TIME" buyIn: 18€ + 2€ level: 7 - HandId: #3193234817944649796-98-1707759110 - Holdem no limit (70/300/600) - 2024/02/12 17:31:50 UTC
Table: 'TEA TIME(743482918)#0067' 6-max (real money) Seat #3 is the button
Seat 1: torresmo123 (20381, 13.50€ bounty)
Seat 2: MadaraD.Goku (18510, 9€ bounty)
Seat 3: Im Venom (13137, 18€ bounty)
Seat 4: BerroJavHD (65106, 13.50€ bounty)
Seat 5: NZOTH (53582, 9€ bounty)
Seat 6: JackGribiche (29715, 9€ bounty)
*** ANTE/BLINDS ***
BerroJavHD posts ante 70
NZOTH posts ante 70
torresmo123 posts ante 70
MadaraD.Goku posts ante 70
Im Venom posts ante 70
JackGribiche posts ante 70
BerroJavHD posts small blind 300
NZOTH posts big blind 600
Dealt to torresmo123 [7d Td]
*** PRE-FLOP *** 
JackGribiche folds
torresmo123 raises 660 to 1260
MadaraD.Goku folds
Im Venom folds
BerroJavHD folds
NZOTH calls 660
*** FLOP *** [Qd 5h 7s]
NZOTH checks
torresmo123 bets 1069
NZOTH calls 1069
*** TURN *** [Qd 5h 7s][2c]
NZOTH checks
torresmo123 checks
*** RIVER *** [Qd 5h 7s 2c][2d]
NZOTH bets 1882
torresmo123 calls 1882
*** SHOW DOWN ***
torresmo123 shows [7d Td] (Two pairs : 7 and 2)
NZOTH shows [8s Qc] (Two pairs : Queens and 2)
NZOTH collected 9142 from pot
*** SUMMARY ***
Total pot 9142 | No rake
Board: [Qd 5h 7s 2c 2d]
Seat 1: torresmo123 showed [7d Td] and lost with Two pairs : 7 and 2
Seat 5: NZOTH (big blind) showed [8s Qc] and won 9142 with Two pairs : Queens and 2


Winamax Poker - Tournament "TEA TIME" buyIn: 18€ + 2€ level: 7 - HandId: #3193234817944649796-99-1707759202 - Holdem no limit (70/300/600) - 2024/02/12 17:33:22 UTC
Table: 'TEA TIME(743482918)#0067' 6-max (real money) Seat #4 is the button
Seat 1: torresmo123 (16100, 13.50€ bounty)
Seat 2: MadaraD.Goku (18440, 9€ bounty)
Seat 3: Im Venom (13067, 18€ bounty)
Seat 4: BerroJavHD (64736, 13.50€ bounty)
Seat 5: NZOTH (58443, 9€ bounty)
Seat 6: JackGribiche (29645, 9€ bounty)
*** ANTE/BLINDS ***
NZOTH posts ante 70
JackGribiche posts ante 70
torresmo123 posts ante 70
MadaraD.Goku posts ante 70
Im Venom posts ante 70
BerroJavHD posts ante 70
NZOTH posts small blind 300
JackGribiche posts big blind 600
Dealt to torresmo123 [9c Qd]
*** PRE-FLOP *** 
torresmo123 folds
MadaraD.Goku raises 600 to 1200
Im Venom folds
BerroJavHD folds
NZOTH folds
JackGribiche calls 600
*** FLOP *** [6s Jd Ks]
JackGribiche checks
MadaraD.Goku bets 1030
JackGribiche folds
MadaraD.Goku collected 4150 from pot
*** SUMMARY ***
Total pot 4150 | No rake
Board: [6s Jd Ks]
Seat 2: MadaraD.Goku won 4150


Winamax Poker - Tournament "TEA TIME" buyIn: 18€ + 2€ level: 8 - HandId: #3193234817944649796-100-1707759255 - Holdem no limit (80/350/700) - 2024/02/12 17:34:15 UTC
Table: 'TEA TIME(743482918)#0067' 6-max (real money) Seat #5 is the button
Seat 1: torresmo123 (16030, 13.50€ bounty)
Seat 2: MadaraD.Goku (20290, 9€ bounty)
Seat 3: Im Venom (12997, 18€ bounty)
Seat 4: BerroJavHD (64666, 13.50€ bounty)
Seat 5: NZOTH (58073, 9€ bounty)
Seat 6: JackGribiche (28375, 9€ bounty)
*** ANTE/BLINDS ***
JackGribiche posts ante 80
torresmo123 posts ante 80
MadaraD.Goku posts ante 80
Im Venom posts ante 80
BerroJavHD posts ante 80
NZOTH posts ante 80
JackGribiche posts small blind 350
torresmo123 posts big blind 700
Dealt to torresmo123 [7h 9c]
*** PRE-FLOP *** 
MadaraD.Goku raises 700 to 1400
Im Venom folds
BerroJavHD folds
NZOTH folds
JackGribiche folds
torresmo123 calls 700
*** FLOP *** [7c Qh 8s]
torresmo123 checks
MadaraD.Goku bets 1198
torresmo123 calls 1198
*** TURN *** [7c Qh 8s][8h]
torresmo123 checks
MadaraD.Goku checks
*** RIVER *** [7c Qh 8s 8h][9d]
torresmo123 bets 700
MadaraD.Goku raises 1750 to 2450
torresmo123 folds
MadaraD.Goku collected 9176 from pot
*** SUMMARY ***
Total pot 9176 | No rake
Board: [7c Qh 8s 8h 9d]
Seat 2: MadaraD.Goku won 9176


Winamax Poker - Tournament "TEA TIME" buyIn: 18€ + 2€ level: 8 - HandId: #3193234817944649796-101-1707759370 - Holdem no limit (80/350/700) - 2024/02/12 17:36:10 UTC
Table: 'TEA TIME(743482918)#0067' 6-max (real money) Seat #6 is the button
Seat 1: torresmo123 (12652, 13.50€ bounty)
Seat 2: MadaraD.Goku (24338, 9€ bounty)
Seat 3: Im Venom (12917, 18€ bounty)
Seat 4: BerroJavHD (64586, 13.50€ bounty)
Seat 5: NZOTH (57993, 9€ bounty)
Seat 6: JackGribiche (27945, 9€ bounty)
*** ANTE/BLINDS ***
torresmo123 posts ante 80
MadaraD.Goku posts ante 80
Im Venom posts ante 80
BerroJavHD posts ante 80
NZOTH posts ante 80
JackGribiche posts ante 80
torresmo123 posts small blind 350
MadaraD.Goku posts big blind 700
Dealt to torresmo123 [Jd 3c]
*** PRE-FLOP *** 
Im Venom folds
BerroJavHD folds
NZOTH raises 700 to 1400
JackGribiche folds
torresmo123 folds
MadaraD.Goku calls 700
*** FLOP *** [6d 6h Jh]
MadaraD.Goku checks
NZOTH bets 2100
MadaraD.Goku folds
NZOTH collected 5730 from pot
*** SUMMARY ***
Total pot 5730 | No rake
Board: [6d 6h Jh]
Seat 5: NZOTH won 5730


Winamax Poker - Tournament "TEA TIME" buyIn: 18€ + 2€ level: 8 - HandId: #3193234817944649796-102-1707759417 - Holdem no limit (80/350/700) - 2024/02/12 17:36:57 UTC
Table: 'TEA TIME(743482918)#0067' 6-max (real money) Seat #1 is the button
Seat 1: torresmo123 (12222, 13.50€ bounty)
Seat 2: MadaraD.Goku (22858, 9€ bounty)
Seat 3: Im Venom (12837, 18€ bounty)
Seat 4: BerroJavHD (64506, 13.50€ bounty)
Seat 5: NZOTH (60143, 9€ bounty)
Seat 6: JackGribiche (27865, 9€ bounty)
*** ANTE/BLINDS ***
MadaraD.Goku posts ante 80
Im Venom posts ante 80
torresmo123 posts ante 80
BerroJavHD posts ante 80
NZOTH posts ante 80
JackGribiche posts ante 80
MadaraD.Goku posts small blind 350
Im Venom posts big blind 700
Dealt to torresmo123 [Ad Ah]
*** PRE-FLOP *** 
BerroJavHD folds
NZOTH folds
JackGribiche raises 700 to 1400
torresmo123 raises 2100 to 3500
MadaraD.Goku folds
Im Venom folds
JackGribiche calls 2100
*** FLOP *** [Tc 2s 7s]
JackGribiche checks
torresmo123 bets 2100
JackGribiche calls 2100
*** TURN *** [Tc 2s 7s][8d]
JackGribiche checks
torresmo123 bets 6542 and is all-in
JackGribiche folds
torresmo123 collected 19272 from pot
*** SUMMARY ***
Total pot 19272 | No rake
Board: [Tc 2s 7s 8d]
Seat 1: torresmo123 (button) won 19272


Winamax Poker - Tournament "TEA TIME" buyIn: 18€ + 2€ level: 8 - HandId: #3193234817944649796-103-1707759495 - Holdem no limit (80/350/700) - 2024/02/12 17:38:15 UTC
Table: 'TEA TIME(743482918)#0067' 6-max (real money) Seat #2 is the button
Seat 1: torresmo123 (19272, 13.50€ bounty)
Seat 2: MadaraD.Goku (22428, 9€ bounty)
Seat 3: Im Venom (12057, 18€ bounty)
Seat 4: BerroJavHD (64426, 13.50€ bounty)
Seat 5: NZOTH (60063, 9€ bounty)
Seat 6: JackGribiche (22185, 9€ bounty)
*** ANTE/BLINDS ***
Im Venom posts ante 80
BerroJavHD posts ante 80
torresmo123 posts ante 80
MadaraD.Goku posts ante 80
NZOTH posts ante 80
JackGribiche posts ante 80
Im Venom posts small blind 350
BerroJavHD posts big blind 700
Dealt to torresmo123 [As 8h]
*** PRE-FLOP *** 
NZOTH folds
JackGribiche folds
torresmo123 raises 770 to 1470
MadaraD.Goku folds
Im Venom raises 10507 to 11977 and is all-in
BerroJavHD folds
torresmo123 calls 10507
*** FLOP *** [8c 2d 2c]
*** TURN *** [8c 2d 2c][Kd]
*** RIVER *** [8c 2d 2c Kd][6h]
*** SHOW DOWN ***
torresmo123 shows [As 8h] (Two pairs : 8 and 2)
Im Venom shows [Js Kh] (Two pairs : Kings and 2)
Im Venom collected 25134 from pot
*** SUMMARY ***
Total pot 25134 | No rake
Board: [8c 2d 2c Kd 6h]
Seat 1: torresmo123 showed [As 8h] and lost with Two pairs : 8 and 2
Seat 3: Im Venom (small blind) showed [Js Kh] and won 25134 with Two pairs : Kings and 2


Winamax Poker - Tournament "TEA TIME" buyIn: 18€ + 2€ level: 8 - HandId: #3193234817944649796-104-1707759544 - Holdem no limit (80/350/700) - 2024/02/12 17:39:04 UTC
Table: 'TEA TIME(743482918)#0067' 6-max (real money) Seat #3 is the button
Seat 1: torresmo123 (7215, 13.50€ bounty)
Seat 2: MadaraD.Goku (22348, 9€ bounty)
Seat 3: Im Venom (25134, 18€ bounty)
Seat 4: BerroJavHD (63646, 13.50€ bounty)
Seat 5: NZOTH (59983, 9€ bounty)
Seat 6: JackGribiche (22105, 9€ bounty)
*** ANTE/BLINDS ***
BerroJavHD posts ante 80
NZOTH posts ante 80
torresmo123 posts ante 80
MadaraD.Goku posts ante 80
Im Venom posts ante 80
JackGribiche posts ante 80
BerroJavHD posts small blind 350
NZOTH posts big blind 700
Dealt to torresmo123 [3s Th]
*** PRE-FLOP *** 
JackGribiche folds
torresmo123 folds
MadaraD.Goku raises 700 to 1400
Im Venom calls 1400
BerroJavHD folds
NZOTH calls 700
*** FLOP *** [Ac 8d 7s]
NZOTH checks
MadaraD.Goku bets 1660
Im Venom calls 1660
NZOTH calls 1660
*** TURN *** [Ac 8d 7s][2c]
NZOTH checks
MadaraD.Goku bets 4003
Im Venom calls 4003
NZOTH folds
*** RIVER *** [Ac 8d 7s 2c][5s]
MadaraD.Goku checks
Im Venom checks
*** SHOW DOWN ***
Im Venom shows [Kc 8c] (One pair : 8)
MadaraD.Goku shows [4c As] (One pair : Aces)
MadaraD.Goku collected 18016 from pot
*** SUMMARY ***
Total pot 18016 | No rake
Board: [Ac 8d 7s 2c 5s]
Seat 2: MadaraD.Goku showed [4c As] and won 18016 with One pair : Aces
Seat 3: Im Venom (button) showed [Kc 8c] and lost with One pair : 8


Winamax Poker - Tournament "TEA TIME" buyIn: 18€ + 2€ level: 8 - HandId: #3193234817944649796-105-1707759623 - Holdem no limit (80/350/700) - 2024/02/12 17:40:23 UTC
Table: 'TEA TIME(743482918)#0067' 6-max (real money) Seat #4 is the button
Seat 1: torresmo123 (7135, 13.50€ bounty)
Seat 2: MadaraD.Goku (33221, 9€ bounty)
Seat 3: Im Venom (17991, 18€ bounty)
Seat 4: BerroJavHD (63216, 13.50€ bounty)
Seat 5: NZOTH (56843, 9€ bounty)
Seat 6: JackGribiche (22025, 9€ bounty)
*** ANTE/BLINDS ***
NZOTH posts ante 80
JackGribiche posts ante 80
torresmo123 posts ante 80
MadaraD.Goku posts ante 80
Im Venom posts ante 80
BerroJavHD posts ante 80
NZOTH posts small blind 350
JackGribiche posts big blind 700
Dealt to torresmo123 [4s Ah]
*** PRE-FLOP *** 
torresmo123 folds
MadaraD.Goku raises 770 to 1470
Im Venom folds
BerroJavHD folds
NZOTH calls 1120
JackGribiche calls 770
*** FLOP *** [6d 2s Js]
NZOTH checks
JackGribiche checks
MadaraD.Goku bets 1614
NZOTH folds
JackGribiche folds
MadaraD.Goku collected 6504 from pot
*** SUMMARY ***
Total pot 6504 | No rake
Board: [6d 2s Js]
Seat 2: MadaraD.Goku won 6504


Winamax Poker - Tournament "TEA TIME" buyIn: 18€ + 2€ level: 8 - HandId: #3193234817944649796-106-1707759665 - Holdem no limit (80/350/700) - 2024/02/12 17:41:05 UTC
Table: 'TEA TIME(743482918)#0067' 6-max (real money) Seat #5 is the button
Seat 1: torresmo123 (7055, 13.50€ bounty)
Seat 2: MadaraD.Goku (36561, 9€ bounty)
Seat 3: Im Venom (17911, 18€ bounty)
Seat 4: BerroJavHD (63136, 13.50€ bounty)
Seat 5: NZOTH (55293, 9€ bounty)
Seat 6: JackGribiche (20475, 9€ bounty)
*** ANTE/BLINDS ***
JackGribiche posts ante 80
torresmo123 posts ante 80
MadaraD.Goku posts ante 80
Im Venom posts ante 80
BerroJavHD posts ante 80
NZOTH posts ante 80
JackGribiche posts small blind 350
torresmo123 posts big blind 700
Dealt to torresmo123 [6d Qc]
*** PRE-FLOP *** 
MadaraD.Goku folds
Im Venom folds
BerroJavHD raises 770 to 1470
NZOTH folds
JackGribiche calls 1120
torresmo123 calls 770
*** FLOP *** [Jd 3s Tc]
JackGribiche checks
torresmo123 checks
BerroJavHD bets 1223
JackGribiche calls 1223
torresmo123 folds
*** TURN *** [Jd 3s Tc][8h]
JackGribiche checks
BerroJavHD bets 4900
JackGribiche calls 4900
*** RIVER *** [Jd 3s Tc 8h][Jh]
JackGribiche checks
BerroJavHD checks
*** SHOW DOWN ***
JackGribiche shows [Qh Th] (Two pairs : Jacks and Tens)
BerroJavHD shows [Ac Ad] (Two pairs : Aces and Jacks)
BerroJavHD collected 17136 from pot
*** SUMMARY ***
Total pot 17136 | No rake
Board: [Jd 3s Tc 8h Jh]
Seat 4: BerroJavHD showed [Ac Ad] and won 17136 with Two pairs : Aces and Jacks
Seat 6: JackGribiche (small blind) showed [Qh Th] and lost with Two pairs : Jacks and Tens


Winamax Poker - Tournament "TEA TIME" buyIn: 18€ + 2€ level: 9 - HandId: #3193234817944649796-107-1707759742 - Holdem no limit (100/400/800) - 2024/02/12 17:42:22 UTC
Table: 'TEA TIME(743482918)#0067' 6-max (real money) Seat #6 is the button
Seat 1: torresmo123 (5505, 13.50€ bounty)
Seat 2: MadaraD.Goku (36481, 9€ bounty)
Seat 3: Im Venom (17831, 18€ bounty)
Seat 4: BerroJavHD (72599, 13.50€ bounty)
Seat 5: NZOTH (55213, 9€ bounty)
Seat 6: JackGribiche (12802, 9€ bounty)
*** ANTE/BLINDS ***
torresmo123 posts ante 100
MadaraD.Goku posts ante 100
Im Venom posts ante 100
BerroJavHD posts ante 100
NZOTH posts ante 100
JackGribiche posts ante 100
torresmo123 posts small blind 400
MadaraD.Goku posts big blind 800
Dealt to torresmo123 [Qh Tc]
*** PRE-FLOP *** 
Im Venom folds
BerroJavHD folds
NZOTH folds
JackGribiche folds
torresmo123 raises 4605 to 5405 and is all-in
MadaraD.Goku calls 4605
*** FLOP *** [Td 5s 2h]
*** TURN *** [Td 5s 2h][3c]
*** RIVER *** [Td 5s 2h 3c][7h]
*** SHOW DOWN ***
MadaraD.Goku shows [Jc 6d] (High card : Jack)
torresmo123 shows [Qh Tc] (One pair : Tens)
torresmo123 collected 11410 from pot
*** SUMMARY ***
Total pot 11410 | No rake
Board: [Td 5s 2h 3c 7h]
Seat 1: torresmo123 (small blind) showed [Qh Tc] and won 11410 with One pair : Tens
Seat 2: MadaraD.Goku (big blind) showed [Jc 6d] and lost with High card : Jack


Winamax Poker - Tournament "TEA TIME" buyIn: 18€ + 2€ level: 9 - HandId: #3193234817944649796-108-1707759789 - Holdem no limit (100/400/800) - 2024/02/12 17:43:09 UTC
Table: 'TEA TIME(743482918)#0067' 6-max (real money) Seat #1 is the button
Seat 1: torresmo123 (11410, 13.50€ bounty)
Seat 2: MadaraD.Goku (30976, 9€ bounty)
Seat 3: Im Venom (17731, 18€ bounty)
Seat 4: BerroJavHD (72499, 13.50€ bounty)
Seat 5: NZOTH (55113, 9€ bounty)
Seat 6: JackGribiche (12702, 9€ bounty)
*** ANTE/BLINDS ***
MadaraD.Goku posts ante 100
Im Venom posts ante 100
torresmo123 posts ante 100
BerroJavHD posts ante 100
NZOTH posts ante 100
JackGribiche posts ante 100
MadaraD.Goku posts small blind 400
Im Venom posts big blind 800
Dealt to torresmo123 [3h Th]
*** PRE-FLOP *** 
BerroJavHD folds
NZOTH folds
JackGribiche raises 800 to 1600
torresmo123 folds
MadaraD.Goku folds
Im Venom calls 800
*** FLOP *** [Kc 4d 8h]
Im Venom checks
JackGribiche checks
*** TURN *** [Kc 4d 8h][8d]
Im Venom checks
JackGribiche checks
*** RIVER *** [Kc 4d 8h 8d][6h]
Im Venom checks
JackGribiche checks
*** SHOW DOWN ***
Im Venom shows [7h 2h] (One pair : 8)
JackGribiche shows [Td Jd] (One pair : 8)
JackGribiche collected 4200 from pot
*** SUMMARY ***
Total pot 4200 | No rake
Board: [Kc 4d 8h 8d 6h]
Seat 3: Im Venom (big blind) showed [7h 2h] and lost with One pair : 8
Seat 6: JackGribiche showed [Td Jd] and won 4200 with One pair : 8


Winamax Poker - Tournament "TEA TIME" buyIn: 18€ + 2€ level: 9 - HandId: #3193234817944649796-109-1707759827 - Holdem no limit (100/400/800) - 2024/02/12 17:43:47 UTC
Table: 'TEA TIME(743482918)#0067' 6-max (real money) Seat #2 is the button
Seat 1: torresmo123 (11310, 13.50€ bounty)
Seat 2: MadaraD.Goku (30476, 9€ bounty)
Seat 3: Im Venom (16031, 18€ bounty)
Seat 4: BerroJavHD (72399, 13.50€ bounty)
Seat 5: NZOTH (55013, 9€ bounty)
Seat 6: JackGribiche (15202, 9€ bounty)
*** ANTE/BLINDS ***
Im Venom posts ante 100
BerroJavHD posts ante 100
torresmo123 posts ante 100
MadaraD.Goku posts ante 100
NZOTH posts ante 100
JackGribiche posts ante 100
Im Venom posts small blind 400
BerroJavHD posts big blind 800
Dealt to torresmo123 [4s 6d]
*** PRE-FLOP *** 
NZOTH folds
JackGribiche folds
torresmo123 folds
MadaraD.Goku raises 800 to 1600
Im Venom folds
BerroJavHD calls 800
*** FLOP *** [3d 6c Kd]
BerroJavHD checks
MadaraD.Goku bets 1386
BerroJavHD folds
MadaraD.Goku collected 5586 from pot
*** SUMMARY ***
Total pot 5586 | No rake
Board: [3d 6c Kd]
Seat 2: MadaraD.Goku (button) won 5586


Winamax Poker - Tournament "TEA TIME" buyIn: 18€ + 2€ level: 9 - HandId: #3193234817944649796-110-1707759891 - Holdem no limit (100/400/800) - 2024/02/12 17:44:51 UTC
Table: 'TEA TIME(743482918)#0067' 6-max (real money) Seat #3 is the button
Seat 1: torresmo123 (11210, 13.50€ bounty)
Seat 2: MadaraD.Goku (32976, 9€ bounty)
Seat 3: Im Venom (15531, 18€ bounty)
Seat 4: BerroJavHD (70699, 13.50€ bounty)
Seat 5: NZOTH (54913, 9€ bounty)
Seat 6: JackGribiche (15102, 9€ bounty)
*** ANTE/BLINDS ***
BerroJavHD posts ante 100
NZOTH posts ante 100
torresmo123 posts ante 100
MadaraD.Goku posts ante 100
Im Venom posts ante 100
JackGribiche posts ante 100
BerroJavHD posts small blind 400
NZOTH posts big blind 800
Dealt to torresmo123 [7h Tc]
*** PRE-FLOP *** 
JackGribiche folds
torresmo123 folds
MadaraD.Goku raises 800 to 1600
Im Venom folds
BerroJavHD calls 1200
NZOTH raises 4800 to 6400
MadaraD.Goku folds
BerroJavHD calls 4800
*** FLOP *** [Th 2d Ks]
BerroJavHD checks
NZOTH checks
*** TURN *** [Th 2d Ks][8d]
BerroJavHD checks
NZOTH bets 8000
BerroJavHD calls 8000
*** RIVER *** [Th 2d Ks 8d][3c]
BerroJavHD checks
NZOTH bets 20000
BerroJavHD raises 36199 to 56199 and is all-in
NZOTH folds
BerroJavHD collected 107199 from pot
*** SUMMARY ***
Total pot 107199 | No rake
Board: [Th 2d Ks 8d 3c]
Seat 4: BerroJavHD (small blind) won 107199


Winamax Poker - Tournament "TEA TIME" buyIn: 18€ + 2€ level: 9 - HandId: #3193234817944649796-111-1707759998 - Holdem no limit (100/400/800) - 2024/02/12 17:46:38 UTC
Table: 'TEA TIME(743482918)#0067' 6-max (real money) Seat #4 is the button
Seat 1: torresmo123 (11110, 13.50€ bounty)
Seat 2: MadaraD.Goku (31276, 9€ bounty)
Seat 3: Im Venom (15431, 18€ bounty)
Seat 4: BerroJavHD (107199, 13.50€ bounty)
Seat 5: NZOTH (20413, 9€ bounty)
Seat 6: JackGribiche (15002, 9€ bounty)
*** ANTE/BLINDS ***
NZOTH posts ante 100
JackGribiche posts ante 100
torresmo123 posts ante 100
MadaraD.Goku posts ante 100
Im Venom posts ante 100
BerroJavHD posts ante 100
NZOTH posts small blind 400
JackGribiche posts big blind 800
Dealt to torresmo123 [Jc Tc]
*** PRE-FLOP *** 
torresmo123 raises 10210 to 11010 and is all-in
MadaraD.Goku folds
Im Venom folds
BerroJavHD folds
NZOTH folds
JackGribiche folds
torresmo123 collected 12810 from pot
*** SUMMARY ***
Total pot 12810 | No rake
Seat 1: torresmo123 won 12810


Winamax Poker - Tournament "TEA TIME" buyIn: 18€ + 2€ level: 9 - HandId: #3193234817944649796-112-1707760017 - Holdem no limit (100/400/800) - 2024/02/12 17:46:57 UTC
Table: 'TEA TIME(743482918)#0067' 6-max (real money) Seat #5 is the button
Seat 1: torresmo123 (12810, 13.50€ bounty)
Seat 2: MadaraD.Goku (31176, 9€ bounty)
Seat 3: Im Venom (15331, 18€ bounty)
Seat 4: BerroJavHD (107099, 13.50€ bounty)
Seat 5: NZOTH (19913, 9€ bounty)
Seat 6: JackGribiche (14102, 9€ bounty)
*** ANTE/BLINDS ***
JackGribiche posts ante 100
torresmo123 posts ante 100
MadaraD.Goku posts ante 100
Im Venom posts ante 100
BerroJavHD posts ante 100
NZOTH posts ante 100
JackGribiche posts small blind 400
torresmo123 posts big blind 800
Dealt to torresmo123 [6s Qs]
*** PRE-FLOP *** 
MadaraD.Goku raises 800 to 1600
Im Venom raises 2800 to 4400
BerroJavHD folds
NZOTH folds
JackGribiche folds
torresmo123 folds
MadaraD.Goku calls 2800
*** FLOP *** [Ts 9s Jd]
MadaraD.Goku checks
Im Venom bets 10831 and is all-in
MadaraD.Goku folds
Im Venom collected 21431 from pot
*** SUMMARY ***
Total pot 21431 | No rake
Board: [Ts 9s Jd]
Seat 3: Im Venom won 21431


Winamax Poker - Tournament "TEA TIME" buyIn: 18€ + 2€ level: 9 - HandId: #3193234817944649796-113-1707760084 - Holdem no limit (100/400/800) - 2024/02/12 17:48:04 UTC
Table: 'TEA TIME(743482918)#0067' 6-max (real money) Seat #6 is the button
Seat 1: torresmo123 (11910, 13.50€ bounty)
Seat 2: MadaraD.Goku (26676, 9€ bounty)
Seat 3: Im Venom (21431, 18€ bounty)
Seat 4: BerroJavHD (106999, 13.50€ bounty)
Seat 5: NZOTH (19813, 9€ bounty)
Seat 6: JackGribiche (13602, 9€ bounty)
*** ANTE/BLINDS ***
torresmo123 posts ante 100
MadaraD.Goku posts ante 100
Im Venom posts ante 100
BerroJavHD posts ante 100
NZOTH posts ante 100
JackGribiche posts ante 100
torresmo123 posts small blind 400
MadaraD.Goku posts big blind 800
Dealt to torresmo123 [9s Js]
*** PRE-FLOP *** 
Im Venom raises 800 to 1600
BerroJavHD folds
NZOTH folds
JackGribiche folds
torresmo123 calls 1200
MadaraD.Goku folds
*** FLOP *** [4c Kc 8d]
torresmo123 checks
Im Venom bets 1600
torresmo123 folds
Im Venom collected 6200 from pot
*** SUMMARY ***
Total pot 6200 | No rake
Board: [4c Kc 8d]
Seat 3: Im Venom won 6200


Winamax Poker - Tournament "TEA TIME" buyIn: 18€ + 2€ level: 9 - HandId: #3193234817944649796-114-1707760120 - Holdem no limit (100/400/800) - 2024/02/12 17:48:40 UTC
Table: 'TEA TIME(743482918)#0067' 6-max (real money) Seat #1 is the button
Seat 1: torresmo123 (10210, 13.50€ bounty)
Seat 2: MadaraD.Goku (25776, 9€ bounty)
Seat 3: Im Venom (24331, 18€ bounty)
Seat 4: BerroJavHD (106899, 13.50€ bounty)
Seat 5: NZOTH (19713, 9€ bounty)
Seat 6: JackGribiche (13502, 9€ bounty)
*** ANTE/BLINDS ***
MadaraD.Goku posts ante 100
Im Venom posts ante 100
torresmo123 posts ante 100
BerroJavHD posts ante 100
NZOTH posts ante 100
JackGribiche posts ante 100
MadaraD.Goku posts small blind 400
Im Venom posts big blind 800
Dealt to torresmo123 [9c Kd]
*** PRE-FLOP *** 
BerroJavHD folds
NZOTH folds
JackGribiche folds
torresmo123 raises 9310 to 10110 and is all-in
MadaraD.Goku raises 15566 to 25676 and is all-in
Im Venom folds
*** FLOP *** [3s As 9h]
*** TURN *** [3s As 9h][Kc]
*** RIVER *** [3s As 9h Kc][9s]
*** SHOW DOWN ***
torresmo123 shows [9c Kd] (Full of 9 and Kings)
MadaraD.Goku shows [Ts Ah] (Two pairs : Aces and 9)
MadaraD.Goku collected 15566 from side pot 1
torresmo123 collected 21620 from main pot
*** SUMMARY ***
Total pot 37186 | No rake
Board: [3s As 9h Kc 9s]
Seat 1: torresmo123 (button) showed [9c Kd] and won 21620 with Full of 9 and Kings
Seat 2: MadaraD.Goku (small blind) showed [Ts Ah] and won 15566 with Two pairs : Aces and 9


Winamax Poker - Tournament "TEA TIME" buyIn: 18€ + 2€ level: 9 - HandId: #3193234817944649796-115-1707760151 - Holdem no limit (100/400/800) - 2024/02/12 17:49:11 UTC
Table: 'TEA TIME(743482918)#0067' 6-max (real money) Seat #2 is the button
Seat 1: torresmo123 (21620, 13.50€ bounty)
Seat 2: MadaraD.Goku (15566, 9€ bounty)
Seat 3: Im Venom (23431, 18€ bounty)
Seat 4: BerroJavHD (106799, 13.50€ bounty)
Seat 5: NZOTH (19613, 9€ bounty)
Seat 6: JackGribiche (13402, 9€ bounty)
*** ANTE/BLINDS ***
Im Venom posts ante 100
BerroJavHD posts ante 100
torresmo123 posts ante 100
MadaraD.Goku posts ante 100
NZOTH posts ante 100
JackGribiche posts ante 100
Im Venom posts small blind 400
BerroJavHD posts big blind 800
Dealt to torresmo123 [8h 7d]
*** PRE-FLOP *** 
NZOTH folds
JackGribiche folds
torresmo123 folds
MadaraD.Goku folds
Im Venom calls 400
BerroJavHD checks
*** FLOP *** [9h Jd 3h]
Im Venom bets 800
BerroJavHD folds
Im Venom collected 3000 from pot
*** SUMMARY ***
Total pot 3000 | No rake
Board: [9h Jd 3h]
Seat 3: Im Venom (small blind) won 3000


Winamax Poker - Tournament "TEA TIME" buyIn: 18€ + 2€ level: 10 - HandId: #3193234817944649796-116-1707760202 - Holdem no limit (120/500/1000) - 2024/02/12 17:50:02 UTC
Table: 'TEA TIME(743482918)#0067' 6-max (real money) Seat #3 is the button
Seat 1: torresmo123 (21520, 13.50€ bounty)
Seat 2: MadaraD.Goku (15466, 9€ bounty)
Seat 3: Im Venom (24731, 18€ bounty)
Seat 4: BerroJavHD (105899, 13.50€ bounty)
Seat 5: NZOTH (19513, 9€ bounty)
Seat 6: JackGribiche (13302, 9€ bounty)
*** ANTE/BLINDS ***
BerroJavHD posts ante 120
NZOTH posts ante 120
torresmo123 posts ante 120
MadaraD.Goku posts ante 120
Im Venom posts ante 120
JackGribiche posts ante 120
BerroJavHD posts small blind 500
NZOTH posts big blind 1000
Dealt to torresmo123 [Ks 8s]
*** PRE-FLOP *** 
JackGribiche folds
torresmo123 raises 1100 to 2100
MadaraD.Goku folds
Im Venom folds
BerroJavHD folds
NZOTH folds
torresmo123 collected 4320 from pot
*** SUMMARY ***
Total pot 4320 | No rake
Seat 1: torresmo123 won 4320


Winamax Poker - Tournament "TEA TIME" buyIn: 18€ + 2€ level: 10 - HandId: #3193234817944649796-117-1707760243 - Holdem no limit (120/500/1000) - 2024/02/12 17:50:43 UTC
Table: 'TEA TIME(743482918)#0067' 6-max (real money) Seat #4 is the button
Seat 1: torresmo123 (23620, 13.50€ bounty)
Seat 2: MadaraD.Goku (15346, 9€ bounty)
Seat 3: Im Venom (24611, 18€ bounty)
Seat 4: BerroJavHD (105279, 13.50€ bounty)
Seat 5: NZOTH (18393, 9€ bounty)
Seat 6: JackGribiche (13182, 9€ bounty)
*** ANTE/BLINDS ***
NZOTH posts ante 120
JackGribiche posts ante 120
torresmo123 posts ante 120
MadaraD.Goku posts ante 120
Im Venom posts ante 120
BerroJavHD posts ante 120
NZOTH posts small blind 500
JackGribiche posts big blind 1000
Dealt to torresmo123 [5d 6c]
*** PRE-FLOP *** 
torresmo123 folds
MadaraD.Goku folds
Im Venom raises 1000 to 2000
BerroJavHD folds
NZOTH folds
JackGribiche calls 1000
*** FLOP *** [7s Ad Qh]
JackGribiche checks
Im Venom bets 1500
JackGribiche folds
Im Venom collected 6720 from pot
*** SUMMARY ***
Total pot 6720 | No rake
Board: [7s Ad Qh]
Seat 3: Im Venom won 6720


Winamax Poker - Tournament "TEA TIME" buyIn: 18€ + 2€ level: 10 - HandId: #3193234817944649796-118-1707760277 - Holdem no limit (120/500/1000) - 2024/02/12 17:51:17 UTC
Table: 'TEA TIME(743482918)#0067' 6-max (real money) Seat #5 is the button
Seat 1: torresmo123 (23500, 13.50€ bounty)
Seat 2: MadaraD.Goku (15226, 9€ bounty)
Seat 3: Im Venom (27711, 18€ bounty)
Seat 4: BerroJavHD (105159, 13.50€ bounty)
Seat 5: NZOTH (17773, 9€ bounty)
Seat 6: JackGribiche (11062, 9€ bounty)
*** ANTE/BLINDS ***
JackGribiche posts ante 120
torresmo123 posts ante 120
MadaraD.Goku posts ante 120
Im Venom posts ante 120
BerroJavHD posts ante 120
NZOTH posts ante 120
JackGribiche posts small blind 500
torresmo123 posts big blind 1000
Dealt to torresmo123 [Jd Ks]
*** PRE-FLOP *** 
MadaraD.Goku folds
Im Venom folds
BerroJavHD raises 1100 to 2100
NZOTH folds
JackGribiche folds
torresmo123 calls 1100
*** FLOP *** [Ts 3c 3h]
torresmo123 checks
BerroJavHD bets 1789
torresmo123 raises 2711 to 4500
BerroJavHD raises 6000 to 10500
torresmo123 calls 6000
*** TURN *** [Ts 3c 3h][Kc]
torresmo123 checks
BerroJavHD checks
*** RIVER *** [Ts 3c 3h Kc][Qd]
torresmo123 checks
BerroJavHD bets 92439 and is all-in
torresmo123 calls 10780 and is all-in
*** SHOW DOWN ***
torresmo123 shows [Jd Ks] (Two pairs : Kings and 3)
BerroJavHD shows [Qc Kd] (Two pairs : Kings and Queens)
BerroJavHD collected 129639 from pot
*** SUMMARY ***
Total pot 129639 | No rake
Board: [Ts 3c 3h Kc Qd]
Seat 1: torresmo123 (big blind) showed [Jd Ks] and lost with Two pairs : Kings and 3
Seat 4: BerroJavHD showed [Qc Kd] and won 129639 with Two pairs : Kings and Queens


