Winamax Poker - Tournament "FLIPPER" buyIn: 18€ + 2€ level: 1 - HandId: #3189813584435609644-31-1707599091 - Holdem no limit (25/100/200) - 2024/02/10 21:04:51 UTC
Table: 'FLIPPER(742686350)#043' 6-max (real money) Seat #3 is the button
Seat 1: Yuta Okkotsu (33274, 13.50€ bounty)
Seat 2: PapaLHorreur (28019, 13.50€ bounty)
Seat 3: KP_call (25034, 9€ bounty)
Seat 4: Jcurtis123 (27885, 9€ bounty)
Seat 5: Winn1e (13314, 9€ bounty)
Seat 6: torresmo123 (20000, 9€ bounty)
*** ANTE/BLINDS ***
Jcurtis123 posts ante 25
Winn1e posts ante 25
Yuta Okkotsu posts ante 25
PapaLHorreur posts ante 25
KP_call posts ante 25
torresmo123 posts ante 25
Jcurtis123 posts small blind 100
Winn1e posts big blind 200
Dealt to torresmo123 [Kh 2s]
*** PRE-FLOP *** 
torresmo123 folds
Yuta Okkotsu raises 200 to 400
PapaLHorreur folds
KP_call folds
Jcurtis123 folds
Winn1e calls 200
*** FLOP *** [Qd Td 2c]
Winn1e checks
Yuta Okkotsu bets 525
Winn1e folds
Yuta Okkotsu collected 1575 from pot
*** SUMMARY ***
Total pot 1575 | No rake
Board: [Qd Td 2c]
Seat 1: Yuta Okkotsu won 1575


Winamax Poker - Tournament "FLIPPER" buyIn: 18€ + 2€ level: 1 - HandId: #3189813584435609644-32-1707599138 - Holdem no limit (25/100/200) - 2024/02/10 21:05:38 UTC
Table: 'FLIPPER(742686350)#043' 6-max (real money) Seat #4 is the button
Seat 1: Yuta Okkotsu (33899, 13.50€ bounty)
Seat 2: PapaLHorreur (27994, 13.50€ bounty)
Seat 3: KP_call (25009, 9€ bounty)
Seat 4: Jcurtis123 (27760, 9€ bounty)
Seat 5: Winn1e (12889, 9€ bounty)
Seat 6: torresmo123 (19975, 9€ bounty)
*** ANTE/BLINDS ***
Winn1e posts ante 25
torresmo123 posts ante 25
Yuta Okkotsu posts ante 25
PapaLHorreur posts ante 25
KP_call posts ante 25
Jcurtis123 posts ante 25
Winn1e posts small blind 100
torresmo123 posts big blind 200
Dealt to torresmo123 [9c Kd]
*** PRE-FLOP *** 
Yuta Okkotsu folds
PapaLHorreur folds
KP_call folds
Jcurtis123 raises 200 to 400
Winn1e folds
torresmo123 calls 200
*** FLOP *** [Jd 5s 6d]
torresmo123 checks
Jcurtis123 checks
*** TURN *** [Jd 5s 6d][7d]
torresmo123 bets 893
Jcurtis123 folds
torresmo123 collected 1943 from pot
*** SUMMARY ***
Total pot 1943 | No rake
Board: [Jd 5s 6d 7d]
Seat 6: torresmo123 (big blind) won 1943


Winamax Poker - Tournament "FLIPPER" buyIn: 18€ + 2€ level: 2 - HandId: #3189813584435609644-33-1707599204 - Holdem no limit (30/125/250) - 2024/02/10 21:06:44 UTC
Table: 'FLIPPER(742686350)#043' 6-max (real money) Seat #5 is the button
Seat 1: Yuta Okkotsu (33874, 13.50€ bounty)
Seat 2: PapaLHorreur (27969, 13.50€ bounty)
Seat 3: KP_call (24984, 9€ bounty)
Seat 4: Jcurtis123 (27335, 9€ bounty)
Seat 5: Winn1e (12764, 9€ bounty)
Seat 6: torresmo123 (20600, 9€ bounty)
*** ANTE/BLINDS ***
torresmo123 posts ante 30
Yuta Okkotsu posts ante 30
PapaLHorreur posts ante 30
KP_call posts ante 30
Jcurtis123 posts ante 30
Winn1e posts ante 30
torresmo123 posts small blind 125
Yuta Okkotsu posts big blind 250
Dealt to torresmo123 [6d Js]
*** PRE-FLOP *** 
PapaLHorreur folds
KP_call folds
Jcurtis123 folds
Winn1e raises 250 to 500
torresmo123 folds
Yuta Okkotsu calls 250
*** FLOP *** [2c 8d 2s]
Yuta Okkotsu checks
Winn1e bets 375
Yuta Okkotsu folds
Winn1e collected 1680 from pot
*** SUMMARY ***
Total pot 1680 | No rake
Board: [2c 8d 2s]
Seat 5: Winn1e (button) won 1680


Winamax Poker - Tournament "FLIPPER" buyIn: 18€ + 2€ level: 2 - HandId: #3189813584435609644-34-1707599275 - Holdem no limit (30/125/250) - 2024/02/10 21:07:55 UTC
Table: 'FLIPPER(742686350)#043' 6-max (real money) Seat #6 is the button
Seat 1: Yuta Okkotsu (33344, 13.50€ bounty)
Seat 2: PapaLHorreur (27939, 13.50€ bounty)
Seat 3: KP_call (24954, 9€ bounty)
Seat 4: Jcurtis123 (27305, 9€ bounty)
Seat 5: Winn1e (13539, 9€ bounty)
Seat 6: torresmo123 (20445, 9€ bounty)
*** ANTE/BLINDS ***
Yuta Okkotsu posts ante 30
PapaLHorreur posts ante 30
KP_call posts ante 30
Jcurtis123 posts ante 30
Winn1e posts ante 30
torresmo123 posts ante 30
Yuta Okkotsu posts small blind 125
PapaLHorreur posts big blind 250
Dealt to torresmo123 [5d As]
*** PRE-FLOP *** 
KP_call folds
Jcurtis123 folds
Winn1e raises 250 to 500
torresmo123 folds
Yuta Okkotsu folds
PapaLHorreur folds
Winn1e collected 1055 from pot
*** SUMMARY ***
Total pot 1055 | No rake
Seat 5: Winn1e won 1055


Winamax Poker - Tournament "FLIPPER" buyIn: 18€ + 2€ level: 2 - HandId: #3189813584435609644-35-1707599300 - Holdem no limit (30/125/250) - 2024/02/10 21:08:20 UTC
Table: 'FLIPPER(742686350)#043' 6-max (real money) Seat #1 is the button
Seat 1: Yuta Okkotsu (33189, 13.50€ bounty)
Seat 2: PapaLHorreur (27659, 13.50€ bounty)
Seat 3: KP_call (24924, 9€ bounty)
Seat 4: Jcurtis123 (27275, 9€ bounty)
Seat 5: Winn1e (14064, 9€ bounty)
Seat 6: torresmo123 (20415, 9€ bounty)
*** ANTE/BLINDS ***
PapaLHorreur posts ante 30
KP_call posts ante 30
Yuta Okkotsu posts ante 30
Jcurtis123 posts ante 30
Winn1e posts ante 30
torresmo123 posts ante 30
PapaLHorreur posts small blind 125
KP_call posts big blind 250
Dealt to torresmo123 [3c 4c]
*** PRE-FLOP *** 
Jcurtis123 folds
Winn1e folds
torresmo123 folds
Yuta Okkotsu raises 250 to 500
PapaLHorreur folds
KP_call calls 250
*** FLOP *** [Ks 8d Tc]
KP_call checks
Yuta Okkotsu bets 431
KP_call calls 431
*** TURN *** [Ks 8d Tc][As]
KP_call checks
Yuta Okkotsu checks
*** RIVER *** [Ks 8d Tc As][Kh]
KP_call checks
Yuta Okkotsu bets 715
KP_call calls 715
*** SHOW DOWN ***
Yuta Okkotsu shows [Js Th] (Two pairs : Kings and Tens)
KP_call shows [Ad Td] (Two pairs : Aces and Kings)
KP_call collected 3597 from pot
*** SUMMARY ***
Total pot 3597 | No rake
Board: [Ks 8d Tc As Kh]
Seat 1: Yuta Okkotsu (button) showed [Js Th] and lost with Two pairs : Kings and Tens
Seat 3: KP_call (big blind) showed [Ad Td] and won 3597 with Two pairs : Aces and Kings


Winamax Poker - Tournament "FLIPPER" buyIn: 18€ + 2€ level: 2 - HandId: #3189813584435609644-36-1707599363 - Holdem no limit (30/125/250) - 2024/02/10 21:09:23 UTC
Table: 'FLIPPER(742686350)#043' 6-max (real money) Seat #2 is the button
Seat 1: Yuta Okkotsu (31513, 13.50€ bounty)
Seat 2: PapaLHorreur (27504, 13.50€ bounty)
Seat 3: KP_call (26845, 9€ bounty)
Seat 4: Jcurtis123 (27245, 9€ bounty)
Seat 5: Winn1e (14034, 9€ bounty)
Seat 6: torresmo123 (20385, 9€ bounty)
*** ANTE/BLINDS ***
KP_call posts ante 30
Jcurtis123 posts ante 30
Yuta Okkotsu posts ante 30
PapaLHorreur posts ante 30
Winn1e posts ante 30
torresmo123 posts ante 30
KP_call posts small blind 125
Jcurtis123 posts big blind 250
Dealt to torresmo123 [3c 9d]
*** PRE-FLOP *** 
Winn1e raises 250 to 500
torresmo123 folds
Yuta Okkotsu folds
PapaLHorreur folds
KP_call raises 1805 to 2305
Jcurtis123 calls 2055
Winn1e folds
*** FLOP *** [Js 9h 6s]
KP_call checks
Jcurtis123 checks
*** TURN *** [Js 9h 6s][9s]
KP_call bets 1323
Jcurtis123 calls 1323
*** RIVER *** [Js 9h 6s 9s][Th]
KP_call bets 7936
Jcurtis123 folds
KP_call collected 15872 from pot
*** SUMMARY ***
Total pot 15872 | No rake
Board: [Js 9h 6s 9s Th]
Seat 3: KP_call (small blind) won 15872


Winamax Poker - Tournament "FLIPPER" buyIn: 18€ + 2€ level: 2 - HandId: #3189813584435609644-37-1707599416 - Holdem no limit (30/125/250) - 2024/02/10 21:10:16 UTC
Table: 'FLIPPER(742686350)#043' 6-max (real money) Seat #3 is the button
Seat 1: Yuta Okkotsu (31483, 13.50€ bounty)
Seat 2: PapaLHorreur (27474, 13.50€ bounty)
Seat 3: KP_call (31123, 9€ bounty)
Seat 4: Jcurtis123 (23587, 9€ bounty)
Seat 5: Winn1e (13504, 9€ bounty)
Seat 6: torresmo123 (20355, 9€ bounty)
*** ANTE/BLINDS ***
Jcurtis123 posts ante 30
Winn1e posts ante 30
Yuta Okkotsu posts ante 30
PapaLHorreur posts ante 30
KP_call posts ante 30
torresmo123 posts ante 30
Jcurtis123 posts small blind 125
Winn1e posts big blind 250
Dealt to torresmo123 [6d Th]
*** PRE-FLOP *** 
torresmo123 folds
Yuta Okkotsu folds
PapaLHorreur raises 250 to 500
KP_call folds
Jcurtis123 folds
Winn1e calls 250
*** FLOP *** [4h 6h 3h]
Winn1e bets 375
PapaLHorreur calls 375
*** TURN *** [4h 6h 3h][Ks]
Winn1e bets 1028
PapaLHorreur calls 1028
*** RIVER *** [4h 6h 3h Ks][2s]
Winn1e bets 1625
PapaLHorreur calls 1625
*** SHOW DOWN ***
PapaLHorreur shows [9d 9c] (One pair : 9)
Winn1e shows [5d Qh] (Straight 6 high)
Winn1e collected 7361 from pot
*** SUMMARY ***
Total pot 7361 | No rake
Board: [4h 6h 3h Ks 2s]
Seat 2: PapaLHorreur showed [9d 9c] and lost with One pair : 9
Seat 5: Winn1e (big blind) showed [5d Qh] and won 7361 with Straight 6 high


Winamax Poker - Tournament "FLIPPER" buyIn: 18€ + 2€ level: 2 - HandId: #3189813584435609644-38-1707599505 - Holdem no limit (30/125/250) - 2024/02/10 21:11:45 UTC
Table: 'FLIPPER(742686350)#043' 6-max (real money) Seat #4 is the button
Seat 1: Yuta Okkotsu (31453, 13.50€ bounty)
Seat 2: PapaLHorreur (23916, 13.50€ bounty)
Seat 3: KP_call (31093, 9€ bounty)
Seat 4: Jcurtis123 (23432, 9€ bounty)
Seat 5: Winn1e (17307, 9€ bounty)
Seat 6: torresmo123 (20325, 9€ bounty)
*** ANTE/BLINDS ***
Winn1e posts ante 30
torresmo123 posts ante 30
Yuta Okkotsu posts ante 30
PapaLHorreur posts ante 30
KP_call posts ante 30
Jcurtis123 posts ante 30
Winn1e posts small blind 125
torresmo123 posts big blind 250
Dealt to torresmo123 [4h 9h]
*** PRE-FLOP *** 
Yuta Okkotsu folds
PapaLHorreur folds
KP_call raises 250 to 500
Jcurtis123 folds
Winn1e raises 1500 to 2000
torresmo123 folds
KP_call calls 1500
*** FLOP *** [5c Ac 3h]
Winn1e bets 1375
KP_call raises 1375 to 2750
Winn1e raises 1375 to 4125
KP_call raises 1375 to 5500
Winn1e raises 9777 to 15277 and is all-in
KP_call calls 9777
*** TURN *** [5c Ac 3h][Qc]
*** RIVER *** [5c Ac 3h Qc][8c]
*** SHOW DOWN ***
KP_call shows [As 4s] (One pair : Aces)
Winn1e shows [Ad Qh] (Two pairs : Aces and Queens)
Winn1e collected 34984 from pot
*** SUMMARY ***
Total pot 34984 | No rake
Board: [5c Ac 3h Qc 8c]
Seat 3: KP_call showed [As 4s] and lost with One pair : Aces
Seat 5: Winn1e (small blind) showed [Ad Qh] and won 34984 with Two pairs : Aces and Queens


Winamax Poker - Tournament "FLIPPER" buyIn: 18€ + 2€ level: 3 - HandId: #3189813584435609644-39-1707599564 - Holdem no limit (35/150/300) - 2024/02/10 21:12:44 UTC
Table: 'FLIPPER(742686350)#043' 6-max (real money) Seat #5 is the button
Seat 1: Yuta Okkotsu (31423, 13.50€ bounty)
Seat 2: PapaLHorreur (23886, 13.50€ bounty)
Seat 3: KP_call (13786, 9€ bounty)
Seat 4: Jcurtis123 (23402, 9€ bounty)
Seat 5: Winn1e (34984, 9€ bounty)
Seat 6: torresmo123 (20045, 9€ bounty)
*** ANTE/BLINDS ***
torresmo123 posts ante 35
Yuta Okkotsu posts ante 35
PapaLHorreur posts ante 35
KP_call posts ante 35
Jcurtis123 posts ante 35
Winn1e posts ante 35
torresmo123 posts small blind 150
Yuta Okkotsu posts big blind 300
Dealt to torresmo123 [Js Th]
*** PRE-FLOP *** 
PapaLHorreur folds
KP_call raises 300 to 600
Jcurtis123 folds
Winn1e calls 600
torresmo123 folds
Yuta Okkotsu folds
*** FLOP *** [Ac Kc Qd]
KP_call bets 651
Winn1e calls 651
*** TURN *** [Ac Kc Qd][Jc]
KP_call checks
Winn1e bets 1107
KP_call folds
Winn1e collected 4269 from pot
*** SUMMARY ***
Total pot 4269 | No rake
Board: [Ac Kc Qd Jc]
Seat 5: Winn1e (button) won 4269


Winamax Poker - Tournament "FLIPPER" buyIn: 18€ + 2€ level: 3 - HandId: #3189813584435609644-40-1707599625 - Holdem no limit (35/150/300) - 2024/02/10 21:13:45 UTC
Table: 'FLIPPER(742686350)#043' 6-max (real money) Seat #6 is the button
Seat 1: Yuta Okkotsu (31088, 13.50€ bounty)
Seat 2: PapaLHorreur (23851, 13.50€ bounty)
Seat 3: KP_call (12500, 9€ bounty)
Seat 4: Jcurtis123 (23367, 9€ bounty)
Seat 5: Winn1e (36860, 9€ bounty)
Seat 6: torresmo123 (19860, 9€ bounty)
*** ANTE/BLINDS ***
Yuta Okkotsu posts ante 35
PapaLHorreur posts ante 35
KP_call posts ante 35
Jcurtis123 posts ante 35
Winn1e posts ante 35
torresmo123 posts ante 35
Yuta Okkotsu posts small blind 150
PapaLHorreur posts big blind 300
Dealt to torresmo123 [7c Kh]
*** PRE-FLOP *** 
KP_call raises 300 to 600
Jcurtis123 folds
Winn1e folds
torresmo123 folds
Yuta Okkotsu calls 450
PapaLHorreur calls 300
*** FLOP *** [Ac Td 4d]
Yuta Okkotsu checks
PapaLHorreur checks
KP_call bets 1005
Yuta Okkotsu folds
PapaLHorreur folds
KP_call collected 3015 from pot
*** SUMMARY ***
Total pot 3015 | No rake
Board: [Ac Td 4d]
Seat 3: KP_call won 3015


Winamax Poker - Tournament "FLIPPER" buyIn: 18€ + 2€ level: 3 - HandId: #3189813584435609644-41-1707599714 - Holdem no limit (35/150/300) - 2024/02/10 21:15:14 UTC
Table: 'FLIPPER(742686350)#043' 6-max (real money) Seat #1 is the button
Seat 1: Yuta Okkotsu (30453, 13.50€ bounty)
Seat 2: PapaLHorreur (23216, 13.50€ bounty)
Seat 3: KP_call (13875, 9€ bounty)
Seat 4: Jcurtis123 (23332, 9€ bounty)
Seat 5: Winn1e (36825, 9€ bounty)
Seat 6: torresmo123 (19825, 9€ bounty)
*** ANTE/BLINDS ***
PapaLHorreur posts ante 35
KP_call posts ante 35
Yuta Okkotsu posts ante 35
Jcurtis123 posts ante 35
Winn1e posts ante 35
torresmo123 posts ante 35
PapaLHorreur posts small blind 150
KP_call posts big blind 300
Dealt to torresmo123 [6h 3s]
*** PRE-FLOP *** 
Jcurtis123 folds
Winn1e folds
torresmo123 folds
Yuta Okkotsu folds
PapaLHorreur raises 750 to 1050
KP_call raises 12790 to 13840 and is all-in
PapaLHorreur folds
KP_call collected 15100 from pot
*** SUMMARY ***
Total pot 15100 | No rake
Seat 3: KP_call (big blind) won 15100


Winamax Poker - Tournament "FLIPPER" buyIn: 18€ + 2€ level: 3 - HandId: #3189813584435609644-42-1707599759 - Holdem no limit (35/150/300) - 2024/02/10 21:15:59 UTC
Table: 'FLIPPER(742686350)#043' 6-max (real money) Seat #2 is the button
Seat 1: Yuta Okkotsu (30418, 13.50€ bounty)
Seat 2: PapaLHorreur (22131, 13.50€ bounty)
Seat 3: KP_call (15100, 9€ bounty)
Seat 4: Jcurtis123 (23297, 9€ bounty)
Seat 5: Winn1e (36790, 9€ bounty)
Seat 6: torresmo123 (19790, 9€ bounty)
*** ANTE/BLINDS ***
KP_call posts ante 35
Jcurtis123 posts ante 35
Yuta Okkotsu posts ante 35
PapaLHorreur posts ante 35
Winn1e posts ante 35
torresmo123 posts ante 35
KP_call posts small blind 150
Jcurtis123 posts big blind 300
Dealt to torresmo123 [Qh 2s]
*** PRE-FLOP *** 
Winn1e folds
torresmo123 folds
Yuta Okkotsu folds
PapaLHorreur folds
KP_call calls 150
Jcurtis123 raises 810 to 1110
KP_call calls 810
*** FLOP *** [6c 3d Qd]
KP_call checks
Jcurtis123 bets 608
KP_call calls 608
*** TURN *** [6c 3d Qd][Kh]
KP_call checks
Jcurtis123 checks
*** RIVER *** [6c 3d Qd Kh][Jd]
KP_call checks
Jcurtis123 bets 2370
KP_call folds
Jcurtis123 collected 6016 from pot
*** SUMMARY ***
Total pot 6016 | No rake
Board: [6c 3d Qd Kh Jd]
Seat 4: Jcurtis123 (big blind) won 6016


Winamax Poker - Tournament "FLIPPER" buyIn: 18€ + 2€ level: 3 - HandId: #3189813584435609644-43-1707599813 - Holdem no limit (35/150/300) - 2024/02/10 21:16:53 UTC
Table: 'FLIPPER(742686350)#043' 6-max (real money) Seat #3 is the button
Seat 1: Yuta Okkotsu (30383, 13.50€ bounty)
Seat 2: PapaLHorreur (22096, 13.50€ bounty)
Seat 3: KP_call (13347, 9€ bounty)
Seat 4: Jcurtis123 (25190, 9€ bounty)
Seat 5: Winn1e (36755, 9€ bounty)
Seat 6: torresmo123 (19755, 9€ bounty)
*** ANTE/BLINDS ***
Jcurtis123 posts ante 35
Winn1e posts ante 35
Yuta Okkotsu posts ante 35
PapaLHorreur posts ante 35
KP_call posts ante 35
torresmo123 posts ante 35
Jcurtis123 posts small blind 150
Winn1e posts big blind 300
Dealt to torresmo123 [Ks Td]
*** PRE-FLOP *** 
torresmo123 raises 330 to 630
Yuta Okkotsu folds
PapaLHorreur folds
KP_call folds
Jcurtis123 folds
Winn1e calls 330
*** FLOP *** [6s Ac As]
Winn1e checks
torresmo123 bets 324
Winn1e calls 324
*** TURN *** [6s Ac As][4s]
Winn1e checks
torresmo123 bets 1497
Winn1e folds
torresmo123 collected 3765 from pot
*** SUMMARY ***
Total pot 3765 | No rake
Board: [6s Ac As 4s]
Seat 6: torresmo123 won 3765


Winamax Poker - Tournament "FLIPPER" buyIn: 18€ + 2€ level: 3 - HandId: #3189813584435609644-44-1707599872 - Holdem no limit (35/150/300) - 2024/02/10 21:17:52 UTC
Table: 'FLIPPER(742686350)#043' 6-max (real money) Seat #4 is the button
Seat 1: Yuta Okkotsu (30348, 13.50€ bounty)
Seat 2: PapaLHorreur (22061, 13.50€ bounty)
Seat 3: KP_call (13312, 9€ bounty)
Seat 4: Jcurtis123 (25005, 9€ bounty)
Seat 5: Winn1e (35766, 9€ bounty)
Seat 6: torresmo123 (21034, 9€ bounty)
*** ANTE/BLINDS ***
Winn1e posts ante 35
torresmo123 posts ante 35
Yuta Okkotsu posts ante 35
PapaLHorreur posts ante 35
KP_call posts ante 35
Jcurtis123 posts ante 35
Winn1e posts small blind 150
torresmo123 posts big blind 300
Dealt to torresmo123 [Qs Ah]
*** PRE-FLOP *** 
Yuta Okkotsu folds
PapaLHorreur folds
KP_call raises 300 to 600
Jcurtis123 calls 600
Winn1e raises 2850 to 3450
torresmo123 raises 17549 to 20999 and is all-in
KP_call calls 12677 and is all-in
Jcurtis123 folds
Winn1e folds
*** FLOP *** [9c 5s Th]
*** TURN *** [9c 5s Th][9s]
*** RIVER *** [9c 5s Th 9s][Ad]
*** SHOW DOWN ***
KP_call shows [Kd Ks] (Two pairs : Kings and 9)
torresmo123 shows [Qs Ah] (Two pairs : Aces and 9)
torresmo123 collected 38536 from pot
*** SUMMARY ***
Total pot 38536 | No rake
Board: [9c 5s Th 9s Ad]
Seat 3: KP_call showed [Kd Ks] and lost with Two pairs : Kings and 9
Seat 6: torresmo123 (big blind) showed [Qs Ah] and won 38536 with Two pairs : Aces and 9


Winamax Poker - Tournament "FLIPPER" buyIn: 18€ + 2€ level: 4 - HandId: #3189813584435609644-45-1707599945 - Holdem no limit (40/175/350) - 2024/02/10 21:19:05 UTC
Table: 'FLIPPER(742686350)#043' 6-max (real money) Seat #5 is the button
Seat 1: Yuta Okkotsu (30313, 13.50€ bounty)
Seat 2: PapaLHorreur (22026, 13.50€ bounty)
Seat 4: Jcurtis123 (24370, 9€ bounty)
Seat 5: Winn1e (32281, 9€ bounty)
Seat 6: torresmo123 (38536, 13.50€ bounty)
*** ANTE/BLINDS ***
torresmo123 posts ante 40
Yuta Okkotsu posts ante 40
PapaLHorreur posts ante 40
Jcurtis123 posts ante 40
Winn1e posts ante 40
torresmo123 posts small blind 175
Yuta Okkotsu posts big blind 350
Dealt to torresmo123 [9h 5s]
*** PRE-FLOP *** 
PapaLHorreur folds
Jcurtis123 raises 350 to 700
Winn1e folds
torresmo123 folds
Yuta Okkotsu calls 350
*** FLOP *** [4s 4d Ac]
Yuta Okkotsu checks
Jcurtis123 bets 350
Yuta Okkotsu raises 1050 to 1400
Jcurtis123 calls 1050
*** TURN *** [4s 4d Ac][3c]
Yuta Okkotsu checks
Jcurtis123 checks
*** RIVER *** [4s 4d Ac 3c][Jc]
Yuta Okkotsu checks
Jcurtis123 checks
*** SHOW DOWN ***
Yuta Okkotsu shows [8c Ts] (One pair : 4)
Jcurtis123 shows [7s Ah] (Two pairs : Aces and 4)
Jcurtis123 collected 4575 from pot
*** SUMMARY ***
Total pot 4575 | No rake
Board: [4s 4d Ac 3c Jc]
Seat 1: Yuta Okkotsu (big blind) showed [8c Ts] and lost with One pair : 4
Seat 4: Jcurtis123 showed [7s Ah] and won 4575 with Two pairs : Aces and 4


Winamax Poker - Tournament "FLIPPER" buyIn: 18€ + 2€ level: 4 - HandId: #3189813584435609644-46-1707600037 - Holdem no limit (40/175/350) - 2024/02/10 21:20:37 UTC
Table: 'FLIPPER(742686350)#043' 6-max (real money) Seat #6 is the button
Seat 1: Yuta Okkotsu (28173, 13.50€ bounty)
Seat 2: PapaLHorreur (21986, 13.50€ bounty)
Seat 3: tous2tous (20000, 9€ bounty)
Seat 4: Jcurtis123 (26805, 9€ bounty)
Seat 5: Winn1e (32241, 9€ bounty)
Seat 6: torresmo123 (38321, 13.50€ bounty)
*** ANTE/BLINDS ***
Yuta Okkotsu posts ante 40
PapaLHorreur posts ante 40
tous2tous posts ante 40
Jcurtis123 posts ante 40
Winn1e posts ante 40
torresmo123 posts ante 40
Yuta Okkotsu posts small blind 175
PapaLHorreur posts big blind 350
Dealt to torresmo123 [3d 9d]
*** PRE-FLOP *** 
tous2tous folds
Jcurtis123 folds
Winn1e raises 350 to 700
torresmo123 folds
Yuta Okkotsu folds
PapaLHorreur folds
Winn1e collected 1465 from pot
*** SUMMARY ***
Total pot 1465 | No rake
Seat 5: Winn1e won 1465


Winamax Poker - Tournament "FLIPPER" buyIn: 18€ + 2€ level: 4 - HandId: #3189813584435609644-47-1707600060 - Holdem no limit (40/175/350) - 2024/02/10 21:21:00 UTC
Table: 'FLIPPER(742686350)#043' 6-max (real money) Seat #1 is the button
Seat 1: Yuta Okkotsu (27958, 13.50€ bounty)
Seat 2: PapaLHorreur (21596, 13.50€ bounty)
Seat 3: tous2tous (19960, 9€ bounty)
Seat 4: Jcurtis123 (26765, 9€ bounty)
Seat 5: Winn1e (32966, 9€ bounty)
Seat 6: torresmo123 (38281, 13.50€ bounty)
*** ANTE/BLINDS ***
PapaLHorreur posts ante 40
tous2tous posts ante 40
Yuta Okkotsu posts ante 40
Jcurtis123 posts ante 40
Winn1e posts ante 40
torresmo123 posts ante 40
PapaLHorreur posts small blind 175
tous2tous posts big blind 350
Dealt to torresmo123 [2c 8d]
*** PRE-FLOP *** 
Jcurtis123 folds
Winn1e folds
torresmo123 folds
Yuta Okkotsu folds
PapaLHorreur calls 175
tous2tous checks
*** FLOP *** [Ks 6c 5d]
PapaLHorreur bets 525
tous2tous folds
PapaLHorreur collected 1465 from pot
*** SUMMARY ***
Total pot 1465 | No rake
Board: [Ks 6c 5d]
Seat 2: PapaLHorreur (small blind) won 1465


Winamax Poker - Tournament "FLIPPER" buyIn: 18€ + 2€ level: 4 - HandId: #3189813584435609644-48-1707600110 - Holdem no limit (40/175/350) - 2024/02/10 21:21:50 UTC
Table: 'FLIPPER(742686350)#043' 6-max (real money) Seat #2 is the button
Seat 1: Yuta Okkotsu (27918, 13.50€ bounty)
Seat 2: PapaLHorreur (22146, 13.50€ bounty)
Seat 3: tous2tous (19570, 9€ bounty)
Seat 4: Jcurtis123 (26725, 9€ bounty)
Seat 5: Winn1e (32926, 9€ bounty)
Seat 6: torresmo123 (38241, 13.50€ bounty)
*** ANTE/BLINDS ***
tous2tous posts ante 40
Jcurtis123 posts ante 40
Yuta Okkotsu posts ante 40
PapaLHorreur posts ante 40
Winn1e posts ante 40
torresmo123 posts ante 40
tous2tous posts small blind 175
Jcurtis123 posts big blind 350
Dealt to torresmo123 [4s Th]
*** PRE-FLOP *** 
Winn1e folds
torresmo123 folds
Yuta Okkotsu folds
PapaLHorreur folds
tous2tous folds
Jcurtis123 collected 765 from pot
*** SUMMARY ***
Total pot 765 | No rake
Seat 4: Jcurtis123 (big blind) won 765


Winamax Poker - Tournament "FLIPPER" buyIn: 18€ + 2€ level: 4 - HandId: #3189813584435609644-49-1707600130 - Holdem no limit (40/175/350) - 2024/02/10 21:22:10 UTC
Table: 'FLIPPER(742686350)#043' 6-max (real money) Seat #3 is the button
Seat 1: Yuta Okkotsu (27878, 13.50€ bounty)
Seat 2: PapaLHorreur (22106, 13.50€ bounty)
Seat 3: tous2tous (19355, 9€ bounty)
Seat 4: Jcurtis123 (27100, 9€ bounty)
Seat 5: Winn1e (32886, 9€ bounty)
Seat 6: torresmo123 (38201, 13.50€ bounty)
*** ANTE/BLINDS ***
Jcurtis123 posts ante 40
Winn1e posts ante 40
Yuta Okkotsu posts ante 40
PapaLHorreur posts ante 40
tous2tous posts ante 40
torresmo123 posts ante 40
Jcurtis123 posts small blind 175
Winn1e posts big blind 350
Dealt to torresmo123 [2c Jh]
*** PRE-FLOP *** 
torresmo123 folds
Yuta Okkotsu folds
PapaLHorreur folds
tous2tous raises 350 to 700
Jcurtis123 folds
Winn1e raises 1750 to 2450
tous2tous calls 1750
*** FLOP *** [Qc 8c Ad]
Winn1e bets 1860
tous2tous calls 1860
*** TURN *** [Qc 8c Ad][8d]
Winn1e bets 2975
tous2tous calls 2975
*** RIVER *** [Qc 8c Ad 8d][9c]
Winn1e checks
tous2tous bets 7493
Winn1e folds
tous2tous collected 22478 from pot
*** SUMMARY ***
Total pot 22478 | No rake
Board: [Qc 8c Ad 8d 9c]
Seat 3: tous2tous (button) won 22478


Winamax Poker - Tournament "FLIPPER" buyIn: 18€ + 2€ level: 5 - HandId: #3189813584435609644-50-1707600245 - Holdem no limit (50/200/400) - 2024/02/10 21:24:05 UTC
Table: 'FLIPPER(742686350)#043' 6-max (real money) Seat #4 is the button
Seat 1: Yuta Okkotsu (27838, 13.50€ bounty)
Seat 2: PapaLHorreur (22066, 13.50€ bounty)
Seat 3: tous2tous (27015, 9€ bounty)
Seat 4: Jcurtis123 (26885, 9€ bounty)
Seat 5: Winn1e (25561, 9€ bounty)
Seat 6: torresmo123 (38161, 13.50€ bounty)
*** ANTE/BLINDS ***
Winn1e posts ante 50
torresmo123 posts ante 50
Yuta Okkotsu posts ante 50
PapaLHorreur posts ante 50
tous2tous posts ante 50
Jcurtis123 posts ante 50
Winn1e posts small blind 200
torresmo123 posts big blind 400
Dealt to torresmo123 [9h 2s]
*** PRE-FLOP *** 
Yuta Okkotsu folds
PapaLHorreur folds
tous2tous folds
Jcurtis123 folds
Winn1e raises 1000 to 1400
torresmo123 folds
Winn1e collected 2100 from pot
*** SUMMARY ***
Total pot 2100 | No rake
Seat 5: Winn1e (small blind) won 2100


Winamax Poker - Tournament "FLIPPER" buyIn: 18€ + 2€ level: 5 - HandId: #3189813584435609644-51-1707600278 - Holdem no limit (50/200/400) - 2024/02/10 21:24:38 UTC
Table: 'FLIPPER(742686350)#043' 6-max (real money) Seat #5 is the button
Seat 1: Yuta Okkotsu (27788, 13.50€ bounty)
Seat 2: PapaLHorreur (22016, 13.50€ bounty)
Seat 3: tous2tous (26965, 9€ bounty)
Seat 4: Jcurtis123 (26835, 9€ bounty)
Seat 5: Winn1e (26211, 9€ bounty)
Seat 6: torresmo123 (37711, 13.50€ bounty)
*** ANTE/BLINDS ***
torresmo123 posts ante 50
Yuta Okkotsu posts ante 50
PapaLHorreur posts ante 50
tous2tous posts ante 50
Jcurtis123 posts ante 50
Winn1e posts ante 50
torresmo123 posts small blind 200
Yuta Okkotsu posts big blind 400
Dealt to torresmo123 [Ts Th]
*** PRE-FLOP *** 
PapaLHorreur folds
tous2tous raises 400 to 800
Jcurtis123 folds
Winn1e calls 800
torresmo123 raises 3400 to 4200
Yuta Okkotsu folds
tous2tous folds
Winn1e folds
torresmo123 collected 6500 from pot
*** SUMMARY ***
Total pot 6500 | No rake
Seat 6: torresmo123 (small blind) won 6500


Winamax Poker - Tournament "FLIPPER" buyIn: 18€ + 2€ level: 5 - HandId: #3189813584435609644-52-1707600336 - Holdem no limit (50/200/400) - 2024/02/10 21:25:36 UTC
Table: 'FLIPPER(742686350)#043' 6-max (real money) Seat #6 is the button
Seat 1: Yuta Okkotsu (27338, 13.50€ bounty)
Seat 2: PapaLHorreur (21966, 13.50€ bounty)
Seat 3: tous2tous (26115, 9€ bounty)
Seat 4: Jcurtis123 (26785, 9€ bounty)
Seat 5: Winn1e (25361, 9€ bounty)
Seat 6: torresmo123 (39961, 13.50€ bounty)
*** ANTE/BLINDS ***
Yuta Okkotsu posts ante 50
PapaLHorreur posts ante 50
tous2tous posts ante 50
Jcurtis123 posts ante 50
Winn1e posts ante 50
torresmo123 posts ante 50
Yuta Okkotsu posts small blind 200
PapaLHorreur posts big blind 400
Dealt to torresmo123 [2s Th]
*** PRE-FLOP *** 
tous2tous folds
Jcurtis123 folds
Winn1e raises 400 to 800
torresmo123 folds
Yuta Okkotsu folds
PapaLHorreur folds
Winn1e collected 1700 from pot
*** SUMMARY ***
Total pot 1700 | No rake
Seat 5: Winn1e won 1700


Winamax Poker - Tournament "FLIPPER" buyIn: 18€ + 2€ level: 5 - HandId: #3189813584435609644-53-1707600355 - Holdem no limit (50/200/400) - 2024/02/10 21:25:55 UTC
Table: 'FLIPPER(742686350)#043' 6-max (real money) Seat #1 is the button
Seat 1: Yuta Okkotsu (27088, 13.50€ bounty)
Seat 2: PapaLHorreur (21516, 13.50€ bounty)
Seat 3: tous2tous (26065, 9€ bounty)
Seat 4: Jcurtis123 (26735, 9€ bounty)
Seat 5: Winn1e (26211, 9€ bounty)
Seat 6: torresmo123 (39911, 13.50€ bounty)
*** ANTE/BLINDS ***
PapaLHorreur posts ante 50
tous2tous posts ante 50
Yuta Okkotsu posts ante 50
Jcurtis123 posts ante 50
Winn1e posts ante 50
torresmo123 posts ante 50
PapaLHorreur posts small blind 200
tous2tous posts big blind 400
Dealt to torresmo123 [4d 3d]
*** PRE-FLOP *** 
Jcurtis123 folds
Winn1e raises 400 to 800
torresmo123 folds
Yuta Okkotsu folds
PapaLHorreur raises 2600 to 3400
tous2tous folds
Winn1e folds
PapaLHorreur collected 4900 from pot
*** SUMMARY ***
Total pot 4900 | No rake
Seat 2: PapaLHorreur (small blind) won 4900


Winamax Poker - Tournament "FLIPPER" buyIn: 18€ + 2€ level: 5 - HandId: #3189813584435609644-54-1707600413 - Holdem no limit (50/200/400) - 2024/02/10 21:26:53 UTC
Table: 'FLIPPER(742686350)#043' 6-max (real money) Seat #2 is the button
Seat 1: Yuta Okkotsu (27038, 13.50€ bounty)
Seat 2: PapaLHorreur (22966, 13.50€ bounty)
Seat 3: tous2tous (25615, 9€ bounty)
Seat 4: Jcurtis123 (26685, 9€ bounty)
Seat 5: Winn1e (25361, 9€ bounty)
Seat 6: torresmo123 (39861, 13.50€ bounty)
*** ANTE/BLINDS ***
tous2tous posts ante 50
Jcurtis123 posts ante 50
Yuta Okkotsu posts ante 50
PapaLHorreur posts ante 50
Winn1e posts ante 50
torresmo123 posts ante 50
tous2tous posts small blind 200
Jcurtis123 posts big blind 400
Dealt to torresmo123 [Tc 7d]
*** PRE-FLOP *** 
Winn1e folds
torresmo123 folds
Yuta Okkotsu folds
PapaLHorreur raises 400 to 800
tous2tous calls 600
Jcurtis123 raises 2700 to 3500
PapaLHorreur folds
tous2tous folds
Jcurtis123 collected 5400 from pot
*** SUMMARY ***
Total pot 5400 | No rake
Seat 4: Jcurtis123 (big blind) won 5400


Winamax Poker - Tournament "FLIPPER" buyIn: 18€ + 2€ level: 5 - HandId: #3189813584435609644-55-1707600469 - Holdem no limit (50/200/400) - 2024/02/10 21:27:49 UTC
Table: 'FLIPPER(742686350)#043' 6-max (real money) Seat #3 is the button
Seat 1: Yuta Okkotsu (26988, 13.50€ bounty)
Seat 2: PapaLHorreur (22116, 13.50€ bounty)
Seat 3: tous2tous (24765, 9€ bounty)
Seat 4: Jcurtis123 (28535, 9€ bounty)
Seat 5: Winn1e (25311, 9€ bounty)
Seat 6: torresmo123 (39811, 13.50€ bounty)
*** ANTE/BLINDS ***
Jcurtis123 posts ante 50
Winn1e posts ante 50
Yuta Okkotsu posts ante 50
PapaLHorreur posts ante 50
tous2tous posts ante 50
torresmo123 posts ante 50
Jcurtis123 posts small blind 200
Winn1e posts big blind 400
Dealt to torresmo123 [3h As]
*** PRE-FLOP *** 
torresmo123 folds
Yuta Okkotsu folds
PapaLHorreur folds
tous2tous folds
Jcurtis123 folds
Winn1e collected 900 from pot
*** SUMMARY ***
Total pot 900 | No rake
Seat 5: Winn1e (big blind) won 900


Winamax Poker - Tournament "FLIPPER" buyIn: 18€ + 2€ level: 5 - HandId: #3189813584435609644-56-1707600485 - Holdem no limit (50/200/400) - 2024/02/10 21:28:05 UTC
Table: 'FLIPPER(742686350)#043' 6-max (real money) Seat #4 is the button
Seat 1: Yuta Okkotsu (26938, 13.50€ bounty)
Seat 2: PapaLHorreur (22066, 13.50€ bounty)
Seat 3: tous2tous (24715, 9€ bounty)
Seat 4: Jcurtis123 (28285, 9€ bounty)
Seat 5: Winn1e (25761, 9€ bounty)
Seat 6: torresmo123 (39761, 13.50€ bounty)
*** ANTE/BLINDS ***
Winn1e posts ante 50
torresmo123 posts ante 50
Yuta Okkotsu posts ante 50
PapaLHorreur posts ante 50
tous2tous posts ante 50
Jcurtis123 posts ante 50
Winn1e posts small blind 200
torresmo123 posts big blind 400
Dealt to torresmo123 [Qh Td]
*** PRE-FLOP *** 
Yuta Okkotsu folds
PapaLHorreur folds
tous2tous raises 600 to 1000
Jcurtis123 folds
Winn1e folds
torresmo123 calls 600
*** FLOP *** [9s 2d 4c]
torresmo123 checks
tous2tous bets 875
torresmo123 folds
tous2tous collected 3375 from pot
*** SUMMARY ***
Total pot 3375 | No rake
Board: [9s 2d 4c]
Seat 3: tous2tous won 3375


Winamax Poker - Tournament "FLIPPER" buyIn: 18€ + 2€ level: 5 - HandId: #3189813584435609644-57-1707600532 - Holdem no limit (50/200/400) - 2024/02/10 21:28:52 UTC
Table: 'FLIPPER(742686350)#043' 6-max (real money) Seat #5 is the button
Seat 1: Yuta Okkotsu (26888, 13.50€ bounty)
Seat 2: PapaLHorreur (22016, 13.50€ bounty)
Seat 3: tous2tous (26165, 9€ bounty)
Seat 4: Jcurtis123 (28235, 9€ bounty)
Seat 5: Winn1e (25511, 9€ bounty)
Seat 6: torresmo123 (38711, 13.50€ bounty)
*** ANTE/BLINDS ***
torresmo123 posts ante 50
Yuta Okkotsu posts ante 50
PapaLHorreur posts ante 50
tous2tous posts ante 50
Jcurtis123 posts ante 50
Winn1e posts ante 50
torresmo123 posts small blind 200
Yuta Okkotsu posts big blind 400
Dealt to torresmo123 [3h Ah]
*** PRE-FLOP *** 
PapaLHorreur folds
tous2tous folds
Jcurtis123 folds
Winn1e raises 400 to 800
torresmo123 raises 2200 to 3000
Yuta Okkotsu folds
Winn1e calls 2200
*** FLOP *** [7d 3c 9c]
torresmo123 checks
Winn1e bets 1675
torresmo123 calls 1675
*** TURN *** [7d 3c 9c][4s]
torresmo123 checks
Winn1e bets 3518
torresmo123 calls 3518
*** RIVER *** [7d 3c 9c 4s][3d]
torresmo123 checks
Winn1e bets 17268 and is all-in
torresmo123 calls 17268
*** SHOW DOWN ***
Winn1e shows [Th As] (One pair : 3)
torresmo123 shows [3h Ah] (Trips of 3)
torresmo123 collected 51622 from pot
*** SUMMARY ***
Total pot 51622 | No rake
Board: [7d 3c 9c 4s 3d]
Seat 5: Winn1e (button) showed [Th As] and lost with One pair : 3
Seat 6: torresmo123 (small blind) showed [3h Ah] and won 51622 with Trips of 3


Winamax Poker - Tournament "FLIPPER" buyIn: 18€ + 2€ level: 6 - HandId: #3189813584435609644-58-1707600644 - Holdem no limit (60/250/500) - 2024/02/10 21:30:44 UTC
Table: 'FLIPPER(742686350)#043' 6-max (real money) Seat #6 is the button
Seat 1: Yuta Okkotsu (26438, 13.50€ bounty)
Seat 2: PapaLHorreur (21966, 13.50€ bounty)
Seat 3: tous2tous (26115, 9€ bounty)
Seat 4: Jcurtis123 (28185, 9€ bounty)
Seat 6: torresmo123 (64822, 18€ bounty)
*** ANTE/BLINDS ***
Yuta Okkotsu posts ante 60
PapaLHorreur posts ante 60
tous2tous posts ante 60
Jcurtis123 posts ante 60
torresmo123 posts ante 60
Yuta Okkotsu posts small blind 250
PapaLHorreur posts big blind 500
Dealt to torresmo123 [2d 3d]
*** PRE-FLOP *** 
tous2tous raises 500 to 1000
Jcurtis123 folds
torresmo123 folds
Yuta Okkotsu folds
PapaLHorreur calls 500
*** FLOP *** [Th 3c Ts]
PapaLHorreur checks
tous2tous bets 638
PapaLHorreur folds
tous2tous collected 3188 from pot
*** SUMMARY ***
Total pot 3188 | No rake
Board: [Th 3c Ts]
Seat 3: tous2tous won 3188


Winamax Poker - Tournament "FLIPPER" buyIn: 18€ + 2€ level: 6 - HandId: #3189813584435609644-59-1707600709 - Holdem no limit (60/250/500) - 2024/02/10 21:31:49 UTC
Table: 'FLIPPER(742686350)#043' 6-max (real money) Seat #1 is the button
Seat 1: Yuta Okkotsu (26128, 13.50€ bounty)
Seat 2: PapaLHorreur (20906, 13.50€ bounty)
Seat 3: tous2tous (27605, 9€ bounty)
Seat 4: Jcurtis123 (28125, 9€ bounty)
Seat 6: torresmo123 (64762, 18€ bounty)
*** ANTE/BLINDS ***
PapaLHorreur posts ante 60
tous2tous posts ante 60
Yuta Okkotsu posts ante 60
Jcurtis123 posts ante 60
torresmo123 posts ante 60
PapaLHorreur posts small blind 250
tous2tous posts big blind 500
Dealt to torresmo123 [Ac Js]
*** PRE-FLOP *** 
Jcurtis123 folds
torresmo123 raises 550 to 1050
Yuta Okkotsu folds
PapaLHorreur calls 800
tous2tous folds
*** FLOP *** [9h Qh Qs]
PapaLHorreur checks
torresmo123 checks
*** TURN *** [9h Qh Qs][3s]
PapaLHorreur bets 2000
torresmo123 folds
PapaLHorreur collected 4900 from pot
*** SUMMARY ***
Total pot 4900 | No rake
Board: [9h Qh Qs 3s]
Seat 2: PapaLHorreur (small blind) won 4900


Winamax Poker - Tournament "FLIPPER" buyIn: 18€ + 2€ level: 6 - HandId: #3189813584435609644-60-1707600785 - Holdem no limit (60/250/500) - 2024/02/10 21:33:05 UTC
Table: 'FLIPPER(742686350)#043' 6-max (real money) Seat #2 is the button
Seat 1: Yuta Okkotsu (26068, 13.50€ bounty)
Seat 2: PapaLHorreur (22696, 13.50€ bounty)
Seat 3: tous2tous (27045, 9€ bounty)
Seat 4: Jcurtis123 (28065, 9€ bounty)
Seat 5: Maro6-4 (58566, 13.50€ bounty)
Seat 6: torresmo123 (63652, 18€ bounty)
*** ANTE/BLINDS ***
tous2tous posts ante 60
Jcurtis123 posts ante 60
Yuta Okkotsu posts ante 60
PapaLHorreur posts ante 60
Maro6-4 posts ante 60
torresmo123 posts ante 60
tous2tous posts small blind 250
Jcurtis123 posts big blind 500
Dealt to torresmo123 [Ah 9s]
*** PRE-FLOP *** 
Maro6-4 folds
torresmo123 raises 550 to 1050
Yuta Okkotsu folds
PapaLHorreur folds
tous2tous folds
Jcurtis123 folds
torresmo123 collected 2160 from pot
*** SUMMARY ***
Total pot 2160 | No rake
Seat 6: torresmo123 won 2160


Winamax Poker - Tournament "FLIPPER" buyIn: 18€ + 2€ level: 6 - HandId: #3189813584435609644-61-1707600845 - Holdem no limit (60/250/500) - 2024/02/10 21:34:05 UTC
Table: 'FLIPPER(742686350)#043' 6-max (real money) Seat #3 is the button
Seat 1: Yuta Okkotsu (26008, 13.50€ bounty)
Seat 2: PapaLHorreur (22636, 13.50€ bounty)
Seat 3: tous2tous (26735, 9€ bounty)
Seat 4: Jcurtis123 (27505, 9€ bounty)
Seat 5: Maro6-4 (58506, 13.50€ bounty)
Seat 6: torresmo123 (64702, 18€ bounty)
*** ANTE/BLINDS ***
Jcurtis123 posts ante 60
Maro6-4 posts ante 60
Yuta Okkotsu posts ante 60
PapaLHorreur posts ante 60
tous2tous posts ante 60
torresmo123 posts ante 60
Jcurtis123 posts small blind 250
Maro6-4 posts big blind 500
Dealt to torresmo123 [Qc Tc]
*** PRE-FLOP *** 
torresmo123 raises 550 to 1050
Yuta Okkotsu folds
PapaLHorreur folds
tous2tous calls 1050
Jcurtis123 folds
Maro6-4 folds
*** FLOP *** [5c Ah 6s]
torresmo123 checks
tous2tous checks
*** TURN *** [5c Ah 6s][Kh]
torresmo123 bets 2729
tous2tous folds
torresmo123 collected 5939 from pot
*** SUMMARY ***
Total pot 5939 | No rake
Board: [5c Ah 6s Kh]
Seat 6: torresmo123 won 5939


Winamax Poker - Tournament "FLIPPER" buyIn: 18€ + 2€ level: 6 - HandId: #3189813584435609644-62-1707600923 - Holdem no limit (60/250/500) - 2024/02/10 21:35:23 UTC
Table: 'FLIPPER(742686350)#043' 6-max (real money) Seat #4 is the button
Seat 1: Yuta Okkotsu (25948, 13.50€ bounty)
Seat 2: PapaLHorreur (22576, 13.50€ bounty)
Seat 3: tous2tous (25625, 9€ bounty)
Seat 4: Jcurtis123 (27195, 9€ bounty)
Seat 5: Maro6-4 (57946, 13.50€ bounty)
Seat 6: torresmo123 (66802, 18€ bounty)
*** ANTE/BLINDS ***
Maro6-4 posts ante 60
torresmo123 posts ante 60
Yuta Okkotsu posts ante 60
PapaLHorreur posts ante 60
tous2tous posts ante 60
Jcurtis123 posts ante 60
Maro6-4 posts small blind 250
torresmo123 posts big blind 500
Dealt to torresmo123 [7d 7s]
*** PRE-FLOP *** 
Yuta Okkotsu folds
PapaLHorreur raises 500 to 1000
tous2tous folds
Jcurtis123 calls 1000
Maro6-4 folds
torresmo123 raises 65742 to 66742 and is all-in
PapaLHorreur calls 21516 and is all-in
Jcurtis123 folds
*** FLOP *** [Ts Td 3h]
*** TURN *** [Ts Td 3h][8d]
*** RIVER *** [Ts Td 3h 8d][8s]
*** SHOW DOWN ***
PapaLHorreur shows [Qh As] (Two pairs : Tens and 8)
torresmo123 shows [7d 7s] (Two pairs : Tens and 8)
torresmo123 collected 44226 from side pot 1
PapaLHorreur collected 46642 from main pot
*** SUMMARY ***
Total pot 90868 | No rake
Board: [Ts Td 3h 8d 8s]
Seat 2: PapaLHorreur showed [Qh As] and won 46642 with Two pairs : Tens and 8
Seat 6: torresmo123 (big blind) showed [7d 7s] and won 44226 with Two pairs : Tens and 8


Winamax Poker - Tournament "FLIPPER" buyIn: 18€ + 2€ level: 7 - HandId: #3189813584435609644-63-1707601013 - Holdem no limit (70/300/600) - 2024/02/10 21:36:53 UTC
Table: 'FLIPPER(742686350)#043' 6-max (real money) Seat #5 is the button
Seat 1: Yuta Okkotsu (25888, 13.50€ bounty)
Seat 2: PapaLHorreur (46642, 13.50€ bounty)
Seat 3: tous2tous (25565, 9€ bounty)
Seat 4: Jcurtis123 (26135, 9€ bounty)
Seat 5: Maro6-4 (57636, 13.50€ bounty)
Seat 6: torresmo123 (44226, 18€ bounty)
*** ANTE/BLINDS ***
torresmo123 posts ante 70
Yuta Okkotsu posts ante 70
PapaLHorreur posts ante 70
tous2tous posts ante 70
Jcurtis123 posts ante 70
Maro6-4 posts ante 70
torresmo123 posts small blind 300
Yuta Okkotsu posts big blind 600
Dealt to torresmo123 [2c 5s]
*** PRE-FLOP *** 
PapaLHorreur raises 600 to 1200
tous2tous folds
Jcurtis123 folds
Maro6-4 folds
torresmo123 folds
Yuta Okkotsu raises 3600 to 4800
PapaLHorreur calls 3600
*** FLOP *** [6h 5c 3s]
Yuta Okkotsu bets 5160
PapaLHorreur folds
Yuta Okkotsu collected 15480 from pot
*** SUMMARY ***
Total pot 15480 | No rake
Board: [6h 5c 3s]
Seat 1: Yuta Okkotsu (big blind) won 15480


Winamax Poker - Tournament "FLIPPER" buyIn: 18€ + 2€ level: 7 - HandId: #3189813584435609644-64-1707601095 - Holdem no limit (70/300/600) - 2024/02/10 21:38:15 UTC
Table: 'FLIPPER(742686350)#043' 6-max (real money) Seat #6 is the button
Seat 1: Yuta Okkotsu (31338, 13.50€ bounty)
Seat 2: PapaLHorreur (41772, 13.50€ bounty)
Seat 3: tous2tous (25495, 9€ bounty)
Seat 4: Jcurtis123 (26065, 9€ bounty)
Seat 5: Maro6-4 (57566, 13.50€ bounty)
Seat 6: torresmo123 (43856, 18€ bounty)
*** ANTE/BLINDS ***
Yuta Okkotsu posts ante 70
PapaLHorreur posts ante 70
tous2tous posts ante 70
Jcurtis123 posts ante 70
Maro6-4 posts ante 70
torresmo123 posts ante 70
Yuta Okkotsu posts small blind 300
PapaLHorreur posts big blind 600
Dealt to torresmo123 [Ad 2s]
*** PRE-FLOP *** 
tous2tous folds
Jcurtis123 folds
Maro6-4 folds
torresmo123 raises 750 to 1350
Yuta Okkotsu folds
PapaLHorreur calls 750
*** FLOP *** [8s Kd Ts]
PapaLHorreur checks
torresmo123 bets 1129
PapaLHorreur folds
torresmo123 collected 4549 from pot
*** SUMMARY ***
Total pot 4549 | No rake
Board: [8s Kd Ts]
Seat 6: torresmo123 (button) won 4549


Winamax Poker - Tournament "FLIPPER" buyIn: 18€ + 2€ level: 7 - HandId: #3189813584435609644-65-1707601133 - Holdem no limit (70/300/600) - 2024/02/10 21:38:53 UTC
Table: 'FLIPPER(742686350)#043' 6-max (real money) Seat #1 is the button
Seat 1: Yuta Okkotsu (30968, 13.50€ bounty)
Seat 2: PapaLHorreur (40352, 13.50€ bounty)
Seat 3: tous2tous (25425, 9€ bounty)
Seat 4: Jcurtis123 (25995, 9€ bounty)
Seat 5: Maro6-4 (57496, 13.50€ bounty)
Seat 6: torresmo123 (45856, 18€ bounty)
*** ANTE/BLINDS ***
PapaLHorreur posts ante 70
tous2tous posts ante 70
Yuta Okkotsu posts ante 70
Jcurtis123 posts ante 70
Maro6-4 posts ante 70
torresmo123 posts ante 70
PapaLHorreur posts small blind 300
tous2tous posts big blind 600
Dealt to torresmo123 [Jd 3s]
*** PRE-FLOP *** 
Jcurtis123 folds
Maro6-4 raises 600 to 1200
torresmo123 folds
Yuta Okkotsu folds
PapaLHorreur folds
tous2tous calls 600
*** FLOP *** [8s 4s 2s]
tous2tous checks
Maro6-4 bets 2028
tous2tous folds
Maro6-4 collected 5148 from pot
*** SUMMARY ***
Total pot 5148 | No rake
Board: [8s 4s 2s]
Seat 5: Maro6-4 won 5148


Winamax Poker - Tournament "FLIPPER" buyIn: 18€ + 2€ level: 7 - HandId: #3189813584435609644-66-1707601168 - Holdem no limit (70/300/600) - 2024/02/10 21:39:28 UTC
Table: 'FLIPPER(742686350)#043' 6-max (real money) Seat #2 is the button
Seat 1: Yuta Okkotsu (30898, 13.50€ bounty)
Seat 2: PapaLHorreur (39982, 13.50€ bounty)
Seat 3: tous2tous (24155, 9€ bounty)
Seat 4: Jcurtis123 (25925, 9€ bounty)
Seat 5: Maro6-4 (59346, 13.50€ bounty)
Seat 6: torresmo123 (45786, 18€ bounty)
*** ANTE/BLINDS ***
tous2tous posts ante 70
Jcurtis123 posts ante 70
Yuta Okkotsu posts ante 70
PapaLHorreur posts ante 70
Maro6-4 posts ante 70
torresmo123 posts ante 70
tous2tous posts small blind 300
Jcurtis123 posts big blind 600
Dealt to torresmo123 [3d Qh]
*** PRE-FLOP *** 
Maro6-4 folds
torresmo123 folds
Yuta Okkotsu folds
PapaLHorreur raises 600 to 1200
tous2tous calls 900
Jcurtis123 calls 600
*** FLOP *** [Qs Ac 7d]
tous2tous checks
Jcurtis123 checks
PapaLHorreur bets 1800
tous2tous calls 1800
Jcurtis123 calls 1800
*** TURN *** [Qs Ac 7d][As]
tous2tous checks
Jcurtis123 checks
PapaLHorreur bets 6300
tous2tous calls 6300
Jcurtis123 folds
*** RIVER *** [Qs Ac 7d As][3h]
tous2tous bets 11010
PapaLHorreur raises 11010 to 22020
tous2tous calls 3775 and is all-in
*** SHOW DOWN ***
PapaLHorreur shows [Ts Ad] (Trips of Aces)
tous2tous shows [7c 7h] (Full of 7 and Aces)
tous2tous collected 51590 from main pot
PapaLHorreur collected 7235 from side pot 1
*** SUMMARY ***
Total pot 58825 | No rake
Board: [Qs Ac 7d As 3h]
Seat 2: PapaLHorreur (button) showed [Ts Ad] and won 7235 with Trips of Aces
Seat 3: tous2tous (small blind) showed [7c 7h] and won 51590 with Full of 7 and Aces


Winamax Poker - Tournament "FLIPPER" buyIn: 18€ + 2€ level: 7 - HandId: #3189813584435609644-67-1707601308 - Holdem no limit (70/300/600) - 2024/02/10 21:41:48 UTC
Table: 'FLIPPER(742686350)#043' 6-max (real money) Seat #3 is the button
Seat 1: Yuta Okkotsu (30828, 13.50€ bounty)
Seat 2: PapaLHorreur (15827, 13.50€ bounty)
Seat 3: tous2tous (51590, 9€ bounty)
Seat 4: Jcurtis123 (22855, 9€ bounty)
Seat 5: Maro6-4 (59276, 13.50€ bounty)
Seat 6: torresmo123 (45716, 18€ bounty)
*** ANTE/BLINDS ***
Jcurtis123 posts ante 70
Maro6-4 posts ante 70
Yuta Okkotsu posts ante 70
PapaLHorreur posts ante 70
tous2tous posts ante 70
torresmo123 posts ante 70
Jcurtis123 posts small blind 300
Maro6-4 posts big blind 600
Dealt to torresmo123 [6c 4s]
*** PRE-FLOP *** 
torresmo123 folds
Yuta Okkotsu folds
PapaLHorreur folds
tous2tous raises 600 to 1200
Jcurtis123 calls 900
Maro6-4 raises 6000 to 7200
tous2tous folds
Jcurtis123 folds
Maro6-4 collected 10020 from pot
*** SUMMARY ***
Total pot 10020 | No rake
Seat 5: Maro6-4 (big blind) won 10020


Winamax Poker - Tournament "FLIPPER" buyIn: 18€ + 2€ level: 8 - HandId: #3189813584435609644-68-1707601345 - Holdem no limit (80/350/700) - 2024/02/10 21:42:25 UTC
Table: 'FLIPPER(742686350)#043' 6-max (real money) Seat #4 is the button
Seat 1: Yuta Okkotsu (30758, 13.50€ bounty)
Seat 2: PapaLHorreur (15757, 13.50€ bounty)
Seat 3: tous2tous (50320, 9€ bounty)
Seat 4: Jcurtis123 (21585, 9€ bounty)
Seat 5: Maro6-4 (62026, 13.50€ bounty)
Seat 6: torresmo123 (45646, 18€ bounty)
*** ANTE/BLINDS ***
Maro6-4 posts ante 80
torresmo123 posts ante 80
Yuta Okkotsu posts ante 80
PapaLHorreur posts ante 80
tous2tous posts ante 80
Jcurtis123 posts ante 80
Maro6-4 posts small blind 350
torresmo123 posts big blind 700
Dealt to torresmo123 [4s 9h]
*** PRE-FLOP *** 
Yuta Okkotsu raises 700 to 1400
PapaLHorreur folds
tous2tous folds
Jcurtis123 folds
Maro6-4 folds
torresmo123 folds
Yuta Okkotsu collected 2930 from pot
*** SUMMARY ***
Total pot 2930 | No rake
Seat 1: Yuta Okkotsu won 2930


Winamax Poker - Tournament "FLIPPER" buyIn: 18€ + 2€ level: 8 - HandId: #3189813584435609644-69-1707601363 - Holdem no limit (80/350/700) - 2024/02/10 21:42:43 UTC
Table: 'FLIPPER(742686350)#043' 6-max (real money) Seat #5 is the button
Seat 1: Yuta Okkotsu (32208, 13.50€ bounty)
Seat 2: PapaLHorreur (15677, 13.50€ bounty)
Seat 3: tous2tous (50240, 9€ bounty)
Seat 4: Jcurtis123 (21505, 9€ bounty)
Seat 5: Maro6-4 (61596, 13.50€ bounty)
Seat 6: torresmo123 (44866, 18€ bounty)
*** ANTE/BLINDS ***
torresmo123 posts ante 80
Yuta Okkotsu posts ante 80
PapaLHorreur posts ante 80
tous2tous posts ante 80
Jcurtis123 posts ante 80
Maro6-4 posts ante 80
torresmo123 posts small blind 350
Yuta Okkotsu posts big blind 700
Dealt to torresmo123 [8d 4d]
*** PRE-FLOP *** 
PapaLHorreur folds
tous2tous raises 700 to 1400
Jcurtis123 folds
Maro6-4 folds
torresmo123 folds
Yuta Okkotsu calls 700
*** FLOP *** [9d Qc 4c]
Yuta Okkotsu checks
tous2tous bets 908
Yuta Okkotsu calls 908
*** TURN *** [9d Qc 4c][Kd]
Yuta Okkotsu checks
tous2tous bets 3540
Yuta Okkotsu folds
tous2tous collected 8986 from pot
*** SUMMARY ***
Total pot 8986 | No rake
Board: [9d Qc 4c Kd]
Seat 3: tous2tous won 8986


Winamax Poker - Tournament "FLIPPER" buyIn: 18€ + 2€ level: 8 - HandId: #3189813584435609644-70-1707601415 - Holdem no limit (80/350/700) - 2024/02/10 21:43:35 UTC
Table: 'FLIPPER(742686350)#043' 6-max (real money) Seat #6 is the button
Seat 1: Yuta Okkotsu (29820, 13.50€ bounty)
Seat 2: PapaLHorreur (15597, 13.50€ bounty)
Seat 3: tous2tous (53298, 9€ bounty)
Seat 4: Jcurtis123 (21425, 9€ bounty)
Seat 5: Maro6-4 (61516, 13.50€ bounty)
Seat 6: torresmo123 (44436, 18€ bounty)
*** ANTE/BLINDS ***
Yuta Okkotsu posts ante 80
PapaLHorreur posts ante 80
tous2tous posts ante 80
Jcurtis123 posts ante 80
Maro6-4 posts ante 80
torresmo123 posts ante 80
Yuta Okkotsu posts small blind 350
PapaLHorreur posts big blind 700
Dealt to torresmo123 [3h Ad]
*** PRE-FLOP *** 
tous2tous raises 700 to 1400
Jcurtis123 calls 1400
Maro6-4 folds
torresmo123 folds
Yuta Okkotsu folds
PapaLHorreur calls 700
*** FLOP *** [7d Kd Kh]
PapaLHorreur checks
tous2tous checks
Jcurtis123 bets 700
PapaLHorreur raises 1750 to 2450
tous2tous folds
Jcurtis123 calls 1750
*** TURN *** [7d Kd Kh][Ah]
PapaLHorreur bets 5250
Jcurtis123 folds
PapaLHorreur collected 15180 from pot
*** SUMMARY ***
Total pot 15180 | No rake
Board: [7d Kd Kh Ah]
Seat 2: PapaLHorreur (big blind) won 15180


Winamax Poker - Tournament "FLIPPER" buyIn: 18€ + 2€ level: 8 - HandId: #3189813584435609644-71-1707601525 - Holdem no limit (80/350/700) - 2024/02/10 21:45:25 UTC
Table: 'FLIPPER(742686350)#043' 6-max (real money) Seat #1 is the button
Seat 1: Yuta Okkotsu (29390, 13.50€ bounty)
Seat 2: PapaLHorreur (21597, 13.50€ bounty)
Seat 3: tous2tous (51818, 9€ bounty)
Seat 4: Jcurtis123 (17495, 9€ bounty)
Seat 5: Maro6-4 (61436, 13.50€ bounty)
Seat 6: torresmo123 (44356, 18€ bounty)
*** ANTE/BLINDS ***
PapaLHorreur posts ante 80
tous2tous posts ante 80
Yuta Okkotsu posts ante 80
Jcurtis123 posts ante 80
Maro6-4 posts ante 80
torresmo123 posts ante 80
PapaLHorreur posts small blind 350
tous2tous posts big blind 700
Dealt to torresmo123 [Jc 5s]
*** PRE-FLOP *** 
Jcurtis123 folds
Maro6-4 folds
torresmo123 folds
Yuta Okkotsu folds
PapaLHorreur calls 350
tous2tous checks
*** FLOP *** [8c 5h 4d]
PapaLHorreur bets 700
tous2tous calls 700
*** TURN *** [8c 5h 4d][5c]
PapaLHorreur checks
tous2tous bets 3280
PapaLHorreur folds
tous2tous collected 6560 from pot
*** SUMMARY ***
Total pot 6560 | No rake
Board: [8c 5h 4d 5c]
Seat 3: tous2tous (big blind) won 6560


Winamax Poker - Tournament "FLIPPER" buyIn: 18€ + 2€ level: 8 - HandId: #3189813584435609644-72-1707601589 - Holdem no limit (80/350/700) - 2024/02/10 21:46:29 UTC
Table: 'FLIPPER(742686350)#043' 6-max (real money) Seat #2 is the button
Seat 1: Yuta Okkotsu (29310, 13.50€ bounty)
Seat 2: PapaLHorreur (20117, 13.50€ bounty)
Seat 3: tous2tous (53618, 9€ bounty)
Seat 4: Jcurtis123 (17415, 9€ bounty)
Seat 5: Maro6-4 (61356, 13.50€ bounty)
Seat 6: torresmo123 (44276, 18€ bounty)
*** ANTE/BLINDS ***
tous2tous posts ante 80
Jcurtis123 posts ante 80
Yuta Okkotsu posts ante 80
PapaLHorreur posts ante 80
Maro6-4 posts ante 80
torresmo123 posts ante 80
tous2tous posts small blind 350
Jcurtis123 posts big blind 700
Dealt to torresmo123 [Kc Jc]
*** PRE-FLOP *** 
Maro6-4 folds
torresmo123 raises 770 to 1470
Yuta Okkotsu folds
PapaLHorreur folds
tous2tous folds
Jcurtis123 calls 770
*** FLOP *** [Th 7c 5s]
Jcurtis123 checks
torresmo123 bets 1244
Jcurtis123 calls 1244
*** TURN *** [Th 7c 5s][8s]
Jcurtis123 checks
torresmo123 checks
*** RIVER *** [Th 7c 5s 8s][Ac]
Jcurtis123 bets 3129
torresmo123 folds
Jcurtis123 collected 9387 from pot
*** SUMMARY ***
Total pot 9387 | No rake
Board: [Th 7c 5s 8s Ac]
Seat 4: Jcurtis123 (big blind) won 9387


Winamax Poker - Tournament "FLIPPER" buyIn: 18€ + 2€ level: 8 - HandId: #3189813584435609644-73-1707601674 - Holdem no limit (80/350/700) - 2024/02/10 21:47:54 UTC
Table: 'FLIPPER(742686350)#043' 6-max (real money) Seat #3 is the button
Seat 1: Yuta Okkotsu (29230, 13.50€ bounty)
Seat 2: PapaLHorreur (20037, 13.50€ bounty)
Seat 3: tous2tous (53188, 9€ bounty)
Seat 4: Jcurtis123 (20879, 9€ bounty)
Seat 5: Maro6-4 (61276, 13.50€ bounty)
Seat 6: torresmo123 (41482, 18€ bounty)
*** ANTE/BLINDS ***
Jcurtis123 posts ante 80
Maro6-4 posts ante 80
Yuta Okkotsu posts ante 80
PapaLHorreur posts ante 80
tous2tous posts ante 80
torresmo123 posts ante 80
Jcurtis123 posts small blind 350
Maro6-4 posts big blind 700
Dealt to torresmo123 [7h Jh]
*** PRE-FLOP *** 
torresmo123 folds
Yuta Okkotsu folds
PapaLHorreur folds
tous2tous raises 700 to 1400
Jcurtis123 folds
Maro6-4 calls 700
*** FLOP *** [Ad Qc 6s]
Maro6-4 checks
tous2tous bets 1271
Maro6-4 calls 1271
*** TURN *** [Ad Qc 6s][8c]
Maro6-4 checks
tous2tous bets 4938
Maro6-4 folds
tous2tous collected 11110 from pot
*** SUMMARY ***
Total pot 11110 | No rake
Board: [Ad Qc 6s 8c]
Seat 3: tous2tous (button) won 11110


Winamax Poker - Tournament "FLIPPER" buyIn: 18€ + 2€ level: 9 - HandId: #3189813584435609644-74-1707601731 - Holdem no limit (100/400/800) - 2024/02/10 21:48:51 UTC
Table: 'FLIPPER(742686350)#043' 6-max (real money) Seat #4 is the button
Seat 1: Yuta Okkotsu (29150, 13.50€ bounty)
Seat 2: PapaLHorreur (19957, 13.50€ bounty)
Seat 3: tous2tous (56609, 9€ bounty)
Seat 4: Jcurtis123 (20449, 9€ bounty)
Seat 5: Maro6-4 (58525, 13.50€ bounty)
Seat 6: torresmo123 (41402, 18€ bounty)
*** ANTE/BLINDS ***
Maro6-4 posts ante 100
torresmo123 posts ante 100
Yuta Okkotsu posts ante 100
PapaLHorreur posts ante 100
tous2tous posts ante 100
Jcurtis123 posts ante 100
Maro6-4 posts small blind 400
torresmo123 posts big blind 800
Dealt to torresmo123 [8c 4s]
*** PRE-FLOP *** 
Yuta Okkotsu folds
PapaLHorreur folds
tous2tous folds
Jcurtis123 raises 800 to 1600
Maro6-4 folds
torresmo123 folds
Jcurtis123 collected 3400 from pot
*** SUMMARY ***
Total pot 3400 | No rake
Seat 4: Jcurtis123 (button) won 3400


Winamax Poker - Tournament "FLIPPER" buyIn: 18€ + 2€ level: 9 - HandId: #3189813584435609644-75-1707601764 - Holdem no limit (100/400/800) - 2024/02/10 21:49:24 UTC
Table: 'FLIPPER(742686350)#043' 6-max (real money) Seat #5 is the button
Seat 1: Yuta Okkotsu (29050, 13.50€ bounty)
Seat 2: PapaLHorreur (19857, 13.50€ bounty)
Seat 3: tous2tous (56509, 9€ bounty)
Seat 4: Jcurtis123 (22149, 9€ bounty)
Seat 5: Maro6-4 (58025, 13.50€ bounty)
Seat 6: torresmo123 (40502, 18€ bounty)
*** ANTE/BLINDS ***
torresmo123 posts ante 100
Yuta Okkotsu posts ante 100
PapaLHorreur posts ante 100
tous2tous posts ante 100
Jcurtis123 posts ante 100
Maro6-4 posts ante 100
torresmo123 posts small blind 400
Yuta Okkotsu posts big blind 800
Dealt to torresmo123 [Kd Qd]
*** PRE-FLOP *** 
PapaLHorreur folds
tous2tous folds
Jcurtis123 folds
Maro6-4 folds
torresmo123 raises 1800 to 2600
Yuta Okkotsu folds
torresmo123 collected 4000 from pot
*** SUMMARY ***
Total pot 4000 | No rake
Seat 6: torresmo123 (small blind) won 4000


Winamax Poker - Tournament "FLIPPER" buyIn: 18€ + 2€ level: 9 - HandId: #3189813584435609644-76-1707601783 - Holdem no limit (100/400/800) - 2024/02/10 21:49:43 UTC
Table: 'FLIPPER(742686350)#043' 6-max (real money) Seat #6 is the button
Seat 1: Yuta Okkotsu (28150, 13.50€ bounty)
Seat 2: PapaLHorreur (19757, 13.50€ bounty)
Seat 3: tous2tous (56409, 9€ bounty)
Seat 4: Jcurtis123 (22049, 9€ bounty)
Seat 5: Maro6-4 (57925, 13.50€ bounty)
Seat 6: torresmo123 (41802, 18€ bounty)
*** ANTE/BLINDS ***
Yuta Okkotsu posts ante 100
PapaLHorreur posts ante 100
tous2tous posts ante 100
Jcurtis123 posts ante 100
Maro6-4 posts ante 100
torresmo123 posts ante 100
Yuta Okkotsu posts small blind 400
PapaLHorreur posts big blind 800
Dealt to torresmo123 [Ad 9h]
*** PRE-FLOP *** 
tous2tous folds
Jcurtis123 folds
Maro6-4 folds
torresmo123 raises 1000 to 1800
Yuta Okkotsu folds
PapaLHorreur folds
torresmo123 collected 3600 from pot
*** SUMMARY ***
Total pot 3600 | No rake
Seat 6: torresmo123 (button) won 3600


Winamax Poker - Tournament "FLIPPER" buyIn: 18€ + 2€ level: 9 - HandId: #3189813584435609644-77-1707601814 - Holdem no limit (100/400/800) - 2024/02/10 21:50:14 UTC
Table: 'FLIPPER(742686350)#043' 6-max (real money) Seat #1 is the button
Seat 1: Yuta Okkotsu (27650, 13.50€ bounty)
Seat 2: PapaLHorreur (18857, 13.50€ bounty)
Seat 3: tous2tous (56309, 9€ bounty)
Seat 4: Jcurtis123 (21949, 9€ bounty)
Seat 5: Maro6-4 (57825, 13.50€ bounty)
Seat 6: torresmo123 (43502, 18€ bounty)
*** ANTE/BLINDS ***
PapaLHorreur posts ante 100
tous2tous posts ante 100
Yuta Okkotsu posts ante 100
Jcurtis123 posts ante 100
Maro6-4 posts ante 100
torresmo123 posts ante 100
PapaLHorreur posts small blind 400
tous2tous posts big blind 800
Dealt to torresmo123 [Qd Td]
*** PRE-FLOP *** 
Jcurtis123 folds
Maro6-4 folds
torresmo123 raises 880 to 1680
Yuta Okkotsu calls 1680
PapaLHorreur folds
tous2tous folds
*** FLOP *** [5h 3d 9c]
torresmo123 checks
Yuta Okkotsu checks
*** TURN *** [5h 3d 9c][Qh]
torresmo123 bets 4386
Yuta Okkotsu folds
torresmo123 collected 9546 from pot
*** SUMMARY ***
Total pot 9546 | No rake
Board: [5h 3d 9c Qh]
Seat 6: torresmo123 won 9546


Winamax Poker - Tournament "FLIPPER" buyIn: 18€ + 2€ level: 9 - HandId: #3189813584435609644-78-1707601865 - Holdem no limit (100/400/800) - 2024/02/10 21:51:05 UTC
Table: 'FLIPPER(742686350)#043' 6-max (real money) Seat #2 is the button
Seat 1: Yuta Okkotsu (25870, 13.50€ bounty)
Seat 2: PapaLHorreur (18357, 13.50€ bounty)
Seat 3: tous2tous (55409, 9€ bounty)
Seat 4: Jcurtis123 (21849, 9€ bounty)
Seat 5: Maro6-4 (57725, 13.50€ bounty)
Seat 6: torresmo123 (46882, 18€ bounty)
*** ANTE/BLINDS ***
tous2tous posts ante 100
Jcurtis123 posts ante 100
Yuta Okkotsu posts ante 100
PapaLHorreur posts ante 100
Maro6-4 posts ante 100
torresmo123 posts ante 100
tous2tous posts small blind 400
Jcurtis123 posts big blind 800
Dealt to torresmo123 [4h 3s]
*** PRE-FLOP *** 
Maro6-4 raises 800 to 1600
torresmo123 folds
Yuta Okkotsu folds
PapaLHorreur folds
tous2tous folds
Jcurtis123 folds
Maro6-4 collected 3400 from pot
*** SUMMARY ***
Total pot 3400 | No rake
Seat 5: Maro6-4 won 3400


Winamax Poker - Tournament "FLIPPER" buyIn: 18€ + 2€ level: 9 - HandId: #3189813584435609644-79-1707601898 - Holdem no limit (100/400/800) - 2024/02/10 21:51:38 UTC
Table: 'FLIPPER(742686350)#043' 6-max (real money) Seat #3 is the button
Seat 1: Yuta Okkotsu (25770, 13.50€ bounty)
Seat 2: PapaLHorreur (18257, 13.50€ bounty)
Seat 3: tous2tous (54909, 9€ bounty)
Seat 4: Jcurtis123 (20949, 9€ bounty)
Seat 5: Maro6-4 (59425, 13.50€ bounty)
Seat 6: torresmo123 (46782, 18€ bounty)
*** ANTE/BLINDS ***
Jcurtis123 posts ante 100
Maro6-4 posts ante 100
Yuta Okkotsu posts ante 100
PapaLHorreur posts ante 100
tous2tous posts ante 100
torresmo123 posts ante 100
Jcurtis123 posts small blind 400
Maro6-4 posts big blind 800
Dealt to torresmo123 [Qd Js]
*** PRE-FLOP *** 
torresmo123 raises 880 to 1680
Yuta Okkotsu calls 1680
PapaLHorreur folds
tous2tous calls 1680
Jcurtis123 raises 8120 to 9800
Maro6-4 folds
torresmo123 folds
Yuta Okkotsu folds
tous2tous folds
Jcurtis123 collected 16240 from pot
*** SUMMARY ***
Total pot 16240 | No rake
Seat 4: Jcurtis123 (small blind) won 16240


Winamax Poker - Tournament "FLIPPER" buyIn: 18€ + 2€ level: 9 - HandId: #3189813584435609644-80-1707601949 - Holdem no limit (100/400/800) - 2024/02/10 21:52:29 UTC
Table: 'FLIPPER(742686350)#043' 6-max (real money) Seat #4 is the button
Seat 1: Yuta Okkotsu (23990, 13.50€ bounty)
Seat 2: PapaLHorreur (18157, 13.50€ bounty)
Seat 3: tous2tous (53129, 9€ bounty)
Seat 4: Jcurtis123 (27289, 9€ bounty)
Seat 5: Maro6-4 (58525, 13.50€ bounty)
Seat 6: torresmo123 (45002, 18€ bounty)
*** ANTE/BLINDS ***
Maro6-4 posts ante 100
torresmo123 posts ante 100
Yuta Okkotsu posts ante 100
PapaLHorreur posts ante 100
tous2tous posts ante 100
Jcurtis123 posts ante 100
Maro6-4 posts small blind 400
torresmo123 posts big blind 800
Dealt to torresmo123 [8d Ad]
*** PRE-FLOP *** 
Yuta Okkotsu raises 800 to 1600
PapaLHorreur folds
tous2tous folds
Jcurtis123 folds
Maro6-4 folds
torresmo123 calls 800
*** FLOP *** [9h Js 8h]
torresmo123 checks
Yuta Okkotsu bets 1386
torresmo123 calls 1386
*** TURN *** [9h Js 8h][5s]
torresmo123 checks
Yuta Okkotsu checks
*** RIVER *** [9h Js 8h 5s][Jd]
torresmo123 bets 1394
Yuta Okkotsu calls 1394
*** SHOW DOWN ***
Yuta Okkotsu shows [Tc Ac] (One pair : Jacks)
torresmo123 shows [8d Ad] (Two pairs : Jacks and 8)
torresmo123 collected 9760 from pot
*** SUMMARY ***
Total pot 9760 | No rake
Board: [9h Js 8h 5s Jd]
Seat 1: Yuta Okkotsu showed [Tc Ac] and lost with One pair : Jacks
Seat 6: torresmo123 (big blind) showed [8d Ad] and won 9760 with Two pairs : Jacks and 8


Winamax Poker - Tournament "FLIPPER" buyIn: 18€ + 2€ level: 9 - HandId: #3189813584435609644-81-1707602033 - Holdem no limit (100/400/800) - 2024/02/10 21:53:53 UTC
Table: 'FLIPPER(742686350)#043' 6-max (real money) Seat #5 is the button
Seat 1: Yuta Okkotsu (19510, 13.50€ bounty)
Seat 2: PapaLHorreur (18057, 13.50€ bounty)
Seat 3: tous2tous (53029, 9€ bounty)
Seat 4: Jcurtis123 (27189, 9€ bounty)
Seat 5: Maro6-4 (58025, 13.50€ bounty)
Seat 6: torresmo123 (50282, 18€ bounty)
*** ANTE/BLINDS ***
torresmo123 posts ante 100
Yuta Okkotsu posts ante 100
PapaLHorreur posts ante 100
tous2tous posts ante 100
Jcurtis123 posts ante 100
Maro6-4 posts ante 100
torresmo123 posts small blind 400
Yuta Okkotsu posts big blind 800
Dealt to torresmo123 [5c Ah]
*** PRE-FLOP *** 
PapaLHorreur folds
tous2tous raises 800 to 1600
Jcurtis123 folds
Maro6-4 folds
torresmo123 folds
Yuta Okkotsu calls 800
*** FLOP *** [8s 2c 4h]
Yuta Okkotsu checks
tous2tous bets 1470
Yuta Okkotsu raises 3330 to 4800
tous2tous folds
Yuta Okkotsu collected 10470 from pot
*** SUMMARY ***
Total pot 10470 | No rake
Board: [8s 2c 4h]
Seat 1: Yuta Okkotsu (big blind) won 10470


Winamax Poker - Tournament "FLIPPER" buyIn: 18€ + 2€ level: 10 - HandId: #3189813584435609644-82-1707602079 - Holdem no limit (120/500/1000) - 2024/02/10 21:54:39 UTC
Table: 'FLIPPER(742686350)#043' 6-max (real money) Seat #6 is the button
Seat 1: Yuta Okkotsu (23480, 13.50€ bounty)
Seat 2: PapaLHorreur (17957, 13.50€ bounty)
Seat 3: tous2tous (49859, 9€ bounty)
Seat 4: Jcurtis123 (27089, 9€ bounty)
Seat 5: Maro6-4 (57925, 13.50€ bounty)
Seat 6: torresmo123 (49782, 18€ bounty)
*** ANTE/BLINDS ***
Yuta Okkotsu posts ante 120
PapaLHorreur posts ante 120
tous2tous posts ante 120
Jcurtis123 posts ante 120
Maro6-4 posts ante 120
torresmo123 posts ante 120
Yuta Okkotsu posts small blind 500
PapaLHorreur posts big blind 1000
Dealt to torresmo123 [Kh 4h]
*** PRE-FLOP *** 
tous2tous folds
Jcurtis123 folds
Maro6-4 raises 1000 to 2000
torresmo123 calls 2000
Yuta Okkotsu folds
PapaLHorreur calls 1000
*** FLOP *** [Qs Qd Qc]
PapaLHorreur checks
Maro6-4 bets 2383
torresmo123 folds
PapaLHorreur folds
Maro6-4 collected 9603 from pot
*** SUMMARY ***
Total pot 9603 | No rake
Board: [Qs Qd Qc]
Seat 5: Maro6-4 won 9603


Winamax Poker - Tournament "FLIPPER" buyIn: 18€ + 2€ level: 10 - HandId: #3189813584435609644-83-1707602461 - Holdem no limit (120/500/1000) - 2024/02/10 22:01:01 UTC
Table: 'FLIPPER(742686350)#043' 6-max (real money) Seat #1 is the button
Seat 1: Yuta Okkotsu (22860, 13.50€ bounty)
Seat 2: PapaLHorreur (15837, 13.50€ bounty)
Seat 3: tous2tous (49739, 9€ bounty)
Seat 4: Jcurtis123 (26969, 9€ bounty)
Seat 5: Maro6-4 (63025, 13.50€ bounty)
Seat 6: torresmo123 (47662, 18€ bounty)
*** ANTE/BLINDS ***
PapaLHorreur posts ante 120
tous2tous posts ante 120
Yuta Okkotsu posts ante 120
Jcurtis123 posts ante 120
Maro6-4 posts ante 120
torresmo123 posts ante 120
PapaLHorreur posts small blind 500
tous2tous posts big blind 1000
Dealt to torresmo123 [Qs 9s]
*** PRE-FLOP *** 
Jcurtis123 raises 1000 to 2000
Maro6-4 folds
torresmo123 raises 3500 to 5500
Yuta Okkotsu folds
PapaLHorreur folds
tous2tous folds
Jcurtis123 calls 3500
*** FLOP *** [8c Qd 2c]
Jcurtis123 checks
torresmo123 bets 3000
Jcurtis123 raises 3000 to 6000
torresmo123 calls 3000
*** TURN *** [8c Qd 2c][9d]
Jcurtis123 bets 15349 and is all-in
torresmo123 calls 15349
*** RIVER *** [8c Qd 2c 9d][2s]
*** SHOW DOWN ***
Jcurtis123 shows [Qh Ad] (Two pairs : Queens and 2)
torresmo123 shows [Qs 9s] (Two pairs : Queens and 9)
torresmo123 collected 55918 from pot
*** SUMMARY ***
Total pot 55918 | No rake
Board: [8c Qd 2c 9d 2s]
Seat 4: Jcurtis123 showed [Qh Ad] and lost with Two pairs : Queens and 2
Seat 6: torresmo123 showed [Qs 9s] and won 55918 with Two pairs : Queens and 9


Winamax Poker - Tournament "FLIPPER" buyIn: 18€ + 2€ level: 10 - HandId: #3189813584435609644-84-1707602585 - Holdem no limit (120/500/1000) - 2024/02/10 22:03:05 UTC
Table: 'FLIPPER(742686350)#043' 6-max (real money) Seat #2 is the button
Seat 1: Yuta Okkotsu (22740, 13.50€ bounty)
Seat 2: PapaLHorreur (15217, 13.50€ bounty)
Seat 3: tous2tous (48619, 9€ bounty)
Seat 5: Maro6-4 (62905, 13.50€ bounty)
Seat 6: torresmo123 (76611, 22.50€ bounty)
*** ANTE/BLINDS ***
tous2tous posts ante 120
Maro6-4 posts ante 120
Yuta Okkotsu posts ante 120
PapaLHorreur posts ante 120
torresmo123 posts ante 120
tous2tous posts small blind 500
Maro6-4 posts big blind 1000
Dealt to torresmo123 [6c Ac]
*** PRE-FLOP *** 
torresmo123 raises 1250 to 2250
Yuta Okkotsu folds
PapaLHorreur folds
tous2tous folds
Maro6-4 calls 1250
*** FLOP *** [4h 4s Ah]
Maro6-4 checks
torresmo123 bets 1120
Maro6-4 calls 1120
*** TURN *** [4h 4s Ah][8c]
Maro6-4 checks
torresmo123 checks
*** RIVER *** [4h 4s Ah 8c][Th]
Maro6-4 bets 2587
torresmo123 calls 2587
*** SHOW DOWN ***
Maro6-4 shows [As 7s] (Two pairs : Aces and 4)
torresmo123 shows [6c Ac] (Two pairs : Aces and 4)
torresmo123 collected 6507 from pot
Maro6-4 collected 6507 from pot
*** SUMMARY ***
Total pot 13014 | No rake
Board: [4h 4s Ah 8c Th]
Seat 5: Maro6-4 (big blind) showed [As 7s] and won 6507 with Two pairs : Aces and 4
Seat 6: torresmo123 showed [6c Ac] and won 6507 with Two pairs : Aces and 4


Winamax Poker - Tournament "FLIPPER" buyIn: 18€ + 2€ level: 10 - HandId: #3189813584435609644-85-1707602656 - Holdem no limit (120/500/1000) - 2024/02/10 22:04:16 UTC
Table: 'FLIPPER(742686350)#043' 6-max (real money) Seat #3 is the button
Seat 1: Yuta Okkotsu (22620, 13.50€ bounty)
Seat 2: PapaLHorreur (15097, 13.50€ bounty)
Seat 3: tous2tous (47999, 9€ bounty)
Seat 5: Maro6-4 (63335, 13.50€ bounty)
Seat 6: torresmo123 (77041, 22.50€ bounty)
*** ANTE/BLINDS ***
Maro6-4 posts ante 120
torresmo123 posts ante 120
Yuta Okkotsu posts ante 120
PapaLHorreur posts ante 120
tous2tous posts ante 120
Maro6-4 posts small blind 500
torresmo123 posts big blind 1000
Dealt to torresmo123 [8s 5s]
*** PRE-FLOP *** 
Yuta Okkotsu folds
PapaLHorreur folds
tous2tous folds
Maro6-4 calls 500
torresmo123 raises 2500 to 3500
Maro6-4 folds
torresmo123 collected 5100 from pot
*** SUMMARY ***
Total pot 5100 | No rake
Seat 6: torresmo123 (big blind) won 5100


Winamax Poker - Tournament "FLIPPER" buyIn: 18€ + 2€ level: 10 - HandId: #3189813584435609644-86-1707602681 - Holdem no limit (120/500/1000) - 2024/02/10 22:04:41 UTC
Table: 'FLIPPER(742686350)#043' 6-max (real money) Seat #5 is the button
Seat 1: Yuta Okkotsu (22500, 13.50€ bounty)
Seat 2: PapaLHorreur (14977, 13.50€ bounty)
Seat 3: tous2tous (47879, 9€ bounty)
Seat 5: Maro6-4 (62215, 13.50€ bounty)
Seat 6: torresmo123 (78521, 22.50€ bounty)
*** ANTE/BLINDS ***
torresmo123 posts ante 120
Yuta Okkotsu posts ante 120
PapaLHorreur posts ante 120
tous2tous posts ante 120
Maro6-4 posts ante 120
torresmo123 posts small blind 500
Yuta Okkotsu posts big blind 1000
Dealt to torresmo123 [Qs 9d]
*** PRE-FLOP *** 
PapaLHorreur folds
tous2tous folds
Maro6-4 folds
torresmo123 raises 2000 to 3000
Yuta Okkotsu folds
torresmo123 collected 4600 from pot
*** SUMMARY ***
Total pot 4600 | No rake
Seat 6: torresmo123 (small blind) won 4600


Winamax Poker - Tournament "FLIPPER" buyIn: 18€ + 2€ level: 10 - HandId: #3189813584435609644-87-1707602703 - Holdem no limit (120/500/1000) - 2024/02/10 22:05:03 UTC
Table: 'FLIPPER(742686350)#043' 6-max (real money) Seat #6 is the button
Seat 1: Yuta Okkotsu (21380, 13.50€ bounty)
Seat 2: PapaLHorreur (14857, 13.50€ bounty)
Seat 3: tous2tous (47759, 9€ bounty)
Seat 5: Maro6-4 (62095, 13.50€ bounty)
Seat 6: torresmo123 (80001, 22.50€ bounty)
*** ANTE/BLINDS ***
Yuta Okkotsu posts ante 120
PapaLHorreur posts ante 120
tous2tous posts ante 120
Maro6-4 posts ante 120
torresmo123 posts ante 120
Yuta Okkotsu posts small blind 500
PapaLHorreur posts big blind 1000
Dealt to torresmo123 [9d 5h]
*** PRE-FLOP *** 
tous2tous folds
Maro6-4 folds
torresmo123 folds
Yuta Okkotsu raises 20260 to 21260 and is all-in
PapaLHorreur folds
Yuta Okkotsu collected 22860 from pot
*** SUMMARY ***
Total pot 22860 | No rake
Seat 1: Yuta Okkotsu (small blind) won 22860


Winamax Poker - Tournament "FLIPPER" buyIn: 18€ + 2€ level: 10 - HandId: #3189813584435609644-88-1707602730 - Holdem no limit (120/500/1000) - 2024/02/10 22:05:30 UTC
Table: 'FLIPPER(742686350)#043' 6-max (real money) Seat #1 is the button
Seat 1: Yuta Okkotsu (22860, 13.50€ bounty)
Seat 2: PapaLHorreur (13737, 13.50€ bounty)
Seat 3: tous2tous (47639, 9€ bounty)
Seat 5: Maro6-4 (61975, 13.50€ bounty)
Seat 6: torresmo123 (79881, 22.50€ bounty)
*** ANTE/BLINDS ***
PapaLHorreur posts ante 120
tous2tous posts ante 120
Yuta Okkotsu posts ante 120
Maro6-4 posts ante 120
torresmo123 posts ante 120
PapaLHorreur posts small blind 500
tous2tous posts big blind 1000
Dealt to torresmo123 [Qs 8s]
*** PRE-FLOP *** 
Maro6-4 raises 1000 to 2000
torresmo123 calls 2000
Yuta Okkotsu folds
PapaLHorreur folds
tous2tous calls 1000
*** FLOP *** [Jd 7d 5c]
tous2tous checks
Maro6-4 bets 2343
torresmo123 folds
tous2tous folds
Maro6-4 collected 9443 from pot
*** SUMMARY ***
Total pot 9443 | No rake
Board: [Jd 7d 5c]
Seat 5: Maro6-4 won 9443


Winamax Poker - Tournament "FLIPPER" buyIn: 18€ + 2€ level: 11 - HandId: #3189813584435609644-89-1707602777 - Holdem no limit (140/600/1200) - 2024/02/10 22:06:17 UTC
Table: 'FLIPPER(742686350)#043' 6-max (real money) Seat #2 is the button
Seat 1: Yuta Okkotsu (22740, 13.50€ bounty)
Seat 2: PapaLHorreur (13117, 13.50€ bounty)
Seat 3: tous2tous (45519, 9€ bounty)
Seat 4: filetAmAiw. (47656, 13.50€ bounty)
Seat 5: Maro6-4 (66955, 13.50€ bounty)
Seat 6: torresmo123 (77761, 22.50€ bounty)
*** ANTE/BLINDS ***
tous2tous posts ante 140
filetAmAiw. posts ante 140
Yuta Okkotsu posts ante 140
PapaLHorreur posts ante 140
Maro6-4 posts ante 140
torresmo123 posts ante 140
tous2tous posts small blind 600
filetAmAiw. posts big blind 1200
Dealt to torresmo123 [Jh 2s]
*** PRE-FLOP *** 
Maro6-4 folds
torresmo123 folds
Yuta Okkotsu raises 1200 to 2400
PapaLHorreur folds
tous2tous calls 1800
filetAmAiw. folds
*** FLOP *** [3s Qc Ad]
tous2tous checks
Yuta Okkotsu bets 1800
tous2tous calls 1800
*** TURN *** [3s Qc Ad][7c]
tous2tous checks
Yuta Okkotsu checks
*** RIVER *** [3s Qc Ad 7c][7s]
tous2tous checks
Yuta Okkotsu bets 3600
tous2tous calls 3600
*** SHOW DOWN ***
tous2tous shows [Kd 3d] (Two pairs : 7 and 3)
Yuta Okkotsu shows [Qh Jd] (Two pairs : Queens and 7)
Yuta Okkotsu collected 17640 from pot
*** SUMMARY ***
Total pot 17640 | No rake
Board: [3s Qc Ad 7c 7s]
Seat 1: Yuta Okkotsu showed [Qh Jd] and won 17640 with Two pairs : Queens and 7
Seat 3: tous2tous (small blind) showed [Kd 3d] and lost with Two pairs : 7 and 3


Winamax Poker - Tournament "FLIPPER" buyIn: 18€ + 2€ level: 11 - HandId: #3189813584435609644-90-1707602873 - Holdem no limit (140/600/1200) - 2024/02/10 22:07:53 UTC
Table: 'FLIPPER(742686350)#043' 6-max (real money) Seat #3 is the button
Seat 1: Yuta Okkotsu (32440, 13.50€ bounty)
Seat 2: PapaLHorreur (12977, 13.50€ bounty)
Seat 3: tous2tous (37579, 9€ bounty)
Seat 4: filetAmAiw. (46316, 13.50€ bounty)
Seat 5: Maro6-4 (66815, 13.50€ bounty)
Seat 6: torresmo123 (77621, 22.50€ bounty)
*** ANTE/BLINDS ***
filetAmAiw. posts ante 140
Maro6-4 posts ante 140
Yuta Okkotsu posts ante 140
PapaLHorreur posts ante 140
tous2tous posts ante 140
torresmo123 posts ante 140
filetAmAiw. posts small blind 600
Maro6-4 posts big blind 1200
Dealt to torresmo123 [Jh 8h]
*** PRE-FLOP *** 
torresmo123 raises 1320 to 2520
Yuta Okkotsu folds
PapaLHorreur folds
tous2tous calls 2520
filetAmAiw. calls 1920
Maro6-4 folds
*** FLOP *** [Js 8d Kh]
filetAmAiw. checks
torresmo123 bets 3168
tous2tous calls 3168
filetAmAiw. folds
*** TURN *** [Js 8d Kh][9h]
torresmo123 bets 8765
tous2tous raises 22986 to 31751 and is all-in
torresmo123 calls 22986
*** RIVER *** [Js 8d Kh 9h][7c]
*** SHOW DOWN ***
torresmo123 shows [Jh 8h] (Two pairs : Jacks and 8)
tous2tous shows [9c Kc] (Two pairs : Kings and 9)
tous2tous collected 79438 from pot
*** SUMMARY ***
Total pot 79438 | No rake
Board: [Js 8d Kh 9h 7c]
Seat 3: tous2tous (button) showed [9c Kc] and won 79438 with Two pairs : Kings and 9
Seat 6: torresmo123 showed [Jh 8h] and lost with Two pairs : Jacks and 8


Winamax Poker - Tournament "FLIPPER" buyIn: 18€ + 2€ level: 11 - HandId: #3189813584435609644-91-1707602967 - Holdem no limit (140/600/1200) - 2024/02/10 22:09:27 UTC
Table: 'FLIPPER(742686350)#043' 6-max (real money) Seat #4 is the button
Seat 1: Yuta Okkotsu (32300, 13.50€ bounty)
Seat 2: PapaLHorreur (12837, 13.50€ bounty)
Seat 3: tous2tous (79438, 9€ bounty)
Seat 4: filetAmAiw. (43656, 13.50€ bounty)
Seat 5: Maro6-4 (65475, 13.50€ bounty)
Seat 6: torresmo123 (40042, 22.50€ bounty)
*** ANTE/BLINDS ***
Maro6-4 posts ante 140
torresmo123 posts ante 140
Yuta Okkotsu posts ante 140
PapaLHorreur posts ante 140
tous2tous posts ante 140
filetAmAiw. posts ante 140
Maro6-4 posts small blind 600
torresmo123 posts big blind 1200
Dealt to torresmo123 [8s 6d]
*** PRE-FLOP *** 
Yuta Okkotsu raises 1200 to 2400
PapaLHorreur folds
tous2tous calls 2400
filetAmAiw. calls 2400
Maro6-4 folds
torresmo123 calls 1200
*** FLOP *** [Ah Qd Ad]
torresmo123 checks
Yuta Okkotsu checks
tous2tous checks
filetAmAiw. checks
*** TURN *** [Ah Qd Ad][Jd]
torresmo123 checks
Yuta Okkotsu bets 5520
tous2tous calls 5520
filetAmAiw. calls 5520
torresmo123 folds
*** RIVER *** [Ah Qd Ad Jd][2c]
Yuta Okkotsu checks
tous2tous bets 11400
filetAmAiw. calls 11400
Yuta Okkotsu folds
*** SHOW DOWN ***
tous2tous shows [Kc Th] (Straight Ace high)
filetAmAiw. shows [4d 5d] (Flush Ace high)
filetAmAiw. collected 50400 from pot
*** SUMMARY ***
Total pot 50400 | No rake
Board: [Ah Qd Ad Jd 2c]
Seat 3: tous2tous showed [Kc Th] and lost with Straight Ace high
Seat 4: filetAmAiw. (button) showed [4d 5d] and won 50400 with Flush Ace high


Winamax Poker - Tournament "FLIPPER" buyIn: 18€ + 2€ level: 12 - HandId: #3189813584435609616-87-1707603129 - Holdem no limit (160/700/1400) - 2024/02/10 22:12:09 UTC
Table: 'FLIPPER(742686350)#015' 6-max (real money) Seat #5 is the button
Seat 1: Nusr-Et (24730, 18€ bounty)
Seat 2: Playzerrr (73722, 9€ bounty)
Seat 4: torresmo123 (37502, 22.50€ bounty)
Seat 5: FineAce111 (101564, 20.25€ bounty)
Seat 6: LoIonan (34042, 18€ bounty)
*** ANTE/BLINDS ***
LoIonan posts ante 160
Nusr-Et posts ante 160
Playzerrr posts ante 160
torresmo123 posts ante 160
FineAce111 posts ante 160
LoIonan posts small blind 700
Nusr-Et posts big blind 1400
Dealt to torresmo123 [8s 2c]
*** PRE-FLOP *** 
Playzerrr folds
torresmo123 folds
FineAce111 raises 4300 to 5700
LoIonan folds
Nusr-Et folds
FineAce111 collected 8600 from pot
*** SUMMARY ***
Total pot 8600 | No rake
Seat 5: FineAce111 (button) won 8600


Winamax Poker - Tournament "FLIPPER" buyIn: 18€ + 2€ level: 12 - HandId: #3189813584435609616-88-1707603154 - Holdem no limit (160/700/1400) - 2024/02/10 22:12:34 UTC
Table: 'FLIPPER(742686350)#015' 6-max (real money) Seat #6 is the button
Seat 1: Nusr-Et (23170, 18€ bounty)
Seat 2: Playzerrr (73562, 9€ bounty)
Seat 4: torresmo123 (37342, 22.50€ bounty)
Seat 5: FineAce111 (104304, 20.25€ bounty)
Seat 6: LoIonan (33182, 18€ bounty)
*** ANTE/BLINDS ***
Nusr-Et posts ante 160
Playzerrr posts ante 160
torresmo123 posts ante 160
FineAce111 posts ante 160
LoIonan posts ante 160
Nusr-Et posts small blind 700
Playzerrr posts big blind 1400
Dealt to torresmo123 [5d 3s]
*** PRE-FLOP *** 
torresmo123 folds
FineAce111 folds
LoIonan folds
Nusr-Et calls 700
Playzerrr checks
*** FLOP *** [As 5s 2s]
Nusr-Et checks
Playzerrr checks
*** TURN *** [As 5s 2s][6s]
Nusr-Et bets 2340
Playzerrr calls 2340
*** RIVER *** [As 5s 2s 6s][5c]
Nusr-Et checks
Playzerrr bets 3500
Nusr-Et calls 3500
*** SHOW DOWN ***
Nusr-Et shows [Kc 5h] (Trips of 5)
Playzerrr shows [8h 7s] (Flush Ace high)
Playzerrr collected 15280 from pot
*** SUMMARY ***
Total pot 15280 | No rake
Board: [As 5s 2s 6s 5c]
Seat 1: Nusr-Et (small blind) showed [Kc 5h] and lost with Trips of 5
Seat 2: Playzerrr (big blind) showed [8h 7s] and won 15280 with Flush Ace high


Winamax Poker - Tournament "FLIPPER" buyIn: 18€ + 2€ level: 12 - HandId: #3189813584435609616-89-1707603241 - Holdem no limit (160/700/1400) - 2024/02/10 22:14:01 UTC
Table: 'FLIPPER(742686350)#015' 6-max (real money) Seat #1 is the button
Seat 1: Nusr-Et (15770, 18€ bounty)
Seat 2: Playzerrr (81442, 9€ bounty)
Seat 4: torresmo123 (37182, 22.50€ bounty)
Seat 5: FineAce111 (104144, 20.25€ bounty)
Seat 6: LoIonan (33022, 18€ bounty)
*** ANTE/BLINDS ***
Playzerrr posts ante 160
torresmo123 posts ante 160
Nusr-Et posts ante 160
FineAce111 posts ante 160
LoIonan posts ante 160
Playzerrr posts small blind 700
torresmo123 posts big blind 1400
Dealt to torresmo123 [As 3d]
*** PRE-FLOP *** 
FineAce111 folds
LoIonan raises 1400 to 2800
Nusr-Et folds
Playzerrr calls 2100
torresmo123 calls 1400
*** FLOP *** [Kc 2s 5c]
Playzerrr checks
torresmo123 checks
LoIonan checks
*** TURN *** [Kc 2s 5c][Ac]
Playzerrr checks
torresmo123 checks
LoIonan bets 7360
Playzerrr folds
torresmo123 calls 7360
*** RIVER *** [Kc 2s 5c Ac][3s]
torresmo123 bets 4200
LoIonan raises 18502 to 22702 and is all-in
torresmo123 folds
LoIonan collected 50822 from pot
*** SUMMARY ***
Total pot 50822 | No rake
Board: [Kc 2s 5c Ac 3s]
Seat 6: LoIonan won 50822


Winamax Poker - Tournament "FLIPPER" buyIn: 18€ + 2€ level: 12 - HandId: #3189813584435609616-90-1707603395 - Holdem no limit (160/700/1400) - 2024/02/10 22:16:35 UTC
Table: 'FLIPPER(742686350)#015' 6-max (real money) Seat #2 is the button
Seat 1: Nusr-Et (15610, 18€ bounty)
Seat 2: Playzerrr (78482, 9€ bounty)
Seat 3: epilokapi (64998, 13.50€ bounty)
Seat 4: torresmo123 (22662, 22.50€ bounty)
Seat 5: FineAce111 (103984, 20.25€ bounty)
Seat 6: LoIonan (50822, 18€ bounty)
*** ANTE/BLINDS ***
torresmo123 posts ante 160
FineAce111 posts ante 160
Nusr-Et posts ante 160
Playzerrr posts ante 160
LoIonan posts ante 160
torresmo123 posts small blind 700
FineAce111 posts big blind 1400
Dealt to torresmo123 [Kh 6c]
*** PRE-FLOP *** 
LoIonan folds
Nusr-Et folds
Playzerrr folds
torresmo123 raises 21102 to 22502 and is all-in
FineAce111 calls 21102
*** FLOP *** [As Qh Th]
*** TURN *** [As Qh Th][9h]
*** RIVER *** [As Qh Th 9h][6h]
*** SHOW DOWN ***
FineAce111 shows [Ts Ks] (One pair : Tens)
torresmo123 shows [Kh 6c] (Flush King high)
torresmo123 collected 45804 from pot
*** SUMMARY ***
Total pot 45804 | No rake
Board: [As Qh Th 9h 6h]
Seat 4: torresmo123 (small blind) showed [Kh 6c] and won 45804 with Flush King high
Seat 5: FineAce111 (big blind) showed [Ts Ks] and lost with One pair : Tens


Winamax Poker - Tournament "FLIPPER" buyIn: 18€ + 2€ level: 12 - HandId: #3189813584435609616-91-1707603440 - Holdem no limit (160/700/1400) - 2024/02/10 22:17:20 UTC
Table: 'FLIPPER(742686350)#015' 6-max (real money) Seat #4 is the button
Seat 1: Nusr-Et (15450, 18€ bounty)
Seat 2: Playzerrr (78322, 9€ bounty)
Seat 3: epilokapi (64998, 13.50€ bounty)
Seat 4: torresmo123 (45804, 22.50€ bounty)
Seat 5: FineAce111 (81322, 20.25€ bounty)
Seat 6: LoIonan (50662, 18€ bounty)
*** ANTE/BLINDS ***
FineAce111 posts ante 160
LoIonan posts ante 160
Nusr-Et posts ante 160
Playzerrr posts ante 160
epilokapi posts ante 160
torresmo123 posts ante 160
FineAce111 posts small blind 700
LoIonan posts big blind 1400
Dealt to torresmo123 [8c 5s]
*** PRE-FLOP *** 
Nusr-Et folds
Playzerrr folds
epilokapi raises 2100 to 3500
torresmo123 folds
FineAce111 folds
LoIonan folds
epilokapi collected 6560 from pot
*** SUMMARY ***
Total pot 6560 | No rake
Seat 3: epilokapi won 6560


Winamax Poker - Tournament "FLIPPER" buyIn: 18€ + 2€ level: 12 - HandId: #3189813584435609616-92-1707603475 - Holdem no limit (160/700/1400) - 2024/02/10 22:17:55 UTC
Table: 'FLIPPER(742686350)#015' 6-max (real money) Seat #5 is the button
Seat 1: Nusr-Et (15290, 18€ bounty)
Seat 2: Playzerrr (78162, 9€ bounty)
Seat 3: epilokapi (67898, 13.50€ bounty)
Seat 4: torresmo123 (45644, 22.50€ bounty)
Seat 5: FineAce111 (80462, 20.25€ bounty)
Seat 6: LoIonan (49102, 18€ bounty)
*** ANTE/BLINDS ***
LoIonan posts ante 160
Nusr-Et posts ante 160
Playzerrr posts ante 160
epilokapi posts ante 160
torresmo123 posts ante 160
FineAce111 posts ante 160
LoIonan posts small blind 700
Nusr-Et posts big blind 1400
Dealt to torresmo123 [7s 3d]
*** PRE-FLOP *** 
Playzerrr raises 2600 to 4000
epilokapi folds
torresmo123 folds
FineAce111 folds
LoIonan calls 3300
Nusr-Et calls 2600
*** FLOP *** [Th 7d 8h]
LoIonan checks
Nusr-Et bets 11130 and is all-in
Playzerrr raises 62872 to 74002 and is all-in
LoIonan folds
*** TURN *** [Th 7d 8h][Js]
*** RIVER *** [Th 7d 8h Js][8d]
*** SHOW DOWN ***
Nusr-Et shows [5h 5d] (Two pairs : 8 and 5)
Playzerrr shows [Ts Ad] (Two pairs : Tens and 8)
Playzerrr collected 98092 from pot
*** SUMMARY ***
Total pot 98092 | No rake
Board: [Th 7d 8h Js 8d]
Seat 1: Nusr-Et (big blind) showed [5h 5d] and lost with Two pairs : 8 and 5
Seat 2: Playzerrr showed [Ts Ad] and won 98092 with Two pairs : Tens and 8


Winamax Poker - Tournament "FLIPPER" buyIn: 18€ + 2€ level: 13 - HandId: #3189813584435609616-93-1707603536 - Holdem no limit (200/800/1600) - 2024/02/10 22:18:56 UTC
Table: 'FLIPPER(742686350)#015' 6-max (real money) Seat #6 is the button
Seat 2: Playzerrr (98092, 18€ bounty)
Seat 3: epilokapi (67738, 13.50€ bounty)
Seat 4: torresmo123 (45484, 22.50€ bounty)
Seat 5: FineAce111 (80302, 20.25€ bounty)
Seat 6: LoIonan (44942, 18€ bounty)
*** ANTE/BLINDS ***
Playzerrr posts ante 200
epilokapi posts ante 200
torresmo123 posts ante 200
FineAce111 posts ante 200
LoIonan posts ante 200
Playzerrr posts big blind 1600
Dealt to torresmo123 [Ad Kd]
*** PRE-FLOP *** 
epilokapi raises 1600 to 3200
torresmo123 raises 3520 to 6720
FineAce111 folds
LoIonan folds
Playzerrr folds
epilokapi calls 3520
*** FLOP *** [2d 3d 4c]
epilokapi checks
torresmo123 bets 5293
epilokapi folds
torresmo123 collected 21333 from pot
*** SUMMARY ***
Total pot 21333 | No rake
Board: [2d 3d 4c]
Seat 4: torresmo123 won 21333


Winamax Poker - Tournament "FLIPPER" buyIn: 18€ + 2€ level: 13 - HandId: #3189813584435609616-94-1707603576 - Holdem no limit (200/800/1600) - 2024/02/10 22:19:36 UTC
Table: 'FLIPPER(742686350)#015' 6-max (real money) Seat #1 is the button
Seat 2: Playzerrr (96292, 18€ bounty)
Seat 3: epilokapi (60818, 13.50€ bounty)
Seat 4: torresmo123 (54604, 22.50€ bounty)
Seat 5: FineAce111 (80102, 20.25€ bounty)
Seat 6: LoIonan (44742, 18€ bounty)
*** ANTE/BLINDS ***
Playzerrr posts ante 200
epilokapi posts ante 200
torresmo123 posts ante 200
FineAce111 posts ante 200
LoIonan posts ante 200
Playzerrr posts small blind 800
epilokapi posts big blind 1600
Dealt to torresmo123 [Th Jh]
*** PRE-FLOP *** 
torresmo123 raises 1760 to 3360
FineAce111 folds
LoIonan folds
Playzerrr folds
epilokapi folds
torresmo123 collected 6760 from pot
*** SUMMARY ***
Total pot 6760 | No rake
Seat 4: torresmo123 won 6760


Winamax Poker - Tournament "FLIPPER" buyIn: 18€ + 2€ level: 13 - HandId: #3189813584435609616-95-1707603588 - Holdem no limit (200/800/1600) - 2024/02/10 22:19:48 UTC
Table: 'FLIPPER(742686350)#015' 6-max (real money) Seat #2 is the button
Seat 2: Playzerrr (95292, 18€ bounty)
Seat 3: epilokapi (59018, 13.50€ bounty)
Seat 4: torresmo123 (57804, 22.50€ bounty)
Seat 5: FineAce111 (79902, 20.25€ bounty)
Seat 6: LoIonan (44542, 18€ bounty)
*** ANTE/BLINDS ***
epilokapi posts ante 200
torresmo123 posts ante 200
Playzerrr posts ante 200
FineAce111 posts ante 200
LoIonan posts ante 200
epilokapi posts small blind 800
torresmo123 posts big blind 1600
Dealt to torresmo123 [2d Qs]
*** PRE-FLOP *** 
FineAce111 calls 1600
LoIonan folds
Playzerrr calls 1600
epilokapi calls 800
torresmo123 checks
*** FLOP *** [Qh 7s 4h]
epilokapi bets 3700
torresmo123 calls 3700
FineAce111 folds
Playzerrr folds
*** TURN *** [Qh 7s 4h][Jd]
epilokapi bets 5180
torresmo123 calls 5180
*** RIVER *** [Qh 7s 4h Jd][4s]
epilokapi checks
torresmo123 checks
*** SHOW DOWN ***
epilokapi shows [2h Qd] (Two pairs : Queens and 4)
torresmo123 shows [2d Qs] (Two pairs : Queens and 4)
torresmo123 collected 12580 from pot
epilokapi collected 12580 from pot
*** SUMMARY ***
Total pot 25160 | No rake
Board: [Qh 7s 4h Jd 4s]
Seat 3: epilokapi (small blind) showed [2h Qd] and won 12580 with Two pairs : Queens and 4
Seat 4: torresmo123 (big blind) showed [2d Qs] and won 12580 with Two pairs : Queens and 4


Winamax Poker - Tournament "FLIPPER" buyIn: 18€ + 2€ level: 13 - HandId: #3189813584435609616-96-1707603692 - Holdem no limit (200/800/1600) - 2024/02/10 22:21:32 UTC
Table: 'FLIPPER(742686350)#015' 6-max (real money) Seat #3 is the button
Seat 1: Kamzkills (33454, 13.50€ bounty)
Seat 2: Playzerrr (93492, 18€ bounty)
Seat 3: epilokapi (60918, 13.50€ bounty)
Seat 4: torresmo123 (59704, 22.50€ bounty)
Seat 5: FineAce111 (78102, 20.25€ bounty)
Seat 6: LoIonan (44342, 18€ bounty)
*** ANTE/BLINDS ***
torresmo123 posts ante 200
FineAce111 posts ante 200
Kamzkills posts ante 200
Playzerrr posts ante 200
epilokapi posts ante 200
LoIonan posts ante 200
torresmo123 posts small blind 800
FineAce111 posts big blind 1600
Dealt to torresmo123 [Ks Jd]
*** PRE-FLOP *** 
LoIonan folds
Kamzkills folds
Playzerrr folds
epilokapi raises 2400 to 4000
torresmo123 raises 9000 to 13000
FineAce111 folds
epilokapi folds
torresmo123 collected 19800 from pot
*** SUMMARY ***
Total pot 19800 | No rake
Seat 4: torresmo123 (small blind) won 19800


Winamax Poker - Tournament "FLIPPER" buyIn: 18€ + 2€ level: 13 - HandId: #3189813584435609616-97-1707603746 - Holdem no limit (200/800/1600) - 2024/02/10 22:22:26 UTC
Table: 'FLIPPER(742686350)#015' 6-max (real money) Seat #4 is the button
Seat 1: Kamzkills (33254, 13.50€ bounty)
Seat 2: Playzerrr (93292, 18€ bounty)
Seat 3: epilokapi (56718, 13.50€ bounty)
Seat 4: torresmo123 (66304, 22.50€ bounty)
Seat 5: FineAce111 (76302, 20.25€ bounty)
Seat 6: LoIonan (44142, 18€ bounty)
*** ANTE/BLINDS ***
FineAce111 posts ante 200
LoIonan posts ante 200
Kamzkills posts ante 200
Playzerrr posts ante 200
epilokapi posts ante 200
torresmo123 posts ante 200
FineAce111 posts small blind 800
LoIonan posts big blind 1600
Dealt to torresmo123 [8c 4c]
*** PRE-FLOP *** 
Kamzkills raises 1600 to 3200
Playzerrr folds
epilokapi folds
torresmo123 folds
FineAce111 calls 2400
LoIonan folds
*** FLOP *** [As Jd Ac]
FineAce111 checks
Kamzkills bets 2760
FineAce111 calls 2760
*** TURN *** [As Jd Ac][3s]
FineAce111 checks
Kamzkills bets 4416
FineAce111 folds
Kamzkills collected 19136 from pot
*** SUMMARY ***
Total pot 19136 | No rake
Board: [As Jd Ac 3s]
Seat 1: Kamzkills won 19136


Winamax Poker - Tournament "FLIPPER" buyIn: 18€ + 2€ level: 13 - HandId: #3189813584435609616-98-1707603798 - Holdem no limit (200/800/1600) - 2024/02/10 22:23:18 UTC
Table: 'FLIPPER(742686350)#015' 6-max (real money) Seat #5 is the button
Seat 1: Kamzkills (41814, 13.50€ bounty)
Seat 2: Playzerrr (93092, 18€ bounty)
Seat 3: epilokapi (56518, 13.50€ bounty)
Seat 4: torresmo123 (66104, 22.50€ bounty)
Seat 5: FineAce111 (70142, 20.25€ bounty)
Seat 6: LoIonan (42342, 18€ bounty)
*** ANTE/BLINDS ***
LoIonan posts ante 200
Kamzkills posts ante 200
Playzerrr posts ante 200
epilokapi posts ante 200
torresmo123 posts ante 200
FineAce111 posts ante 200
LoIonan posts small blind 800
Kamzkills posts big blind 1600
Dealt to torresmo123 [6h 7h]
*** PRE-FLOP *** 
Playzerrr raises 1600 to 3200
epilokapi folds
torresmo123 calls 3200
FineAce111 folds
LoIonan folds
Kamzkills folds
*** FLOP *** [Jc 6c 9h]
Playzerrr bets 5000
torresmo123 calls 5000
*** TURN *** [Jc 6c 9h][2s]
Playzerrr bets 10000
torresmo123 folds
Playzerrr collected 30000 from pot
*** SUMMARY ***
Total pot 30000 | No rake
Board: [Jc 6c 9h 2s]
Seat 2: Playzerrr won 30000


Winamax Poker - Tournament "FLIPPER" buyIn: 18€ + 2€ level: 14 - HandId: #3189813584435609616-99-1707603861 - Holdem no limit (250/1000/2000) - 2024/02/10 22:24:21 UTC
Table: 'FLIPPER(742686350)#015' 6-max (real money) Seat #6 is the button
Seat 1: Kamzkills (40014, 13.50€ bounty)
Seat 2: Playzerrr (104692, 18€ bounty)
Seat 3: epilokapi (56318, 13.50€ bounty)
Seat 4: torresmo123 (57704, 22.50€ bounty)
Seat 5: FineAce111 (69942, 20.25€ bounty)
Seat 6: LoIonan (41342, 18€ bounty)
*** ANTE/BLINDS ***
Kamzkills posts ante 250
Playzerrr posts ante 250
epilokapi posts ante 250
torresmo123 posts ante 250
FineAce111 posts ante 250
LoIonan posts ante 250
Kamzkills posts small blind 1000
Playzerrr posts big blind 2000
Dealt to torresmo123 [Ah Qd]
*** PRE-FLOP *** 
epilokapi raises 2000 to 4000
torresmo123 raises 6000 to 10000
FineAce111 folds
LoIonan folds
Kamzkills folds
Playzerrr folds
epilokapi raises 46068 to 56068 and is all-in
torresmo123 calls 46068
*** FLOP *** [6s 5c Kd]
*** TURN *** [6s 5c Kd][Qc]
*** RIVER *** [6s 5c Kd Qc][3h]
*** SHOW DOWN ***
torresmo123 shows [Ah Qd] (One pair : Queens)
epilokapi shows [Kh Ks] (Trips of Kings)
epilokapi collected 116636 from pot
*** SUMMARY ***
Total pot 116636 | No rake
Board: [6s 5c Kd Qc 3h]
Seat 3: epilokapi showed [Kh Ks] and won 116636 with Trips of Kings
Seat 4: torresmo123 showed [Ah Qd] and lost with One pair : Queens


Winamax Poker - Tournament "FLIPPER" buyIn: 18€ + 2€ level: 14 - HandId: #3189813584435609616-100-1707603905 - Holdem no limit (250/1000/2000) - 2024/02/10 22:25:05 UTC
Table: 'FLIPPER(742686350)#015' 6-max (real money) Seat #1 is the button
Seat 1: Kamzkills (38764, 13.50€ bounty)
Seat 2: Playzerrr (102442, 18€ bounty)
Seat 3: epilokapi (116636, 13.50€ bounty)
Seat 4: torresmo123 (1386, 22.50€ bounty)
Seat 5: FineAce111 (69692, 20.25€ bounty)
Seat 6: LoIonan (41092, 18€ bounty)
*** ANTE/BLINDS ***
Playzerrr posts ante 250
epilokapi posts ante 250
Kamzkills posts ante 250
torresmo123 posts ante 250
FineAce111 posts ante 250
LoIonan posts ante 250
Playzerrr posts small blind 1000
epilokapi posts big blind 2000
Dealt to torresmo123 [As 9c]
*** PRE-FLOP *** 
torresmo123 calls 1136 and is all-in
FineAce111 calls 2000
LoIonan raises 38842 to 40842 and is all-in
Kamzkills folds
Playzerrr folds
epilokapi folds
FineAce111 folds
*** FLOP *** [Js Ts 2h]
*** TURN *** [Js Ts 2h][6s]
*** RIVER *** [Js Ts 2h 6s][4c]
*** SHOW DOWN ***
torresmo123 shows [As 9c] (High card : Ace)
LoIonan shows [Ac 8c] (High card : Ace)
LoIonan collected 41434 from side pot 1
torresmo123 collected 7044 from main pot
*** SUMMARY ***
Total pot 48478 | No rake
Board: [Js Ts 2h 6s 4c]
Seat 4: torresmo123 showed [As 9c] and won 7044 with High card : Ace
Seat 6: LoIonan showed [Ac 8c] and won 41434 with High card : Ace


Winamax Poker - Tournament "FLIPPER" buyIn: 18€ + 2€ level: 14 - HandId: #3189813584435609616-101-1707603930 - Holdem no limit (250/1000/2000) - 2024/02/10 22:25:30 UTC
Table: 'FLIPPER(742686350)#015' 6-max (real money) Seat #2 is the button
Seat 1: Kamzkills (38514, 13.50€ bounty)
Seat 2: Playzerrr (101192, 18€ bounty)
Seat 3: epilokapi (114386, 13.50€ bounty)
Seat 4: torresmo123 (7044, 22.50€ bounty)
Seat 5: FineAce111 (67442, 20.25€ bounty)
Seat 6: LoIonan (41434, 18€ bounty)
*** ANTE/BLINDS ***
epilokapi posts ante 250
torresmo123 posts ante 250
Kamzkills posts ante 250
Playzerrr posts ante 250
FineAce111 posts ante 250
LoIonan posts ante 250
epilokapi posts small blind 1000
torresmo123 posts big blind 2000
Dealt to torresmo123 [5c Tc]
*** PRE-FLOP *** 
FineAce111 folds
LoIonan raises 2000 to 4000
Kamzkills folds
Playzerrr folds
epilokapi raises 16500 to 20500
torresmo123 calls 4794 and is all-in
LoIonan folds
*** FLOP *** [4s 2c 2s]
*** TURN *** [4s 2c 2s][Qs]
*** RIVER *** [4s 2c 2s Qs][8d]
*** SHOW DOWN ***
torresmo123 shows [5c Tc] (One pair : 2)
epilokapi shows [As Ks] (Flush Ace high)
epilokapi collected 32794 from pot
*** SUMMARY ***
Total pot 32794 | No rake
Board: [4s 2c 2s Qs 8d]
Seat 3: epilokapi (small blind) showed [As Ks] and won 32794 with Flush Ace high
Seat 4: torresmo123 (big blind) showed [5c Tc] and lost with One pair : 2


