Winamax Poker - Tournament "NITRO" buyIn: 18€ + 2€ level: 1 - HandId: #3200313340660285476-10-1708107880 - Holdem no limit (25/100/200) - 2024/02/16 18:24:40 UTC
Table: 'NITRO(745131015)#035' 6-max (real money) Seat #4 is the button
Seat 1: Elmaestro2a (20900, 9€ bounty)
Seat 2: LIEVLI44 (19950, 9€ bounty)
Seat 3: kostya1337 (19550, 9€ bounty)
Seat 4: mespa17 (19950, 9€ bounty)
Seat 5: Sadfarm (17630, 9€ bounty)
Seat 6: torresmo123 (20000, 9€ bounty)
*** ANTE/BLINDS ***
Sadfarm posts ante 25
torresmo123 posts ante 25
Elmaestro2a posts ante 25
LIEVLI44 posts ante 25
kostya1337 posts ante 25
mespa17 posts ante 25
Sadfarm posts small blind 100
torresmo123 posts big blind 200
Dealt to torresmo123 [Td 6c]
*** PRE-FLOP *** 
Elmaestro2a folds
LIEVLI44 raises 650 to 850
kostya1337 folds
mespa17 calls 850
Sadfarm raises 16755 to 17605 and is all-in
torresmo123 folds
LIEVLI44 calls 16755
mespa17 folds
*** FLOP *** [3h 2s Ad]
*** TURN *** [3h 2s Ad][8s]
*** RIVER *** [3h 2s Ad 8s][Ks]
*** SHOW DOWN ***
LIEVLI44 shows [9h 9c] (One pair : 9)
Sadfarm shows [Js Jd] (One pair : Jacks)
Sadfarm collected 36410 from pot
*** SUMMARY ***
Total pot 36410 | No rake
Board: [3h 2s Ad 8s Ks]
Seat 2: LIEVLI44 showed [9h 9c] and lost with One pair : 9
Seat 5: Sadfarm (small blind) showed [Js Jd] and won 36410 with One pair : Jacks


Winamax Poker - Tournament "NITRO" buyIn: 18€ + 2€ level: 1 - HandId: #3200313340660285476-11-1708107919 - Holdem no limit (25/100/200) - 2024/02/16 18:25:19 UTC
Table: 'NITRO(745131015)#035' 6-max (real money) Seat #5 is the button
Seat 1: Elmaestro2a (20875, 9€ bounty)
Seat 2: LIEVLI44 (2320, 9€ bounty)
Seat 3: kostya1337 (19525, 9€ bounty)
Seat 4: mespa17 (19075, 9€ bounty)
Seat 5: Sadfarm (36410, 9€ bounty)
Seat 6: torresmo123 (19775, 9€ bounty)
*** ANTE/BLINDS ***
torresmo123 posts ante 25
Elmaestro2a posts ante 25
LIEVLI44 posts ante 25
kostya1337 posts ante 25
mespa17 posts ante 25
Sadfarm posts ante 25
torresmo123 posts small blind 100
Elmaestro2a posts big blind 200
Dealt to torresmo123 [5h 6d]
*** PRE-FLOP *** 
LIEVLI44 raises 2095 to 2295 and is all-in
kostya1337 calls 2295
mespa17 folds
Sadfarm folds
torresmo123 folds
Elmaestro2a calls 2095
*** FLOP *** [2d 3d 8h]
Elmaestro2a checks
kostya1337 bets 1998
Elmaestro2a folds
*** TURN *** [2d 3d 8h][Ah]
*** RIVER *** [2d 3d 8h Ah][9h]
*** SHOW DOWN ***
LIEVLI44 shows [8c 8s] (Trips of 8)
kostya1337 shows [Qd Kd] (High card : Ace)
kostya1337 collected 1998 from side pot 1
LIEVLI44 collected 7135 from main pot
*** SUMMARY ***
Total pot 9133 | No rake
Board: [2d 3d 8h Ah 9h]
Seat 2: LIEVLI44 showed [8c 8s] and won 7135 with Trips of 8
Seat 3: kostya1337 showed [Qd Kd] and won 1998 with High card : Ace


Winamax Poker - Tournament "NITRO" buyIn: 18€ + 2€ level: 1 - HandId: #3200313340660285476-12-1708107982 - Holdem no limit (25/100/200) - 2024/02/16 18:26:22 UTC
Table: 'NITRO(745131015)#035' 6-max (real money) Seat #6 is the button
Seat 1: Elmaestro2a (18555, 9€ bounty)
Seat 2: LIEVLI44 (7135, 9€ bounty)
Seat 3: kostya1337 (17205, 9€ bounty)
Seat 4: mespa17 (19050, 9€ bounty)
Seat 5: Sadfarm (36385, 9€ bounty)
Seat 6: torresmo123 (19650, 9€ bounty)
*** ANTE/BLINDS ***
Elmaestro2a posts ante 25
LIEVLI44 posts ante 25
kostya1337 posts ante 25
mespa17 posts ante 25
Sadfarm posts ante 25
torresmo123 posts ante 25
Elmaestro2a posts small blind 100
LIEVLI44 posts big blind 200
Dealt to torresmo123 [Qd 2c]
*** PRE-FLOP *** 
kostya1337 raises 200 to 400
mespa17 calls 400
Sadfarm folds
torresmo123 folds
Elmaestro2a calls 300
LIEVLI44 folds
*** FLOP *** [3c 3h Ts]
Elmaestro2a checks
kostya1337 checks
mespa17 bets 543
Elmaestro2a folds
kostya1337 folds
mespa17 collected 2093 from pot
*** SUMMARY ***
Total pot 2093 | No rake
Board: [3c 3h Ts]
Seat 4: mespa17 won 2093


Winamax Poker - Tournament "NITRO" buyIn: 18€ + 2€ level: 1 - HandId: #3200313340660285476-13-1708108047 - Holdem no limit (25/100/200) - 2024/02/16 18:27:27 UTC
Table: 'NITRO(745131015)#035' 6-max (real money) Seat #1 is the button
Seat 1: Elmaestro2a (18130, 9€ bounty)
Seat 2: LIEVLI44 (6910, 9€ bounty)
Seat 3: kostya1337 (16780, 9€ bounty)
Seat 4: mespa17 (20175, 9€ bounty)
Seat 5: Sadfarm (36360, 9€ bounty)
Seat 6: torresmo123 (19625, 9€ bounty)
*** ANTE/BLINDS ***
LIEVLI44 posts ante 25
kostya1337 posts ante 25
Elmaestro2a posts ante 25
mespa17 posts ante 25
Sadfarm posts ante 25
torresmo123 posts ante 25
LIEVLI44 posts small blind 100
kostya1337 posts big blind 200
Dealt to torresmo123 [Kd 9h]
*** PRE-FLOP *** 
mespa17 folds
Sadfarm folds
torresmo123 raises 220 to 420
Elmaestro2a raises 840 to 1260
LIEVLI44 folds
kostya1337 folds
torresmo123 folds
Elmaestro2a collected 2130 from pot
*** SUMMARY ***
Total pot 2130 | No rake
Seat 1: Elmaestro2a (button) won 2130


Winamax Poker - Tournament "NITRO" buyIn: 18€ + 2€ level: 1 - HandId: #3200313340660285476-14-1708108091 - Holdem no limit (25/100/200) - 2024/02/16 18:28:11 UTC
Table: 'NITRO(745131015)#035' 6-max (real money) Seat #2 is the button
Seat 1: Elmaestro2a (18975, 9€ bounty)
Seat 2: LIEVLI44 (6785, 9€ bounty)
Seat 3: kostya1337 (16555, 9€ bounty)
Seat 4: mespa17 (20150, 9€ bounty)
Seat 6: torresmo123 (19180, 9€ bounty)
*** ANTE/BLINDS ***
kostya1337 posts ante 25
mespa17 posts ante 25
Elmaestro2a posts ante 25
LIEVLI44 posts ante 25
torresmo123 posts ante 25
kostya1337 posts small blind 100
mespa17 posts big blind 200
Dealt to torresmo123 [Ts 8h]
*** PRE-FLOP *** 
torresmo123 folds
Elmaestro2a raises 200 to 400
LIEVLI44 folds
kostya1337 folds
mespa17 folds
Elmaestro2a collected 825 from pot
*** SUMMARY ***
Total pot 825 | No rake
Seat 1: Elmaestro2a won 825


Winamax Poker - Tournament "NITRO" buyIn: 18€ + 2€ level: 1 - HandId: #3200313340660285476-15-1708108118 - Holdem no limit (25/100/200) - 2024/02/16 18:28:38 UTC
Table: 'NITRO(745131015)#035' 6-max (real money) Seat #3 is the button
Seat 1: Elmaestro2a (19375, 9€ bounty)
Seat 2: LIEVLI44 (6760, 9€ bounty)
Seat 3: kostya1337 (16430, 9€ bounty)
Seat 4: mespa17 (19925, 9€ bounty)
Seat 5: W. Ichimonji (20000, 9€ bounty)
Seat 6: torresmo123 (19155, 9€ bounty)
*** ANTE/BLINDS ***
mespa17 posts ante 25
W. Ichimonji posts ante 25
Elmaestro2a posts ante 25
LIEVLI44 posts ante 25
kostya1337 posts ante 25
torresmo123 posts ante 25
mespa17 posts small blind 100
W. Ichimonji posts big blind 200
Dealt to torresmo123 [3h Ac]
*** PRE-FLOP *** 
torresmo123 folds
Elmaestro2a folds
LIEVLI44 folds
kostya1337 raises 200 to 400
mespa17 calls 300
W. Ichimonji folds
*** FLOP *** [5s 9c 3c]
mespa17 checks
kostya1337 bets 322
mespa17 folds
kostya1337 collected 1472 from pot
*** SUMMARY ***
Total pot 1472 | No rake
Board: [5s 9c 3c]
Seat 3: kostya1337 (button) won 1472


Winamax Poker - Tournament "NITRO" buyIn: 18€ + 2€ level: 1 - HandId: #3200313340660285476-16-1708108172 - Holdem no limit (25/100/200) - 2024/02/16 18:29:32 UTC
Table: 'NITRO(745131015)#035' 6-max (real money) Seat #4 is the button
Seat 1: Elmaestro2a (19350, 9€ bounty)
Seat 2: LIEVLI44 (6735, 9€ bounty)
Seat 3: kostya1337 (17155, 9€ bounty)
Seat 4: mespa17 (19500, 9€ bounty)
Seat 5: W. Ichimonji (19775, 9€ bounty)
Seat 6: torresmo123 (19130, 9€ bounty)
*** ANTE/BLINDS ***
W. Ichimonji posts ante 25
torresmo123 posts ante 25
Elmaestro2a posts ante 25
LIEVLI44 posts ante 25
kostya1337 posts ante 25
mespa17 posts ante 25
W. Ichimonji posts small blind 100
torresmo123 posts big blind 200
Dealt to torresmo123 [5d 9c]
*** PRE-FLOP *** 
Elmaestro2a folds
LIEVLI44 folds
kostya1337 folds
mespa17 folds
W. Ichimonji raises 500 to 700
torresmo123 folds
W. Ichimonji collected 1050 from pot
*** SUMMARY ***
Total pot 1050 | No rake
Seat 5: W. Ichimonji (small blind) won 1050


Winamax Poker - Tournament "NITRO" buyIn: 18€ + 2€ level: 1 - HandId: #3200313340660285476-17-1708108204 - Holdem no limit (25/100/200) - 2024/02/16 18:30:04 UTC
Table: 'NITRO(745131015)#035' 6-max (real money) Seat #5 is the button
Seat 1: Elmaestro2a (19325, 9€ bounty)
Seat 2: LIEVLI44 (6710, 9€ bounty)
Seat 3: kostya1337 (17130, 9€ bounty)
Seat 4: mespa17 (19475, 9€ bounty)
Seat 5: W. Ichimonji (20100, 9€ bounty)
Seat 6: torresmo123 (18905, 9€ bounty)
*** ANTE/BLINDS ***
torresmo123 posts ante 25
Elmaestro2a posts ante 25
LIEVLI44 posts ante 25
kostya1337 posts ante 25
mespa17 posts ante 25
W. Ichimonji posts ante 25
torresmo123 posts small blind 100
Elmaestro2a posts big blind 200
Dealt to torresmo123 [Ts 8s]
*** PRE-FLOP *** 
LIEVLI44 raises 650 to 850
kostya1337 folds
mespa17 folds
W. Ichimonji raises 2050 to 2900
torresmo123 folds
Elmaestro2a folds
LIEVLI44 folds
W. Ichimonji collected 4200 from pot
*** SUMMARY ***
Total pot 4200 | No rake
Seat 5: W. Ichimonji (button) won 4200


Winamax Poker - Tournament "NITRO" buyIn: 18€ + 2€ level: 1 - HandId: #3200313340660285476-18-1708108246 - Holdem no limit (25/100/200) - 2024/02/16 18:30:46 UTC
Table: 'NITRO(745131015)#035' 6-max (real money) Seat #6 is the button
Seat 1: Elmaestro2a (19100, 9€ bounty)
Seat 2: LIEVLI44 (5835, 9€ bounty)
Seat 3: kostya1337 (17105, 9€ bounty)
Seat 4: mespa17 (19450, 9€ bounty)
Seat 5: W. Ichimonji (21375, 9€ bounty)
Seat 6: torresmo123 (18780, 9€ bounty)
*** ANTE/BLINDS ***
Elmaestro2a posts ante 25
LIEVLI44 posts ante 25
kostya1337 posts ante 25
mespa17 posts ante 25
W. Ichimonji posts ante 25
torresmo123 posts ante 25
Elmaestro2a posts small blind 100
LIEVLI44 posts big blind 200
Dealt to torresmo123 [Th Qs]
*** PRE-FLOP *** 
kostya1337 raises 300 to 500
mespa17 folds
W. Ichimonji folds
torresmo123 calls 500
Elmaestro2a folds
LIEVLI44 calls 300
*** FLOP *** [Js Ts 5h]
LIEVLI44 bets 1750
kostya1337 calls 1750
torresmo123 folds
*** TURN *** [Js Ts 5h][8c]
LIEVLI44 checks
kostya1337 checks
*** RIVER *** [Js Ts 5h 8c][7c]
LIEVLI44 checks
kostya1337 checks
*** SHOW DOWN ***
kostya1337 shows [Kh Ac] (High card : Ace)
LIEVLI44 shows [As 5s] (One pair : 5)
LIEVLI44 collected 5250 from pot
*** SUMMARY ***
Total pot 5250 | No rake
Board: [Js Ts 5h 8c 7c]
Seat 2: LIEVLI44 (big blind) showed [As 5s] and won 5250 with One pair : 5
Seat 3: kostya1337 showed [Kh Ac] and lost with High card : Ace


Winamax Poker - Tournament "NITRO" buyIn: 18€ + 2€ level: 1 - HandId: #3200313340660285476-19-1708108328 - Holdem no limit (25/100/200) - 2024/02/16 18:32:08 UTC
Table: 'NITRO(745131015)#035' 6-max (real money) Seat #1 is the button
Seat 1: Elmaestro2a (18975, 9€ bounty)
Seat 2: LIEVLI44 (8810, 9€ bounty)
Seat 3: kostya1337 (14830, 9€ bounty)
Seat 4: mespa17 (19425, 9€ bounty)
Seat 5: W. Ichimonji (21350, 9€ bounty)
Seat 6: torresmo123 (18255, 9€ bounty)
*** ANTE/BLINDS ***
LIEVLI44 posts ante 25
kostya1337 posts ante 25
Elmaestro2a posts ante 25
mespa17 posts ante 25
W. Ichimonji posts ante 25
torresmo123 posts ante 25
LIEVLI44 posts small blind 100
kostya1337 posts big blind 200
Dealt to torresmo123 [Kc 6c]
*** PRE-FLOP *** 
mespa17 folds
W. Ichimonji raises 260 to 460
torresmo123 calls 460
Elmaestro2a raises 920 to 1380
LIEVLI44 calls 1280
kostya1337 folds
W. Ichimonji calls 920
torresmo123 calls 920
*** FLOP *** [Qs 4c 7h]
LIEVLI44 checks
W. Ichimonji checks
torresmo123 checks
Elmaestro2a bets 2055
LIEVLI44 folds
W. Ichimonji calls 2055
torresmo123 folds
*** TURN *** [Qs 4c 7h][Ks]
W. Ichimonji checks
Elmaestro2a checks
*** RIVER *** [Qs 4c 7h Ks][3c]
W. Ichimonji bets 12475
Elmaestro2a folds
W. Ichimonji collected 22455 from pot
*** SUMMARY ***
Total pot 22455 | No rake
Board: [Qs 4c 7h Ks 3c]
Seat 5: W. Ichimonji won 22455


Winamax Poker - Tournament "NITRO" buyIn: 18€ + 2€ level: 1 - HandId: #3200313340660285476-20-1708108465 - Holdem no limit (25/100/200) - 2024/02/16 18:34:25 UTC
Table: 'NITRO(745131015)#035' 6-max (real money) Seat #2 is the button
Seat 1: Elmaestro2a (15515, 9€ bounty)
Seat 2: LIEVLI44 (7405, 9€ bounty)
Seat 3: kostya1337 (14605, 9€ bounty)
Seat 4: mespa17 (19400, 9€ bounty)
Seat 5: W. Ichimonji (27870, 9€ bounty)
Seat 6: torresmo123 (16850, 9€ bounty)
*** ANTE/BLINDS ***
kostya1337 posts ante 25
mespa17 posts ante 25
Elmaestro2a posts ante 25
LIEVLI44 posts ante 25
W. Ichimonji posts ante 25
torresmo123 posts ante 25
kostya1337 posts small blind 100
mespa17 posts big blind 200
Dealt to torresmo123 [5d Tc]
*** PRE-FLOP *** 
W. Ichimonji folds
torresmo123 folds
Elmaestro2a folds
LIEVLI44 folds
kostya1337 folds
mespa17 collected 450 from pot
*** SUMMARY ***
Total pot 450 | No rake
Seat 4: mespa17 (big blind) won 450


Winamax Poker - Tournament "NITRO" buyIn: 18€ + 2€ level: 1 - HandId: #3200313340660285476-21-1708108495 - Holdem no limit (25/100/200) - 2024/02/16 18:34:55 UTC
Table: 'NITRO(745131015)#035' 6-max (real money) Seat #3 is the button
Seat 1: Elmaestro2a (15490, 9€ bounty)
Seat 2: LIEVLI44 (7380, 9€ bounty)
Seat 3: kostya1337 (14480, 9€ bounty)
Seat 4: mespa17 (19625, 9€ bounty)
Seat 5: W. Ichimonji (27845, 9€ bounty)
Seat 6: torresmo123 (16825, 9€ bounty)
*** ANTE/BLINDS ***
mespa17 posts ante 25
W. Ichimonji posts ante 25
Elmaestro2a posts ante 25
LIEVLI44 posts ante 25
kostya1337 posts ante 25
torresmo123 posts ante 25
mespa17 posts small blind 100
W. Ichimonji posts big blind 200
Dealt to torresmo123 [8s 8h]
*** PRE-FLOP *** 
torresmo123 raises 220 to 420
Elmaestro2a raises 1290 to 1710
LIEVLI44 folds
kostya1337 folds
mespa17 folds
W. Ichimonji folds
torresmo123 calls 1290
*** FLOP *** [Th 9c 4d]
torresmo123 checks
Elmaestro2a bets 968
torresmo123 calls 968
*** TURN *** [Th 9c 4d][3d]
torresmo123 checks
Elmaestro2a bets 3774
torresmo123 folds
Elmaestro2a collected 9580 from pot
*** SUMMARY ***
Total pot 9580 | No rake
Board: [Th 9c 4d 3d]
Seat 1: Elmaestro2a won 9580


Winamax Poker - Tournament "NITRO" buyIn: 18€ + 2€ level: 1 - HandId: #3200313340660285476-22-1708108602 - Holdem no limit (25/100/200) - 2024/02/16 18:36:42 UTC
Table: 'NITRO(745131015)#035' 6-max (real money) Seat #4 is the button
Seat 1: Elmaestro2a (18593, 9€ bounty)
Seat 2: LIEVLI44 (7355, 9€ bounty)
Seat 3: kostya1337 (14455, 9€ bounty)
Seat 4: mespa17 (19500, 9€ bounty)
Seat 5: W. Ichimonji (27620, 9€ bounty)
Seat 6: torresmo123 (14122, 9€ bounty)
*** ANTE/BLINDS ***
W. Ichimonji posts ante 25
torresmo123 posts ante 25
Elmaestro2a posts ante 25
LIEVLI44 posts ante 25
kostya1337 posts ante 25
mespa17 posts ante 25
W. Ichimonji posts small blind 100
torresmo123 posts big blind 200
Dealt to torresmo123 [4s Qd]
*** PRE-FLOP *** 
Elmaestro2a raises 300 to 500
LIEVLI44 folds
kostya1337 folds
mespa17 folds
W. Ichimonji folds
torresmo123 folds
Elmaestro2a collected 950 from pot
*** SUMMARY ***
Total pot 950 | No rake
Seat 1: Elmaestro2a won 950


Winamax Poker - Tournament "NITRO" buyIn: 18€ + 2€ level: 1 - HandId: #3200313340660285476-23-1708108642 - Holdem no limit (25/100/200) - 2024/02/16 18:37:22 UTC
Table: 'NITRO(745131015)#035' 6-max (real money) Seat #5 is the button
Seat 1: Elmaestro2a (19018, 9€ bounty)
Seat 3: kostya1337 (14430, 9€ bounty)
Seat 4: mespa17 (19475, 9€ bounty)
Seat 5: W. Ichimonji (27495, 9€ bounty)
Seat 6: torresmo123 (13897, 9€ bounty)
*** ANTE/BLINDS ***
torresmo123 posts ante 25
Elmaestro2a posts ante 25
kostya1337 posts ante 25
mespa17 posts ante 25
W. Ichimonji posts ante 25
torresmo123 posts small blind 100
Elmaestro2a posts big blind 200
Dealt to torresmo123 [3h Ac]
*** PRE-FLOP *** 
kostya1337 raises 200 to 400
mespa17 raises 600 to 1000
W. Ichimonji folds
torresmo123 folds
Elmaestro2a calls 800
kostya1337 folds
*** FLOP *** [Kh Js 7h]
Elmaestro2a checks
mespa17 bets 919
Elmaestro2a calls 919
*** TURN *** [Kh Js 7h][2h]
Elmaestro2a checks
mespa17 bets 2232
Elmaestro2a folds
mespa17 collected 6695 from pot
*** SUMMARY ***
Total pot 6695 | No rake
Board: [Kh Js 7h 2h]
Seat 4: mespa17 won 6695


Winamax Poker - Tournament "NITRO" buyIn: 18€ + 2€ level: 1 - HandId: #3200313340660285476-24-1708108697 - Holdem no limit (25/100/200) - 2024/02/16 18:38:17 UTC
Table: 'NITRO(745131015)#035' 6-max (real money) Seat #6 is the button
Seat 1: Elmaestro2a (17074, 9€ bounty)
Seat 2: luigi5458 (20000, 9€ bounty)
Seat 3: kostya1337 (14005, 9€ bounty)
Seat 4: mespa17 (21994, 9€ bounty)
Seat 5: W. Ichimonji (27470, 9€ bounty)
Seat 6: torresmo123 (13772, 9€ bounty)
*** ANTE/BLINDS ***
Elmaestro2a posts ante 25
luigi5458 posts ante 25
kostya1337 posts ante 25
mespa17 posts ante 25
W. Ichimonji posts ante 25
torresmo123 posts ante 25
Elmaestro2a posts small blind 100
luigi5458 posts big blind 200
Dealt to torresmo123 [7s 8s]
*** PRE-FLOP *** 
kostya1337 folds
mespa17 raises 400 to 600
W. Ichimonji folds
torresmo123 calls 600
Elmaestro2a folds
luigi5458 folds
*** FLOP *** [5s Ah Qs]
mespa17 bets 825
torresmo123 calls 825
*** TURN *** [5s Ah Qs][Qh]
mespa17 checks
torresmo123 checks
*** RIVER *** [5s Ah Qs Qh][5c]
mespa17 bets 2145
torresmo123 folds
mespa17 collected 5445 from pot
*** SUMMARY ***
Total pot 5445 | No rake
Board: [5s Ah Qs Qh 5c]
Seat 4: mespa17 won 5445


Winamax Poker - Tournament "NITRO" buyIn: 18€ + 2€ level: 1 - HandId: #3200313340660285476-25-1708108770 - Holdem no limit (25/100/200) - 2024/02/16 18:39:30 UTC
Table: 'NITRO(745131015)#035' 6-max (real money) Seat #1 is the button
Seat 1: Elmaestro2a (16949, 9€ bounty)
Seat 2: luigi5458 (19775, 9€ bounty)
Seat 3: kostya1337 (13980, 9€ bounty)
Seat 4: mespa17 (23844, 9€ bounty)
Seat 5: W. Ichimonji (27445, 9€ bounty)
Seat 6: torresmo123 (12322, 9€ bounty)
*** ANTE/BLINDS ***
luigi5458 posts ante 25
kostya1337 posts ante 25
Elmaestro2a posts ante 25
mespa17 posts ante 25
W. Ichimonji posts ante 25
torresmo123 posts ante 25
luigi5458 posts small blind 100
kostya1337 posts big blind 200
Dealt to torresmo123 [2d 6h]
*** PRE-FLOP *** 
mespa17 folds
W. Ichimonji raises 260 to 460
torresmo123 folds
Elmaestro2a folds
luigi5458 calls 360
kostya1337 folds
*** FLOP *** [6s Th 8h]
luigi5458 checks
W. Ichimonji checks
*** TURN *** [6s Th 8h][Qh]
luigi5458 checks
W. Ichimonji bets 838
luigi5458 folds
W. Ichimonji collected 2108 from pot
*** SUMMARY ***
Total pot 2108 | No rake
Board: [6s Th 8h Qh]
Seat 5: W. Ichimonji won 2108


Winamax Poker - Tournament "NITRO" buyIn: 18€ + 2€ level: 2 - HandId: #3200313340660285476-26-1708108816 - Holdem no limit (30/125/250) - 2024/02/16 18:40:16 UTC
Table: 'NITRO(745131015)#035' 6-max (real money) Seat #2 is the button
Seat 1: Elmaestro2a (16924, 9€ bounty)
Seat 2: luigi5458 (19290, 9€ bounty)
Seat 3: kostya1337 (13755, 9€ bounty)
Seat 4: mespa17 (23819, 9€ bounty)
Seat 5: W. Ichimonji (28230, 9€ bounty)
Seat 6: torresmo123 (12297, 9€ bounty)
*** ANTE/BLINDS ***
kostya1337 posts ante 30
mespa17 posts ante 30
Elmaestro2a posts ante 30
luigi5458 posts ante 30
W. Ichimonji posts ante 30
torresmo123 posts ante 30
kostya1337 posts small blind 125
mespa17 posts big blind 250
Dealt to torresmo123 [5c Tc]
*** PRE-FLOP *** 
W. Ichimonji raises 325 to 575
torresmo123 folds
Elmaestro2a folds
luigi5458 folds
kostya1337 folds
mespa17 calls 325
*** FLOP *** [Ks 4h Qs]
mespa17 checks
W. Ichimonji bets 500
mespa17 folds
W. Ichimonji collected 1955 from pot
*** SUMMARY ***
Total pot 1955 | No rake
Board: [Ks 4h Qs]
Seat 5: W. Ichimonji won 1955


Winamax Poker - Tournament "NITRO" buyIn: 18€ + 2€ level: 2 - HandId: #3200313340660285476-27-1708108844 - Holdem no limit (30/125/250) - 2024/02/16 18:40:44 UTC
Table: 'NITRO(745131015)#035' 6-max (real money) Seat #3 is the button
Seat 1: Elmaestro2a (16894, 9€ bounty)
Seat 2: luigi5458 (19260, 9€ bounty)
Seat 3: kostya1337 (13600, 9€ bounty)
Seat 4: mespa17 (23214, 9€ bounty)
Seat 5: W. Ichimonji (29080, 9€ bounty)
Seat 6: torresmo123 (12267, 9€ bounty)
*** ANTE/BLINDS ***
mespa17 posts ante 30
W. Ichimonji posts ante 30
Elmaestro2a posts ante 30
luigi5458 posts ante 30
kostya1337 posts ante 30
torresmo123 posts ante 30
mespa17 posts small blind 125
W. Ichimonji posts big blind 250
Dealt to torresmo123 [Jd 8c]
*** PRE-FLOP *** 
torresmo123 folds
Elmaestro2a folds
luigi5458 raises 250 to 500
kostya1337 folds
mespa17 calls 375
W. Ichimonji calls 250
*** FLOP *** [Td Qh 9s]
mespa17 checks
W. Ichimonji checks
luigi5458 checks
*** TURN *** [Td Qh 9s][2d]
mespa17 checks
W. Ichimonji checks
luigi5458 bets 1092
mespa17 raises 2129 to 3221
W. Ichimonji folds
luigi5458 folds
mespa17 collected 5993 from pot
*** SUMMARY ***
Total pot 5993 | No rake
Board: [Td Qh 9s 2d]
Seat 4: mespa17 (small blind) won 5993


Winamax Poker - Tournament "NITRO" buyIn: 18€ + 2€ level: 2 - HandId: #3200313340660285476-28-1708108887 - Holdem no limit (30/125/250) - 2024/02/16 18:41:27 UTC
Table: 'NITRO(745131015)#035' 6-max (real money) Seat #4 is the button
Seat 1: Elmaestro2a (16864, 9€ bounty)
Seat 2: luigi5458 (17638, 9€ bounty)
Seat 3: kostya1337 (13570, 9€ bounty)
Seat 4: mespa17 (25456, 9€ bounty)
Seat 5: W. Ichimonji (28550, 9€ bounty)
Seat 6: torresmo123 (12237, 9€ bounty)
*** ANTE/BLINDS ***
W. Ichimonji posts ante 30
torresmo123 posts ante 30
Elmaestro2a posts ante 30
luigi5458 posts ante 30
kostya1337 posts ante 30
mespa17 posts ante 30
W. Ichimonji posts small blind 125
torresmo123 posts big blind 250
Dealt to torresmo123 [6s 8d]
*** PRE-FLOP *** 
Elmaestro2a raises 250 to 500
luigi5458 folds
kostya1337 folds
mespa17 calls 500
W. Ichimonji folds
torresmo123 calls 250
*** FLOP *** [3d Ad 4s]
torresmo123 checks
Elmaestro2a checks
mespa17 bets 750
torresmo123 folds
Elmaestro2a calls 750
*** TURN *** [3d Ad 4s][2c]
Elmaestro2a checks
mespa17 bets 1653
Elmaestro2a folds
mespa17 collected 4958 from pot
*** SUMMARY ***
Total pot 4958 | No rake
Board: [3d Ad 4s 2c]
Seat 4: mespa17 (button) won 4958


Winamax Poker - Tournament "NITRO" buyIn: 18€ + 2€ level: 2 - HandId: #3200313340660285476-29-1708108962 - Holdem no limit (30/125/250) - 2024/02/16 18:42:42 UTC
Table: 'NITRO(745131015)#035' 6-max (real money) Seat #5 is the button
Seat 1: Elmaestro2a (15584, 9€ bounty)
Seat 2: luigi5458 (17608, 9€ bounty)
Seat 3: kostya1337 (13540, 9€ bounty)
Seat 4: mespa17 (27481, 9€ bounty)
Seat 5: W. Ichimonji (28395, 9€ bounty)
Seat 6: torresmo123 (11707, 9€ bounty)
*** ANTE/BLINDS ***
torresmo123 posts ante 30
Elmaestro2a posts ante 30
luigi5458 posts ante 30
kostya1337 posts ante 30
mespa17 posts ante 30
W. Ichimonji posts ante 30
torresmo123 posts small blind 125
Elmaestro2a posts big blind 250
Dealt to torresmo123 [8c Qc]
*** PRE-FLOP *** 
luigi5458 raises 250 to 500
kostya1337 folds
mespa17 folds
W. Ichimonji folds
torresmo123 calls 375
Elmaestro2a calls 250
*** FLOP *** [Kh Ts 5c]
torresmo123 checks
Elmaestro2a checks
luigi5458 bets 1092
torresmo123 folds
Elmaestro2a folds
luigi5458 collected 2772 from pot
*** SUMMARY ***
Total pot 2772 | No rake
Board: [Kh Ts 5c]
Seat 2: luigi5458 won 2772


Winamax Poker - Tournament "NITRO" buyIn: 18€ + 2€ level: 2 - HandId: #3200313340660285476-30-1708109009 - Holdem no limit (30/125/250) - 2024/02/16 18:43:29 UTC
Table: 'NITRO(745131015)#035' 6-max (real money) Seat #6 is the button
Seat 1: Elmaestro2a (15054, 9€ bounty)
Seat 2: luigi5458 (18758, 9€ bounty)
Seat 3: kostya1337 (13510, 9€ bounty)
Seat 4: mespa17 (27451, 9€ bounty)
Seat 5: W. Ichimonji (28365, 9€ bounty)
Seat 6: torresmo123 (11177, 9€ bounty)
*** ANTE/BLINDS ***
Elmaestro2a posts ante 30
luigi5458 posts ante 30
kostya1337 posts ante 30
mespa17 posts ante 30
W. Ichimonji posts ante 30
torresmo123 posts ante 30
Elmaestro2a posts small blind 125
luigi5458 posts big blind 250
Dealt to torresmo123 [5d 9s]
*** PRE-FLOP *** 
kostya1337 folds
mespa17 folds
W. Ichimonji folds
torresmo123 folds
Elmaestro2a folds
luigi5458 collected 555 from pot
*** SUMMARY ***
Total pot 555 | No rake
Seat 2: luigi5458 (big blind) won 555


Winamax Poker - Tournament "NITRO" buyIn: 18€ + 2€ level: 2 - HandId: #3200313340660285476-31-1708109025 - Holdem no limit (30/125/250) - 2024/02/16 18:43:45 UTC
Table: 'NITRO(745131015)#035' 6-max (real money) Seat #1 is the button
Seat 1: Elmaestro2a (14899, 9€ bounty)
Seat 2: luigi5458 (19033, 9€ bounty)
Seat 3: kostya1337 (13480, 9€ bounty)
Seat 4: mespa17 (27421, 9€ bounty)
Seat 5: W. Ichimonji (28335, 9€ bounty)
Seat 6: torresmo123 (11147, 9€ bounty)
*** ANTE/BLINDS ***
luigi5458 posts ante 30
kostya1337 posts ante 30
Elmaestro2a posts ante 30
mespa17 posts ante 30
W. Ichimonji posts ante 30
torresmo123 posts ante 30
luigi5458 posts small blind 125
kostya1337 posts big blind 250
Dealt to torresmo123 [5s 5c]
*** PRE-FLOP *** 
mespa17 folds
W. Ichimonji folds
torresmo123 raises 275 to 525
Elmaestro2a calls 525
luigi5458 calls 400
kostya1337 folds
*** FLOP *** [6s Qs 4s]
luigi5458 checks
torresmo123 bets 401
Elmaestro2a calls 401
luigi5458 calls 401
*** TURN *** [6s Qs 4s][2h]
luigi5458 checks
torresmo123 checks
Elmaestro2a checks
*** RIVER *** [6s Qs 4s 2h][4h]
luigi5458 checks
torresmo123 checks
Elmaestro2a bets 2566
luigi5458 folds
torresmo123 folds
Elmaestro2a collected 5774 from pot
*** SUMMARY ***
Total pot 5774 | No rake
Board: [6s Qs 4s 2h 4h]
Seat 1: Elmaestro2a (button) won 5774


Winamax Poker - Tournament "NITRO" buyIn: 18€ + 2€ level: 3 - HandId: #3200313340660285476-32-1708109120 - Holdem no limit (35/150/300) - 2024/02/16 18:45:20 UTC
Table: 'NITRO(745131015)#035' 6-max (real money) Seat #2 is the button
Seat 1: Elmaestro2a (17151, 9€ bounty)
Seat 2: luigi5458 (18077, 9€ bounty)
Seat 3: kostya1337 (13200, 9€ bounty)
Seat 4: mespa17 (27391, 9€ bounty)
Seat 5: W. Ichimonji (28305, 9€ bounty)
Seat 6: torresmo123 (10191, 9€ bounty)
*** ANTE/BLINDS ***
kostya1337 posts ante 35
mespa17 posts ante 35
Elmaestro2a posts ante 35
luigi5458 posts ante 35
W. Ichimonji posts ante 35
torresmo123 posts ante 35
kostya1337 posts small blind 150
mespa17 posts big blind 300
Dealt to torresmo123 [4d Kh]
*** PRE-FLOP *** 
W. Ichimonji folds
torresmo123 folds
Elmaestro2a folds
luigi5458 raises 300 to 600
kostya1337 folds
mespa17 raises 1800 to 2400
luigi5458 calls 1800
*** FLOP *** [Kc As Ac]
mespa17 bets 1806
luigi5458 calls 1806
*** TURN *** [Kc As Ac][3d]
mespa17 checks
luigi5458 bets 8772
mespa17 raises 14035 to 22807
luigi5458 calls 5064 and is all-in
*** RIVER *** [Kc As Ac 3d][6h]
*** SHOW DOWN ***
luigi5458 shows [Qh Jd] (One pair : Aces)
mespa17 shows [Qc Ad] (Trips of Aces)
mespa17 collected 45415 from pot
*** SUMMARY ***
Total pot 45415 | No rake
Board: [Kc As Ac 3d 6h]
Seat 2: luigi5458 (button) showed [Qh Jd] and lost with One pair : Aces
Seat 4: mespa17 (big blind) showed [Qc Ad] and won 45415 with Trips of Aces


Winamax Poker - Tournament "NITRO" buyIn: 18€ + 2€ level: 3 - HandId: #3200313340660285476-33-1708109171 - Holdem no limit (35/150/300) - 2024/02/16 18:46:11 UTC
Table: 'NITRO(745131015)#035' 6-max (real money) Seat #3 is the button
Seat 1: Elmaestro2a (17116, 9€ bounty)
Seat 3: kostya1337 (13015, 9€ bounty)
Seat 4: mespa17 (45758, 13.50€ bounty)
Seat 5: W. Ichimonji (28270, 9€ bounty)
Seat 6: torresmo123 (10156, 9€ bounty)
*** ANTE/BLINDS ***
mespa17 posts ante 35
W. Ichimonji posts ante 35
Elmaestro2a posts ante 35
kostya1337 posts ante 35
torresmo123 posts ante 35
mespa17 posts small blind 150
W. Ichimonji posts big blind 300
Dealt to torresmo123 [Ac Td]
*** PRE-FLOP *** 
torresmo123 raises 330 to 630
Elmaestro2a calls 630
kostya1337 calls 630
mespa17 calls 480
W. Ichimonji calls 330
*** FLOP *** [7c 9h 7s]
mespa17 bets 1164
W. Ichimonji calls 1164
torresmo123 folds
Elmaestro2a calls 1164
kostya1337 folds
*** TURN *** [7c 9h 7s][6s]
mespa17 bets 3409
W. Ichimonji calls 3409
Elmaestro2a folds
*** RIVER *** [7c 9h 7s 6s][6c]
mespa17 bets 4772
W. Ichimonji calls 4772
*** SHOW DOWN ***
W. Ichimonji shows [Kd 9d] (Two pairs : 9 and 7)
mespa17 shows [8c Th] (Straight Ten high)
mespa17 collected 23179 from pot
*** SUMMARY ***
Total pot 23179 | No rake
Board: [7c 9h 7s 6s 6c]
Seat 4: mespa17 (small blind) showed [8c Th] and won 23179 with Straight Ten high
Seat 5: W. Ichimonji (big blind) showed [Kd 9d] and lost with Two pairs : 9 and 7


Winamax Poker - Tournament "NITRO" buyIn: 18€ + 2€ level: 3 - HandId: #3200313340660285476-34-1708109253 - Holdem no limit (35/150/300) - 2024/02/16 18:47:33 UTC
Table: 'NITRO(745131015)#035' 6-max (real money) Seat #4 is the button
Seat 1: Elmaestro2a (15287, 9€ bounty)
Seat 3: kostya1337 (12350, 9€ bounty)
Seat 4: mespa17 (58927, 13.50€ bounty)
Seat 5: W. Ichimonji (18260, 9€ bounty)
Seat 6: torresmo123 (9491, 9€ bounty)
*** ANTE/BLINDS ***
W. Ichimonji posts ante 35
torresmo123 posts ante 35
Elmaestro2a posts ante 35
kostya1337 posts ante 35
mespa17 posts ante 35
W. Ichimonji posts small blind 150
torresmo123 posts big blind 300
Dealt to torresmo123 [5h 9h]
*** PRE-FLOP *** 
Elmaestro2a raises 300 to 600
kostya1337 calls 600
mespa17 calls 600
W. Ichimonji folds
torresmo123 calls 300
*** FLOP *** [6d Ac Qc]
torresmo123 checks
Elmaestro2a checks
kostya1337 bets 913
mespa17 raises 999 to 1912
torresmo123 folds
Elmaestro2a folds
kostya1337 calls 999
*** TURN *** [6d Ac Qc][Jd]
kostya1337 checks
mespa17 bets 3275
kostya1337 raises 6528 to 9803 and is all-in
mespa17 calls 6528
*** RIVER *** [6d Ac Qc Jd][7c]
*** SHOW DOWN ***
mespa17 shows [As Tc] (One pair : Aces)
kostya1337 shows [6c 6h] (Trips of 6)
kostya1337 collected 26155 from pot
*** SUMMARY ***
Total pot 26155 | No rake
Board: [6d Ac Qc Jd 7c]
Seat 3: kostya1337 showed [6c 6h] and won 26155 with Trips of 6
Seat 4: mespa17 (button) showed [As Tc] and lost with One pair : Aces


Winamax Poker - Tournament "NITRO" buyIn: 18€ + 2€ level: 3 - HandId: #3200313340660285476-35-1708109339 - Holdem no limit (35/150/300) - 2024/02/16 18:48:59 UTC
Table: 'NITRO(745131015)#035' 6-max (real money) Seat #5 is the button
Seat 1: Elmaestro2a (14652, 9€ bounty)
Seat 2: Culon (20000, 9€ bounty)
Seat 3: kostya1337 (26155, 9€ bounty)
Seat 4: mespa17 (46577, 13.50€ bounty)
Seat 5: W. Ichimonji (18075, 9€ bounty)
Seat 6: torresmo123 (8856, 9€ bounty)
*** ANTE/BLINDS ***
torresmo123 posts ante 35
Elmaestro2a posts ante 35
Culon posts ante 35
kostya1337 posts ante 35
mespa17 posts ante 35
W. Ichimonji posts ante 35
torresmo123 posts small blind 150
Elmaestro2a posts big blind 300
Dealt to torresmo123 [6d Td]
*** PRE-FLOP *** 
Culon folds
kostya1337 raises 300 to 600
mespa17 folds
W. Ichimonji raises 1350 to 1950
torresmo123 folds
Elmaestro2a folds
kostya1337 calls 1350
*** FLOP *** [9h 2d Th]
kostya1337 checks
W. Ichimonji bets 1824
kostya1337 folds
W. Ichimonji collected 6384 from pot
*** SUMMARY ***
Total pot 6384 | No rake
Board: [9h 2d Th]
Seat 5: W. Ichimonji (button) won 6384


Winamax Poker - Tournament "NITRO" buyIn: 18€ + 2€ level: 4 - HandId: #3200313340660285476-36-1708109406 - Holdem no limit (40/175/350) - 2024/02/16 18:50:06 UTC
Table: 'NITRO(745131015)#035' 6-max (real money) Seat #6 is the button
Seat 1: Elmaestro2a (14317, 9€ bounty)
Seat 2: Culon (19965, 9€ bounty)
Seat 3: kostya1337 (24170, 9€ bounty)
Seat 4: mespa17 (46542, 13.50€ bounty)
Seat 5: W. Ichimonji (20650, 9€ bounty)
Seat 6: torresmo123 (8671, 9€ bounty)
*** ANTE/BLINDS ***
Elmaestro2a posts ante 40
Culon posts ante 40
kostya1337 posts ante 40
mespa17 posts ante 40
W. Ichimonji posts ante 40
torresmo123 posts ante 40
Elmaestro2a posts small blind 175
Culon posts big blind 350
Dealt to torresmo123 [8s 3s]
*** PRE-FLOP *** 
kostya1337 raises 350 to 700
mespa17 folds
W. Ichimonji calls 700
torresmo123 folds
Elmaestro2a folds
Culon folds
*** FLOP *** [7s Kc 9d]
kostya1337 checks
W. Ichimonji bets 700
kostya1337 calls 700
*** TURN *** [7s Kc 9d][3h]
kostya1337 checks
W. Ichimonji bets 2674
kostya1337 calls 2674
*** RIVER *** [7s Kc 9d 3h][9s]
kostya1337 checks
W. Ichimonji checks
*** SHOW DOWN ***
W. Ichimonji shows [Qc As] (One pair : 9)
kostya1337 shows [Kd 8d] (Two pairs : Kings and 9)
kostya1337 collected 8913 from pot
*** SUMMARY ***
Total pot 8913 | No rake
Board: [7s Kc 9d 3h 9s]
Seat 3: kostya1337 showed [Kd 8d] and won 8913 with Two pairs : Kings and 9
Seat 5: W. Ichimonji showed [Qc As] and lost with One pair : 9


Winamax Poker - Tournament "NITRO" buyIn: 18€ + 2€ level: 4 - HandId: #3200313340660285476-37-1708109507 - Holdem no limit (40/175/350) - 2024/02/16 18:51:47 UTC
Table: 'NITRO(745131015)#035' 6-max (real money) Seat #1 is the button
Seat 1: Elmaestro2a (14102, 9€ bounty)
Seat 2: Culon (19575, 9€ bounty)
Seat 3: kostya1337 (28969, 9€ bounty)
Seat 4: mespa17 (46502, 13.50€ bounty)
Seat 5: W. Ichimonji (16536, 9€ bounty)
Seat 6: torresmo123 (8631, 9€ bounty)
*** ANTE/BLINDS ***
Culon posts ante 40
kostya1337 posts ante 40
Elmaestro2a posts ante 40
mespa17 posts ante 40
W. Ichimonji posts ante 40
torresmo123 posts ante 40
Culon posts small blind 175
kostya1337 posts big blind 350
Dealt to torresmo123 [2h 2c]
*** PRE-FLOP *** 
mespa17 folds
W. Ichimonji folds
torresmo123 folds
Elmaestro2a raises 350 to 700
Culon folds
kostya1337 calls 350
*** FLOP *** [Ts 6h Qh]
kostya1337 checks
Elmaestro2a checks
*** TURN *** [Ts 6h Qh][4d]
kostya1337 checks
Elmaestro2a checks
*** RIVER *** [Ts 6h Qh 4d][9s]
kostya1337 checks
Elmaestro2a checks
*** SHOW DOWN ***
kostya1337 shows [5d 4h] (One pair : 4)
Elmaestro2a shows [Ac 9d] (One pair : 9)
Elmaestro2a collected 1815 from pot
*** SUMMARY ***
Total pot 1815 | No rake
Board: [Ts 6h Qh 4d 9s]
Seat 1: Elmaestro2a (button) showed [Ac 9d] and won 1815 with One pair : 9
Seat 3: kostya1337 (big blind) showed [5d 4h] and lost with One pair : 4


Winamax Poker - Tournament "NITRO" buyIn: 18€ + 2€ level: 4 - HandId: #3200313340660285476-38-1708109574 - Holdem no limit (40/175/350) - 2024/02/16 18:52:54 UTC
Table: 'NITRO(745131015)#035' 6-max (real money) Seat #2 is the button
Seat 1: Elmaestro2a (15177, 9€ bounty)
Seat 2: Culon (19360, 9€ bounty)
Seat 3: kostya1337 (28229, 9€ bounty)
Seat 4: mespa17 (46462, 13.50€ bounty)
Seat 5: W. Ichimonji (16496, 9€ bounty)
Seat 6: torresmo123 (8591, 9€ bounty)
*** ANTE/BLINDS ***
kostya1337 posts ante 40
mespa17 posts ante 40
Elmaestro2a posts ante 40
Culon posts ante 40
W. Ichimonji posts ante 40
torresmo123 posts ante 40
kostya1337 posts small blind 175
mespa17 posts big blind 350
Dealt to torresmo123 [9d Jh]
*** PRE-FLOP *** 
W. Ichimonji folds
torresmo123 folds
Elmaestro2a folds
Culon folds
kostya1337 calls 175
mespa17 checks
*** FLOP *** [Jd 6s 7d]
kostya1337 bets 350
mespa17 folds
kostya1337 collected 1290 from pot
*** SUMMARY ***
Total pot 1290 | No rake
Board: [Jd 6s 7d]
Seat 3: kostya1337 (small blind) won 1290


Winamax Poker - Tournament "NITRO" buyIn: 18€ + 2€ level: 4 - HandId: #3200313340660285476-39-1708109601 - Holdem no limit (40/175/350) - 2024/02/16 18:53:21 UTC
Table: 'NITRO(745131015)#035' 6-max (real money) Seat #3 is the button
Seat 1: Elmaestro2a (15137, 9€ bounty)
Seat 2: Culon (19320, 9€ bounty)
Seat 3: kostya1337 (28779, 9€ bounty)
Seat 4: mespa17 (46072, 13.50€ bounty)
Seat 5: W. Ichimonji (16456, 9€ bounty)
Seat 6: torresmo123 (8551, 9€ bounty)
*** ANTE/BLINDS ***
mespa17 posts ante 40
W. Ichimonji posts ante 40
Elmaestro2a posts ante 40
Culon posts ante 40
kostya1337 posts ante 40
torresmo123 posts ante 40
mespa17 posts small blind 175
W. Ichimonji posts big blind 350
Dealt to torresmo123 [7h 4d]
*** PRE-FLOP *** 
torresmo123 folds
Elmaestro2a raises 700 to 1050
Culon folds
kostya1337 folds
mespa17 folds
W. Ichimonji folds
Elmaestro2a collected 1815 from pot
*** SUMMARY ***
Total pot 1815 | No rake
Seat 1: Elmaestro2a won 1815


Winamax Poker - Tournament "NITRO" buyIn: 18€ + 2€ level: 4 - HandId: #3200313340660285476-40-1708109632 - Holdem no limit (40/175/350) - 2024/02/16 18:53:52 UTC
Table: 'NITRO(745131015)#035' 6-max (real money) Seat #4 is the button
Seat 1: Elmaestro2a (15862, 9€ bounty)
Seat 2: Culon (19280, 9€ bounty)
Seat 3: kostya1337 (28739, 9€ bounty)
Seat 4: mespa17 (45857, 13.50€ bounty)
Seat 5: W. Ichimonji (16066, 9€ bounty)
Seat 6: torresmo123 (8511, 9€ bounty)
*** ANTE/BLINDS ***
W. Ichimonji posts ante 40
torresmo123 posts ante 40
Elmaestro2a posts ante 40
Culon posts ante 40
kostya1337 posts ante 40
mespa17 posts ante 40
W. Ichimonji posts small blind 175
torresmo123 posts big blind 350
Dealt to torresmo123 [3h Jd]
*** PRE-FLOP *** 
Elmaestro2a folds
Culon folds
kostya1337 raises 350 to 700
mespa17 folds
W. Ichimonji folds
torresmo123 folds
kostya1337 collected 1465 from pot
*** SUMMARY ***
Total pot 1465 | No rake
Seat 3: kostya1337 won 1465


Winamax Poker - Tournament "NITRO" buyIn: 18€ + 2€ level: 4 - HandId: #3200313340660285476-41-1708109662 - Holdem no limit (40/175/350) - 2024/02/16 18:54:22 UTC
Table: 'NITRO(745131015)#035' 6-max (real money) Seat #5 is the button
Seat 1: Elmaestro2a (15822, 9€ bounty)
Seat 2: Culon (19240, 9€ bounty)
Seat 3: kostya1337 (29464, 9€ bounty)
Seat 4: mespa17 (45817, 13.50€ bounty)
Seat 5: W. Ichimonji (15851, 9€ bounty)
Seat 6: torresmo123 (8121, 9€ bounty)
*** ANTE/BLINDS ***
torresmo123 posts ante 40
Elmaestro2a posts ante 40
Culon posts ante 40
kostya1337 posts ante 40
mespa17 posts ante 40
W. Ichimonji posts ante 40
torresmo123 posts small blind 175
Elmaestro2a posts big blind 350
Dealt to torresmo123 [2d Kd]
*** PRE-FLOP *** 
Culon raises 525 to 875
kostya1337 folds
mespa17 calls 875
W. Ichimonji calls 875
torresmo123 folds
Elmaestro2a raises 3915 to 4790
Culon folds
mespa17 folds
W. Ichimonji folds
Elmaestro2a collected 7830 from pot
*** SUMMARY ***
Total pot 7830 | No rake
Seat 1: Elmaestro2a (big blind) won 7830


Winamax Poker - Tournament "NITRO" buyIn: 18€ + 2€ level: 4 - HandId: #3200313340660285476-42-1708110060 - Holdem no limit (40/175/350) - 2024/02/16 19:01:00 UTC
Table: 'NITRO(745131015)#035' 6-max (real money) Seat #6 is the button
Seat 1: Elmaestro2a (18822, 9€ bounty)
Seat 2: Culon (18325, 9€ bounty)
Seat 3: kostya1337 (29424, 9€ bounty)
Seat 4: mespa17 (44902, 13.50€ bounty)
Seat 5: W. Ichimonji (14936, 9€ bounty)
Seat 6: torresmo123 (7906, 9€ bounty)
*** ANTE/BLINDS ***
Elmaestro2a posts ante 40
Culon posts ante 40
kostya1337 posts ante 40
mespa17 posts ante 40
W. Ichimonji posts ante 40
torresmo123 posts ante 40
Elmaestro2a posts small blind 175
Culon posts big blind 350
Dealt to torresmo123 [6s 5d]
*** PRE-FLOP *** 
kostya1337 folds
mespa17 folds
W. Ichimonji folds
torresmo123 folds
Elmaestro2a calls 175
Culon checks
*** FLOP *** [2d Tc 4h]
Elmaestro2a checks
Culon bets 611
Elmaestro2a folds
Culon collected 1551 from pot
*** SUMMARY ***
Total pot 1551 | No rake
Board: [2d Tc 4h]
Seat 2: Culon (big blind) won 1551


Winamax Poker - Tournament "NITRO" buyIn: 18€ + 2€ level: 5 - HandId: #3200313340660285476-43-1708110123 - Holdem no limit (50/200/400) - 2024/02/16 19:02:03 UTC
Table: 'NITRO(745131015)#035' 6-max (real money) Seat #1 is the button
Seat 1: Elmaestro2a (18432, 9€ bounty)
Seat 2: Culon (18875, 9€ bounty)
Seat 3: kostya1337 (29384, 9€ bounty)
Seat 4: mespa17 (44862, 13.50€ bounty)
Seat 5: W. Ichimonji (14896, 9€ bounty)
Seat 6: torresmo123 (7866, 9€ bounty)
*** ANTE/BLINDS ***
Culon posts ante 50
kostya1337 posts ante 50
Elmaestro2a posts ante 50
mespa17 posts ante 50
W. Ichimonji posts ante 50
torresmo123 posts ante 50
Culon posts small blind 200
kostya1337 posts big blind 400
Dealt to torresmo123 [5h 3h]
*** PRE-FLOP *** 
mespa17 raises 800 to 1200
W. Ichimonji calls 1200
torresmo123 folds
Elmaestro2a folds
Culon folds
kostya1337 calls 800
*** FLOP *** [2d 4c 5s]
kostya1337 checks
mespa17 bets 2665
W. Ichimonji folds
kostya1337 folds
mespa17 collected 6765 from pot
*** SUMMARY ***
Total pot 6765 | No rake
Board: [2d 4c 5s]
Seat 4: mespa17 won 6765


Winamax Poker - Tournament "NITRO" buyIn: 18€ + 2€ level: 5 - HandId: #3200313340660285476-44-1708110204 - Holdem no limit (50/200/400) - 2024/02/16 19:03:24 UTC
Table: 'NITRO(745131015)#035' 6-max (real money) Seat #2 is the button
Seat 1: Elmaestro2a (18382, 9€ bounty)
Seat 2: Culon (18625, 9€ bounty)
Seat 3: kostya1337 (28134, 9€ bounty)
Seat 4: mespa17 (47712, 13.50€ bounty)
Seat 5: W. Ichimonji (13646, 9€ bounty)
Seat 6: torresmo123 (7816, 9€ bounty)
*** ANTE/BLINDS ***
kostya1337 posts ante 50
mespa17 posts ante 50
Elmaestro2a posts ante 50
Culon posts ante 50
W. Ichimonji posts ante 50
torresmo123 posts ante 50
kostya1337 posts small blind 200
mespa17 posts big blind 400
Dealt to torresmo123 [Js 8s]
*** PRE-FLOP *** 
W. Ichimonji raises 400 to 800
torresmo123 folds
Elmaestro2a folds
Culon folds
kostya1337 folds
mespa17 folds
W. Ichimonji collected 1700 from pot
*** SUMMARY ***
Total pot 1700 | No rake
Seat 5: W. Ichimonji won 1700


Winamax Poker - Tournament "NITRO" buyIn: 18€ + 2€ level: 5 - HandId: #3200313340660285476-45-1708110249 - Holdem no limit (50/200/400) - 2024/02/16 19:04:09 UTC
Table: 'NITRO(745131015)#035' 6-max (real money) Seat #3 is the button
Seat 1: Elmaestro2a (18332, 9€ bounty)
Seat 2: Culon (18575, 9€ bounty)
Seat 3: kostya1337 (27884, 9€ bounty)
Seat 4: mespa17 (47262, 13.50€ bounty)
Seat 5: W. Ichimonji (14496, 9€ bounty)
Seat 6: torresmo123 (7766, 9€ bounty)
*** ANTE/BLINDS ***
mespa17 posts ante 50
W. Ichimonji posts ante 50
Elmaestro2a posts ante 50
Culon posts ante 50
kostya1337 posts ante 50
torresmo123 posts ante 50
mespa17 posts small blind 200
W. Ichimonji posts big blind 400
Dealt to torresmo123 [3s 2s]
*** PRE-FLOP *** 
torresmo123 folds
Elmaestro2a raises 400 to 800
Culon folds
kostya1337 folds
mespa17 folds
W. Ichimonji folds
Elmaestro2a collected 1700 from pot
*** SUMMARY ***
Total pot 1700 | No rake
Seat 1: Elmaestro2a won 1700


Winamax Poker - Tournament "NITRO" buyIn: 18€ + 2€ level: 5 - HandId: #3200313340660285476-46-1708110276 - Holdem no limit (50/200/400) - 2024/02/16 19:04:36 UTC
Table: 'NITRO(745131015)#035' 6-max (real money) Seat #4 is the button
Seat 1: Elmaestro2a (19182, 9€ bounty)
Seat 2: Culon (18525, 9€ bounty)
Seat 3: kostya1337 (27834, 9€ bounty)
Seat 4: mespa17 (47012, 13.50€ bounty)
Seat 5: W. Ichimonji (14046, 9€ bounty)
Seat 6: torresmo123 (7716, 9€ bounty)
*** ANTE/BLINDS ***
W. Ichimonji posts ante 50
torresmo123 posts ante 50
Elmaestro2a posts ante 50
Culon posts ante 50
kostya1337 posts ante 50
mespa17 posts ante 50
W. Ichimonji posts small blind 200
torresmo123 posts big blind 400
Dealt to torresmo123 [Jd 9s]
*** PRE-FLOP *** 
Elmaestro2a folds
Culon raises 600 to 1000
kostya1337 folds
mespa17 folds
W. Ichimonji folds
torresmo123 calls 600
*** FLOP *** [8c 7c Td]
torresmo123 checks
Culon bets 1625
torresmo123 raises 5041 to 6666 and is all-in
Culon calls 5041
*** TURN *** [8c 7c Td][2h]
*** RIVER *** [8c 7c Td 2h][Ks]
*** SHOW DOWN ***
Culon shows [Ah As] (One pair : Aces)
torresmo123 shows [Jd 9s] (Straight Jack high)
torresmo123 collected 15832 from pot
*** SUMMARY ***
Total pot 15832 | No rake
Board: [8c 7c Td 2h Ks]
Seat 2: Culon showed [Ah As] and lost with One pair : Aces
Seat 6: torresmo123 (big blind) showed [Jd 9s] and won 15832 with Straight Jack high


Winamax Poker - Tournament "NITRO" buyIn: 18€ + 2€ level: 5 - HandId: #3200313340660285476-47-1708110326 - Holdem no limit (50/200/400) - 2024/02/16 19:05:26 UTC
Table: 'NITRO(745131015)#035' 6-max (real money) Seat #5 is the button
Seat 1: Elmaestro2a (19132, 9€ bounty)
Seat 2: Culon (10809, 9€ bounty)
Seat 3: kostya1337 (27784, 9€ bounty)
Seat 4: mespa17 (46962, 13.50€ bounty)
Seat 5: W. Ichimonji (13796, 9€ bounty)
Seat 6: torresmo123 (15832, 9€ bounty)
*** ANTE/BLINDS ***
torresmo123 posts ante 50
Elmaestro2a posts ante 50
Culon posts ante 50
kostya1337 posts ante 50
mespa17 posts ante 50
W. Ichimonji posts ante 50
torresmo123 posts small blind 200
Elmaestro2a posts big blind 400
Dealt to torresmo123 [6s Ad]
*** PRE-FLOP *** 
Culon folds
kostya1337 folds
mespa17 folds
W. Ichimonji raises 440 to 840
torresmo123 calls 640
Elmaestro2a folds
*** FLOP *** [Kh 4h Tc]
torresmo123 checks
W. Ichimonji bets 1190
torresmo123 folds
W. Ichimonji collected 3570 from pot
*** SUMMARY ***
Total pot 3570 | No rake
Board: [Kh 4h Tc]
Seat 5: W. Ichimonji (button) won 3570


Winamax Poker - Tournament "NITRO" buyIn: 18€ + 2€ level: 6 - HandId: #3200313340660285476-48-1708110396 - Holdem no limit (60/250/500) - 2024/02/16 19:06:36 UTC
Table: 'NITRO(745131015)#035' 6-max (real money) Seat #6 is the button
Seat 1: Elmaestro2a (18682, 9€ bounty)
Seat 2: Culon (10759, 9€ bounty)
Seat 3: kostya1337 (27734, 9€ bounty)
Seat 4: mespa17 (46912, 13.50€ bounty)
Seat 5: W. Ichimonji (15286, 9€ bounty)
Seat 6: torresmo123 (14942, 9€ bounty)
*** ANTE/BLINDS ***
Elmaestro2a posts ante 60
Culon posts ante 60
kostya1337 posts ante 60
mespa17 posts ante 60
W. Ichimonji posts ante 60
torresmo123 posts ante 60
Elmaestro2a posts small blind 250
Culon posts big blind 500
Dealt to torresmo123 [3h 8d]
*** PRE-FLOP *** 
kostya1337 folds
mespa17 raises 625 to 1125
W. Ichimonji folds
torresmo123 folds
Elmaestro2a folds
Culon folds
mespa17 collected 2235 from pot
*** SUMMARY ***
Total pot 2235 | No rake
Seat 4: mespa17 won 2235


Winamax Poker - Tournament "NITRO" buyIn: 18€ + 2€ level: 6 - HandId: #3200313340660285476-49-1708110416 - Holdem no limit (60/250/500) - 2024/02/16 19:06:56 UTC
Table: 'NITRO(745131015)#035' 6-max (real money) Seat #1 is the button
Seat 1: Elmaestro2a (18372, 9€ bounty)
Seat 2: Culon (10199, 9€ bounty)
Seat 3: kostya1337 (27674, 9€ bounty)
Seat 4: mespa17 (47962, 13.50€ bounty)
Seat 5: W. Ichimonji (15226, 9€ bounty)
Seat 6: torresmo123 (14882, 9€ bounty)
*** ANTE/BLINDS ***
Culon posts ante 60
kostya1337 posts ante 60
Elmaestro2a posts ante 60
mespa17 posts ante 60
W. Ichimonji posts ante 60
torresmo123 posts ante 60
Culon posts small blind 250
kostya1337 posts big blind 500
Dealt to torresmo123 [2c Ts]
*** PRE-FLOP *** 
mespa17 raises 625 to 1125
W. Ichimonji folds
torresmo123 folds
Elmaestro2a folds
Culon folds
kostya1337 calls 625
*** FLOP *** [Js 7s 3s]
kostya1337 checks
mespa17 checks
*** TURN *** [Js 7s 3s][Th]
kostya1337 bets 2145
mespa17 folds
kostya1337 collected 5005 from pot
*** SUMMARY ***
Total pot 5005 | No rake
Board: [Js 7s 3s Th]
Seat 3: kostya1337 (big blind) won 5005


Winamax Poker - Tournament "NITRO" buyIn: 18€ + 2€ level: 6 - HandId: #3200313340660285476-50-1708110474 - Holdem no limit (60/250/500) - 2024/02/16 19:07:54 UTC
Table: 'NITRO(745131015)#035' 6-max (real money) Seat #2 is the button
Seat 1: Elmaestro2a (18312, 9€ bounty)
Seat 2: Culon (9889, 9€ bounty)
Seat 3: kostya1337 (29349, 9€ bounty)
Seat 4: mespa17 (46777, 13.50€ bounty)
Seat 5: W. Ichimonji (15166, 9€ bounty)
Seat 6: torresmo123 (14822, 9€ bounty)
*** ANTE/BLINDS ***
kostya1337 posts ante 60
mespa17 posts ante 60
Elmaestro2a posts ante 60
Culon posts ante 60
W. Ichimonji posts ante 60
torresmo123 posts ante 60
kostya1337 posts small blind 250
mespa17 posts big blind 500
Dealt to torresmo123 [8h 2c]
*** PRE-FLOP *** 
W. Ichimonji folds
torresmo123 folds
Elmaestro2a folds
Culon folds
kostya1337 raises 1250 to 1750
mespa17 calls 1250
*** FLOP *** [6h 4d 4s]
kostya1337 checks
mespa17 bets 2509
kostya1337 folds
mespa17 collected 6369 from pot
*** SUMMARY ***
Total pot 6369 | No rake
Board: [6h 4d 4s]
Seat 4: mespa17 (big blind) won 6369


Winamax Poker - Tournament "NITRO" buyIn: 18€ + 2€ level: 6 - HandId: #3200313340660285476-51-1708110515 - Holdem no limit (60/250/500) - 2024/02/16 19:08:35 UTC
Table: 'NITRO(745131015)#035' 6-max (real money) Seat #3 is the button
Seat 1: Elmaestro2a (18252, 9€ bounty)
Seat 2: Culon (9829, 9€ bounty)
Seat 3: kostya1337 (27539, 9€ bounty)
Seat 4: mespa17 (48827, 13.50€ bounty)
Seat 5: W. Ichimonji (15106, 9€ bounty)
Seat 6: torresmo123 (14762, 9€ bounty)
*** ANTE/BLINDS ***
mespa17 posts ante 60
W. Ichimonji posts ante 60
Elmaestro2a posts ante 60
Culon posts ante 60
kostya1337 posts ante 60
torresmo123 posts ante 60
mespa17 posts small blind 250
W. Ichimonji posts big blind 500
Dealt to torresmo123 [5h 6d]
*** PRE-FLOP *** 
torresmo123 folds
Elmaestro2a folds
Culon folds
kostya1337 raises 500 to 1000
mespa17 folds
W. Ichimonji calls 500
*** FLOP *** [Kc 8h 7d]
W. Ichimonji checks
kostya1337 checks
*** TURN *** [Kc 8h 7d][3c]
W. Ichimonji checks
kostya1337 bets 731
W. Ichimonji calls 731
*** RIVER *** [Kc 8h 7d 3c][Ah]
W. Ichimonji checks
kostya1337 checks
*** SHOW DOWN ***
kostya1337 shows [7c 9c] (One pair : 7)
W. Ichimonji shows [6c Ad] (One pair : Aces)
W. Ichimonji collected 4072 from pot
*** SUMMARY ***
Total pot 4072 | No rake
Board: [Kc 8h 7d 3c Ah]
Seat 3: kostya1337 (button) showed [7c 9c] and lost with One pair : 7
Seat 5: W. Ichimonji (big blind) showed [6c Ad] and won 4072 with One pair : Aces


Winamax Poker - Tournament "NITRO" buyIn: 18€ + 2€ level: 6 - HandId: #3200313340660285476-52-1708110574 - Holdem no limit (60/250/500) - 2024/02/16 19:09:34 UTC
Table: 'NITRO(745131015)#035' 6-max (real money) Seat #4 is the button
Seat 1: Elmaestro2a (18192, 9€ bounty)
Seat 2: Culon (9769, 9€ bounty)
Seat 3: kostya1337 (25748, 9€ bounty)
Seat 4: mespa17 (48517, 13.50€ bounty)
Seat 5: W. Ichimonji (17387, 9€ bounty)
Seat 6: torresmo123 (14702, 9€ bounty)
*** ANTE/BLINDS ***
W. Ichimonji posts ante 60
torresmo123 posts ante 60
Elmaestro2a posts ante 60
Culon posts ante 60
kostya1337 posts ante 60
mespa17 posts ante 60
W. Ichimonji posts small blind 250
torresmo123 posts big blind 500
Dealt to torresmo123 [As 8c]
*** PRE-FLOP *** 
Elmaestro2a folds
Culon folds
kostya1337 folds
mespa17 raises 750 to 1250
W. Ichimonji folds
torresmo123 calls 750
*** FLOP *** [8h Ts Qc]
torresmo123 checks
mespa17 bets 1089
torresmo123 calls 1089
*** TURN *** [8h Ts Qc][7d]
torresmo123 checks
mespa17 bets 2644
torresmo123 folds
mespa17 collected 7932 from pot
*** SUMMARY ***
Total pot 7932 | No rake
Board: [8h Ts Qc 7d]
Seat 4: mespa17 (button) won 7932


Winamax Poker - Tournament "NITRO" buyIn: 18€ + 2€ level: 6 - HandId: #3200313340660285476-53-1708110659 - Holdem no limit (60/250/500) - 2024/02/16 19:10:59 UTC
Table: 'NITRO(745131015)#035' 6-max (real money) Seat #5 is the button
Seat 1: Elmaestro2a (18132, 9€ bounty)
Seat 2: Culon (9709, 9€ bounty)
Seat 3: kostya1337 (25688, 9€ bounty)
Seat 4: mespa17 (51406, 13.50€ bounty)
Seat 5: W. Ichimonji (17077, 9€ bounty)
Seat 6: torresmo123 (12303, 9€ bounty)
*** ANTE/BLINDS ***
torresmo123 posts ante 60
Elmaestro2a posts ante 60
Culon posts ante 60
kostya1337 posts ante 60
mespa17 posts ante 60
W. Ichimonji posts ante 60
torresmo123 posts small blind 250
Elmaestro2a posts big blind 500
Dealt to torresmo123 [4d 3s]
*** PRE-FLOP *** 
Culon folds
kostya1337 raises 500 to 1000
mespa17 raises 1500 to 2500
W. Ichimonji folds
torresmo123 folds
Elmaestro2a folds
kostya1337 raises 3000 to 5500
mespa17 calls 3000
*** FLOP *** [9h Kh 9c]
kostya1337 bets 2500
mespa17 calls 2500
*** TURN *** [9h Kh 9c][Td]
kostya1337 bets 17628 and is all-in
mespa17 folds
kostya1337 collected 34738 from pot
*** SUMMARY ***
Total pot 34738 | No rake
Board: [9h Kh 9c Td]
Seat 3: kostya1337 won 34738


Winamax Poker - Tournament "NITRO" buyIn: 18€ + 2€ level: 7 - HandId: #3200313340660285476-54-1708110761 - Holdem no limit (70/300/600) - 2024/02/16 19:12:41 UTC
Table: 'NITRO(745131015)#035' 6-max (real money) Seat #6 is the button
Seat 1: Elmaestro2a (17572, 9€ bounty)
Seat 2: Culon (9649, 9€ bounty)
Seat 3: kostya1337 (34738, 9€ bounty)
Seat 4: mespa17 (43346, 13.50€ bounty)
Seat 5: W. Ichimonji (17017, 9€ bounty)
Seat 6: torresmo123 (11993, 9€ bounty)
*** ANTE/BLINDS ***
Elmaestro2a posts ante 70
Culon posts ante 70
kostya1337 posts ante 70
mespa17 posts ante 70
W. Ichimonji posts ante 70
torresmo123 posts ante 70
Elmaestro2a posts small blind 300
Culon posts big blind 600
Dealt to torresmo123 [9h 3c]
*** PRE-FLOP *** 
kostya1337 folds
mespa17 folds
W. Ichimonji folds
torresmo123 folds
Elmaestro2a folds
Culon collected 1320 from pot
*** SUMMARY ***
Total pot 1320 | No rake
Seat 2: Culon (big blind) won 1320


Winamax Poker - Tournament "NITRO" buyIn: 18€ + 2€ level: 7 - HandId: #3200313340660285476-55-1708110774 - Holdem no limit (70/300/600) - 2024/02/16 19:12:54 UTC
Table: 'NITRO(745131015)#035' 6-max (real money) Seat #1 is the button
Seat 1: Elmaestro2a (17202, 9€ bounty)
Seat 2: Culon (10299, 9€ bounty)
Seat 3: kostya1337 (34668, 9€ bounty)
Seat 4: mespa17 (43276, 13.50€ bounty)
Seat 5: W. Ichimonji (16947, 9€ bounty)
Seat 6: torresmo123 (11923, 9€ bounty)
*** ANTE/BLINDS ***
Culon posts ante 70
kostya1337 posts ante 70
Elmaestro2a posts ante 70
mespa17 posts ante 70
W. Ichimonji posts ante 70
torresmo123 posts ante 70
Culon posts small blind 300
kostya1337 posts big blind 600
Dealt to torresmo123 [5d 6s]
*** PRE-FLOP *** 
mespa17 folds
W. Ichimonji raises 660 to 1260
torresmo123 folds
Elmaestro2a folds
Culon folds
kostya1337 calls 660
*** FLOP *** [9h Ts Qh]
kostya1337 checks
W. Ichimonji bets 1069
kostya1337 folds
W. Ichimonji collected 4309 from pot
*** SUMMARY ***
Total pot 4309 | No rake
Board: [9h Ts Qh]
Seat 5: W. Ichimonji won 4309


Winamax Poker - Tournament "NITRO" buyIn: 18€ + 2€ level: 7 - HandId: #3200313340660285476-56-1708110827 - Holdem no limit (70/300/600) - 2024/02/16 19:13:47 UTC
Table: 'NITRO(745131015)#035' 6-max (real money) Seat #2 is the button
Seat 1: Elmaestro2a (17132, 9€ bounty)
Seat 2: Culon (9929, 9€ bounty)
Seat 3: kostya1337 (33338, 9€ bounty)
Seat 4: mespa17 (43206, 13.50€ bounty)
Seat 5: W. Ichimonji (18857, 9€ bounty)
Seat 6: torresmo123 (11853, 9€ bounty)
*** ANTE/BLINDS ***
kostya1337 posts ante 70
mespa17 posts ante 70
Elmaestro2a posts ante 70
Culon posts ante 70
W. Ichimonji posts ante 70
torresmo123 posts ante 70
kostya1337 posts small blind 300
mespa17 posts big blind 600
Dealt to torresmo123 [Kh 4d]
*** PRE-FLOP *** 
W. Ichimonji folds
torresmo123 folds
Elmaestro2a folds
Culon folds
kostya1337 folds
mespa17 collected 1320 from pot
*** SUMMARY ***
Total pot 1320 | No rake
Seat 4: mespa17 (big blind) won 1320


Winamax Poker - Tournament "NITRO" buyIn: 18€ + 2€ level: 7 - HandId: #3200313340660285476-57-1708110852 - Holdem no limit (70/300/600) - 2024/02/16 19:14:12 UTC
Table: 'NITRO(745131015)#035' 6-max (real money) Seat #3 is the button
Seat 1: Elmaestro2a (17062, 9€ bounty)
Seat 2: Culon (9859, 9€ bounty)
Seat 3: kostya1337 (32968, 9€ bounty)
Seat 4: mespa17 (43856, 13.50€ bounty)
Seat 5: W. Ichimonji (18787, 9€ bounty)
Seat 6: torresmo123 (11783, 9€ bounty)
*** ANTE/BLINDS ***
mespa17 posts ante 70
W. Ichimonji posts ante 70
Elmaestro2a posts ante 70
Culon posts ante 70
kostya1337 posts ante 70
torresmo123 posts ante 70
mespa17 posts small blind 300
W. Ichimonji posts big blind 600
Dealt to torresmo123 [6d Jd]
*** PRE-FLOP *** 
torresmo123 folds
Elmaestro2a folds
Culon folds
kostya1337 raises 600 to 1200
mespa17 calls 900
W. Ichimonji raises 17517 to 18717 and is all-in
kostya1337 folds
mespa17 folds
W. Ichimonji collected 21537 from pot
*** SUMMARY ***
Total pot 21537 | No rake
Seat 5: W. Ichimonji (big blind) won 21537


Winamax Poker - Tournament "NITRO" buyIn: 18€ + 2€ level: 7 - HandId: #3200313340660285476-58-1708110885 - Holdem no limit (70/300/600) - 2024/02/16 19:14:45 UTC
Table: 'NITRO(745131015)#035' 6-max (real money) Seat #4 is the button
Seat 1: Elmaestro2a (16992, 9€ bounty)
Seat 2: Culon (9789, 9€ bounty)
Seat 3: kostya1337 (31698, 9€ bounty)
Seat 4: mespa17 (42586, 13.50€ bounty)
Seat 5: W. Ichimonji (21537, 9€ bounty)
Seat 6: torresmo123 (11713, 9€ bounty)
*** ANTE/BLINDS ***
W. Ichimonji posts ante 70
torresmo123 posts ante 70
Elmaestro2a posts ante 70
Culon posts ante 70
kostya1337 posts ante 70
mespa17 posts ante 70
W. Ichimonji posts small blind 300
torresmo123 posts big blind 600
Dealt to torresmo123 [5h Kc]
*** PRE-FLOP *** 
Elmaestro2a folds
Culon folds
kostya1337 raises 600 to 1200
mespa17 folds
W. Ichimonji folds
torresmo123 calls 600
*** FLOP *** [7s Ts 9d]
torresmo123 checks
kostya1337 checks
*** TURN *** [7s Ts 9d][3h]
torresmo123 checks
kostya1337 checks
*** RIVER *** [7s Ts 9d 3h][5s]
torresmo123 bets 600
kostya1337 calls 600
*** SHOW DOWN ***
torresmo123 shows [5h Kc] (One pair : 5)
kostya1337 shows [5c Ah] (One pair : 5)
kostya1337 collected 4320 from pot
*** SUMMARY ***
Total pot 4320 | No rake
Board: [7s Ts 9d 3h 5s]
Seat 3: kostya1337 showed [5c Ah] and won 4320 with One pair : 5
Seat 6: torresmo123 (big blind) showed [5h Kc] and lost with One pair : 5


Winamax Poker - Tournament "NITRO" buyIn: 18€ + 2€ level: 8 - HandId: #3200313340660285476-59-1708111002 - Holdem no limit (80/350/700) - 2024/02/16 19:16:42 UTC
Table: 'NITRO(745131015)#035' 6-max (real money) Seat #5 is the button
Seat 1: Elmaestro2a (16922, 9€ bounty)
Seat 2: Culon (9719, 9€ bounty)
Seat 3: kostya1337 (34148, 9€ bounty)
Seat 4: mespa17 (42516, 13.50€ bounty)
Seat 5: W. Ichimonji (21167, 9€ bounty)
Seat 6: torresmo123 (9843, 9€ bounty)
*** ANTE/BLINDS ***
torresmo123 posts ante 80
Elmaestro2a posts ante 80
Culon posts ante 80
kostya1337 posts ante 80
mespa17 posts ante 80
W. Ichimonji posts ante 80
torresmo123 posts small blind 350
Elmaestro2a posts big blind 700
Dealt to torresmo123 [7h Kd]
*** PRE-FLOP *** 
Culon folds
kostya1337 folds
mespa17 folds
W. Ichimonji raises 770 to 1470
torresmo123 folds
Elmaestro2a calls 770
*** FLOP *** [8d Ad 5h]
Elmaestro2a checks
W. Ichimonji bets 1400
Elmaestro2a calls 1400
*** TURN *** [8d Ad 5h][2c]
Elmaestro2a checks
W. Ichimonji bets 4336
Elmaestro2a calls 4336
*** RIVER *** [8d Ad 5h 2c][7c]
Elmaestro2a checks
W. Ichimonji checks
*** SHOW DOWN ***
W. Ichimonji shows [Tc 9s] (High card : Ace)
Elmaestro2a shows [4s Ah] (One pair : Aces)
Elmaestro2a collected 15242 from pot
*** SUMMARY ***
Total pot 15242 | No rake
Board: [8d Ad 5h 2c 7c]
Seat 1: Elmaestro2a (big blind) showed [4s Ah] and won 15242 with One pair : Aces
Seat 5: W. Ichimonji (button) showed [Tc 9s] and lost with High card : Ace


Winamax Poker - Tournament "NITRO" buyIn: 18€ + 2€ level: 8 - HandId: #3200313340660285476-60-1708111079 - Holdem no limit (80/350/700) - 2024/02/16 19:17:59 UTC
Table: 'NITRO(745131015)#035' 6-max (real money) Seat #6 is the button
Seat 1: Elmaestro2a (24878, 9€ bounty)
Seat 2: Culon (9639, 9€ bounty)
Seat 4: mespa17 (42436, 13.50€ bounty)
Seat 5: W. Ichimonji (13881, 9€ bounty)
Seat 6: torresmo123 (9413, 9€ bounty)
*** ANTE/BLINDS ***
Elmaestro2a posts ante 80
Culon posts ante 80
mespa17 posts ante 80
W. Ichimonji posts ante 80
torresmo123 posts ante 80
Elmaestro2a posts small blind 350
Culon posts big blind 700
Dealt to torresmo123 [3h 3s]
*** PRE-FLOP *** 
mespa17 raises 875 to 1575
W. Ichimonji folds
torresmo123 raises 7758 to 9333 and is all-in
Elmaestro2a folds
Culon folds
mespa17 calls 7758
*** FLOP *** [8c 6h 9c]
*** TURN *** [8c 6h 9c][Ts]
*** RIVER *** [8c 6h 9c Ts][8s]
*** SHOW DOWN ***
torresmo123 shows [3h 3s] (Two pairs : 8 and 3)
mespa17 shows [9s As] (Two pairs : 9 and 8)
mespa17 collected 20116 from pot
*** SUMMARY ***
Total pot 20116 | No rake
Board: [8c 6h 9c Ts 8s]
Seat 4: mespa17 showed [9s As] and won 20116 with Two pairs : 9 and 8
Seat 6: torresmo123 (button) showed [3h 3s] and lost with Two pairs : 8 and 3


