Winamax Poker - Tournament "AFTER WORK" buyIn: 18€ + 2€ level: 1 - HandId: #3200313559703617668-2-1708111191 - Holdem no limit (25/100/200) - 2024/02/16 19:19:51 UTC
Table: 'AFTER WORK(745131066)#0131' 6-max (real money) Seat #6 is the button
Seat 1: rocher 6767 (19800, 9€ bounty)
Seat 2: Bydlo Jebane (19800, 9€ bounty)
Seat 3: EuroFighterr (26114, 9€ bounty)
Seat 4: torresmo123 (20000, 9€ bounty)
Seat 5: BlackShining (20350, 9€ bounty)
Seat 6: P R i N T ER (19875, 9€ bounty)
*** ANTE/BLINDS ***
EuroFighterr posts ante 25
torresmo123 posts ante 25
BlackShining posts ante 25
P R i N T ER posts ante 25
EuroFighterr posts small blind 100
torresmo123 posts big blind 200
Dealt to torresmo123 [9h Ah]
*** PRE-FLOP *** 
BlackShining folds
P R i N T ER raises 220 to 420
EuroFighterr raises 1440 to 1860
torresmo123 folds
P R i N T ER folds
EuroFighterr collected 2580 from pot
*** SUMMARY ***
Total pot 2580 | No rake
Seat 3: EuroFighterr (small blind) won 2580


Winamax Poker - Tournament "AFTER WORK" buyIn: 18€ + 2€ level: 1 - HandId: #3200313559703617668-3-1708111229 - Holdem no limit (25/100/200) - 2024/02/16 19:20:29 UTC
Table: 'AFTER WORK(745131066)#0131' 6-max (real money) Seat #3 is the button
Seat 1: rocher 6767 (19800, 9€ bounty)
Seat 2: Bydlo Jebane (19800, 9€ bounty)
Seat 3: EuroFighterr (26809, 9€ bounty)
Seat 4: torresmo123 (19775, 9€ bounty)
Seat 5: BlackShining (20325, 9€ bounty)
Seat 6: P R i N T ER (19430, 9€ bounty)
*** ANTE/BLINDS ***
torresmo123 posts ante 25
BlackShining posts ante 25
rocher 6767 posts ante 25
Bydlo Jebane posts ante 25
EuroFighterr posts ante 25
P R i N T ER posts ante 25
torresmo123 posts small blind 100
BlackShining posts big blind 200
Dealt to torresmo123 [6c 9s]
*** PRE-FLOP *** 
P R i N T ER folds
rocher 6767 folds
Bydlo Jebane folds
EuroFighterr raises 200 to 400
torresmo123 folds
BlackShining folds
EuroFighterr collected 850 from pot
*** SUMMARY ***
Total pot 850 | No rake
Seat 3: EuroFighterr (button) won 850


Winamax Poker - Tournament "AFTER WORK" buyIn: 18€ + 2€ level: 1 - HandId: #3200313559703617668-4-1708111271 - Holdem no limit (25/100/200) - 2024/02/16 19:21:11 UTC
Table: 'AFTER WORK(745131066)#0131' 6-max (real money) Seat #4 is the button
Seat 1: rocher 6767 (19775, 9€ bounty)
Seat 2: Bydlo Jebane (19775, 9€ bounty)
Seat 3: EuroFighterr (27234, 9€ bounty)
Seat 4: torresmo123 (19650, 9€ bounty)
Seat 5: BlackShining (20100, 9€ bounty)
Seat 6: P R i N T ER (19405, 9€ bounty)
*** ANTE/BLINDS ***
BlackShining posts ante 25
P R i N T ER posts ante 25
rocher 6767 posts ante 25
Bydlo Jebane posts ante 25
EuroFighterr posts ante 25
torresmo123 posts ante 25
BlackShining posts small blind 100
P R i N T ER posts big blind 200
Dealt to torresmo123 [7s Td]
*** PRE-FLOP *** 
rocher 6767 folds
Bydlo Jebane folds
EuroFighterr raises 200 to 400
torresmo123 folds
BlackShining folds
P R i N T ER calls 200
*** FLOP *** [Ks 4d 4c]
P R i N T ER checks
EuroFighterr bets 347
P R i N T ER raises 699 to 1046
EuroFighterr folds
P R i N T ER collected 2443 from pot
*** SUMMARY ***
Total pot 2443 | No rake
Board: [Ks 4d 4c]
Seat 6: P R i N T ER (big blind) won 2443


Winamax Poker - Tournament "AFTER WORK" buyIn: 18€ + 2€ level: 1 - HandId: #3200313559703617668-5-1708111342 - Holdem no limit (25/100/200) - 2024/02/16 19:22:22 UTC
Table: 'AFTER WORK(745131066)#0131' 6-max (real money) Seat #5 is the button
Seat 1: rocher 6767 (19750, 9€ bounty)
Seat 2: Bydlo Jebane (19750, 9€ bounty)
Seat 3: EuroFighterr (26462, 9€ bounty)
Seat 4: torresmo123 (19625, 9€ bounty)
Seat 5: BlackShining (19975, 9€ bounty)
Seat 6: P R i N T ER (20377, 9€ bounty)
*** ANTE/BLINDS ***
P R i N T ER posts ante 25
rocher 6767 posts ante 25
Bydlo Jebane posts ante 25
EuroFighterr posts ante 25
torresmo123 posts ante 25
BlackShining posts ante 25
P R i N T ER posts small blind 100
rocher 6767 posts big blind 200
Dealt to torresmo123 [7d 2h]
*** PRE-FLOP *** 
Bydlo Jebane folds
EuroFighterr folds
torresmo123 folds
BlackShining calls 200
P R i N T ER calls 100
rocher 6767 checks
*** FLOP *** [9d 6d Jd]
P R i N T ER checks
rocher 6767 checks
BlackShining checks
*** TURN *** [9d 6d Jd][6s]
P R i N T ER bets 495
rocher 6767 calls 495
BlackShining folds
*** RIVER *** [9d 6d Jd 6s][Kc]
P R i N T ER bets 1400
rocher 6767 folds
P R i N T ER collected 3140 from pot
*** SUMMARY ***
Total pot 3140 | No rake
Board: [9d 6d Jd 6s Kc]
Seat 6: P R i N T ER (small blind) won 3140


Winamax Poker - Tournament "AFTER WORK" buyIn: 18€ + 2€ level: 1 - HandId: #3200313559703617668-6-1708111432 - Holdem no limit (25/100/200) - 2024/02/16 19:23:52 UTC
Table: 'AFTER WORK(745131066)#0131' 6-max (real money) Seat #6 is the button
Seat 1: rocher 6767 (19030, 9€ bounty)
Seat 2: Bydlo Jebane (19725, 9€ bounty)
Seat 3: EuroFighterr (26437, 9€ bounty)
Seat 4: torresmo123 (19600, 9€ bounty)
Seat 5: BlackShining (19750, 9€ bounty)
Seat 6: P R i N T ER (21397, 9€ bounty)
*** ANTE/BLINDS ***
rocher 6767 posts ante 25
Bydlo Jebane posts ante 25
EuroFighterr posts ante 25
torresmo123 posts ante 25
BlackShining posts ante 25
P R i N T ER posts ante 25
rocher 6767 posts small blind 100
Bydlo Jebane posts big blind 200
Dealt to torresmo123 [Kh As]
*** PRE-FLOP *** 
EuroFighterr raises 200 to 400
torresmo123 raises 1000 to 1400
BlackShining folds
P R i N T ER folds
rocher 6767 folds
Bydlo Jebane folds
EuroFighterr folds
torresmo123 collected 2250 from pot
*** SUMMARY ***
Total pot 2250 | No rake
Seat 4: torresmo123 won 2250


Winamax Poker - Tournament "AFTER WORK" buyIn: 18€ + 2€ level: 1 - HandId: #3200313559703617668-7-1708111457 - Holdem no limit (25/100/200) - 2024/02/16 19:24:17 UTC
Table: 'AFTER WORK(745131066)#0131' 6-max (real money) Seat #1 is the button
Seat 1: rocher 6767 (18905, 9€ bounty)
Seat 2: Bydlo Jebane (19500, 9€ bounty)
Seat 3: EuroFighterr (26012, 9€ bounty)
Seat 4: torresmo123 (20425, 9€ bounty)
Seat 5: BlackShining (19725, 9€ bounty)
Seat 6: P R i N T ER (21372, 9€ bounty)
*** ANTE/BLINDS ***
Bydlo Jebane posts ante 25
EuroFighterr posts ante 25
rocher 6767 posts ante 25
torresmo123 posts ante 25
BlackShining posts ante 25
P R i N T ER posts ante 25
Bydlo Jebane posts small blind 100
EuroFighterr posts big blind 200
Dealt to torresmo123 [As 2c]
*** PRE-FLOP *** 
torresmo123 folds
BlackShining folds
P R i N T ER raises 220 to 420
rocher 6767 folds
Bydlo Jebane folds
EuroFighterr calls 220
*** FLOP *** [6c Ts 2s]
EuroFighterr checks
P R i N T ER checks
*** TURN *** [6c Ts 2s][5d]
EuroFighterr bets 360
P R i N T ER calls 360
*** RIVER *** [6c Ts 2s 5d][Kc]
EuroFighterr bets 1800
P R i N T ER folds
EuroFighterr collected 3610 from pot
*** SUMMARY ***
Total pot 3610 | No rake
Board: [6c Ts 2s 5d Kc]
Seat 3: EuroFighterr (big blind) won 3610


Winamax Poker - Tournament "AFTER WORK" buyIn: 18€ + 2€ level: 1 - HandId: #3200313559703617668-8-1708111552 - Holdem no limit (25/100/200) - 2024/02/16 19:25:52 UTC
Table: 'AFTER WORK(745131066)#0131' 6-max (real money) Seat #2 is the button
Seat 1: rocher 6767 (18880, 9€ bounty)
Seat 2: Bydlo Jebane (19375, 9€ bounty)
Seat 3: EuroFighterr (27017, 9€ bounty)
Seat 4: torresmo123 (20400, 9€ bounty)
Seat 5: BlackShining (19700, 9€ bounty)
Seat 6: P R i N T ER (20567, 9€ bounty)
*** ANTE/BLINDS ***
EuroFighterr posts ante 25
torresmo123 posts ante 25
rocher 6767 posts ante 25
Bydlo Jebane posts ante 25
BlackShining posts ante 25
P R i N T ER posts ante 25
EuroFighterr posts small blind 100
torresmo123 posts big blind 200
Dealt to torresmo123 [7h Ac]
*** PRE-FLOP *** 
BlackShining folds
P R i N T ER folds
rocher 6767 raises 200 to 400
Bydlo Jebane folds
EuroFighterr folds
torresmo123 calls 200
*** FLOP *** [2c 3c 6s]
torresmo123 checks
rocher 6767 checks
*** TURN *** [2c 3c 6s][2h]
torresmo123 bets 200
rocher 6767 folds
torresmo123 collected 1250 from pot
*** SUMMARY ***
Total pot 1250 | No rake
Board: [2c 3c 6s 2h]
Seat 4: torresmo123 (big blind) won 1250


Winamax Poker - Tournament "AFTER WORK" buyIn: 18€ + 2€ level: 1 - HandId: #3200313559703617668-9-1708111617 - Holdem no limit (25/100/200) - 2024/02/16 19:26:57 UTC
Table: 'AFTER WORK(745131066)#0131' 6-max (real money) Seat #3 is the button
Seat 1: rocher 6767 (18455, 9€ bounty)
Seat 2: Bydlo Jebane (19350, 9€ bounty)
Seat 3: EuroFighterr (26892, 9€ bounty)
Seat 4: torresmo123 (21025, 9€ bounty)
Seat 5: BlackShining (19675, 9€ bounty)
Seat 6: P R i N T ER (20542, 9€ bounty)
*** ANTE/BLINDS ***
torresmo123 posts ante 25
BlackShining posts ante 25
rocher 6767 posts ante 25
Bydlo Jebane posts ante 25
EuroFighterr posts ante 25
P R i N T ER posts ante 25
torresmo123 posts small blind 100
BlackShining posts big blind 200
Dealt to torresmo123 [Ad Ts]
*** PRE-FLOP *** 
P R i N T ER folds
rocher 6767 folds
Bydlo Jebane folds
EuroFighterr raises 200 to 400
torresmo123 raises 1400 to 1800
BlackShining folds
EuroFighterr folds
torresmo123 collected 2550 from pot
*** SUMMARY ***
Total pot 2550 | No rake
Seat 4: torresmo123 (small blind) won 2550


Winamax Poker - Tournament "AFTER WORK" buyIn: 18€ + 2€ level: 1 - HandId: #3200313559703617668-10-1708111672 - Holdem no limit (25/100/200) - 2024/02/16 19:27:52 UTC
Table: 'AFTER WORK(745131066)#0131' 6-max (real money) Seat #4 is the button
Seat 1: rocher 6767 (18430, 9€ bounty)
Seat 2: Bydlo Jebane (19325, 9€ bounty)
Seat 3: EuroFighterr (26467, 9€ bounty)
Seat 4: torresmo123 (21750, 9€ bounty)
Seat 5: BlackShining (19450, 9€ bounty)
Seat 6: P R i N T ER (20517, 9€ bounty)
*** ANTE/BLINDS ***
BlackShining posts ante 25
P R i N T ER posts ante 25
rocher 6767 posts ante 25
Bydlo Jebane posts ante 25
EuroFighterr posts ante 25
torresmo123 posts ante 25
BlackShining posts small blind 100
P R i N T ER posts big blind 200
Dealt to torresmo123 [4s As]
*** PRE-FLOP *** 
rocher 6767 folds
Bydlo Jebane raises 200 to 400
EuroFighterr raises 1100 to 1500
torresmo123 folds
BlackShining folds
P R i N T ER folds
Bydlo Jebane calls 1100
*** FLOP *** [Jc 7c Tc]
Bydlo Jebane checks
EuroFighterr bets 1139
Bydlo Jebane calls 1139
*** TURN *** [Jc 7c Tc][9s]
Bydlo Jebane bets 2832
EuroFighterr calls 2832
*** RIVER *** [Jc 7c Tc 9s][Kh]
Bydlo Jebane checks
EuroFighterr checks
*** SHOW DOWN ***
Bydlo Jebane shows [Td 9d] (Two pairs : Tens and 9)
EuroFighterr shows [Js Jh] (Trips of Jacks)
EuroFighterr collected 11392 from pot
*** SUMMARY ***
Total pot 11392 | No rake
Board: [Jc 7c Tc 9s Kh]
Seat 2: Bydlo Jebane showed [Td 9d] and lost with Two pairs : Tens and 9
Seat 3: EuroFighterr showed [Js Jh] and won 11392 with Trips of Jacks


Winamax Poker - Tournament "AFTER WORK" buyIn: 18€ + 2€ level: 1 - HandId: #3200313559703617668-11-1708111745 - Holdem no limit (25/100/200) - 2024/02/16 19:29:05 UTC
Table: 'AFTER WORK(745131066)#0131' 6-max (real money) Seat #5 is the button
Seat 1: rocher 6767 (18405, 9€ bounty)
Seat 2: Bydlo Jebane (13829, 9€ bounty)
Seat 3: EuroFighterr (32363, 9€ bounty)
Seat 4: torresmo123 (21725, 9€ bounty)
Seat 5: BlackShining (19325, 9€ bounty)
Seat 6: P R i N T ER (20292, 9€ bounty)
*** ANTE/BLINDS ***
P R i N T ER posts ante 25
rocher 6767 posts ante 25
Bydlo Jebane posts ante 25
EuroFighterr posts ante 25
torresmo123 posts ante 25
BlackShining posts ante 25
P R i N T ER posts small blind 100
rocher 6767 posts big blind 200
Dealt to torresmo123 [6h Kc]
*** PRE-FLOP *** 
Bydlo Jebane raises 200 to 400
EuroFighterr folds
torresmo123 folds
BlackShining raises 600 to 1000
P R i N T ER folds
rocher 6767 folds
Bydlo Jebane calls 600
*** FLOP *** [8d As 4h]
Bydlo Jebane checks
BlackShining checks
*** TURN *** [8d As 4h][6c]
Bydlo Jebane checks
BlackShining bets 858
Bydlo Jebane folds
BlackShining collected 3308 from pot
*** SUMMARY ***
Total pot 3308 | No rake
Board: [8d As 4h 6c]
Seat 5: BlackShining (button) won 3308


Winamax Poker - Tournament "AFTER WORK" buyIn: 18€ + 2€ level: 1 - HandId: #3200313559703617668-12-1708111792 - Holdem no limit (25/100/200) - 2024/02/16 19:29:52 UTC
Table: 'AFTER WORK(745131066)#0131' 6-max (real money) Seat #6 is the button
Seat 1: rocher 6767 (18180, 9€ bounty)
Seat 2: Bydlo Jebane (12804, 9€ bounty)
Seat 3: EuroFighterr (32338, 9€ bounty)
Seat 4: torresmo123 (21700, 9€ bounty)
Seat 5: BlackShining (20750, 9€ bounty)
Seat 6: P R i N T ER (20167, 9€ bounty)
*** ANTE/BLINDS ***
rocher 6767 posts ante 25
Bydlo Jebane posts ante 25
EuroFighterr posts ante 25
torresmo123 posts ante 25
BlackShining posts ante 25
P R i N T ER posts ante 25
rocher 6767 posts small blind 100
Bydlo Jebane posts big blind 200
Dealt to torresmo123 [7d 9d]
*** PRE-FLOP *** 
EuroFighterr raises 200 to 400
torresmo123 folds
BlackShining folds
P R i N T ER calls 400
rocher 6767 folds
Bydlo Jebane folds
*** FLOP *** [Tc Qs 5s]
EuroFighterr checks
P R i N T ER checks
*** TURN *** [Tc Qs 5s][2c]
EuroFighterr bets 413
P R i N T ER folds
EuroFighterr collected 1663 from pot
*** SUMMARY ***
Total pot 1663 | No rake
Board: [Tc Qs 5s 2c]
Seat 3: EuroFighterr won 1663


Winamax Poker - Tournament "AFTER WORK" buyIn: 18€ + 2€ level: 1 - HandId: #3200313559703617707-1-1708111867 - Holdem no limit (25/100/200) - 2024/02/16 19:31:07 UTC
Table: 'AFTER WORK(745131066)#0170' 6-max (real money) Seat #3 is the button
Seat 1: SqrLmod (25969, 9€ bounty)
Seat 2: LaBombito (17824, 9€ bounty)
Seat 3: torresmo123 (21675, 9€ bounty)
Seat 4: norfnorf (22944, 9€ bounty)
Seat 6: badtrippp (20000, 9€ bounty)
*** ANTE/BLINDS ***
norfnorf posts ante 25
badtrippp posts ante 25
torresmo123 posts ante 25
norfnorf posts small blind 100
badtrippp posts big blind 200
Dealt to torresmo123 [7d 5h]
*** PRE-FLOP *** 
torresmo123 folds
norfnorf calls 100
badtrippp raises 500 to 700
norfnorf calls 500
*** FLOP *** [Jc Js 9h]
norfnorf checks
badtrippp bets 443
norfnorf calls 443
*** TURN *** [Jc Js 9h][Td]
norfnorf checks
badtrippp checks
*** RIVER *** [Jc Js 9h Td][8c]
norfnorf bets 779
badtrippp folds
norfnorf collected 3140 from pot
*** SUMMARY ***
Total pot 3140 | No rake
Board: [Jc Js 9h Td 8c]
Seat 4: norfnorf (small blind) won 3140


Winamax Poker - Tournament "AFTER WORK" buyIn: 18€ + 2€ level: 1 - HandId: #3200313559703617707-2-1708111925 - Holdem no limit (25/100/200) - 2024/02/16 19:32:05 UTC
Table: 'AFTER WORK(745131066)#0170' 6-max (real money) Seat #4 is the button
Seat 1: SqrLmod (25969, 9€ bounty)
Seat 2: LaBombito (17824, 9€ bounty)
Seat 3: torresmo123 (21650, 9€ bounty)
Seat 4: norfnorf (24137, 9€ bounty)
Seat 5: z0iD (20000, 9€ bounty)
Seat 6: badtrippp (18832, 9€ bounty)
*** ANTE/BLINDS ***
badtrippp posts ante 25
SqrLmod posts ante 25
LaBombito posts ante 25
torresmo123 posts ante 25
norfnorf posts ante 25
badtrippp posts small blind 100
SqrLmod posts big blind 200
Dealt to torresmo123 [2c Qs]
*** PRE-FLOP *** 
LaBombito folds
torresmo123 folds
norfnorf raises 200 to 400
badtrippp folds
SqrLmod folds
norfnorf collected 825 from pot
*** SUMMARY ***
Total pot 825 | No rake
Seat 4: norfnorf (button) won 825


Winamax Poker - Tournament "AFTER WORK" buyIn: 18€ + 2€ level: 1 - HandId: #3200313559703617707-3-1708111945 - Holdem no limit (25/100/200) - 2024/02/16 19:32:25 UTC
Table: 'AFTER WORK(745131066)#0170' 6-max (real money) Seat #6 is the button
Seat 1: SqrLmod (25744, 9€ bounty)
Seat 2: LaBombito (17799, 9€ bounty)
Seat 3: torresmo123 (21625, 9€ bounty)
Seat 4: norfnorf (24537, 9€ bounty)
Seat 5: z0iD (20000, 9€ bounty)
Seat 6: badtrippp (18707, 9€ bounty)
*** ANTE/BLINDS ***
SqrLmod posts ante 25
LaBombito posts ante 25
torresmo123 posts ante 25
norfnorf posts ante 25
z0iD posts ante 25
badtrippp posts ante 25
SqrLmod posts small blind 100
LaBombito posts big blind 200
Dealt to torresmo123 [2c 7d]
*** PRE-FLOP *** 
torresmo123 folds
norfnorf raises 200 to 400
z0iD folds
badtrippp folds
SqrLmod raises 1600 to 2000
LaBombito folds
norfnorf folds
SqrLmod collected 2750 from pot
*** SUMMARY ***
Total pot 2750 | No rake
Seat 1: SqrLmod (small blind) won 2750


Winamax Poker - Tournament "AFTER WORK" buyIn: 18€ + 2€ level: 1 - HandId: #3200313559703617707-4-1708111983 - Holdem no limit (25/100/200) - 2024/02/16 19:33:03 UTC
Table: 'AFTER WORK(745131066)#0170' 6-max (real money) Seat #1 is the button
Seat 1: SqrLmod (26469, 9€ bounty)
Seat 2: LaBombito (17574, 9€ bounty)
Seat 3: torresmo123 (21600, 9€ bounty)
Seat 5: z0iD (19975, 9€ bounty)
Seat 6: badtrippp (18682, 9€ bounty)
*** ANTE/BLINDS ***
LaBombito posts ante 25
torresmo123 posts ante 25
SqrLmod posts ante 25
z0iD posts ante 25
badtrippp posts ante 25
LaBombito posts small blind 100
torresmo123 posts big blind 200
Dealt to torresmo123 [Kh Qh]
*** PRE-FLOP *** 
z0iD folds
badtrippp folds
SqrLmod raises 200 to 400
LaBombito folds
torresmo123 raises 1400 to 1800
SqrLmod calls 1400
*** FLOP *** [3d 9h 6h]
torresmo123 bets 2104
SqrLmod calls 2104
*** TURN *** [3d 9h 6h][Ac]
torresmo123 bets 2000
SqrLmod raises 2912 to 4912
torresmo123 calls 2912
*** RIVER *** [3d 9h 6h Ac][Js]
torresmo123 checks
SqrLmod bets 17628 and is all-in
torresmo123 folds
SqrLmod collected 35485 from pot
*** SUMMARY ***
Total pot 35485 | No rake
Board: [3d 9h 6h Ac Js]
Seat 1: SqrLmod (button) won 35485


Winamax Poker - Tournament "AFTER WORK" buyIn: 18€ + 2€ level: 1 - HandId: #3200313559703617707-5-1708112148 - Holdem no limit (25/100/200) - 2024/02/16 19:35:48 UTC
Table: 'AFTER WORK(745131066)#0170' 6-max (real money) Seat #2 is the button
Seat 1: SqrLmod (35485, 9€ bounty)
Seat 2: LaBombito (17449, 9€ bounty)
Seat 3: torresmo123 (12759, 9€ bounty)
Seat 4: Malotru17 (20000, 9€ bounty)
Seat 5: z0iD (19950, 9€ bounty)
Seat 6: badtrippp (18657, 9€ bounty)
*** ANTE/BLINDS ***
torresmo123 posts ante 25
Malotru17 posts ante 25
SqrLmod posts ante 25
LaBombito posts ante 25
z0iD posts ante 25
badtrippp posts ante 25
torresmo123 posts small blind 100
Malotru17 posts big blind 200
Dealt to torresmo123 [8d 4c]
*** PRE-FLOP *** 
z0iD folds
badtrippp folds
SqrLmod folds
LaBombito raises 200 to 400
torresmo123 folds
Malotru17 folds
LaBombito collected 850 from pot
*** SUMMARY ***
Total pot 850 | No rake
Seat 2: LaBombito (button) won 850


Winamax Poker - Tournament "AFTER WORK" buyIn: 18€ + 2€ level: 1 - HandId: #3200313559703617707-6-1708112171 - Holdem no limit (25/100/200) - 2024/02/16 19:36:11 UTC
Table: 'AFTER WORK(745131066)#0170' 6-max (real money) Seat #3 is the button
Seat 1: SqrLmod (35460, 9€ bounty)
Seat 2: LaBombito (17874, 9€ bounty)
Seat 3: torresmo123 (12634, 9€ bounty)
Seat 4: Malotru17 (19775, 9€ bounty)
Seat 5: z0iD (19925, 9€ bounty)
Seat 6: badtrippp (18632, 9€ bounty)
*** ANTE/BLINDS ***
Malotru17 posts ante 25
z0iD posts ante 25
SqrLmod posts ante 25
LaBombito posts ante 25
torresmo123 posts ante 25
badtrippp posts ante 25
Malotru17 posts small blind 100
z0iD posts big blind 200
Dealt to torresmo123 [Jh 7h]
*** PRE-FLOP *** 
badtrippp raises 200 to 400
SqrLmod folds
LaBombito folds
torresmo123 folds
Malotru17 folds
z0iD raises 2000 to 2400
badtrippp raises 3600 to 6000
z0iD raises 13900 to 19900 and is all-in
badtrippp calls 12607 and is all-in
*** FLOP *** [6s 5s Ks]
*** TURN *** [6s 5s Ks][3d]
*** RIVER *** [6s 5s Ks 3d][9h]
*** SHOW DOWN ***
z0iD shows [Qh Qd] (One pair : Queens)
badtrippp shows [Ac Ah] (One pair : Aces)
badtrippp collected 37464 from main pot
z0iD collected 1293 from side pot 1
*** SUMMARY ***
Total pot 38757 | No rake
Board: [6s 5s Ks 3d 9h]
Seat 5: z0iD (big blind) showed [Qh Qd] and won 1293 with One pair : Queens
Seat 6: badtrippp showed [Ac Ah] and won 37464 with One pair : Aces


Winamax Poker - Tournament "AFTER WORK" buyIn: 18€ + 2€ level: 1 - HandId: #3200313559703617707-7-1708112231 - Holdem no limit (25/100/200) - 2024/02/16 19:37:11 UTC
Table: 'AFTER WORK(745131066)#0170' 6-max (real money) Seat #4 is the button
Seat 1: SqrLmod (35435, 9€ bounty)
Seat 2: LaBombito (17849, 9€ bounty)
Seat 3: torresmo123 (12609, 9€ bounty)
Seat 4: Malotru17 (19650, 9€ bounty)
Seat 5: z0iD (1293, 9€ bounty)
Seat 6: badtrippp (37464, 9€ bounty)
*** ANTE/BLINDS ***
z0iD posts ante 25
badtrippp posts ante 25
SqrLmod posts ante 25
LaBombito posts ante 25
torresmo123 posts ante 25
Malotru17 posts ante 25
z0iD posts small blind 100
badtrippp posts big blind 200
Dealt to torresmo123 [8h Jh]
*** PRE-FLOP *** 
SqrLmod raises 200 to 400
LaBombito folds
torresmo123 folds
Malotru17 folds
z0iD folds
badtrippp calls 200
*** FLOP *** [6s Td 5d]
badtrippp checks
SqrLmod bets 840
badtrippp calls 840
*** TURN *** [6s Td 5d][3d]
badtrippp checks
SqrLmod checks
*** RIVER *** [6s Td 5d 3d][2s]
badtrippp bets 1911
SqrLmod folds
badtrippp collected 4641 from pot
*** SUMMARY ***
Total pot 4641 | No rake
Board: [6s Td 5d 3d 2s]
Seat 6: badtrippp (big blind) won 4641


Winamax Poker - Tournament "AFTER WORK" buyIn: 18€ + 2€ level: 1 - HandId: #3200313559703617707-8-1708112291 - Holdem no limit (25/100/200) - 2024/02/16 19:38:11 UTC
Table: 'AFTER WORK(745131066)#0170' 6-max (real money) Seat #5 is the button
Seat 1: SqrLmod (34170, 9€ bounty)
Seat 2: LaBombito (17824, 9€ bounty)
Seat 3: torresmo123 (12584, 9€ bounty)
Seat 4: Malotru17 (19625, 9€ bounty)
Seat 5: z0iD (1168, 9€ bounty)
Seat 6: badtrippp (38929, 9€ bounty)
*** ANTE/BLINDS ***
badtrippp posts ante 25
SqrLmod posts ante 25
LaBombito posts ante 25
torresmo123 posts ante 25
Malotru17 posts ante 25
z0iD posts ante 25
badtrippp posts small blind 100
SqrLmod posts big blind 200
Dealt to torresmo123 [5c Ts]
*** PRE-FLOP *** 
LaBombito folds
torresmo123 folds
Malotru17 folds
z0iD raises 943 to 1143 and is all-in
badtrippp folds
SqrLmod calls 943
*** FLOP *** [2c 4d 2d]
*** TURN *** [2c 4d 2d][Jd]
*** RIVER *** [2c 4d 2d Jd][Kd]
*** SHOW DOWN ***
SqrLmod shows [5d 2s] (Flush King high)
z0iD shows [9d 9c] (Flush King high)
z0iD collected 2536 from pot
*** SUMMARY ***
Total pot 2536 | No rake
Board: [2c 4d 2d Jd Kd]
Seat 1: SqrLmod (big blind) showed [5d 2s] and lost with Flush King high
Seat 5: z0iD (button) showed [9d 9c] and won 2536 with Flush King high


Winamax Poker - Tournament "AFTER WORK" buyIn: 18€ + 2€ level: 1 - HandId: #3200313559703617707-9-1708112319 - Holdem no limit (25/100/200) - 2024/02/16 19:38:39 UTC
Table: 'AFTER WORK(745131066)#0170' 6-max (real money) Seat #6 is the button
Seat 1: SqrLmod (33002, 9€ bounty)
Seat 2: LaBombito (17799, 9€ bounty)
Seat 3: torresmo123 (12559, 9€ bounty)
Seat 4: Malotru17 (19600, 9€ bounty)
Seat 5: z0iD (2536, 9€ bounty)
Seat 6: badtrippp (38804, 9€ bounty)
*** ANTE/BLINDS ***
SqrLmod posts ante 25
LaBombito posts ante 25
torresmo123 posts ante 25
Malotru17 posts ante 25
z0iD posts ante 25
badtrippp posts ante 25
SqrLmod posts small blind 100
LaBombito posts big blind 200
Dealt to torresmo123 [As Kd]
*** PRE-FLOP *** 
torresmo123 raises 220 to 420
Malotru17 folds
z0iD folds
badtrippp folds
SqrLmod calls 320
LaBombito folds
*** FLOP *** [3c 4d 3d]
SqrLmod checks
torresmo123 bets 238
SqrLmod folds
torresmo123 collected 1428 from pot
*** SUMMARY ***
Total pot 1428 | No rake
Board: [3c 4d 3d]
Seat 3: torresmo123 won 1428


Winamax Poker - Tournament "AFTER WORK" buyIn: 18€ + 2€ level: 1 - HandId: #3200313559703617707-10-1708112390 - Holdem no limit (25/100/200) - 2024/02/16 19:39:50 UTC
Table: 'AFTER WORK(745131066)#0170' 6-max (real money) Seat #1 is the button
Seat 1: SqrLmod (32557, 9€ bounty)
Seat 2: LaBombito (17574, 9€ bounty)
Seat 3: torresmo123 (13304, 9€ bounty)
Seat 4: Malotru17 (19575, 9€ bounty)
Seat 5: z0iD (2511, 9€ bounty)
Seat 6: badtrippp (38779, 9€ bounty)
*** ANTE/BLINDS ***
LaBombito posts ante 25
torresmo123 posts ante 25
SqrLmod posts ante 25
Malotru17 posts ante 25
z0iD posts ante 25
badtrippp posts ante 25
LaBombito posts small blind 100
torresmo123 posts big blind 200
Dealt to torresmo123 [8s Jh]
*** PRE-FLOP *** 
Malotru17 raises 200 to 400
z0iD folds
badtrippp raises 1200 to 1600
SqrLmod folds
LaBombito raises 4000 to 5600
torresmo123 folds
Malotru17 folds
badtrippp folds
LaBombito collected 7950 from pot
*** SUMMARY ***
Total pot 7950 | No rake
Seat 2: LaBombito (small blind) won 7950


Winamax Poker - Tournament "AFTER WORK" buyIn: 18€ + 2€ level: 1 - HandId: #3200313559703617707-11-1708112439 - Holdem no limit (25/100/200) - 2024/02/16 19:40:39 UTC
Table: 'AFTER WORK(745131066)#0170' 6-max (real money) Seat #2 is the button
Seat 1: SqrLmod (32532, 9€ bounty)
Seat 2: LaBombito (19899, 9€ bounty)
Seat 3: torresmo123 (13079, 9€ bounty)
Seat 4: Malotru17 (19150, 9€ bounty)
Seat 5: z0iD (2486, 9€ bounty)
Seat 6: badtrippp (37154, 9€ bounty)
*** ANTE/BLINDS ***
torresmo123 posts ante 25
Malotru17 posts ante 25
SqrLmod posts ante 25
LaBombito posts ante 25
z0iD posts ante 25
badtrippp posts ante 25
torresmo123 posts small blind 100
Malotru17 posts big blind 200
Dealt to torresmo123 [Ad 9d]
*** PRE-FLOP *** 
z0iD folds
badtrippp raises 200 to 400
SqrLmod folds
LaBombito folds
torresmo123 calls 300
Malotru17 folds
*** FLOP *** [5s Ac 6s]
torresmo123 checks
badtrippp bets 345
torresmo123 calls 345
*** TURN *** [5s Ac 6s][Kc]
torresmo123 checks
badtrippp bets 1288
torresmo123 calls 1288
*** RIVER *** [5s Ac 6s Kc][3h]
torresmo123 checks
badtrippp bets 3091
torresmo123 calls 3091
*** SHOW DOWN ***
badtrippp shows [As 8h] (One pair : Aces)
torresmo123 shows [Ad 9d] (One pair : Aces)
torresmo123 collected 10598 from pot
*** SUMMARY ***
Total pot 10598 | No rake
Board: [5s Ac 6s Kc 3h]
Seat 3: torresmo123 (small blind) showed [Ad 9d] and won 10598 with One pair : Aces
Seat 6: badtrippp showed [As 8h] and lost with One pair : Aces


Winamax Poker - Tournament "AFTER WORK" buyIn: 18€ + 2€ level: 1 - HandId: #3200313559703617707-12-1708112524 - Holdem no limit (25/100/200) - 2024/02/16 19:42:04 UTC
Table: 'AFTER WORK(745131066)#0170' 6-max (real money) Seat #3 is the button
Seat 1: SqrLmod (32507, 9€ bounty)
Seat 2: LaBombito (19874, 9€ bounty)
Seat 3: torresmo123 (18528, 9€ bounty)
Seat 4: Malotru17 (18925, 9€ bounty)
Seat 5: z0iD (2461, 9€ bounty)
Seat 6: badtrippp (32005, 9€ bounty)
*** ANTE/BLINDS ***
Malotru17 posts ante 25
z0iD posts ante 25
SqrLmod posts ante 25
LaBombito posts ante 25
torresmo123 posts ante 25
badtrippp posts ante 25
Malotru17 posts small blind 100
z0iD posts big blind 200
Dealt to torresmo123 [Jh 4s]
*** PRE-FLOP *** 
badtrippp raises 200 to 400
SqrLmod folds
LaBombito folds
torresmo123 folds
Malotru17 folds
z0iD calls 200
*** FLOP *** [Kc Jd Tc]
z0iD checks
badtrippp bets 735
z0iD folds
badtrippp collected 1785 from pot
*** SUMMARY ***
Total pot 1785 | No rake
Board: [Kc Jd Tc]
Seat 6: badtrippp won 1785


Winamax Poker - Tournament "AFTER WORK" buyIn: 18€ + 2€ level: 1 - HandId: #3200313559703617707-13-1708112575 - Holdem no limit (25/100/200) - 2024/02/16 19:42:55 UTC
Table: 'AFTER WORK(745131066)#0170' 6-max (real money) Seat #4 is the button
Seat 1: SqrLmod (32482, 9€ bounty)
Seat 2: LaBombito (19849, 9€ bounty)
Seat 3: torresmo123 (18503, 9€ bounty)
Seat 4: Malotru17 (18800, 9€ bounty)
Seat 5: z0iD (2036, 9€ bounty)
Seat 6: badtrippp (32630, 9€ bounty)
*** ANTE/BLINDS ***
z0iD posts ante 25
badtrippp posts ante 25
SqrLmod posts ante 25
LaBombito posts ante 25
torresmo123 posts ante 25
Malotru17 posts ante 25
z0iD posts small blind 100
badtrippp posts big blind 200
Dealt to torresmo123 [3h Kd]
*** PRE-FLOP *** 
SqrLmod folds
LaBombito folds
torresmo123 folds
Malotru17 raises 300 to 500
z0iD folds
badtrippp raises 1100 to 1600
Malotru17 calls 1100
*** FLOP *** [Qd 3d Qc]
badtrippp bets 1035
Malotru17 raises 16140 to 17175 and is all-in
badtrippp folds
Malotru17 collected 21660 from pot
*** SUMMARY ***
Total pot 21660 | No rake
Board: [Qd 3d Qc]
Seat 4: Malotru17 (button) won 21660


Winamax Poker - Tournament "AFTER WORK" buyIn: 18€ + 2€ level: 1 - HandId: #3200313559703617707-14-1708112612 - Holdem no limit (25/100/200) - 2024/02/16 19:43:32 UTC
Table: 'AFTER WORK(745131066)#0170' 6-max (real money) Seat #5 is the button
Seat 1: SqrLmod (32457, 9€ bounty)
Seat 2: LaBombito (19824, 9€ bounty)
Seat 3: torresmo123 (18478, 9€ bounty)
Seat 4: Malotru17 (21660, 9€ bounty)
Seat 5: z0iD (1911, 9€ bounty)
Seat 6: badtrippp (29970, 9€ bounty)
*** ANTE/BLINDS ***
badtrippp posts ante 25
SqrLmod posts ante 25
LaBombito posts ante 25
torresmo123 posts ante 25
Malotru17 posts ante 25
z0iD posts ante 25
badtrippp posts small blind 100
SqrLmod posts big blind 200
Dealt to torresmo123 [9s 7s]
*** PRE-FLOP *** 
LaBombito folds
torresmo123 raises 220 to 420
Malotru17 calls 420
z0iD folds
badtrippp folds
SqrLmod calls 220
*** FLOP *** [Jd 6h Td]
SqrLmod checks
torresmo123 checks
Malotru17 bets 529
SqrLmod calls 529
torresmo123 calls 529
*** TURN *** [Jd 6h Td][Ac]
SqrLmod checks
torresmo123 checks
Malotru17 bets 1084
SqrLmod folds
torresmo123 folds
Malotru17 collected 4181 from pot
*** SUMMARY ***
Total pot 4181 | No rake
Board: [Jd 6h Td Ac]
Seat 4: Malotru17 won 4181


Winamax Poker - Tournament "AFTER WORK" buyIn: 18€ + 2€ level: 1 - HandId: #3200313559703617707-15-1708112748 - Holdem no limit (25/100/200) - 2024/02/16 19:45:48 UTC
Table: 'AFTER WORK(745131066)#0170' 6-max (real money) Seat #6 is the button
Seat 1: SqrLmod (31483, 9€ bounty)
Seat 2: LaBombito (19799, 9€ bounty)
Seat 3: torresmo123 (17504, 9€ bounty)
Seat 4: Malotru17 (23783, 9€ bounty)
Seat 5: z0iD (1886, 9€ bounty)
Seat 6: badtrippp (29845, 9€ bounty)
*** ANTE/BLINDS ***
SqrLmod posts ante 25
LaBombito posts ante 25
torresmo123 posts ante 25
Malotru17 posts ante 25
z0iD posts ante 25
badtrippp posts ante 25
SqrLmod posts small blind 100
LaBombito posts big blind 200
Dealt to torresmo123 [Jd As]
*** PRE-FLOP *** 
torresmo123 raises 220 to 420
Malotru17 folds
z0iD folds
badtrippp folds
SqrLmod folds
LaBombito folds
torresmo123 collected 870 from pot
*** SUMMARY ***
Total pot 870 | No rake
Seat 3: torresmo123 won 870


Winamax Poker - Tournament "AFTER WORK" buyIn: 18€ + 2€ level: 1 - HandId: #3200313559703617707-16-1708112778 - Holdem no limit (25/100/200) - 2024/02/16 19:46:18 UTC
Table: 'AFTER WORK(745131066)#0170' 6-max (real money) Seat #1 is the button
Seat 1: SqrLmod (31358, 9€ bounty)
Seat 2: LaBombito (19574, 9€ bounty)
Seat 3: torresmo123 (17929, 9€ bounty)
Seat 4: Malotru17 (23758, 9€ bounty)
Seat 5: z0iD (1861, 9€ bounty)
Seat 6: badtrippp (29820, 9€ bounty)
*** ANTE/BLINDS ***
LaBombito posts ante 25
torresmo123 posts ante 25
SqrLmod posts ante 25
Malotru17 posts ante 25
z0iD posts ante 25
badtrippp posts ante 25
LaBombito posts small blind 100
torresmo123 posts big blind 200
Dealt to torresmo123 [2h 8d]
*** PRE-FLOP *** 
Malotru17 folds
z0iD raises 1636 to 1836 and is all-in
badtrippp folds
SqrLmod folds
LaBombito folds
torresmo123 calls 1636
*** FLOP *** [4d 6h 8h]
*** TURN *** [4d 6h 8h][2c]
*** RIVER *** [4d 6h 8h 2c][3c]
*** SHOW DOWN ***
z0iD shows [Kc Qs] (High card : King)
torresmo123 shows [2h 8d] (Two pairs : 8 and 2)
torresmo123 collected 3922 from pot
*** SUMMARY ***
Total pot 3922 | No rake
Board: [4d 6h 8h 2c 3c]
Seat 3: torresmo123 (big blind) showed [2h 8d] and won 3922 with Two pairs : 8 and 2
Seat 5: z0iD showed [Kc Qs] and lost with High card : King


Winamax Poker - Tournament "AFTER WORK" buyIn: 18€ + 2€ level: 1 - HandId: #3200313559703617707-17-1708112818 - Holdem no limit (25/100/200) - 2024/02/16 19:46:58 UTC
Table: 'AFTER WORK(745131066)#0170' 6-max (real money) Seat #2 is the button
Seat 1: SqrLmod (31333, 9€ bounty)
Seat 2: LaBombito (19449, 9€ bounty)
Seat 3: torresmo123 (19990, 13.50€ bounty)
Seat 4: Malotru17 (23733, 9€ bounty)
Seat 6: badtrippp (29795, 9€ bounty)
*** ANTE/BLINDS ***
torresmo123 posts ante 25
Malotru17 posts ante 25
SqrLmod posts ante 25
LaBombito posts ante 25
badtrippp posts ante 25
torresmo123 posts small blind 100
Malotru17 posts big blind 200
Dealt to torresmo123 [2d 5s]
*** PRE-FLOP *** 
badtrippp folds
SqrLmod raises 200 to 400
LaBombito calls 400
torresmo123 folds
Malotru17 folds
*** FLOP *** [8h 5d 8s]
SqrLmod bets 809
LaBombito folds
SqrLmod collected 2034 from pot
*** SUMMARY ***
Total pot 2034 | No rake
Board: [8h 5d 8s]
Seat 1: SqrLmod won 2034


Winamax Poker - Tournament "AFTER WORK" buyIn: 18€ + 2€ level: 1 - HandId: #3200313559703617707-18-1708112876 - Holdem no limit (25/100/200) - 2024/02/16 19:47:56 UTC
Table: 'AFTER WORK(745131066)#0170' 6-max (real money) Seat #3 is the button
Seat 1: SqrLmod (32133, 9€ bounty)
Seat 2: LaBombito (19024, 9€ bounty)
Seat 3: torresmo123 (19865, 13.50€ bounty)
Seat 4: Malotru17 (23508, 9€ bounty)
Seat 5: manuso815 (20000, 9€ bounty)
Seat 6: badtrippp (29770, 9€ bounty)
*** ANTE/BLINDS ***
Malotru17 posts ante 25
manuso815 posts ante 25
SqrLmod posts ante 25
LaBombito posts ante 25
torresmo123 posts ante 25
badtrippp posts ante 25
Malotru17 posts small blind 100
manuso815 posts big blind 200
Dealt to torresmo123 [4c Js]
*** PRE-FLOP *** 
badtrippp folds
SqrLmod raises 200 to 400
LaBombito calls 400
torresmo123 folds
Malotru17 calls 300
manuso815 calls 200
*** FLOP *** [6c Kh 3h]
Malotru17 checks
manuso815 checks
SqrLmod checks
LaBombito checks
*** TURN *** [6c Kh 3h][8d]
Malotru17 checks
manuso815 bets 613
SqrLmod raises 1182 to 1795
LaBombito folds
Malotru17 folds
manuso815 calls 1182
*** RIVER *** [6c Kh 3h 8d][Tc]
manuso815 checks
SqrLmod bets 3300
manuso815 folds
SqrLmod collected 8640 from pot
*** SUMMARY ***
Total pot 8640 | No rake
Board: [6c Kh 3h 8d Tc]
Seat 1: SqrLmod won 8640


Winamax Poker - Tournament "AFTER WORK" buyIn: 18€ + 2€ level: 1 - HandId: #3200313559703617707-19-1708113008 - Holdem no limit (25/100/200) - 2024/02/16 19:50:08 UTC
Table: 'AFTER WORK(745131066)#0170' 6-max (real money) Seat #4 is the button
Seat 1: SqrLmod (35253, 9€ bounty)
Seat 2: LaBombito (18599, 9€ bounty)
Seat 3: torresmo123 (19840, 13.50€ bounty)
Seat 4: Malotru17 (23083, 9€ bounty)
Seat 5: manuso815 (17780, 9€ bounty)
Seat 6: badtrippp (29745, 9€ bounty)
*** ANTE/BLINDS ***
manuso815 posts ante 25
badtrippp posts ante 25
SqrLmod posts ante 25
LaBombito posts ante 25
torresmo123 posts ante 25
Malotru17 posts ante 25
manuso815 posts small blind 100
badtrippp posts big blind 200
Dealt to torresmo123 [5s 3s]
*** PRE-FLOP *** 
SqrLmod folds
LaBombito folds
torresmo123 raises 220 to 420
Malotru17 folds
manuso815 folds
badtrippp folds
torresmo123 collected 870 from pot
*** SUMMARY ***
Total pot 870 | No rake
Seat 3: torresmo123 won 870


Winamax Poker - Tournament "AFTER WORK" buyIn: 18€ + 2€ level: 2 - HandId: #3200313559703617707-20-1708113032 - Holdem no limit (30/125/250) - 2024/02/16 19:50:32 UTC
Table: 'AFTER WORK(745131066)#0170' 6-max (real money) Seat #5 is the button
Seat 1: SqrLmod (35228, 9€ bounty)
Seat 2: LaBombito (18574, 9€ bounty)
Seat 3: torresmo123 (20265, 13.50€ bounty)
Seat 4: Malotru17 (23058, 9€ bounty)
Seat 5: manuso815 (17655, 9€ bounty)
Seat 6: badtrippp (29520, 9€ bounty)
*** ANTE/BLINDS ***
badtrippp posts ante 30
SqrLmod posts ante 30
LaBombito posts ante 30
torresmo123 posts ante 30
Malotru17 posts ante 30
manuso815 posts ante 30
badtrippp posts small blind 125
SqrLmod posts big blind 250
Dealt to torresmo123 [Jd 8d]
*** PRE-FLOP *** 
LaBombito folds
torresmo123 raises 275 to 525
Malotru17 folds
manuso815 calls 525
badtrippp raises 2475 to 3000
SqrLmod folds
torresmo123 folds
manuso815 folds
badtrippp collected 4480 from pot
*** SUMMARY ***
Total pot 4480 | No rake
Seat 6: badtrippp (small blind) won 4480


Winamax Poker - Tournament "AFTER WORK" buyIn: 18€ + 2€ level: 2 - HandId: #3200313559703617707-21-1708113069 - Holdem no limit (30/125/250) - 2024/02/16 19:51:09 UTC
Table: 'AFTER WORK(745131066)#0170' 6-max (real money) Seat #6 is the button
Seat 1: SqrLmod (34948, 9€ bounty)
Seat 2: LaBombito (18544, 9€ bounty)
Seat 3: torresmo123 (19710, 13.50€ bounty)
Seat 4: Malotru17 (23028, 9€ bounty)
Seat 5: manuso815 (17100, 9€ bounty)
Seat 6: badtrippp (30970, 9€ bounty)
*** ANTE/BLINDS ***
SqrLmod posts ante 30
LaBombito posts ante 30
torresmo123 posts ante 30
Malotru17 posts ante 30
manuso815 posts ante 30
badtrippp posts ante 30
SqrLmod posts small blind 125
LaBombito posts big blind 250
Dealt to torresmo123 [Jc 5d]
*** PRE-FLOP *** 
torresmo123 folds
Malotru17 folds
manuso815 folds
badtrippp raises 250 to 500
SqrLmod raises 2000 to 2500
LaBombito raises 5500 to 8000
badtrippp folds
SqrLmod folds
LaBombito collected 11180 from pot
*** SUMMARY ***
Total pot 11180 | No rake
Seat 2: LaBombito (big blind) won 11180


Winamax Poker - Tournament "AFTER WORK" buyIn: 18€ + 2€ level: 2 - HandId: #3200313559703617707-22-1708113169 - Holdem no limit (30/125/250) - 2024/02/16 19:52:49 UTC
Table: 'AFTER WORK(745131066)#0170' 6-max (real money) Seat #1 is the button
Seat 1: SqrLmod (32418, 9€ bounty)
Seat 2: LaBombito (21694, 9€ bounty)
Seat 3: torresmo123 (19680, 13.50€ bounty)
Seat 4: Malotru17 (22998, 9€ bounty)
Seat 5: manuso815 (17070, 9€ bounty)
Seat 6: badtrippp (30440, 9€ bounty)
*** ANTE/BLINDS ***
LaBombito posts ante 30
torresmo123 posts ante 30
SqrLmod posts ante 30
Malotru17 posts ante 30
manuso815 posts ante 30
badtrippp posts ante 30
LaBombito posts small blind 125
torresmo123 posts big blind 250
Dealt to torresmo123 [2c Th]
*** PRE-FLOP *** 
Malotru17 raises 375 to 625
manuso815 folds
badtrippp folds
SqrLmod folds
LaBombito folds
torresmo123 folds
Malotru17 collected 1180 from pot
*** SUMMARY ***
Total pot 1180 | No rake
Seat 4: Malotru17 won 1180


Winamax Poker - Tournament "AFTER WORK" buyIn: 18€ + 2€ level: 2 - HandId: #3200313559703617707-23-1708113196 - Holdem no limit (30/125/250) - 2024/02/16 19:53:16 UTC
Table: 'AFTER WORK(745131066)#0170' 6-max (real money) Seat #2 is the button
Seat 1: SqrLmod (32388, 9€ bounty)
Seat 2: LaBombito (21539, 9€ bounty)
Seat 3: torresmo123 (19400, 13.50€ bounty)
Seat 4: Malotru17 (23523, 9€ bounty)
Seat 5: manuso815 (17040, 9€ bounty)
Seat 6: badtrippp (30410, 9€ bounty)
*** ANTE/BLINDS ***
torresmo123 posts ante 30
Malotru17 posts ante 30
SqrLmod posts ante 30
LaBombito posts ante 30
manuso815 posts ante 30
badtrippp posts ante 30
torresmo123 posts small blind 125
Malotru17 posts big blind 250
Dealt to torresmo123 [Kc 6h]
*** PRE-FLOP *** 
manuso815 folds
badtrippp folds
SqrLmod folds
LaBombito raises 250 to 500
torresmo123 folds
Malotru17 calls 250
*** FLOP *** [Js Kh 4d]
Malotru17 checks
LaBombito bets 653
Malotru17 calls 653
*** TURN *** [Js Kh 4d][7d]
Malotru17 checks
LaBombito bets 2375
Malotru17 folds
LaBombito collected 4986 from pot
*** SUMMARY ***
Total pot 4986 | No rake
Board: [Js Kh 4d 7d]
Seat 2: LaBombito (button) won 4986


Winamax Poker - Tournament "AFTER WORK" buyIn: 18€ + 2€ level: 2 - HandId: #3200313559703617707-24-1708113256 - Holdem no limit (30/125/250) - 2024/02/16 19:54:16 UTC
Table: 'AFTER WORK(745131066)#0170' 6-max (real money) Seat #3 is the button
Seat 1: SqrLmod (32358, 9€ bounty)
Seat 2: LaBombito (22967, 9€ bounty)
Seat 3: torresmo123 (19245, 13.50€ bounty)
Seat 4: Malotru17 (22340, 9€ bounty)
Seat 5: manuso815 (17010, 9€ bounty)
Seat 6: badtrippp (30380, 9€ bounty)
*** ANTE/BLINDS ***
Malotru17 posts ante 30
manuso815 posts ante 30
SqrLmod posts ante 30
LaBombito posts ante 30
torresmo123 posts ante 30
badtrippp posts ante 30
Malotru17 posts small blind 125
manuso815 posts big blind 250
Dealt to torresmo123 [Qs 6c]
*** PRE-FLOP *** 
badtrippp raises 250 to 500
SqrLmod folds
LaBombito folds
torresmo123 folds
Malotru17 folds
manuso815 calls 250
*** FLOP *** [9s 3s As]
manuso815 checks
badtrippp bets 914
manuso815 folds
badtrippp collected 2219 from pot
*** SUMMARY ***
Total pot 2219 | No rake
Board: [9s 3s As]
Seat 6: badtrippp won 2219


Winamax Poker - Tournament "AFTER WORK" buyIn: 18€ + 2€ level: 2 - HandId: #3200313559703617707-25-1708113299 - Holdem no limit (30/125/250) - 2024/02/16 19:54:59 UTC
Table: 'AFTER WORK(745131066)#0170' 6-max (real money) Seat #4 is the button
Seat 1: SqrLmod (32328, 9€ bounty)
Seat 2: LaBombito (22937, 9€ bounty)
Seat 3: torresmo123 (19215, 13.50€ bounty)
Seat 4: Malotru17 (22185, 9€ bounty)
Seat 5: manuso815 (16480, 9€ bounty)
Seat 6: badtrippp (31155, 9€ bounty)
*** ANTE/BLINDS ***
manuso815 posts ante 30
badtrippp posts ante 30
SqrLmod posts ante 30
LaBombito posts ante 30
torresmo123 posts ante 30
Malotru17 posts ante 30
manuso815 posts small blind 125
badtrippp posts big blind 250
Dealt to torresmo123 [Ah 9s]
*** PRE-FLOP *** 
SqrLmod raises 250 to 500
LaBombito folds
torresmo123 folds
Malotru17 folds
manuso815 folds
badtrippp folds
SqrLmod collected 1055 from pot
*** SUMMARY ***
Total pot 1055 | No rake
Seat 1: SqrLmod won 1055


Winamax Poker - Tournament "AFTER WORK" buyIn: 18€ + 2€ level: 2 - HandId: #3200313559703617707-26-1708113661 - Holdem no limit (30/125/250) - 2024/02/16 20:01:01 UTC
Table: 'AFTER WORK(745131066)#0170' 6-max (real money) Seat #5 is the button
Seat 1: SqrLmod (32853, 9€ bounty)
Seat 2: LaBombito (22907, 9€ bounty)
Seat 3: torresmo123 (19185, 13.50€ bounty)
Seat 4: Malotru17 (22155, 9€ bounty)
Seat 5: manuso815 (16325, 9€ bounty)
Seat 6: badtrippp (30875, 9€ bounty)
*** ANTE/BLINDS ***
badtrippp posts ante 30
SqrLmod posts ante 30
LaBombito posts ante 30
torresmo123 posts ante 30
Malotru17 posts ante 30
manuso815 posts ante 30
badtrippp posts small blind 125
SqrLmod posts big blind 250
Dealt to torresmo123 [4c 2c]
*** PRE-FLOP *** 
LaBombito raises 250 to 500
torresmo123 folds
Malotru17 calls 500
manuso815 calls 500
badtrippp folds
SqrLmod raises 3250 to 3750
LaBombito folds
Malotru17 folds
manuso815 calls 3250
*** FLOP *** [8s 3d Ks]
SqrLmod bets 4403
manuso815 raises 8142 to 12545 and is all-in
SqrLmod folds
manuso815 collected 25753 from pot
*** SUMMARY ***
Total pot 25753 | No rake
Board: [8s 3d Ks]
Seat 5: manuso815 (button) won 25753


Winamax Poker - Tournament "AFTER WORK" buyIn: 18€ + 2€ level: 2 - HandId: #3200313559703617707-27-1708113715 - Holdem no limit (30/125/250) - 2024/02/16 20:01:55 UTC
Table: 'AFTER WORK(745131066)#0170' 6-max (real money) Seat #6 is the button
Seat 1: SqrLmod (24670, 9€ bounty)
Seat 2: LaBombito (22377, 9€ bounty)
Seat 3: torresmo123 (19155, 13.50€ bounty)
Seat 4: Malotru17 (21625, 9€ bounty)
Seat 5: manuso815 (25753, 9€ bounty)
Seat 6: badtrippp (30720, 9€ bounty)
*** ANTE/BLINDS ***
SqrLmod posts ante 30
LaBombito posts ante 30
torresmo123 posts ante 30
Malotru17 posts ante 30
manuso815 posts ante 30
badtrippp posts ante 30
SqrLmod posts small blind 125
LaBombito posts big blind 250
Dealt to torresmo123 [Qd 9d]
*** PRE-FLOP *** 
torresmo123 raises 275 to 525
Malotru17 folds
manuso815 calls 525
badtrippp folds
SqrLmod calls 400
LaBombito calls 275
*** FLOP *** [Th 7s Jh]
SqrLmod checks
LaBombito checks
torresmo123 checks
manuso815 checks
*** TURN *** [Th 7s Jh][4h]
SqrLmod bets 1824
LaBombito folds
torresmo123 folds
manuso815 calls 1824
*** RIVER *** [Th 7s Jh 4h][2c]
SqrLmod checks
manuso815 checks
*** SHOW DOWN ***
SqrLmod shows [Qh Ks] (High card : King)
manuso815 shows [9h Tc] (One pair : Tens)
manuso815 collected 5928 from pot
*** SUMMARY ***
Total pot 5928 | No rake
Board: [Th 7s Jh 4h 2c]
Seat 1: SqrLmod (small blind) showed [Qh Ks] and lost with High card : King
Seat 5: manuso815 showed [9h Tc] and won 5928 with One pair : Tens


Winamax Poker - Tournament "AFTER WORK" buyIn: 18€ + 2€ level: 2 - HandId: #3200313559703617707-28-1708113795 - Holdem no limit (30/125/250) - 2024/02/16 20:03:15 UTC
Table: 'AFTER WORK(745131066)#0170' 6-max (real money) Seat #1 is the button
Seat 1: SqrLmod (22291, 9€ bounty)
Seat 2: LaBombito (21822, 9€ bounty)
Seat 3: torresmo123 (18600, 13.50€ bounty)
Seat 4: Malotru17 (21595, 9€ bounty)
Seat 5: manuso815 (29302, 9€ bounty)
Seat 6: badtrippp (30690, 9€ bounty)
*** ANTE/BLINDS ***
LaBombito posts ante 30
torresmo123 posts ante 30
SqrLmod posts ante 30
Malotru17 posts ante 30
manuso815 posts ante 30
badtrippp posts ante 30
LaBombito posts small blind 125
torresmo123 posts big blind 250
Dealt to torresmo123 [8s 2h]
*** PRE-FLOP *** 
Malotru17 raises 375 to 625
manuso815 calls 625
badtrippp folds
SqrLmod folds
LaBombito raises 1875 to 2500
torresmo123 folds
Malotru17 calls 1875
manuso815 calls 1875
*** FLOP *** [Td Kc Ks]
LaBombito checks
Malotru17 checks
manuso815 checks
*** TURN *** [Td Kc Ks][3d]
LaBombito bets 2500
Malotru17 folds
manuso815 folds
LaBombito collected 10430 from pot
*** SUMMARY ***
Total pot 10430 | No rake
Board: [Td Kc Ks 3d]
Seat 2: LaBombito (small blind) won 10430


Winamax Poker - Tournament "AFTER WORK" buyIn: 18€ + 2€ level: 3 - HandId: #3200313559703617707-29-1708113885 - Holdem no limit (35/150/300) - 2024/02/16 20:04:45 UTC
Table: 'AFTER WORK(745131066)#0170' 6-max (real money) Seat #2 is the button
Seat 1: SqrLmod (22261, 9€ bounty)
Seat 2: LaBombito (27222, 9€ bounty)
Seat 3: torresmo123 (18320, 13.50€ bounty)
Seat 4: Malotru17 (19065, 9€ bounty)
Seat 5: manuso815 (26772, 9€ bounty)
Seat 6: badtrippp (30660, 9€ bounty)
*** ANTE/BLINDS ***
torresmo123 posts ante 35
Malotru17 posts ante 35
SqrLmod posts ante 35
LaBombito posts ante 35
manuso815 posts ante 35
badtrippp posts ante 35
torresmo123 posts small blind 150
Malotru17 posts big blind 300
Dealt to torresmo123 [Td Kd]
*** PRE-FLOP *** 
manuso815 folds
badtrippp folds
SqrLmod raises 300 to 600
LaBombito folds
torresmo123 raises 1950 to 2550
Malotru17 folds
SqrLmod calls 1950
*** FLOP *** [Qc Ad Jd]
torresmo123 bets 1500
SqrLmod calls 1500
*** TURN *** [Qc Ad Jd][6d]
torresmo123 checks
SqrLmod checks
*** RIVER *** [Qc Ad Jd 6d][6s]
torresmo123 bets 7319
SqrLmod folds
torresmo123 collected 15929 from pot
*** SUMMARY ***
Total pot 15929 | No rake
Board: [Qc Ad Jd 6d 6s]
Seat 3: torresmo123 (small blind) won 15929


Winamax Poker - Tournament "AFTER WORK" buyIn: 18€ + 2€ level: 3 - HandId: #3200313559703617707-30-1708113991 - Holdem no limit (35/150/300) - 2024/02/16 20:06:31 UTC
Table: 'AFTER WORK(745131066)#0170' 6-max (real money) Seat #3 is the button
Seat 1: SqrLmod (18176, 9€ bounty)
Seat 2: LaBombito (27187, 9€ bounty)
Seat 3: torresmo123 (22845, 13.50€ bounty)
Seat 4: Malotru17 (18730, 9€ bounty)
Seat 5: manuso815 (26737, 9€ bounty)
Seat 6: badtrippp (30625, 9€ bounty)
*** ANTE/BLINDS ***
Malotru17 posts ante 35
manuso815 posts ante 35
SqrLmod posts ante 35
LaBombito posts ante 35
torresmo123 posts ante 35
badtrippp posts ante 35
Malotru17 posts small blind 150
manuso815 posts big blind 300
Dealt to torresmo123 [6s 6d]
*** PRE-FLOP *** 
badtrippp folds
SqrLmod raises 300 to 600
LaBombito folds
torresmo123 calls 600
Malotru17 folds
manuso815 calls 300
*** FLOP *** [Td 7s 5d]
manuso815 checks
SqrLmod checks
torresmo123 checks
*** TURN *** [Td 7s 5d][As]
manuso815 checks
SqrLmod bets 756
torresmo123 calls 756
manuso815 calls 756
*** RIVER *** [Td 7s 5d As][2s]
manuso815 checks
SqrLmod checks
torresmo123 checks
*** SHOW DOWN ***
SqrLmod shows [4h 5h] (One pair : 5)
torresmo123 shows [6s 6d] (One pair : 6)
manuso815 shows [3d Ah] (One pair : Aces)
manuso815 collected 4428 from pot
*** SUMMARY ***
Total pot 4428 | No rake
Board: [Td 7s 5d As 2s]
Seat 1: SqrLmod showed [4h 5h] and lost with One pair : 5
Seat 3: torresmo123 (button) showed [6s 6d] and lost with One pair : 6
Seat 5: manuso815 (big blind) showed [3d Ah] and won 4428 with One pair : Aces


Winamax Poker - Tournament "AFTER WORK" buyIn: 18€ + 2€ level: 3 - HandId: #3200313559703617707-31-1708114126 - Holdem no limit (35/150/300) - 2024/02/16 20:08:46 UTC
Table: 'AFTER WORK(745131066)#0170' 6-max (real money) Seat #4 is the button
Seat 1: SqrLmod (16785, 9€ bounty)
Seat 2: LaBombito (27152, 9€ bounty)
Seat 3: torresmo123 (21454, 13.50€ bounty)
Seat 4: Malotru17 (18545, 9€ bounty)
Seat 5: manuso815 (29774, 9€ bounty)
Seat 6: badtrippp (30590, 9€ bounty)
*** ANTE/BLINDS ***
manuso815 posts ante 35
badtrippp posts ante 35
SqrLmod posts ante 35
LaBombito posts ante 35
torresmo123 posts ante 35
Malotru17 posts ante 35
manuso815 posts small blind 150
badtrippp posts big blind 300
Dealt to torresmo123 [Jc 6h]
*** PRE-FLOP *** 
SqrLmod raises 300 to 600
LaBombito folds
torresmo123 folds
Malotru17 folds
manuso815 folds
badtrippp calls 300
*** FLOP *** [7c Ks Qc]
badtrippp checks
SqrLmod bets 546
badtrippp calls 546
*** TURN *** [7c Ks Qc][Kh]
badtrippp checks
SqrLmod checks
*** RIVER *** [7c Ks Qc Kh][Ts]
badtrippp checks
SqrLmod bets 2652
badtrippp calls 2652
*** SHOW DOWN ***
badtrippp shows [Qs 2s] (Two pairs : Kings and Queens)
SqrLmod shows [Ad Jh] (Straight Ace high)
SqrLmod collected 7956 from pot
*** SUMMARY ***
Total pot 7956 | No rake
Board: [7c Ks Qc Kh Ts]
Seat 1: SqrLmod showed [Ad Jh] and won 7956 with Straight Ace high
Seat 6: badtrippp (big blind) showed [Qs 2s] and lost with Two pairs : Kings and Queens


Winamax Poker - Tournament "AFTER WORK" buyIn: 18€ + 2€ level: 3 - HandId: #3200313559703617707-32-1708114204 - Holdem no limit (35/150/300) - 2024/02/16 20:10:04 UTC
Table: 'AFTER WORK(745131066)#0170' 6-max (real money) Seat #5 is the button
Seat 1: SqrLmod (20908, 9€ bounty)
Seat 2: LaBombito (27117, 9€ bounty)
Seat 3: torresmo123 (21419, 13.50€ bounty)
Seat 4: Malotru17 (18510, 9€ bounty)
Seat 5: manuso815 (29589, 9€ bounty)
Seat 6: badtrippp (26757, 9€ bounty)
*** ANTE/BLINDS ***
badtrippp posts ante 35
SqrLmod posts ante 35
LaBombito posts ante 35
torresmo123 posts ante 35
Malotru17 posts ante 35
manuso815 posts ante 35
badtrippp posts small blind 150
SqrLmod posts big blind 300
Dealt to torresmo123 [Qd 5c]
*** PRE-FLOP *** 
LaBombito folds
torresmo123 folds
Malotru17 raises 450 to 750
manuso815 folds
badtrippp folds
SqrLmod calls 450
*** FLOP *** [Qh Tc Ad]
SqrLmod checks
Malotru17 bets 1209
SqrLmod calls 1209
*** TURN *** [Qh Tc Ad][2c]
SqrLmod checks
Malotru17 bets 2781
SqrLmod calls 2781
*** RIVER *** [Qh Tc Ad 2c][Qc]
SqrLmod checks
Malotru17 checks
*** SHOW DOWN ***
SqrLmod shows [Ks Th] (Two pairs : Queens and Tens)
Malotru17 shows [6s As] (Two pairs : Aces and Queens)
Malotru17 collected 9840 from pot
*** SUMMARY ***
Total pot 9840 | No rake
Board: [Qh Tc Ad 2c Qc]
Seat 1: SqrLmod (big blind) showed [Ks Th] and lost with Two pairs : Queens and Tens
Seat 4: Malotru17 showed [6s As] and won 9840 with Two pairs : Aces and Queens


Winamax Poker - Tournament "AFTER WORK" buyIn: 18€ + 2€ level: 4 - HandId: #3200313559703617707-33-1708114298 - Holdem no limit (40/175/350) - 2024/02/16 20:11:38 UTC
Table: 'AFTER WORK(745131066)#0170' 6-max (real money) Seat #6 is the button
Seat 1: SqrLmod (16133, 9€ bounty)
Seat 2: LaBombito (27082, 9€ bounty)
Seat 3: torresmo123 (21384, 13.50€ bounty)
Seat 4: Malotru17 (23575, 9€ bounty)
Seat 5: manuso815 (29554, 9€ bounty)
Seat 6: badtrippp (26572, 9€ bounty)
*** ANTE/BLINDS ***
SqrLmod posts ante 40
LaBombito posts ante 40
torresmo123 posts ante 40
Malotru17 posts ante 40
manuso815 posts ante 40
badtrippp posts ante 40
SqrLmod posts small blind 175
LaBombito posts big blind 350
Dealt to torresmo123 [6c 4d]
*** PRE-FLOP *** 
torresmo123 folds
Malotru17 raises 350 to 700
manuso815 folds
badtrippp folds
SqrLmod folds
LaBombito calls 350
*** FLOP *** [9c Qs 8h]
LaBombito checks
Malotru17 bets 1180
LaBombito folds
Malotru17 collected 2995 from pot
*** SUMMARY ***
Total pot 2995 | No rake
Board: [9c Qs 8h]
Seat 4: Malotru17 won 2995


Winamax Poker - Tournament "AFTER WORK" buyIn: 18€ + 2€ level: 4 - HandId: #3200313559703617707-34-1708114393 - Holdem no limit (40/175/350) - 2024/02/16 20:13:13 UTC
Table: 'AFTER WORK(745131066)#0170' 6-max (real money) Seat #1 is the button
Seat 1: SqrLmod (15918, 9€ bounty)
Seat 2: LaBombito (26342, 9€ bounty)
Seat 3: torresmo123 (21344, 13.50€ bounty)
Seat 4: Malotru17 (24650, 9€ bounty)
Seat 5: manuso815 (29514, 9€ bounty)
Seat 6: badtrippp (26532, 9€ bounty)
*** ANTE/BLINDS ***
LaBombito posts ante 40
torresmo123 posts ante 40
SqrLmod posts ante 40
Malotru17 posts ante 40
manuso815 posts ante 40
badtrippp posts ante 40
LaBombito posts small blind 175
torresmo123 posts big blind 350
Dealt to torresmo123 [Kh 9s]
*** PRE-FLOP *** 
Malotru17 folds
manuso815 raises 525 to 875
badtrippp raises 1925 to 2800
SqrLmod folds
LaBombito folds
torresmo123 folds
manuso815 calls 1925
*** FLOP *** [7d 5h Kd]
manuso815 checks
badtrippp bets 1910
manuso815 folds
badtrippp collected 8275 from pot
*** SUMMARY ***
Total pot 8275 | No rake
Board: [7d 5h Kd]
Seat 6: badtrippp won 8275


Winamax Poker - Tournament "AFTER WORK" buyIn: 18€ + 2€ level: 4 - HandId: #3200313559703617707-35-1708114434 - Holdem no limit (40/175/350) - 2024/02/16 20:13:54 UTC
Table: 'AFTER WORK(745131066)#0170' 6-max (real money) Seat #2 is the button
Seat 1: SqrLmod (15878, 9€ bounty)
Seat 2: LaBombito (26127, 9€ bounty)
Seat 3: torresmo123 (20954, 13.50€ bounty)
Seat 4: Malotru17 (24610, 9€ bounty)
Seat 5: manuso815 (26674, 9€ bounty)
Seat 6: badtrippp (30057, 9€ bounty)
*** ANTE/BLINDS ***
torresmo123 posts ante 40
Malotru17 posts ante 40
SqrLmod posts ante 40
LaBombito posts ante 40
manuso815 posts ante 40
badtrippp posts ante 40
torresmo123 posts small blind 175
Malotru17 posts big blind 350
Dealt to torresmo123 [5h Kd]
*** PRE-FLOP *** 
manuso815 calls 350
badtrippp folds
SqrLmod folds
LaBombito folds
torresmo123 folds
Malotru17 checks
*** FLOP *** [Qh Qd Jc]
Malotru17 checks
manuso815 bets 350
Malotru17 folds
manuso815 collected 1465 from pot
*** SUMMARY ***
Total pot 1465 | No rake
Board: [Qh Qd Jc]
Seat 5: manuso815 won 1465


Winamax Poker - Tournament "AFTER WORK" buyIn: 18€ + 2€ level: 4 - HandId: #3200313559703617707-36-1708114485 - Holdem no limit (40/175/350) - 2024/02/16 20:14:45 UTC
Table: 'AFTER WORK(745131066)#0170' 6-max (real money) Seat #3 is the button
Seat 1: SqrLmod (15838, 9€ bounty)
Seat 2: LaBombito (26087, 9€ bounty)
Seat 3: torresmo123 (20739, 13.50€ bounty)
Seat 4: Malotru17 (24220, 9€ bounty)
Seat 5: manuso815 (27399, 9€ bounty)
Seat 6: badtrippp (30017, 9€ bounty)
*** ANTE/BLINDS ***
Malotru17 posts ante 40
manuso815 posts ante 40
SqrLmod posts ante 40
LaBombito posts ante 40
torresmo123 posts ante 40
badtrippp posts ante 40
Malotru17 posts small blind 175
manuso815 posts big blind 350
Dealt to torresmo123 [9s 3h]
*** PRE-FLOP *** 
badtrippp folds
SqrLmod folds
LaBombito raises 350 to 700
torresmo123 folds
Malotru17 raises 1990 to 2690
manuso815 folds
LaBombito folds
Malotru17 collected 3980 from pot
*** SUMMARY ***
Total pot 3980 | No rake
Seat 4: Malotru17 (small blind) won 3980


Winamax Poker - Tournament "AFTER WORK" buyIn: 18€ + 2€ level: 4 - HandId: #3200313559703617707-37-1708114507 - Holdem no limit (40/175/350) - 2024/02/16 20:15:07 UTC
Table: 'AFTER WORK(745131066)#0170' 6-max (real money) Seat #4 is the button
Seat 1: SqrLmod (15798, 9€ bounty)
Seat 2: LaBombito (25347, 9€ bounty)
Seat 3: torresmo123 (20699, 13.50€ bounty)
Seat 4: Malotru17 (25470, 9€ bounty)
Seat 5: manuso815 (27009, 9€ bounty)
Seat 6: badtrippp (29977, 9€ bounty)
*** ANTE/BLINDS ***
manuso815 posts ante 40
badtrippp posts ante 40
SqrLmod posts ante 40
LaBombito posts ante 40
torresmo123 posts ante 40
Malotru17 posts ante 40
manuso815 posts small blind 175
badtrippp posts big blind 350
Dealt to torresmo123 [Qh 9h]
*** PRE-FLOP *** 
SqrLmod folds
LaBombito folds
torresmo123 raises 385 to 735
Malotru17 folds
manuso815 folds
badtrippp folds
torresmo123 collected 1500 from pot
*** SUMMARY ***
Total pot 1500 | No rake
Seat 3: torresmo123 won 1500


Winamax Poker - Tournament "AFTER WORK" buyIn: 18€ + 2€ level: 4 - HandId: #3200313559703617707-38-1708114538 - Holdem no limit (40/175/350) - 2024/02/16 20:15:38 UTC
Table: 'AFTER WORK(745131066)#0170' 6-max (real money) Seat #5 is the button
Seat 1: SqrLmod (15758, 9€ bounty)
Seat 2: LaBombito (25307, 9€ bounty)
Seat 3: torresmo123 (21424, 13.50€ bounty)
Seat 4: Malotru17 (25430, 9€ bounty)
Seat 5: manuso815 (26794, 9€ bounty)
Seat 6: badtrippp (29587, 9€ bounty)
*** ANTE/BLINDS ***
badtrippp posts ante 40
SqrLmod posts ante 40
LaBombito posts ante 40
torresmo123 posts ante 40
Malotru17 posts ante 40
manuso815 posts ante 40
badtrippp posts small blind 175
SqrLmod posts big blind 350
Dealt to torresmo123 [8s Qs]
*** PRE-FLOP *** 
LaBombito folds
torresmo123 raises 350 to 700
Malotru17 folds
manuso815 folds
badtrippp raises 2100 to 2800
SqrLmod folds
torresmo123 folds
badtrippp collected 4090 from pot
*** SUMMARY ***
Total pot 4090 | No rake
Seat 6: badtrippp (small blind) won 4090


Winamax Poker - Tournament "AFTER WORK" buyIn: 18€ + 2€ level: 4 - HandId: #3200313559703617707-39-1708114616 - Holdem no limit (40/175/350) - 2024/02/16 20:16:56 UTC
Table: 'AFTER WORK(745131066)#0170' 6-max (real money) Seat #6 is the button
Seat 1: SqrLmod (15368, 9€ bounty)
Seat 2: LaBombito (25267, 9€ bounty)
Seat 3: torresmo123 (20684, 13.50€ bounty)
Seat 4: Malotru17 (25390, 9€ bounty)
Seat 5: manuso815 (26754, 9€ bounty)
Seat 6: badtrippp (30837, 9€ bounty)
*** ANTE/BLINDS ***
SqrLmod posts ante 40
LaBombito posts ante 40
torresmo123 posts ante 40
Malotru17 posts ante 40
manuso815 posts ante 40
badtrippp posts ante 40
SqrLmod posts small blind 175
LaBombito posts big blind 350
Dealt to torresmo123 [6d Tc]
*** PRE-FLOP *** 
torresmo123 folds
Malotru17 raises 525 to 875
manuso815 folds
badtrippp folds
SqrLmod folds
LaBombito folds
Malotru17 collected 1640 from pot
*** SUMMARY ***
Total pot 1640 | No rake
Seat 4: Malotru17 won 1640


Winamax Poker - Tournament "AFTER WORK" buyIn: 18€ + 2€ level: 5 - HandId: #3200313559703617707-40-1708114651 - Holdem no limit (50/200/400) - 2024/02/16 20:17:31 UTC
Table: 'AFTER WORK(745131066)#0170' 6-max (real money) Seat #1 is the button
Seat 1: SqrLmod (15153, 9€ bounty)
Seat 2: LaBombito (24877, 9€ bounty)
Seat 3: torresmo123 (20644, 13.50€ bounty)
Seat 4: Malotru17 (26115, 9€ bounty)
Seat 5: manuso815 (26714, 9€ bounty)
Seat 6: badtrippp (30797, 9€ bounty)
*** ANTE/BLINDS ***
LaBombito posts ante 50
torresmo123 posts ante 50
SqrLmod posts ante 50
Malotru17 posts ante 50
manuso815 posts ante 50
badtrippp posts ante 50
LaBombito posts small blind 200
torresmo123 posts big blind 400
Dealt to torresmo123 [Ah 7c]
*** PRE-FLOP *** 
Malotru17 folds
manuso815 folds
badtrippp folds
SqrLmod raises 400 to 800
LaBombito folds
torresmo123 calls 400
*** FLOP *** [8h As 9s]
torresmo123 checks
SqrLmod bets 600
torresmo123 calls 600
*** TURN *** [8h As 9s][Jc]
torresmo123 checks
SqrLmod checks
*** RIVER *** [8h As 9s Jc][5c]
torresmo123 bets 4125
SqrLmod folds
torresmo123 collected 7425 from pot
*** SUMMARY ***
Total pot 7425 | No rake
Board: [8h As 9s Jc 5c]
Seat 3: torresmo123 (big blind) won 7425


Winamax Poker - Tournament "AFTER WORK" buyIn: 18€ + 2€ level: 5 - HandId: #3200313559703617707-41-1708114755 - Holdem no limit (50/200/400) - 2024/02/16 20:19:15 UTC
Table: 'AFTER WORK(745131066)#0170' 6-max (real money) Seat #2 is the button
Seat 1: SqrLmod (13703, 9€ bounty)
Seat 2: LaBombito (24627, 9€ bounty)
Seat 3: torresmo123 (22494, 13.50€ bounty)
Seat 4: Malotru17 (26065, 9€ bounty)
Seat 5: manuso815 (26664, 9€ bounty)
Seat 6: badtrippp (30747, 9€ bounty)
*** ANTE/BLINDS ***
torresmo123 posts ante 50
Malotru17 posts ante 50
SqrLmod posts ante 50
LaBombito posts ante 50
manuso815 posts ante 50
badtrippp posts ante 50
torresmo123 posts small blind 200
Malotru17 posts big blind 400
Dealt to torresmo123 [Jd Kc]
*** PRE-FLOP *** 
manuso815 folds
badtrippp folds
SqrLmod raises 400 to 800
LaBombito folds
torresmo123 calls 600
Malotru17 folds
*** FLOP *** [8s 7d 6h]
torresmo123 checks
SqrLmod checks
*** TURN *** [8s 7d 6h][4c]
torresmo123 checks
SqrLmod bets 1150
torresmo123 folds
SqrLmod collected 3450 from pot
*** SUMMARY ***
Total pot 3450 | No rake
Board: [8s 7d 6h 4c]
Seat 1: SqrLmod won 3450


Winamax Poker - Tournament "AFTER WORK" buyIn: 18€ + 2€ level: 5 - HandId: #3200313559703617707-42-1708114856 - Holdem no limit (50/200/400) - 2024/02/16 20:20:56 UTC
Table: 'AFTER WORK(745131066)#0170' 6-max (real money) Seat #3 is the button
Seat 1: SqrLmod (15153, 9€ bounty)
Seat 2: LaBombito (24577, 9€ bounty)
Seat 3: torresmo123 (21644, 13.50€ bounty)
Seat 4: Malotru17 (25615, 9€ bounty)
Seat 5: manuso815 (26614, 9€ bounty)
Seat 6: badtrippp (30697, 9€ bounty)
*** ANTE/BLINDS ***
Malotru17 posts ante 50
manuso815 posts ante 50
SqrLmod posts ante 50
LaBombito posts ante 50
torresmo123 posts ante 50
badtrippp posts ante 50
Malotru17 posts small blind 200
manuso815 posts big blind 400
Dealt to torresmo123 [7d Qh]
*** PRE-FLOP *** 
badtrippp raises 400 to 800
SqrLmod folds
LaBombito raises 2400 to 3200
torresmo123 folds
Malotru17 folds
manuso815 folds
badtrippp calls 2400
*** FLOP *** [4s 2c 8h]
badtrippp checks
LaBombito bets 2200
badtrippp calls 2200
*** TURN *** [4s 2c 8h][8d]
badtrippp checks
LaBombito bets 6200
badtrippp calls 6200
*** RIVER *** [4s 2c 8h 8d][8s]
badtrippp checks
LaBombito checks
*** SHOW DOWN ***
LaBombito shows [Qc Jh] (Trips of 8)
badtrippp shows [9h 9s] (Full of 8 and 9)
badtrippp collected 24100 from pot
*** SUMMARY ***
Total pot 24100 | No rake
Board: [4s 2c 8h 8d 8s]
Seat 2: LaBombito showed [Qc Jh] and lost with Trips of 8
Seat 6: badtrippp showed [9h 9s] and won 24100 with Full of 8 and 9


Winamax Poker - Tournament "AFTER WORK" buyIn: 18€ + 2€ level: 5 - HandId: #3200313559703617707-43-1708114936 - Holdem no limit (50/200/400) - 2024/02/16 20:22:16 UTC
Table: 'AFTER WORK(745131066)#0170' 6-max (real money) Seat #4 is the button
Seat 1: SqrLmod (15103, 9€ bounty)
Seat 2: LaBombito (12927, 9€ bounty)
Seat 3: torresmo123 (21594, 13.50€ bounty)
Seat 4: Malotru17 (25365, 9€ bounty)
Seat 5: manuso815 (26164, 9€ bounty)
Seat 6: badtrippp (43147, 9€ bounty)
*** ANTE/BLINDS ***
manuso815 posts ante 50
badtrippp posts ante 50
SqrLmod posts ante 50
LaBombito posts ante 50
torresmo123 posts ante 50
Malotru17 posts ante 50
manuso815 posts small blind 200
badtrippp posts big blind 400
Dealt to torresmo123 [Qc Qd]
*** PRE-FLOP *** 
SqrLmod raises 400 to 800
LaBombito folds
torresmo123 raises 1600 to 2400
Malotru17 folds
manuso815 folds
badtrippp folds
SqrLmod calls 1600
*** FLOP *** [7h 7s 2d]
SqrLmod checks
torresmo123 bets 1881
SqrLmod folds
torresmo123 collected 7581 from pot
*** SUMMARY ***
Total pot 7581 | No rake
Board: [7h 7s 2d]
Seat 3: torresmo123 won 7581


Winamax Poker - Tournament "AFTER WORK" buyIn: 18€ + 2€ level: 5 - HandId: #3200313559703617707-44-1708115000 - Holdem no limit (50/200/400) - 2024/02/16 20:23:20 UTC
Table: 'AFTER WORK(745131066)#0170' 6-max (real money) Seat #5 is the button
Seat 1: SqrLmod (12653, 9€ bounty)
Seat 2: LaBombito (12877, 9€ bounty)
Seat 3: torresmo123 (24844, 13.50€ bounty)
Seat 4: Malotru17 (25315, 9€ bounty)
Seat 5: manuso815 (25914, 9€ bounty)
Seat 6: badtrippp (42697, 9€ bounty)
*** ANTE/BLINDS ***
badtrippp posts ante 50
SqrLmod posts ante 50
LaBombito posts ante 50
torresmo123 posts ante 50
Malotru17 posts ante 50
manuso815 posts ante 50
badtrippp posts small blind 200
SqrLmod posts big blind 400
Dealt to torresmo123 [5c 8d]
*** PRE-FLOP *** 
LaBombito folds
torresmo123 folds
Malotru17 folds
manuso815 folds
badtrippp raises 1000 to 1400
SqrLmod raises 11203 to 12603 and is all-in
badtrippp folds
SqrLmod collected 14303 from pot
*** SUMMARY ***
Total pot 14303 | No rake
Seat 1: SqrLmod (big blind) won 14303


Winamax Poker - Tournament "AFTER WORK" buyIn: 18€ + 2€ level: 5 - HandId: #3200313559703617707-45-1708115025 - Holdem no limit (50/200/400) - 2024/02/16 20:23:45 UTC
Table: 'AFTER WORK(745131066)#0170' 6-max (real money) Seat #6 is the button
Seat 1: SqrLmod (14303, 9€ bounty)
Seat 2: LaBombito (12827, 9€ bounty)
Seat 3: torresmo123 (24794, 13.50€ bounty)
Seat 4: Malotru17 (25265, 9€ bounty)
Seat 5: manuso815 (25864, 9€ bounty)
Seat 6: badtrippp (41247, 9€ bounty)
*** ANTE/BLINDS ***
SqrLmod posts ante 50
LaBombito posts ante 50
torresmo123 posts ante 50
Malotru17 posts ante 50
manuso815 posts ante 50
badtrippp posts ante 50
SqrLmod posts small blind 200
LaBombito posts big blind 400
Dealt to torresmo123 [3c 9h]
*** PRE-FLOP *** 
torresmo123 folds
Malotru17 folds
manuso815 folds
badtrippp raises 400 to 800
SqrLmod folds
LaBombito calls 400
*** FLOP *** [Ts 5s Qc]
LaBombito checks
badtrippp checks
*** TURN *** [Ts 5s Qc][Ac]
LaBombito checks
badtrippp bets 1050
LaBombito calls 1050
*** RIVER *** [Ts 5s Qc Ac][6s]
LaBombito checks
badtrippp bets 2100
LaBombito raises 4725 to 6825
badtrippp folds
LaBombito collected 13125 from pot
*** SUMMARY ***
Total pot 13125 | No rake
Board: [Ts 5s Qc Ac 6s]
Seat 2: LaBombito (big blind) won 13125


Winamax Poker - Tournament "AFTER WORK" buyIn: 18€ + 2€ level: 6 - HandId: #3200313559703617707-46-1708115115 - Holdem no limit (60/250/500) - 2024/02/16 20:25:15 UTC
Table: 'AFTER WORK(745131066)#0170' 6-max (real money) Seat #1 is the button
Seat 1: SqrLmod (14053, 9€ bounty)
Seat 2: LaBombito (17227, 9€ bounty)
Seat 3: torresmo123 (24744, 13.50€ bounty)
Seat 4: Malotru17 (25215, 9€ bounty)
Seat 5: manuso815 (25814, 9€ bounty)
Seat 6: badtrippp (37247, 9€ bounty)
*** ANTE/BLINDS ***
LaBombito posts ante 60
torresmo123 posts ante 60
SqrLmod posts ante 60
Malotru17 posts ante 60
manuso815 posts ante 60
badtrippp posts ante 60
LaBombito posts small blind 250
torresmo123 posts big blind 500
Dealt to torresmo123 [Ts 6c]
*** PRE-FLOP *** 
Malotru17 folds
manuso815 folds
badtrippp folds
SqrLmod raises 500 to 1000
LaBombito folds
torresmo123 calls 500
*** FLOP *** [8c Qc Kh]
torresmo123 checks
SqrLmod bets 653
torresmo123 folds
SqrLmod collected 3263 from pot
*** SUMMARY ***
Total pot 3263 | No rake
Board: [8c Qc Kh]
Seat 1: SqrLmod (button) won 3263


Winamax Poker - Tournament "AFTER WORK" buyIn: 18€ + 2€ level: 6 - HandId: #3200313559703617707-47-1708115169 - Holdem no limit (60/250/500) - 2024/02/16 20:26:09 UTC
Table: 'AFTER WORK(745131066)#0170' 6-max (real money) Seat #2 is the button
Seat 1: SqrLmod (15603, 9€ bounty)
Seat 2: LaBombito (16917, 9€ bounty)
Seat 3: torresmo123 (23684, 13.50€ bounty)
Seat 4: Malotru17 (25155, 9€ bounty)
Seat 5: manuso815 (25754, 9€ bounty)
Seat 6: badtrippp (37187, 9€ bounty)
*** ANTE/BLINDS ***
torresmo123 posts ante 60
Malotru17 posts ante 60
SqrLmod posts ante 60
LaBombito posts ante 60
manuso815 posts ante 60
badtrippp posts ante 60
torresmo123 posts small blind 250
Malotru17 posts big blind 500
Dealt to torresmo123 [4s Qd]
*** PRE-FLOP *** 
manuso815 folds
badtrippp raises 500 to 1000
SqrLmod folds
LaBombito folds
torresmo123 folds
Malotru17 calls 500
*** FLOP *** [8c 3s Ac]
Malotru17 checks
badtrippp bets 783
Malotru17 calls 783
*** TURN *** [8c 3s Ac][Jd]
Malotru17 checks
badtrippp checks
*** RIVER *** [8c 3s Ac Jd][Ad]
Malotru17 bets 1462
badtrippp raises 3038 to 4500
Malotru17 calls 3038
*** SHOW DOWN ***
badtrippp shows [7s 6s] (One pair : Aces)
Malotru17 shows [Js Ks] (Two pairs : Aces and Jacks)
Malotru17 collected 13176 from pot
*** SUMMARY ***
Total pot 13176 | No rake
Board: [8c 3s Ac Jd Ad]
Seat 4: Malotru17 (big blind) showed [Js Ks] and won 13176 with Two pairs : Aces and Jacks
Seat 6: badtrippp showed [7s 6s] and lost with One pair : Aces


Winamax Poker - Tournament "AFTER WORK" buyIn: 18€ + 2€ level: 6 - HandId: #3200313559703617707-48-1708115228 - Holdem no limit (60/250/500) - 2024/02/16 20:27:08 UTC
Table: 'AFTER WORK(745131066)#0170' 6-max (real money) Seat #3 is the button
Seat 1: SqrLmod (15543, 9€ bounty)
Seat 2: LaBombito (16857, 9€ bounty)
Seat 3: torresmo123 (23374, 13.50€ bounty)
Seat 4: Malotru17 (31988, 9€ bounty)
Seat 5: manuso815 (25694, 9€ bounty)
Seat 6: badtrippp (30844, 9€ bounty)
*** ANTE/BLINDS ***
Malotru17 posts ante 60
manuso815 posts ante 60
SqrLmod posts ante 60
LaBombito posts ante 60
torresmo123 posts ante 60
badtrippp posts ante 60
Malotru17 posts small blind 250
manuso815 posts big blind 500
Dealt to torresmo123 [Kd Qc]
*** PRE-FLOP *** 
badtrippp folds
SqrLmod folds
LaBombito folds
torresmo123 raises 625 to 1125
Malotru17 folds
manuso815 calls 625
*** FLOP *** [Qs 2h Tc]
manuso815 checks
torresmo123 bets 572
manuso815 calls 572
*** TURN *** [Qs 2h Tc][Ah]
manuso815 checks
torresmo123 bets 2643
manuso815 calls 2643
*** RIVER *** [Qs 2h Tc Ah][7s]
manuso815 checks
torresmo123 checks
*** SHOW DOWN ***
manuso815 shows [9h 7h] (One pair : 7)
torresmo123 shows [Kd Qc] (One pair : Queens)
torresmo123 collected 9290 from pot
*** SUMMARY ***
Total pot 9290 | No rake
Board: [Qs 2h Tc Ah 7s]
Seat 3: torresmo123 (button) showed [Kd Qc] and won 9290 with One pair : Queens
Seat 5: manuso815 (big blind) showed [9h 7h] and lost with One pair : 7


Winamax Poker - Tournament "AFTER WORK" buyIn: 18€ + 2€ level: 6 - HandId: #3200313559703617707-49-1708115290 - Holdem no limit (60/250/500) - 2024/02/16 20:28:10 UTC
Table: 'AFTER WORK(745131066)#0170' 6-max (real money) Seat #4 is the button
Seat 1: SqrLmod (15483, 9€ bounty)
Seat 2: LaBombito (16797, 9€ bounty)
Seat 3: torresmo123 (28264, 13.50€ bounty)
Seat 4: Malotru17 (31678, 9€ bounty)
Seat 5: manuso815 (21294, 9€ bounty)
Seat 6: badtrippp (30784, 9€ bounty)
*** ANTE/BLINDS ***
manuso815 posts ante 60
badtrippp posts ante 60
SqrLmod posts ante 60
LaBombito posts ante 60
torresmo123 posts ante 60
Malotru17 posts ante 60
manuso815 posts small blind 250
badtrippp posts big blind 500
Dealt to torresmo123 [Qc Qh]
*** PRE-FLOP *** 
SqrLmod folds
LaBombito folds
torresmo123 raises 550 to 1050
Malotru17 folds
manuso815 folds
badtrippp folds
torresmo123 collected 2160 from pot
*** SUMMARY ***
Total pot 2160 | No rake
Seat 3: torresmo123 won 2160


Winamax Poker - Tournament "AFTER WORK" buyIn: 18€ + 2€ level: 6 - HandId: #3200313559703617707-50-1708115315 - Holdem no limit (60/250/500) - 2024/02/16 20:28:35 UTC
Table: 'AFTER WORK(745131066)#0170' 6-max (real money) Seat #5 is the button
Seat 1: SqrLmod (15423, 9€ bounty)
Seat 2: LaBombito (16737, 9€ bounty)
Seat 3: torresmo123 (29314, 13.50€ bounty)
Seat 4: Malotru17 (31618, 9€ bounty)
Seat 5: manuso815 (20984, 9€ bounty)
Seat 6: badtrippp (30224, 9€ bounty)
*** ANTE/BLINDS ***
badtrippp posts ante 60
SqrLmod posts ante 60
LaBombito posts ante 60
torresmo123 posts ante 60
Malotru17 posts ante 60
manuso815 posts ante 60
badtrippp posts small blind 250
SqrLmod posts big blind 500
Dealt to torresmo123 [9d 7s]
*** PRE-FLOP *** 
LaBombito folds
torresmo123 folds
Malotru17 folds
manuso815 folds
badtrippp calls 250
SqrLmod raises 1250 to 1750
badtrippp calls 1250
*** FLOP *** [Jh Ad Jc]
badtrippp checks
SqrLmod bets 1000
badtrippp calls 1000
*** TURN *** [Jh Ad Jc][5c]
badtrippp checks
SqrLmod checks
*** RIVER *** [Jh Ad Jc 5c][4d]
badtrippp bets 4102
SqrLmod folds
badtrippp collected 9962 from pot
*** SUMMARY ***
Total pot 9962 | No rake
Board: [Jh Ad Jc 5c 4d]
Seat 6: badtrippp (small blind) won 9962


Winamax Poker - Tournament "AFTER WORK" buyIn: 18€ + 2€ level: 6 - HandId: #3200313559703617707-51-1708115386 - Holdem no limit (60/250/500) - 2024/02/16 20:29:46 UTC
Table: 'AFTER WORK(745131066)#0170' 6-max (real money) Seat #6 is the button
Seat 1: SqrLmod (12613, 9€ bounty)
Seat 2: LaBombito (16677, 9€ bounty)
Seat 3: torresmo123 (29254, 13.50€ bounty)
Seat 4: Malotru17 (31558, 9€ bounty)
Seat 5: manuso815 (20924, 9€ bounty)
Seat 6: badtrippp (33274, 9€ bounty)
*** ANTE/BLINDS ***
SqrLmod posts ante 60
LaBombito posts ante 60
torresmo123 posts ante 60
Malotru17 posts ante 60
manuso815 posts ante 60
badtrippp posts ante 60
SqrLmod posts small blind 250
LaBombito posts big blind 500
Dealt to torresmo123 [Js Qc]
*** PRE-FLOP *** 
torresmo123 raises 550 to 1050
Malotru17 folds
manuso815 calls 1050
badtrippp folds
SqrLmod folds
LaBombito folds
*** FLOP *** [Td As 7s]
torresmo123 checks
manuso815 bets 1374
torresmo123 calls 1374
*** TURN *** [Td As 7s][5c]
torresmo123 checks
manuso815 bets 2979
torresmo123 folds
manuso815 collected 8937 from pot
*** SUMMARY ***
Total pot 8937 | No rake
Board: [Td As 7s 5c]
Seat 5: manuso815 won 8937


Winamax Poker - Tournament "AFTER WORK" buyIn: 18€ + 2€ level: 6 - HandId: #3200313559703617707-52-1708115478 - Holdem no limit (60/250/500) - 2024/02/16 20:31:18 UTC
Table: 'AFTER WORK(745131066)#0170' 6-max (real money) Seat #1 is the button
Seat 1: SqrLmod (12303, 9€ bounty)
Seat 2: LaBombito (16117, 9€ bounty)
Seat 3: torresmo123 (26770, 13.50€ bounty)
Seat 4: Malotru17 (31498, 9€ bounty)
Seat 5: manuso815 (24398, 9€ bounty)
Seat 6: badtrippp (33214, 9€ bounty)
*** ANTE/BLINDS ***
LaBombito posts ante 60
torresmo123 posts ante 60
SqrLmod posts ante 60
Malotru17 posts ante 60
manuso815 posts ante 60
badtrippp posts ante 60
LaBombito posts small blind 250
torresmo123 posts big blind 500
Dealt to torresmo123 [4h 8c]
*** PRE-FLOP *** 
Malotru17 folds
manuso815 folds
badtrippp folds
SqrLmod raises 500 to 1000
LaBombito calls 750
torresmo123 folds
*** FLOP *** [7s Ad 4c]
LaBombito bets 1859
SqrLmod folds
LaBombito collected 4719 from pot
*** SUMMARY ***
Total pot 4719 | No rake
Board: [7s Ad 4c]
Seat 2: LaBombito (small blind) won 4719


Winamax Poker - Tournament "AFTER WORK" buyIn: 18€ + 2€ level: 7 - HandId: #3200313559703617707-53-1708115560 - Holdem no limit (70/300/600) - 2024/02/16 20:32:40 UTC
Table: 'AFTER WORK(745131066)#0170' 6-max (real money) Seat #2 is the button
Seat 1: SqrLmod (11243, 9€ bounty)
Seat 2: LaBombito (17917, 9€ bounty)
Seat 3: torresmo123 (26210, 13.50€ bounty)
Seat 4: Malotru17 (31438, 9€ bounty)
Seat 5: manuso815 (24338, 9€ bounty)
Seat 6: badtrippp (33154, 9€ bounty)
*** ANTE/BLINDS ***
torresmo123 posts ante 70
Malotru17 posts ante 70
SqrLmod posts ante 70
LaBombito posts ante 70
manuso815 posts ante 70
badtrippp posts ante 70
torresmo123 posts small blind 300
Malotru17 posts big blind 600
Dealt to torresmo123 [6d 7s]
*** PRE-FLOP *** 
manuso815 raises 900 to 1500
badtrippp folds
SqrLmod folds
LaBombito folds
torresmo123 folds
Malotru17 calls 900
*** FLOP *** [5c 8h 4c]
Malotru17 checks
manuso815 checks
*** TURN *** [5c 8h 4c][3d]
Malotru17 bets 2418
manuso815 calls 2418
*** RIVER *** [5c 8h 4c 3d][9s]
Malotru17 bets 5561
manuso815 folds
Malotru17 collected 14117 from pot
*** SUMMARY ***
Total pot 14117 | No rake
Board: [5c 8h 4c 3d 9s]
Seat 4: Malotru17 (big blind) won 14117


Winamax Poker - Tournament "AFTER WORK" buyIn: 18€ + 2€ level: 7 - HandId: #3200313559703617707-54-1708115628 - Holdem no limit (70/300/600) - 2024/02/16 20:33:48 UTC
Table: 'AFTER WORK(745131066)#0170' 6-max (real money) Seat #3 is the button
Seat 1: SqrLmod (11173, 9€ bounty)
Seat 2: LaBombito (17847, 9€ bounty)
Seat 3: torresmo123 (25840, 13.50€ bounty)
Seat 4: Malotru17 (36006, 9€ bounty)
Seat 5: manuso815 (20350, 9€ bounty)
Seat 6: badtrippp (33084, 9€ bounty)
*** ANTE/BLINDS ***
Malotru17 posts ante 70
manuso815 posts ante 70
SqrLmod posts ante 70
LaBombito posts ante 70
torresmo123 posts ante 70
badtrippp posts ante 70
Malotru17 posts small blind 300
manuso815 posts big blind 600
Dealt to torresmo123 [Qd 9h]
*** PRE-FLOP *** 
badtrippp folds
SqrLmod folds
LaBombito raises 600 to 1200
torresmo123 folds
Malotru17 raises 3420 to 4620
manuso815 folds
LaBombito folds
Malotru17 collected 6840 from pot
*** SUMMARY ***
Total pot 6840 | No rake
Seat 4: Malotru17 (small blind) won 6840


Winamax Poker - Tournament "AFTER WORK" buyIn: 18€ + 2€ level: 7 - HandId: #3200313559703617707-55-1708115669 - Holdem no limit (70/300/600) - 2024/02/16 20:34:29 UTC
Table: 'AFTER WORK(745131066)#0170' 6-max (real money) Seat #4 is the button
Seat 1: SqrLmod (11103, 9€ bounty)
Seat 2: LaBombito (16577, 9€ bounty)
Seat 3: torresmo123 (25770, 13.50€ bounty)
Seat 4: Malotru17 (38156, 9€ bounty)
Seat 5: manuso815 (19680, 9€ bounty)
Seat 6: badtrippp (33014, 9€ bounty)
*** ANTE/BLINDS ***
manuso815 posts ante 70
badtrippp posts ante 70
SqrLmod posts ante 70
LaBombito posts ante 70
torresmo123 posts ante 70
Malotru17 posts ante 70
manuso815 posts small blind 300
badtrippp posts big blind 600
Dealt to torresmo123 [As Jh]
*** PRE-FLOP *** 
SqrLmod folds
LaBombito raises 600 to 1200
torresmo123 raises 1800 to 3000
Malotru17 folds
manuso815 folds
badtrippp folds
LaBombito raises 13507 to 16507 and is all-in
torresmo123 calls 13507
*** FLOP *** [Qd 9s Ac]
*** TURN *** [Qd 9s Ac][Kd]
*** RIVER *** [Qd 9s Ac Kd][Tc]
*** SHOW DOWN ***
LaBombito shows [Kc Kh] (Trips of Kings)
torresmo123 shows [As Jh] (Straight Ace high)
torresmo123 collected 34334 from pot
*** SUMMARY ***
Total pot 34334 | No rake
Board: [Qd 9s Ac Kd Tc]
Seat 2: LaBombito showed [Kc Kh] and lost with Trips of Kings
Seat 3: torresmo123 showed [As Jh] and won 34334 with Straight Ace high


Winamax Poker - Tournament "AFTER WORK" buyIn: 18€ + 2€ level: 7 - HandId: #3200313559703617707-56-1708115706 - Holdem no limit (70/300/600) - 2024/02/16 20:35:06 UTC
Table: 'AFTER WORK(745131066)#0170' 6-max (real money) Seat #5 is the button
Seat 1: SqrLmod (11033, 9€ bounty)
Seat 3: torresmo123 (43527, 18€ bounty)
Seat 4: Malotru17 (38086, 9€ bounty)
Seat 5: manuso815 (19310, 9€ bounty)
Seat 6: badtrippp (32344, 9€ bounty)
*** ANTE/BLINDS ***
badtrippp posts ante 70
SqrLmod posts ante 70
torresmo123 posts ante 70
Malotru17 posts ante 70
manuso815 posts ante 70
badtrippp posts small blind 300
SqrLmod posts big blind 600
Dealt to torresmo123 [4h 8c]
*** PRE-FLOP *** 
torresmo123 folds
Malotru17 raises 900 to 1500
manuso815 folds
badtrippp raises 3300 to 4800
SqrLmod folds
Malotru17 folds
badtrippp collected 7250 from pot
*** SUMMARY ***
Total pot 7250 | No rake
Seat 6: badtrippp (small blind) won 7250


Winamax Poker - Tournament "AFTER WORK" buyIn: 18€ + 2€ level: 7 - HandId: #3200313559703617707-57-1708115750 - Holdem no limit (70/300/600) - 2024/02/16 20:35:50 UTC
Table: 'AFTER WORK(745131066)#0170' 6-max (real money) Seat #6 is the button
Seat 1: SqrLmod (10363, 9€ bounty)
Seat 3: torresmo123 (43457, 18€ bounty)
Seat 4: Malotru17 (36516, 9€ bounty)
Seat 5: manuso815 (19240, 9€ bounty)
Seat 6: badtrippp (34724, 9€ bounty)
*** ANTE/BLINDS ***
SqrLmod posts ante 70
torresmo123 posts ante 70
Malotru17 posts ante 70
manuso815 posts ante 70
badtrippp posts ante 70
SqrLmod posts small blind 300
torresmo123 posts big blind 600
Dealt to torresmo123 [Qh 6d]
*** PRE-FLOP *** 
Malotru17 raises 600 to 1200
manuso815 calls 1200
badtrippp calls 1200
SqrLmod folds
torresmo123 folds
*** FLOP *** [Qd 3h 3s]
Malotru17 checks
manuso815 checks
badtrippp bets 1455
Malotru17 folds
manuso815 calls 1455
*** TURN *** [Qd 3h 3s][5s]
manuso815 checks
badtrippp checks
*** RIVER *** [Qd 3h 3s 5s][7h]
manuso815 checks
badtrippp checks
*** SHOW DOWN ***
badtrippp shows [Ah 8h] (One pair : 3)
manuso815 shows [9s 9h] (Two pairs : 9 and 3)
manuso815 collected 7760 from pot
*** SUMMARY ***
Total pot 7760 | No rake
Board: [Qd 3h 3s 5s 7h]
Seat 5: manuso815 showed [9s 9h] and won 7760 with Two pairs : 9 and 3
Seat 6: badtrippp (button) showed [Ah 8h] and lost with One pair : 3


Winamax Poker - Tournament "AFTER WORK" buyIn: 18€ + 2€ level: 7 - HandId: #3200313559703617707-58-1708115829 - Holdem no limit (70/300/600) - 2024/02/16 20:37:09 UTC
Table: 'AFTER WORK(745131066)#0170' 6-max (real money) Seat #1 is the button
Seat 1: SqrLmod (9993, 9€ bounty)
Seat 3: torresmo123 (42787, 18€ bounty)
Seat 4: Malotru17 (35246, 9€ bounty)
Seat 5: manuso815 (24275, 9€ bounty)
Seat 6: badtrippp (31999, 9€ bounty)
*** ANTE/BLINDS ***
torresmo123 posts ante 70
Malotru17 posts ante 70
SqrLmod posts ante 70
manuso815 posts ante 70
badtrippp posts ante 70
torresmo123 posts small blind 300
Malotru17 posts big blind 600
Dealt to torresmo123 [7d 6c]
*** PRE-FLOP *** 
manuso815 folds
badtrippp folds
SqrLmod folds
torresmo123 calls 300
Malotru17 checks
*** FLOP *** [6s 2h 9c]
torresmo123 bets 600
Malotru17 folds
torresmo123 collected 2150 from pot
*** SUMMARY ***
Total pot 2150 | No rake
Board: [6s 2h 9c]
Seat 3: torresmo123 (small blind) won 2150


Winamax Poker - Tournament "AFTER WORK" buyIn: 18€ + 2€ level: 7 - HandId: #3200313559703617707-59-1708115861 - Holdem no limit (70/300/600) - 2024/02/16 20:37:41 UTC
Table: 'AFTER WORK(745131066)#0170' 6-max (real money) Seat #3 is the button
Seat 1: SqrLmod (9923, 9€ bounty)
Seat 2: TheCyborg. (47674, 18€ bounty)
Seat 3: torresmo123 (43667, 18€ bounty)
Seat 4: Malotru17 (34576, 9€ bounty)
Seat 5: manuso815 (24205, 9€ bounty)
Seat 6: badtrippp (31929, 9€ bounty)
*** ANTE/BLINDS ***
Malotru17 posts ante 70
manuso815 posts ante 70
SqrLmod posts ante 70
TheCyborg. posts ante 70
torresmo123 posts ante 70
badtrippp posts ante 70
Malotru17 posts small blind 300
manuso815 posts big blind 600
Dealt to torresmo123 [6c Ts]
*** PRE-FLOP *** 
badtrippp folds
SqrLmod folds
TheCyborg. folds
torresmo123 folds
Malotru17 folds
manuso815 collected 1320 from pot
*** SUMMARY ***
Total pot 1320 | No rake
Seat 5: manuso815 (big blind) won 1320


Winamax Poker - Tournament "AFTER WORK" buyIn: 18€ + 2€ level: 7 - HandId: #3200313559703617707-60-1708115870 - Holdem no limit (70/300/600) - 2024/02/16 20:37:50 UTC
Table: 'AFTER WORK(745131066)#0170' 6-max (real money) Seat #4 is the button
Seat 1: SqrLmod (9853, 9€ bounty)
Seat 2: TheCyborg. (47604, 18€ bounty)
Seat 3: torresmo123 (43597, 18€ bounty)
Seat 4: Malotru17 (34206, 9€ bounty)
Seat 5: manuso815 (24855, 9€ bounty)
Seat 6: badtrippp (31859, 9€ bounty)
*** ANTE/BLINDS ***
manuso815 posts ante 70
badtrippp posts ante 70
SqrLmod posts ante 70
TheCyborg. posts ante 70
torresmo123 posts ante 70
Malotru17 posts ante 70
manuso815 posts small blind 300
badtrippp posts big blind 600
Dealt to torresmo123 [2h 6s]
*** PRE-FLOP *** 
SqrLmod folds
TheCyborg. folds
torresmo123 folds
Malotru17 folds
manuso815 folds
badtrippp collected 1320 from pot
*** SUMMARY ***
Total pot 1320 | No rake
Seat 6: badtrippp (big blind) won 1320


Winamax Poker - Tournament "AFTER WORK" buyIn: 18€ + 2€ level: 7 - HandId: #3200313559703617707-61-1708115888 - Holdem no limit (70/300/600) - 2024/02/16 20:38:08 UTC
Table: 'AFTER WORK(745131066)#0170' 6-max (real money) Seat #5 is the button
Seat 1: SqrLmod (9783, 9€ bounty)
Seat 2: TheCyborg. (47534, 18€ bounty)
Seat 3: torresmo123 (43527, 18€ bounty)
Seat 4: Malotru17 (34136, 9€ bounty)
Seat 5: manuso815 (24485, 9€ bounty)
Seat 6: badtrippp (32509, 9€ bounty)
*** ANTE/BLINDS ***
badtrippp posts ante 70
SqrLmod posts ante 70
TheCyborg. posts ante 70
torresmo123 posts ante 70
Malotru17 posts ante 70
manuso815 posts ante 70
badtrippp posts small blind 300
SqrLmod posts big blind 600
Dealt to torresmo123 [Ad Qd]
*** PRE-FLOP *** 
TheCyborg. raises 660 to 1260
torresmo123 calls 1260
Malotru17 folds
manuso815 calls 1260
badtrippp folds
SqrLmod calls 660
*** FLOP *** [Kc As Td]
SqrLmod checks
TheCyborg. checks
torresmo123 bets 1901
manuso815 calls 1901
SqrLmod folds
TheCyborg. folds
*** TURN *** [Kc As Td][4c]
torresmo123 bets 6311
manuso815 calls 6311
*** RIVER *** [Kc As Td 4c][7h]
torresmo123 bets 18856
manuso815 folds
torresmo123 collected 41040 from pot
*** SUMMARY ***
Total pot 41040 | No rake
Board: [Kc As Td 4c 7h]
Seat 3: torresmo123 won 41040


Winamax Poker - Tournament "AFTER WORK" buyIn: 18€ + 2€ level: 8 - HandId: #3200313559703617707-62-1708115983 - Holdem no limit (80/350/700) - 2024/02/16 20:39:43 UTC
Table: 'AFTER WORK(745131066)#0170' 6-max (real money) Seat #6 is the button
Seat 1: SqrLmod (8453, 9€ bounty)
Seat 2: TheCyborg. (46204, 18€ bounty)
Seat 3: torresmo123 (56169, 18€ bounty)
Seat 4: Malotru17 (34066, 9€ bounty)
Seat 5: manuso815 (14943, 9€ bounty)
Seat 6: badtrippp (32139, 9€ bounty)
*** ANTE/BLINDS ***
SqrLmod posts ante 80
TheCyborg. posts ante 80
torresmo123 posts ante 80
Malotru17 posts ante 80
manuso815 posts ante 80
badtrippp posts ante 80
SqrLmod posts small blind 350
TheCyborg. posts big blind 700
Dealt to torresmo123 [Qs 8h]
*** PRE-FLOP *** 
torresmo123 folds
Malotru17 folds
manuso815 folds
badtrippp raises 700 to 1400
SqrLmod folds
TheCyborg. calls 700
*** FLOP *** [9d 3h 4d]
TheCyborg. checks
badtrippp checks
*** TURN *** [9d 3h 4d][Ts]
TheCyborg. bets 2432
badtrippp calls 2432
*** RIVER *** [9d 3h 4d Ts][6s]
TheCyborg. bets 5691
badtrippp calls 5691
*** SHOW DOWN ***
TheCyborg. shows [Tc 7s] (One pair : Tens)
badtrippp shows [Td Qh] (One pair : Tens)
badtrippp collected 19876 from pot
*** SUMMARY ***
Total pot 19876 | No rake
Board: [9d 3h 4d Ts 6s]
Seat 2: TheCyborg. (big blind) showed [Tc 7s] and lost with One pair : Tens
Seat 6: badtrippp (button) showed [Td Qh] and won 19876 with One pair : Tens


Winamax Poker - Tournament "AFTER WORK" buyIn: 18€ + 2€ level: 8 - HandId: #3200313559703617707-63-1708116049 - Holdem no limit (80/350/700) - 2024/02/16 20:40:49 UTC
Table: 'AFTER WORK(745131066)#0170' 6-max (real money) Seat #1 is the button
Seat 1: SqrLmod (8023, 9€ bounty)
Seat 2: TheCyborg. (36601, 18€ bounty)
Seat 3: torresmo123 (56089, 18€ bounty)
Seat 4: Malotru17 (33986, 9€ bounty)
Seat 5: manuso815 (14863, 9€ bounty)
Seat 6: badtrippp (42412, 9€ bounty)
*** ANTE/BLINDS ***
TheCyborg. posts ante 80
torresmo123 posts ante 80
SqrLmod posts ante 80
Malotru17 posts ante 80
manuso815 posts ante 80
badtrippp posts ante 80
TheCyborg. posts small blind 350
torresmo123 posts big blind 700
Dealt to torresmo123 [2c Qs]
*** PRE-FLOP *** 
Malotru17 folds
manuso815 folds
badtrippp folds
SqrLmod folds
TheCyborg. raises 1750 to 2450
torresmo123 calls 1750
*** FLOP *** [6s Js 6c]
TheCyborg. bets 1345
torresmo123 calls 1345
*** TURN *** [6s Js 6c][3c]
TheCyborg. checks
torresmo123 bets 6860
TheCyborg. calls 6860
*** RIVER *** [6s Js 6c 3c][Kd]
TheCyborg. checks
torresmo123 checks
*** SHOW DOWN ***
torresmo123 shows [2c Qs] (One pair : 6)
TheCyborg. shows [Ah Qd] (One pair : 6)
TheCyborg. collected 21790 from pot
*** SUMMARY ***
Total pot 21790 | No rake
Board: [6s Js 6c 3c Kd]
Seat 2: TheCyborg. (small blind) showed [Ah Qd] and won 21790 with One pair : 6
Seat 3: torresmo123 (big blind) showed [2c Qs] and lost with One pair : 6


Winamax Poker - Tournament "AFTER WORK" buyIn: 18€ + 2€ level: 8 - HandId: #3200313559703617707-64-1708116208 - Holdem no limit (80/350/700) - 2024/02/16 20:43:28 UTC
Table: 'AFTER WORK(745131066)#0170' 6-max (real money) Seat #2 is the button
Seat 1: SqrLmod (7943, 9€ bounty)
Seat 2: TheCyborg. (47656, 18€ bounty)
Seat 3: torresmo123 (45354, 18€ bounty)
Seat 4: Malotru17 (33906, 9€ bounty)
Seat 5: manuso815 (14783, 9€ bounty)
Seat 6: badtrippp (42332, 9€ bounty)
*** ANTE/BLINDS ***
torresmo123 posts ante 80
Malotru17 posts ante 80
SqrLmod posts ante 80
TheCyborg. posts ante 80
manuso815 posts ante 80
badtrippp posts ante 80
torresmo123 posts small blind 350
Malotru17 posts big blind 700
Dealt to torresmo123 [3s 4h]
*** PRE-FLOP *** 
manuso815 folds
badtrippp folds
SqrLmod folds
TheCyborg. raises 770 to 1470
torresmo123 folds
Malotru17 folds
TheCyborg. collected 3000 from pot
*** SUMMARY ***
Total pot 3000 | No rake
Seat 2: TheCyborg. (button) won 3000


Winamax Poker - Tournament "AFTER WORK" buyIn: 18€ + 2€ level: 8 - HandId: #3200313559703617707-65-1708116231 - Holdem no limit (80/350/700) - 2024/02/16 20:43:51 UTC
Table: 'AFTER WORK(745131066)#0170' 6-max (real money) Seat #3 is the button
Seat 1: SqrLmod (7863, 9€ bounty)
Seat 2: TheCyborg. (49106, 18€ bounty)
Seat 3: torresmo123 (44924, 18€ bounty)
Seat 4: Malotru17 (33126, 9€ bounty)
Seat 5: manuso815 (14703, 9€ bounty)
Seat 6: badtrippp (42252, 9€ bounty)
*** ANTE/BLINDS ***
Malotru17 posts ante 80
manuso815 posts ante 80
SqrLmod posts ante 80
TheCyborg. posts ante 80
torresmo123 posts ante 80
badtrippp posts ante 80
Malotru17 posts small blind 350
manuso815 posts big blind 700
Dealt to torresmo123 [Td 4c]
*** PRE-FLOP *** 
badtrippp folds
SqrLmod folds
TheCyborg. folds
torresmo123 folds
Malotru17 folds
manuso815 collected 1530 from pot
*** SUMMARY ***
Total pot 1530 | No rake
Seat 5: manuso815 (big blind) won 1530


Winamax Poker - Tournament "AFTER WORK" buyIn: 18€ + 2€ level: 8 - HandId: #3200313559703617707-66-1708116249 - Holdem no limit (80/350/700) - 2024/02/16 20:44:09 UTC
Table: 'AFTER WORK(745131066)#0170' 6-max (real money) Seat #4 is the button
Seat 1: SqrLmod (7783, 9€ bounty)
Seat 2: TheCyborg. (49026, 18€ bounty)
Seat 3: torresmo123 (44844, 18€ bounty)
Seat 4: Malotru17 (32696, 9€ bounty)
Seat 5: manuso815 (15453, 9€ bounty)
Seat 6: badtrippp (42172, 9€ bounty)
*** ANTE/BLINDS ***
manuso815 posts ante 80
badtrippp posts ante 80
SqrLmod posts ante 80
TheCyborg. posts ante 80
torresmo123 posts ante 80
Malotru17 posts ante 80
manuso815 posts small blind 350
badtrippp posts big blind 700
Dealt to torresmo123 [Kd 5c]
*** PRE-FLOP *** 
SqrLmod folds
TheCyborg. folds
torresmo123 folds
Malotru17 folds
manuso815 calls 350
badtrippp raises 41392 to 42092 and is all-in
manuso815 folds
badtrippp collected 43272 from pot
*** SUMMARY ***
Total pot 43272 | No rake
Seat 6: badtrippp (big blind) won 43272


Winamax Poker - Tournament "AFTER WORK" buyIn: 18€ + 2€ level: 8 - HandId: #3200313559703617707-67-1708116281 - Holdem no limit (80/350/700) - 2024/02/16 20:44:41 UTC
Table: 'AFTER WORK(745131066)#0170' 6-max (real money) Seat #5 is the button
Seat 1: SqrLmod (7703, 9€ bounty)
Seat 2: TheCyborg. (48946, 18€ bounty)
Seat 3: torresmo123 (44764, 18€ bounty)
Seat 4: Malotru17 (32616, 9€ bounty)
Seat 5: manuso815 (14673, 9€ bounty)
Seat 6: badtrippp (43272, 9€ bounty)
*** ANTE/BLINDS ***
badtrippp posts ante 80
SqrLmod posts ante 80
TheCyborg. posts ante 80
torresmo123 posts ante 80
Malotru17 posts ante 80
manuso815 posts ante 80
badtrippp posts small blind 350
SqrLmod posts big blind 700
Dealt to torresmo123 [2c Ah]
*** PRE-FLOP *** 
TheCyborg. folds
torresmo123 folds
Malotru17 folds
manuso815 raises 1400 to 2100
badtrippp calls 1750
SqrLmod folds
*** FLOP *** [Tc 3d Ad]
badtrippp checks
manuso815 checks
*** TURN *** [Tc 3d Ad][4c]
badtrippp bets 6725
manuso815 raises 5768 to 12493 and is all-in
badtrippp calls 5768
*** RIVER *** [Tc 3d Ad 4c][9d]
*** SHOW DOWN ***
badtrippp shows [Qc 9c] (One pair : 9)
manuso815 shows [As 7d] (One pair : Aces)
manuso815 collected 30366 from pot
*** SUMMARY ***
Total pot 30366 | No rake
Board: [Tc 3d Ad 4c 9d]
Seat 5: manuso815 (button) showed [As 7d] and won 30366 with One pair : Aces
Seat 6: badtrippp (small blind) showed [Qc 9c] and lost with One pair : 9


Winamax Poker - Tournament "AFTER WORK" buyIn: 18€ + 2€ level: 9 - HandId: #3200313559703617707-68-1708116340 - Holdem no limit (100/400/800) - 2024/02/16 20:45:40 UTC
Table: 'AFTER WORK(745131066)#0170' 6-max (real money) Seat #6 is the button
Seat 1: SqrLmod (6923, 9€ bounty)
Seat 2: TheCyborg. (48866, 18€ bounty)
Seat 3: torresmo123 (44684, 18€ bounty)
Seat 4: Malotru17 (32536, 9€ bounty)
Seat 5: manuso815 (30366, 9€ bounty)
Seat 6: badtrippp (28599, 9€ bounty)
*** ANTE/BLINDS ***
SqrLmod posts ante 100
TheCyborg. posts ante 100
torresmo123 posts ante 100
Malotru17 posts ante 100
manuso815 posts ante 100
badtrippp posts ante 100
SqrLmod posts small blind 400
TheCyborg. posts big blind 800
Dealt to torresmo123 [9d 7d]
*** PRE-FLOP *** 
torresmo123 folds
Malotru17 raises 1200 to 2000
manuso815 folds
badtrippp folds
SqrLmod folds
TheCyborg. calls 1200
*** FLOP *** [As Qc Js]
TheCyborg. checks
Malotru17 bets 1750
TheCyborg. folds
Malotru17 collected 6750 from pot
*** SUMMARY ***
Total pot 6750 | No rake
Board: [As Qc Js]
Seat 4: Malotru17 won 6750


Winamax Poker - Tournament "AFTER WORK" buyIn: 18€ + 2€ level: 9 - HandId: #3200313559703617707-69-1708116378 - Holdem no limit (100/400/800) - 2024/02/16 20:46:18 UTC
Table: 'AFTER WORK(745131066)#0170' 6-max (real money) Seat #1 is the button
Seat 1: SqrLmod (6423, 9€ bounty)
Seat 2: TheCyborg. (46766, 18€ bounty)
Seat 3: torresmo123 (44584, 18€ bounty)
Seat 4: Malotru17 (35436, 9€ bounty)
Seat 5: manuso815 (30266, 9€ bounty)
Seat 6: badtrippp (28499, 9€ bounty)
*** ANTE/BLINDS ***
TheCyborg. posts ante 100
torresmo123 posts ante 100
SqrLmod posts ante 100
Malotru17 posts ante 100
manuso815 posts ante 100
badtrippp posts ante 100
TheCyborg. posts small blind 400
torresmo123 posts big blind 800
Dealt to torresmo123 [Qc 7d]
*** PRE-FLOP *** 
Malotru17 raises 800 to 1600
manuso815 calls 1600
badtrippp calls 1600
SqrLmod folds
TheCyborg. folds
torresmo123 folds
*** FLOP *** [5s Jd 6d]
Malotru17 bets 4290
manuso815 folds
badtrippp calls 4290
*** TURN *** [5s Jd 6d][5c]
Malotru17 bets 9867
badtrippp calls 9867
*** RIVER *** [5s Jd 6d 5c][Ts]
Malotru17 bets 13004
badtrippp folds
Malotru17 collected 47918 from pot
*** SUMMARY ***
Total pot 47918 | No rake
Board: [5s Jd 6d 5c Ts]
Seat 4: Malotru17 won 47918


Winamax Poker - Tournament "AFTER WORK" buyIn: 18€ + 2€ level: 9 - HandId: #3200313559703617707-70-1708116463 - Holdem no limit (100/400/800) - 2024/02/16 20:47:43 UTC
Table: 'AFTER WORK(745131066)#0170' 6-max (real money) Seat #2 is the button
Seat 1: SqrLmod (6323, 9€ bounty)
Seat 2: TheCyborg. (46266, 18€ bounty)
Seat 3: torresmo123 (43684, 18€ bounty)
Seat 4: Malotru17 (54493, 9€ bounty)
Seat 5: manuso815 (28566, 9€ bounty)
Seat 6: badtrippp (12642, 9€ bounty)
*** ANTE/BLINDS ***
torresmo123 posts ante 100
Malotru17 posts ante 100
SqrLmod posts ante 100
TheCyborg. posts ante 100
manuso815 posts ante 100
badtrippp posts ante 100
torresmo123 posts small blind 400
Malotru17 posts big blind 800
Dealt to torresmo123 [Qh 9h]
*** PRE-FLOP *** 
manuso815 calls 800
badtrippp folds
SqrLmod folds
TheCyborg. raises 2000 to 2800
torresmo123 folds
Malotru17 folds
manuso815 calls 2000
*** FLOP *** [4h Kc 2h]
manuso815 checks
TheCyborg. bets 1850
manuso815 calls 1850
*** TURN *** [4h Kc 2h][7d]
manuso815 checks
TheCyborg. bets 3663
manuso815 calls 3663
*** RIVER *** [4h Kc 2h 7d][2s]
manuso815 checks
TheCyborg. checks
*** SHOW DOWN ***
TheCyborg. shows [As 7s] (Two pairs : 7 and 2)
manuso815 shows [Jd Jh] (Two pairs : Jacks and 2)
manuso815 collected 18426 from pot
*** SUMMARY ***
Total pot 18426 | No rake
Board: [4h Kc 2h 7d 2s]
Seat 2: TheCyborg. (button) showed [As 7s] and lost with Two pairs : 7 and 2
Seat 5: manuso815 showed [Jd Jh] and won 18426 with Two pairs : Jacks and 2


Winamax Poker - Tournament "AFTER WORK" buyIn: 18€ + 2€ level: 9 - HandId: #3200313559703617707-71-1708116537 - Holdem no limit (100/400/800) - 2024/02/16 20:48:57 UTC
Table: 'AFTER WORK(745131066)#0170' 6-max (real money) Seat #3 is the button
Seat 1: SqrLmod (6223, 9€ bounty)
Seat 2: TheCyborg. (37853, 18€ bounty)
Seat 3: torresmo123 (43184, 18€ bounty)
Seat 4: Malotru17 (53593, 9€ bounty)
Seat 5: manuso815 (38579, 9€ bounty)
Seat 6: badtrippp (12542, 9€ bounty)
*** ANTE/BLINDS ***
Malotru17 posts ante 100
manuso815 posts ante 100
SqrLmod posts ante 100
TheCyborg. posts ante 100
torresmo123 posts ante 100
badtrippp posts ante 100
Malotru17 posts small blind 400
manuso815 posts big blind 800
Dealt to torresmo123 [9h As]
*** PRE-FLOP *** 
badtrippp folds
SqrLmod raises 5323 to 6123 and is all-in
TheCyborg. raises 31630 to 37753 and is all-in
torresmo123 folds
Malotru17 folds
manuso815 folds
*** FLOP *** [5h 6c 4d]
*** TURN *** [5h 6c 4d][Jh]
*** RIVER *** [5h 6c 4d Jh][6d]
*** SHOW DOWN ***
SqrLmod shows [Kd 9s] (One pair : 6)
TheCyborg. shows [Kc Ad] (One pair : 6)
TheCyborg. collected 45676 from pot
*** SUMMARY ***
Total pot 45676 | No rake
Board: [5h 6c 4d Jh 6d]
Seat 1: SqrLmod showed [Kd 9s] and lost with One pair : 6
Seat 2: TheCyborg. showed [Kc Ad] and won 45676 with One pair : 6


Winamax Poker - Tournament "AFTER WORK" buyIn: 18€ + 2€ level: 9 - HandId: #3200313559703617707-72-1708116577 - Holdem no limit (100/400/800) - 2024/02/16 20:49:37 UTC
Table: 'AFTER WORK(745131066)#0170' 6-max (real money) Seat #4 is the button
Seat 2: TheCyborg. (45676, 22.50€ bounty)
Seat 3: torresmo123 (43084, 18€ bounty)
Seat 4: Malotru17 (53093, 9€ bounty)
Seat 5: manuso815 (37679, 9€ bounty)
Seat 6: badtrippp (12442, 9€ bounty)
*** ANTE/BLINDS ***
manuso815 posts ante 100
badtrippp posts ante 100
TheCyborg. posts ante 100
torresmo123 posts ante 100
Malotru17 posts ante 100
manuso815 posts small blind 400
badtrippp posts big blind 800
Dealt to torresmo123 [9d Jh]
*** PRE-FLOP *** 
TheCyborg. folds
torresmo123 raises 880 to 1680
Malotru17 folds
manuso815 calls 1280
badtrippp calls 880
*** FLOP *** [Qs 9h Ad]
manuso815 checks
badtrippp checks
torresmo123 checks
*** TURN *** [Qs 9h Ad][Ts]
manuso815 checks
badtrippp checks
torresmo123 checks
*** RIVER *** [Qs 9h Ad Ts][8h]
manuso815 bets 1600
badtrippp calls 1600
torresmo123 calls 1600
*** SHOW DOWN ***
manuso815 shows [Qd Qh] (Trips of Queens)
badtrippp shows [4h Th] (One pair : Tens)
torresmo123 shows [9d Jh] (Straight Queen high)
torresmo123 collected 10340 from pot
*** SUMMARY ***
Total pot 10340 | No rake
Board: [Qs 9h Ad Ts 8h]
Seat 3: torresmo123 showed [9d Jh] and won 10340 with Straight Queen high
Seat 5: manuso815 (small blind) showed [Qd Qh] and lost with Trips of Queens
Seat 6: badtrippp (big blind) showed [4h Th] and lost with One pair : Tens


Winamax Poker - Tournament "AFTER WORK" buyIn: 18€ + 2€ level: 9 - HandId: #3200313559703617599-99-1708116706 - Holdem no limit (100/400/800) - 2024/02/16 20:51:46 UTC
Table: 'AFTER WORK(745131066)#0062' 6-max (real money) Seat #1 is the button
Seat 1: GrOlux7 (56594, 18€ bounty)
Seat 2: MyDngDngDong (37888, 22.50€ bounty)
Seat 3: michel_ah89 (77922, 18€ bounty)
Seat 4: torresmo123 (50044, 18€ bounty)
Seat 5: yoogg (13748, 9€ bounty)
Seat 6: pound4pound (35282, 9€ bounty)
*** ANTE/BLINDS ***
MyDngDngDong posts ante 100
michel_ah89 posts ante 100
GrOlux7 posts ante 100
torresmo123 posts ante 100
yoogg posts ante 100
pound4pound posts ante 100
MyDngDngDong posts small blind 400
michel_ah89 posts big blind 800
Dealt to torresmo123 [7h 6c]
*** PRE-FLOP *** 
torresmo123 folds
yoogg folds
pound4pound folds
GrOlux7 folds
MyDngDngDong raises 2000 to 2800
michel_ah89 calls 2000
*** FLOP *** [Ah 9d 3c]
MyDngDngDong bets 2000
michel_ah89 calls 2000
*** TURN *** [Ah 9d 3c][8h]
MyDngDngDong checks
michel_ah89 checks
*** RIVER *** [Ah 9d 3c 8h][9h]
MyDngDngDong checks
michel_ah89 checks
*** SHOW DOWN ***
michel_ah89 shows [Kd Tc] (One pair : 9)
MyDngDngDong shows [Js Ks] (One pair : 9)
MyDngDngDong collected 10200 from pot
*** SUMMARY ***
Total pot 10200 | No rake
Board: [Ah 9d 3c 8h 9h]
Seat 2: MyDngDngDong (small blind) showed [Js Ks] and won 10200 with One pair : 9
Seat 3: michel_ah89 (big blind) showed [Kd Tc] and lost with One pair : 9


Winamax Poker - Tournament "AFTER WORK" buyIn: 18€ + 2€ level: 10 - HandId: #3200313559703617599-100-1708116769 - Holdem no limit (120/500/1000) - 2024/02/16 20:52:49 UTC
Table: 'AFTER WORK(745131066)#0062' 6-max (real money) Seat #2 is the button
Seat 1: GrOlux7 (56494, 18€ bounty)
Seat 2: MyDngDngDong (43188, 22.50€ bounty)
Seat 3: michel_ah89 (73022, 18€ bounty)
Seat 4: torresmo123 (49944, 18€ bounty)
Seat 5: yoogg (13648, 9€ bounty)
Seat 6: pound4pound (35182, 9€ bounty)
*** ANTE/BLINDS ***
michel_ah89 posts ante 120
torresmo123 posts ante 120
GrOlux7 posts ante 120
MyDngDngDong posts ante 120
yoogg posts ante 120
pound4pound posts ante 120
michel_ah89 posts small blind 500
torresmo123 posts big blind 1000
Dealt to torresmo123 [9s 8h]
*** PRE-FLOP *** 
yoogg folds
pound4pound folds
GrOlux7 folds
MyDngDngDong raises 1000 to 2000
michel_ah89 folds
torresmo123 calls 1000
*** FLOP *** [3d 7h 6d]
torresmo123 checks
MyDngDngDong checks
*** TURN *** [3d 7h 6d][7c]
torresmo123 bets 6525
MyDngDngDong folds
torresmo123 collected 11745 from pot
*** SUMMARY ***
Total pot 11745 | No rake
Board: [3d 7h 6d 7c]
Seat 4: torresmo123 (big blind) won 11745


Winamax Poker - Tournament "AFTER WORK" buyIn: 18€ + 2€ level: 10 - HandId: #3200313559703617599-101-1708116828 - Holdem no limit (120/500/1000) - 2024/02/16 20:53:48 UTC
Table: 'AFTER WORK(745131066)#0062' 6-max (real money) Seat #3 is the button
Seat 1: GrOlux7 (56374, 18€ bounty)
Seat 2: MyDngDngDong (41068, 22.50€ bounty)
Seat 3: michel_ah89 (72402, 18€ bounty)
Seat 4: torresmo123 (53044, 18€ bounty)
Seat 5: yoogg (13528, 9€ bounty)
Seat 6: pound4pound (35062, 9€ bounty)
*** ANTE/BLINDS ***
torresmo123 posts ante 120
yoogg posts ante 120
GrOlux7 posts ante 120
MyDngDngDong posts ante 120
michel_ah89 posts ante 120
pound4pound posts ante 120
torresmo123 posts small blind 500
yoogg posts big blind 1000
Dealt to torresmo123 [5h 7h]
*** PRE-FLOP *** 
pound4pound folds
GrOlux7 folds
MyDngDngDong folds
michel_ah89 folds
torresmo123 raises 51924 to 52924 and is all-in
yoogg folds
torresmo123 collected 54644 from pot
*** SUMMARY ***
Total pot 54644 | No rake
Seat 4: torresmo123 (small blind) won 54644


Winamax Poker - Tournament "AFTER WORK" buyIn: 18€ + 2€ level: 10 - HandId: #3200313559703617599-102-1708116861 - Holdem no limit (120/500/1000) - 2024/02/16 20:54:21 UTC
Table: 'AFTER WORK(745131066)#0062' 6-max (real money) Seat #4 is the button
Seat 1: GrOlux7 (56254, 18€ bounty)
Seat 2: MyDngDngDong (40948, 22.50€ bounty)
Seat 3: michel_ah89 (72282, 18€ bounty)
Seat 4: torresmo123 (54644, 18€ bounty)
Seat 5: yoogg (12408, 9€ bounty)
Seat 6: pound4pound (34942, 9€ bounty)
*** ANTE/BLINDS ***
yoogg posts ante 120
pound4pound posts ante 120
GrOlux7 posts ante 120
MyDngDngDong posts ante 120
michel_ah89 posts ante 120
torresmo123 posts ante 120
yoogg posts small blind 500
pound4pound posts big blind 1000
Dealt to torresmo123 [5s 8s]
*** PRE-FLOP *** 
GrOlux7 folds
MyDngDngDong folds
michel_ah89 raises 1000 to 2000
torresmo123 folds
yoogg raises 10288 to 12288 and is all-in
pound4pound folds
michel_ah89 calls 10288
*** FLOP *** [8c 9c 8h]
*** TURN *** [8c 9c 8h][4c]
*** RIVER *** [8c 9c 8h 4c][2d]
*** SHOW DOWN ***
michel_ah89 shows [Kc Jd] (One pair : 8)
yoogg shows [Kd Qc] (One pair : 8)
yoogg collected 26296 from pot
*** SUMMARY ***
Total pot 26296 | No rake
Board: [8c 9c 8h 4c 2d]
Seat 3: michel_ah89 showed [Kc Jd] and lost with One pair : 8
Seat 5: yoogg (small blind) showed [Kd Qc] and won 26296 with One pair : 8


Winamax Poker - Tournament "AFTER WORK" buyIn: 18€ + 2€ level: 10 - HandId: #3200313559703617599-103-1708117261 - Holdem no limit (120/500/1000) - 2024/02/16 21:01:01 UTC
Table: 'AFTER WORK(745131066)#0062' 6-max (real money) Seat #5 is the button
Seat 1: GrOlux7 (56134, 18€ bounty)
Seat 2: MyDngDngDong (40828, 22.50€ bounty)
Seat 3: michel_ah89 (59874, 18€ bounty)
Seat 4: torresmo123 (54524, 18€ bounty)
Seat 5: yoogg (26296, 9€ bounty)
Seat 6: pound4pound (33822, 9€ bounty)
*** ANTE/BLINDS ***
pound4pound posts ante 120
GrOlux7 posts ante 120
MyDngDngDong posts ante 120
michel_ah89 posts ante 120
torresmo123 posts ante 120
yoogg posts ante 120
pound4pound posts small blind 500
GrOlux7 posts big blind 1000
Dealt to torresmo123 [Jd 7s]
*** PRE-FLOP *** 
MyDngDngDong folds
michel_ah89 folds
torresmo123 folds
yoogg raises 1000 to 2000
pound4pound folds
GrOlux7 calls 1000
*** FLOP *** [Ad 3d 5d]
GrOlux7 checks
yoogg checks
*** TURN *** [Ad 3d 5d][2h]
GrOlux7 bets 2871
yoogg calls 2871
*** RIVER *** [Ad 3d 5d 2h][Jc]
GrOlux7 bets 6029
yoogg calls 6029
*** SHOW DOWN ***
GrOlux7 shows [5s 3h] (Two pairs : 5 and 3)
yoogg shows [4c As] (Straight 5 high)
yoogg collected 23020 from pot
*** SUMMARY ***
Total pot 23020 | No rake
Board: [Ad 3d 5d 2h Jc]
Seat 1: GrOlux7 (big blind) showed [5s 3h] and lost with Two pairs : 5 and 3
Seat 5: yoogg (button) showed [4c As] and won 23020 with Straight 5 high


Winamax Poker - Tournament "AFTER WORK" buyIn: 18€ + 2€ level: 10 - HandId: #3200313559703617599-104-1708117342 - Holdem no limit (120/500/1000) - 2024/02/16 21:02:22 UTC
Table: 'AFTER WORK(745131066)#0062' 6-max (real money) Seat #6 is the button
Seat 1: GrOlux7 (45114, 18€ bounty)
Seat 2: MyDngDngDong (40708, 22.50€ bounty)
Seat 3: michel_ah89 (59754, 18€ bounty)
Seat 4: torresmo123 (54404, 18€ bounty)
Seat 5: yoogg (38296, 9€ bounty)
Seat 6: pound4pound (33202, 9€ bounty)
*** ANTE/BLINDS ***
GrOlux7 posts ante 120
MyDngDngDong posts ante 120
michel_ah89 posts ante 120
torresmo123 posts ante 120
yoogg posts ante 120
pound4pound posts ante 120
GrOlux7 posts small blind 500
MyDngDngDong posts big blind 1000
Dealt to torresmo123 [Js 2c]
*** PRE-FLOP *** 
michel_ah89 folds
torresmo123 folds
yoogg raises 1000 to 2000
pound4pound folds
GrOlux7 raises 5500 to 7500
MyDngDngDong folds
yoogg folds
GrOlux7 collected 11220 from pot
*** SUMMARY ***
Total pot 11220 | No rake
Seat 1: GrOlux7 (small blind) won 11220


Winamax Poker - Tournament "AFTER WORK" buyIn: 18€ + 2€ level: 10 - HandId: #3200313559703617599-105-1708117372 - Holdem no limit (120/500/1000) - 2024/02/16 21:02:52 UTC
Table: 'AFTER WORK(745131066)#0062' 6-max (real money) Seat #1 is the button
Seat 1: GrOlux7 (48714, 18€ bounty)
Seat 2: MyDngDngDong (39588, 22.50€ bounty)
Seat 3: michel_ah89 (59634, 18€ bounty)
Seat 4: torresmo123 (54284, 18€ bounty)
Seat 5: yoogg (36176, 9€ bounty)
Seat 6: pound4pound (33082, 9€ bounty)
*** ANTE/BLINDS ***
MyDngDngDong posts ante 120
michel_ah89 posts ante 120
GrOlux7 posts ante 120
torresmo123 posts ante 120
yoogg posts ante 120
pound4pound posts ante 120
MyDngDngDong posts small blind 500
michel_ah89 posts big blind 1000
Dealt to torresmo123 [5c 2s]
*** PRE-FLOP *** 
torresmo123 folds
yoogg folds
pound4pound folds
GrOlux7 raises 1180 to 2180
MyDngDngDong folds
michel_ah89 folds
GrOlux7 collected 4400 from pot
*** SUMMARY ***
Total pot 4400 | No rake
Seat 1: GrOlux7 (button) won 4400


Winamax Poker - Tournament "AFTER WORK" buyIn: 18€ + 2€ level: 10 - HandId: #3200313559703617599-106-1708117401 - Holdem no limit (120/500/1000) - 2024/02/16 21:03:21 UTC
Table: 'AFTER WORK(745131066)#0062' 6-max (real money) Seat #2 is the button
Seat 1: GrOlux7 (50814, 18€ bounty)
Seat 2: MyDngDngDong (38968, 22.50€ bounty)
Seat 3: michel_ah89 (58514, 18€ bounty)
Seat 4: torresmo123 (54164, 18€ bounty)
Seat 5: yoogg (36056, 9€ bounty)
Seat 6: pound4pound (32962, 9€ bounty)
*** ANTE/BLINDS ***
michel_ah89 posts ante 120
torresmo123 posts ante 120
GrOlux7 posts ante 120
MyDngDngDong posts ante 120
yoogg posts ante 120
pound4pound posts ante 120
michel_ah89 posts small blind 500
torresmo123 posts big blind 1000
Dealt to torresmo123 [7h 7c]
*** PRE-FLOP *** 
yoogg folds
pound4pound folds
GrOlux7 raises 1180 to 2180
MyDngDngDong folds
michel_ah89 calls 1680
torresmo123 calls 1180
*** FLOP *** [6s Qh 6h]
michel_ah89 checks
torresmo123 checks
GrOlux7 checks
*** TURN *** [6s Qh 6h][Ac]
michel_ah89 checks
torresmo123 checks
GrOlux7 bets 5000
michel_ah89 calls 5000
torresmo123 folds
*** RIVER *** [6s Qh 6h Ac][8c]
michel_ah89 bets 16397
GrOlux7 folds
michel_ah89 collected 33657 from pot
*** SUMMARY ***
Total pot 33657 | No rake
Board: [6s Qh 6h Ac 8c]
Seat 3: michel_ah89 (small blind) won 33657


Winamax Poker - Tournament "AFTER WORK" buyIn: 18€ + 2€ level: 11 - HandId: #3200313559703617599-107-1708117606 - Holdem no limit (140/600/1200) - 2024/02/16 21:06:46 UTC
Table: 'AFTER WORK(745131066)#0062' 6-max (real money) Seat #3 is the button
Seat 1: GrOlux7 (43514, 18€ bounty)
Seat 2: MyDngDngDong (38848, 22.50€ bounty)
Seat 3: michel_ah89 (68474, 18€ bounty)
Seat 4: torresmo123 (51864, 18€ bounty)
Seat 5: yoogg (35936, 9€ bounty)
Seat 6: pound4pound (32842, 9€ bounty)
*** ANTE/BLINDS ***
torresmo123 posts ante 140
yoogg posts ante 140
GrOlux7 posts ante 140
MyDngDngDong posts ante 140
michel_ah89 posts ante 140
pound4pound posts ante 140
torresmo123 posts small blind 600
yoogg posts big blind 1200
Dealt to torresmo123 [Qd 9h]
*** PRE-FLOP *** 
pound4pound folds
GrOlux7 folds
MyDngDngDong folds
michel_ah89 folds
torresmo123 raises 50524 to 51724 and is all-in
yoogg folds
torresmo123 collected 53764 from pot
*** SUMMARY ***
Total pot 53764 | No rake
Seat 4: torresmo123 (small blind) won 53764


Winamax Poker - Tournament "AFTER WORK" buyIn: 18€ + 2€ level: 11 - HandId: #3200313559703617599-108-1708117632 - Holdem no limit (140/600/1200) - 2024/02/16 21:07:12 UTC
Table: 'AFTER WORK(745131066)#0062' 6-max (real money) Seat #4 is the button
Seat 1: GrOlux7 (43374, 18€ bounty)
Seat 2: MyDngDngDong (38708, 22.50€ bounty)
Seat 3: michel_ah89 (68334, 18€ bounty)
Seat 4: torresmo123 (53764, 18€ bounty)
Seat 5: yoogg (34596, 9€ bounty)
Seat 6: pound4pound (32702, 9€ bounty)
*** ANTE/BLINDS ***
yoogg posts ante 140
pound4pound posts ante 140
GrOlux7 posts ante 140
MyDngDngDong posts ante 140
michel_ah89 posts ante 140
torresmo123 posts ante 140
yoogg posts small blind 600
pound4pound posts big blind 1200
Dealt to torresmo123 [6s 6d]
*** PRE-FLOP *** 
GrOlux7 folds
MyDngDngDong folds
michel_ah89 folds
torresmo123 raises 1500 to 2700
yoogg folds
pound4pound raises 29862 to 32562 and is all-in
torresmo123 calls 29862
*** FLOP *** [7h 7c 3d]
*** TURN *** [7h 7c 3d][9d]
*** RIVER *** [7h 7c 3d 9d][5d]
*** SHOW DOWN ***
torresmo123 shows [6s 6d] (Two pairs : 7 and 6)
pound4pound shows [9c Ac] (Two pairs : 9 and 7)
pound4pound collected 66564 from pot
*** SUMMARY ***
Total pot 66564 | No rake
Board: [7h 7c 3d 9d 5d]
Seat 4: torresmo123 (button) showed [6s 6d] and lost with Two pairs : 7 and 6
Seat 6: pound4pound (big blind) showed [9c Ac] and won 66564 with Two pairs : 9 and 7


Winamax Poker - Tournament "AFTER WORK" buyIn: 18€ + 2€ level: 11 - HandId: #3200313559703617599-109-1708117693 - Holdem no limit (140/600/1200) - 2024/02/16 21:08:13 UTC
Table: 'AFTER WORK(745131066)#0062' 6-max (real money) Seat #5 is the button
Seat 1: GrOlux7 (43234, 18€ bounty)
Seat 2: MyDngDngDong (38568, 22.50€ bounty)
Seat 3: michel_ah89 (68194, 18€ bounty)
Seat 4: torresmo123 (21062, 18€ bounty)
Seat 5: yoogg (33856, 9€ bounty)
Seat 6: pound4pound (66564, 9€ bounty)
*** ANTE/BLINDS ***
pound4pound posts ante 140
GrOlux7 posts ante 140
MyDngDngDong posts ante 140
michel_ah89 posts ante 140
torresmo123 posts ante 140
yoogg posts ante 140
pound4pound posts small blind 600
GrOlux7 posts big blind 1200
Dealt to torresmo123 [Qs 8s]
*** PRE-FLOP *** 
MyDngDngDong raises 1200 to 2400
michel_ah89 folds
torresmo123 folds
yoogg folds
pound4pound folds
GrOlux7 folds
MyDngDngDong collected 5040 from pot
*** SUMMARY ***
Total pot 5040 | No rake
Seat 2: MyDngDngDong won 5040


Winamax Poker - Tournament "AFTER WORK" buyIn: 18€ + 2€ level: 11 - HandId: #3200313559703617599-110-1708117707 - Holdem no limit (140/600/1200) - 2024/02/16 21:08:27 UTC
Table: 'AFTER WORK(745131066)#0062' 6-max (real money) Seat #6 is the button
Seat 1: GrOlux7 (41894, 18€ bounty)
Seat 2: MyDngDngDong (41068, 22.50€ bounty)
Seat 3: michel_ah89 (68054, 18€ bounty)
Seat 4: torresmo123 (20922, 18€ bounty)
Seat 5: yoogg (33716, 9€ bounty)
Seat 6: pound4pound (65824, 9€ bounty)
*** ANTE/BLINDS ***
GrOlux7 posts ante 140
MyDngDngDong posts ante 140
michel_ah89 posts ante 140
torresmo123 posts ante 140
yoogg posts ante 140
pound4pound posts ante 140
GrOlux7 posts small blind 600
MyDngDngDong posts big blind 1200
Dealt to torresmo123 [4c 5h]
*** PRE-FLOP *** 
michel_ah89 folds
torresmo123 folds
yoogg folds
pound4pound raises 1200 to 2400
GrOlux7 folds
MyDngDngDong calls 1200
*** FLOP *** [7d 2d 9s]
MyDngDngDong checks
pound4pound bets 5400
MyDngDngDong folds
pound4pound collected 11640 from pot
*** SUMMARY ***
Total pot 11640 | No rake
Board: [7d 2d 9s]
Seat 6: pound4pound (button) won 11640


Winamax Poker - Tournament "AFTER WORK" buyIn: 18€ + 2€ level: 11 - HandId: #3200313559703617599-111-1708117756 - Holdem no limit (140/600/1200) - 2024/02/16 21:09:16 UTC
Table: 'AFTER WORK(745131066)#0062' 6-max (real money) Seat #1 is the button
Seat 1: GrOlux7 (41154, 18€ bounty)
Seat 2: MyDngDngDong (38528, 22.50€ bounty)
Seat 3: michel_ah89 (67914, 18€ bounty)
Seat 4: torresmo123 (20782, 18€ bounty)
Seat 5: yoogg (33576, 9€ bounty)
Seat 6: pound4pound (69524, 9€ bounty)
*** ANTE/BLINDS ***
MyDngDngDong posts ante 140
michel_ah89 posts ante 140
GrOlux7 posts ante 140
torresmo123 posts ante 140
yoogg posts ante 140
pound4pound posts ante 140
MyDngDngDong posts small blind 600
michel_ah89 posts big blind 1200
Dealt to torresmo123 [Jh Ks]
*** PRE-FLOP *** 
torresmo123 raises 1200 to 2400
yoogg folds
pound4pound folds
GrOlux7 folds
MyDngDngDong folds
michel_ah89 calls 1200
*** FLOP *** [3c 7h 9c]
michel_ah89 checks
torresmo123 bets 2059
michel_ah89 calls 2059
*** TURN *** [3c 7h 9c][5c]
michel_ah89 checks
torresmo123 checks
*** RIVER *** [3c 7h 9c 5c][Ad]
michel_ah89 checks
torresmo123 bets 16183 and is all-in
michel_ah89 folds
torresmo123 collected 26541 from pot
*** SUMMARY ***
Total pot 26541 | No rake
Board: [3c 7h 9c 5c Ad]
Seat 4: torresmo123 won 26541


Winamax Poker - Tournament "AFTER WORK" buyIn: 18€ + 2€ level: 11 - HandId: #3200313559703617599-112-1708117869 - Holdem no limit (140/600/1200) - 2024/02/16 21:11:09 UTC
Table: 'AFTER WORK(745131066)#0062' 6-max (real money) Seat #2 is the button
Seat 1: GrOlux7 (41014, 18€ bounty)
Seat 2: MyDngDngDong (37788, 22.50€ bounty)
Seat 3: michel_ah89 (63315, 18€ bounty)
Seat 4: torresmo123 (26541, 18€ bounty)
Seat 5: yoogg (33436, 9€ bounty)
Seat 6: pound4pound (69384, 9€ bounty)
*** ANTE/BLINDS ***
michel_ah89 posts ante 140
torresmo123 posts ante 140
GrOlux7 posts ante 140
MyDngDngDong posts ante 140
yoogg posts ante 140
pound4pound posts ante 140
michel_ah89 posts small blind 600
torresmo123 posts big blind 1200
Dealt to torresmo123 [3h 6c]
*** PRE-FLOP *** 
yoogg folds
pound4pound folds
GrOlux7 folds
MyDngDngDong folds
michel_ah89 folds
torresmo123 collected 2640 from pot
*** SUMMARY ***
Total pot 2640 | No rake
Seat 4: torresmo123 (big blind) won 2640


Winamax Poker - Tournament "AFTER WORK" buyIn: 18€ + 2€ level: 11 - HandId: #3200313559703617599-113-1708117902 - Holdem no limit (140/600/1200) - 2024/02/16 21:11:42 UTC
Table: 'AFTER WORK(745131066)#0062' 6-max (real money) Seat #3 is the button
Seat 1: GrOlux7 (40874, 18€ bounty)
Seat 2: MyDngDngDong (37648, 22.50€ bounty)
Seat 3: michel_ah89 (62575, 18€ bounty)
Seat 4: torresmo123 (27841, 18€ bounty)
Seat 5: yoogg (33296, 9€ bounty)
Seat 6: pound4pound (69244, 9€ bounty)
*** ANTE/BLINDS ***
torresmo123 posts ante 140
yoogg posts ante 140
GrOlux7 posts ante 140
MyDngDngDong posts ante 140
michel_ah89 posts ante 140
pound4pound posts ante 140
torresmo123 posts small blind 600
yoogg posts big blind 1200
Dealt to torresmo123 [7c 8s]
*** PRE-FLOP *** 
pound4pound folds
GrOlux7 raises 1200 to 2400
MyDngDngDong folds
michel_ah89 folds
torresmo123 folds
yoogg calls 1200
*** FLOP *** [8h 6s 5h]
yoogg checks
GrOlux7 checks
*** TURN *** [8h 6s 5h][2h]
yoogg checks
GrOlux7 bets 3432
yoogg folds
GrOlux7 collected 9672 from pot
*** SUMMARY ***
Total pot 9672 | No rake
Board: [8h 6s 5h 2h]
Seat 1: GrOlux7 won 9672


Winamax Poker - Tournament "AFTER WORK" buyIn: 18€ + 2€ level: 12 - HandId: #3200313559703617599-114-1708117964 - Holdem no limit (160/700/1400) - 2024/02/16 21:12:44 UTC
Table: 'AFTER WORK(745131066)#0062' 6-max (real money) Seat #4 is the button
Seat 1: GrOlux7 (44574, 18€ bounty)
Seat 2: MyDngDngDong (37508, 22.50€ bounty)
Seat 3: michel_ah89 (62435, 18€ bounty)
Seat 4: torresmo123 (27101, 18€ bounty)
Seat 5: yoogg (30756, 9€ bounty)
Seat 6: pound4pound (69104, 9€ bounty)
*** ANTE/BLINDS ***
yoogg posts ante 160
pound4pound posts ante 160
GrOlux7 posts ante 160
MyDngDngDong posts ante 160
michel_ah89 posts ante 160
torresmo123 posts ante 160
yoogg posts small blind 700
pound4pound posts big blind 1400
Dealt to torresmo123 [Th 5d]
*** PRE-FLOP *** 
GrOlux7 folds
MyDngDngDong folds
michel_ah89 raises 1400 to 2800
torresmo123 folds
yoogg folds
pound4pound calls 1400
*** FLOP *** [Qd 7h 9s]
pound4pound checks
michel_ah89 bets 3993
pound4pound calls 3993
*** TURN *** [Qd 7h 9s][6d]
pound4pound checks
michel_ah89 checks
*** RIVER *** [Qd 7h 9s 6d][4c]
pound4pound bets 4900
michel_ah89 folds
pound4pound collected 20146 from pot
*** SUMMARY ***
Total pot 20146 | No rake
Board: [Qd 7h 9s 6d 4c]
Seat 6: pound4pound (big blind) won 20146


Winamax Poker - Tournament "AFTER WORK" buyIn: 18€ + 2€ level: 12 - HandId: #3200313559703617599-115-1708118031 - Holdem no limit (160/700/1400) - 2024/02/16 21:13:51 UTC
Table: 'AFTER WORK(745131066)#0062' 6-max (real money) Seat #5 is the button
Seat 1: GrOlux7 (44414, 18€ bounty)
Seat 2: MyDngDngDong (37348, 22.50€ bounty)
Seat 3: michel_ah89 (55482, 18€ bounty)
Seat 4: torresmo123 (26941, 18€ bounty)
Seat 5: yoogg (29896, 9€ bounty)
Seat 6: pound4pound (77397, 9€ bounty)
*** ANTE/BLINDS ***
pound4pound posts ante 160
GrOlux7 posts ante 160
MyDngDngDong posts ante 160
michel_ah89 posts ante 160
torresmo123 posts ante 160
yoogg posts ante 160
pound4pound posts small blind 700
GrOlux7 posts big blind 1400
Dealt to torresmo123 [Kc Kh]
*** PRE-FLOP *** 
MyDngDngDong folds
michel_ah89 raises 1400 to 2800
torresmo123 raises 4200 to 7000
yoogg folds
pound4pound folds
GrOlux7 folds
michel_ah89 calls 4200
*** FLOP *** [8s 3h Ac]
michel_ah89 checks
torresmo123 bets 3412
michel_ah89 folds
torresmo123 collected 20472 from pot
*** SUMMARY ***
Total pot 20472 | No rake
Board: [8s 3h Ac]
Seat 4: torresmo123 won 20472


Winamax Poker - Tournament "AFTER WORK" buyIn: 18€ + 2€ level: 12 - HandId: #3200313559703617599-116-1708118087 - Holdem no limit (160/700/1400) - 2024/02/16 21:14:47 UTC
Table: 'AFTER WORK(745131066)#0062' 6-max (real money) Seat #6 is the button
Seat 1: GrOlux7 (42854, 18€ bounty)
Seat 2: MyDngDngDong (37188, 22.50€ bounty)
Seat 3: michel_ah89 (48322, 18€ bounty)
Seat 4: torresmo123 (36841, 18€ bounty)
Seat 5: yoogg (29736, 9€ bounty)
Seat 6: pound4pound (76537, 9€ bounty)
*** ANTE/BLINDS ***
GrOlux7 posts ante 160
MyDngDngDong posts ante 160
michel_ah89 posts ante 160
torresmo123 posts ante 160
yoogg posts ante 160
pound4pound posts ante 160
GrOlux7 posts small blind 700
MyDngDngDong posts big blind 1400
Dealt to torresmo123 [5s Kh]
*** PRE-FLOP *** 
michel_ah89 folds
torresmo123 folds
yoogg folds
pound4pound folds
GrOlux7 folds
MyDngDngDong collected 3060 from pot
*** SUMMARY ***
Total pot 3060 | No rake
Seat 2: MyDngDngDong (big blind) won 3060


Winamax Poker - Tournament "AFTER WORK" buyIn: 18€ + 2€ level: 12 - HandId: #3200313559703617599-117-1708118105 - Holdem no limit (160/700/1400) - 2024/02/16 21:15:05 UTC
Table: 'AFTER WORK(745131066)#0062' 6-max (real money) Seat #1 is the button
Seat 1: GrOlux7 (41994, 18€ bounty)
Seat 2: MyDngDngDong (38688, 22.50€ bounty)
Seat 3: michel_ah89 (48162, 18€ bounty)
Seat 4: torresmo123 (36681, 18€ bounty)
Seat 5: yoogg (29576, 9€ bounty)
Seat 6: pound4pound (76377, 9€ bounty)
*** ANTE/BLINDS ***
MyDngDngDong posts ante 160
michel_ah89 posts ante 160
GrOlux7 posts ante 160
torresmo123 posts ante 160
yoogg posts ante 160
pound4pound posts ante 160
MyDngDngDong posts small blind 700
michel_ah89 posts big blind 1400
Dealt to torresmo123 [Ad Js]
*** PRE-FLOP *** 
torresmo123 raises 1540 to 2940
yoogg folds
pound4pound folds
GrOlux7 calls 2940
MyDngDngDong folds
michel_ah89 calls 1540
*** FLOP *** [5d Jd 8h]
michel_ah89 checks
torresmo123 checks
GrOlux7 checks
*** TURN *** [5d Jd 8h][9d]
michel_ah89 checks
torresmo123 bets 3458
GrOlux7 calls 3458
michel_ah89 folds
*** RIVER *** [5d Jd 8h 9d][8c]
torresmo123 bets 5741
GrOlux7 folds
torresmo123 collected 23137 from pot
*** SUMMARY ***
Total pot 23137 | No rake
Board: [5d Jd 8h 9d 8c]
Seat 4: torresmo123 won 23137


Winamax Poker - Tournament "AFTER WORK" buyIn: 18€ + 2€ level: 12 - HandId: #3200313559703617599-118-1708118218 - Holdem no limit (160/700/1400) - 2024/02/16 21:16:58 UTC
Table: 'AFTER WORK(745131066)#0062' 6-max (real money) Seat #2 is the button
Seat 1: GrOlux7 (35436, 18€ bounty)
Seat 2: MyDngDngDong (37828, 22.50€ bounty)
Seat 3: michel_ah89 (45062, 18€ bounty)
Seat 4: torresmo123 (47519, 18€ bounty)
Seat 5: yoogg (29416, 9€ bounty)
Seat 6: pound4pound (76217, 9€ bounty)
*** ANTE/BLINDS ***
michel_ah89 posts ante 160
torresmo123 posts ante 160
GrOlux7 posts ante 160
MyDngDngDong posts ante 160
yoogg posts ante 160
pound4pound posts ante 160
michel_ah89 posts small blind 700
torresmo123 posts big blind 1400
Dealt to torresmo123 [7d 4h]
*** PRE-FLOP *** 
yoogg folds
pound4pound folds
GrOlux7 folds
MyDngDngDong raises 1400 to 2800
michel_ah89 calls 2100
torresmo123 calls 1400
*** FLOP *** [5s 8s Qs]
michel_ah89 checks
torresmo123 checks
MyDngDngDong checks
*** TURN *** [5s 8s Qs][6h]
michel_ah89 bets 6552
torresmo123 calls 6552
MyDngDngDong folds
*** RIVER *** [5s 8s Qs 6h][Td]
michel_ah89 bets 15725
torresmo123 calls 15725
*** SHOW DOWN ***
torresmo123 shows [7d 4h] (Straight 8 high)
michel_ah89 shows [3s Ks] (Flush King high)
michel_ah89 collected 53914 from pot
*** SUMMARY ***
Total pot 53914 | No rake
Board: [5s 8s Qs 6h Td]
Seat 3: michel_ah89 (small blind) showed [3s Ks] and won 53914 with Flush King high
Seat 4: torresmo123 (big blind) showed [7d 4h] and lost with Straight 8 high


Winamax Poker - Tournament "AFTER WORK" buyIn: 18€ + 2€ level: 12 - HandId: #3200313559703617599-119-1708118295 - Holdem no limit (160/700/1400) - 2024/02/16 21:18:15 UTC
Table: 'AFTER WORK(745131066)#0062' 6-max (real money) Seat #3 is the button
Seat 1: GrOlux7 (35276, 18€ bounty)
Seat 2: MyDngDngDong (34868, 22.50€ bounty)
Seat 3: michel_ah89 (73739, 18€ bounty)
Seat 4: torresmo123 (22282, 18€ bounty)
Seat 5: yoogg (29256, 9€ bounty)
Seat 6: pound4pound (76057, 9€ bounty)
*** ANTE/BLINDS ***
torresmo123 posts ante 160
yoogg posts ante 160
GrOlux7 posts ante 160
MyDngDngDong posts ante 160
michel_ah89 posts ante 160
pound4pound posts ante 160
torresmo123 posts small blind 700
yoogg posts big blind 1400
Dealt to torresmo123 [6s Ah]
*** PRE-FLOP *** 
pound4pound folds
GrOlux7 raises 1400 to 2800
MyDngDngDong folds
michel_ah89 folds
torresmo123 folds
yoogg folds
GrOlux7 collected 5860 from pot
*** SUMMARY ***
Total pot 5860 | No rake
Seat 1: GrOlux7 won 5860


Winamax Poker - Tournament "AFTER WORK" buyIn: 18€ + 2€ level: 12 - HandId: #3200313559703617599-120-1708118313 - Holdem no limit (160/700/1400) - 2024/02/16 21:18:33 UTC
Table: 'AFTER WORK(745131066)#0062' 6-max (real money) Seat #4 is the button
Seat 1: GrOlux7 (38176, 18€ bounty)
Seat 2: MyDngDngDong (34708, 22.50€ bounty)
Seat 3: michel_ah89 (73579, 18€ bounty)
Seat 4: torresmo123 (21422, 18€ bounty)
Seat 5: yoogg (27696, 9€ bounty)
Seat 6: pound4pound (75897, 9€ bounty)
*** ANTE/BLINDS ***
yoogg posts ante 160
pound4pound posts ante 160
GrOlux7 posts ante 160
MyDngDngDong posts ante 160
michel_ah89 posts ante 160
torresmo123 posts ante 160
yoogg posts small blind 700
pound4pound posts big blind 1400
Dealt to torresmo123 [Ts 2c]
*** PRE-FLOP *** 
GrOlux7 raises 1400 to 2800
MyDngDngDong folds
michel_ah89 folds
torresmo123 folds
yoogg folds
pound4pound folds
GrOlux7 collected 5860 from pot
*** SUMMARY ***
Total pot 5860 | No rake
Seat 1: GrOlux7 won 5860


Winamax Poker - Tournament "AFTER WORK" buyIn: 18€ + 2€ level: 12 - HandId: #3200313559703617599-121-1708118348 - Holdem no limit (160/700/1400) - 2024/02/16 21:19:08 UTC
Table: 'AFTER WORK(745131066)#0062' 6-max (real money) Seat #5 is the button
Seat 1: GrOlux7 (41076, 18€ bounty)
Seat 2: MyDngDngDong (34548, 22.50€ bounty)
Seat 3: michel_ah89 (73419, 18€ bounty)
Seat 4: torresmo123 (21262, 18€ bounty)
Seat 5: yoogg (26836, 9€ bounty)
Seat 6: pound4pound (74337, 9€ bounty)
*** ANTE/BLINDS ***
pound4pound posts ante 160
GrOlux7 posts ante 160
MyDngDngDong posts ante 160
michel_ah89 posts ante 160
torresmo123 posts ante 160
yoogg posts ante 160
pound4pound posts small blind 700
GrOlux7 posts big blind 1400
Dealt to torresmo123 [Th Qs]
*** PRE-FLOP *** 
MyDngDngDong raises 1400 to 2800
michel_ah89 folds
torresmo123 folds
yoogg folds
pound4pound calls 2100
GrOlux7 folds
*** FLOP *** [Jc 2d Ac]
pound4pound checks
MyDngDngDong bets 2100
pound4pound raises 5600 to 7700
MyDngDngDong raises 23888 to 31588 and is all-in
pound4pound calls 23888
*** TURN *** [Jc 2d Ac][Jh]
*** RIVER *** [Jc 2d Ac Jh][Ad]
*** SHOW DOWN ***
MyDngDngDong shows [As Kh] (Full of Aces and Jacks)
pound4pound shows [Ah Td] (Full of Aces and Jacks)
pound4pound collected 35568 from pot
MyDngDngDong collected 35568 from pot
*** SUMMARY ***
Total pot 71136 | No rake
Board: [Jc 2d Ac Jh Ad]
Seat 2: MyDngDngDong showed [As Kh] and won 35568 with Full of Aces and Jacks
Seat 6: pound4pound (small blind) showed [Ah Td] and won 35568 with Full of Aces and Jacks


Winamax Poker - Tournament "AFTER WORK" buyIn: 18€ + 2€ level: 13 - HandId: #3200313559703617599-122-1708118406 - Holdem no limit (200/800/1600) - 2024/02/16 21:20:06 UTC
Table: 'AFTER WORK(745131066)#0062' 6-max (real money) Seat #6 is the button
Seat 1: GrOlux7 (39516, 18€ bounty)
Seat 2: MyDngDngDong (35568, 22.50€ bounty)
Seat 3: michel_ah89 (73259, 18€ bounty)
Seat 4: torresmo123 (21102, 18€ bounty)
Seat 5: yoogg (26676, 9€ bounty)
Seat 6: pound4pound (75357, 9€ bounty)
*** ANTE/BLINDS ***
GrOlux7 posts ante 200
MyDngDngDong posts ante 200
michel_ah89 posts ante 200
torresmo123 posts ante 200
yoogg posts ante 200
pound4pound posts ante 200
GrOlux7 posts small blind 800
MyDngDngDong posts big blind 1600
Dealt to torresmo123 [8s 5h]
*** PRE-FLOP *** 
michel_ah89 folds
torresmo123 folds
yoogg raises 24876 to 26476 and is all-in
pound4pound folds
GrOlux7 folds
MyDngDngDong folds
yoogg collected 30076 from pot
*** SUMMARY ***
Total pot 30076 | No rake
Seat 5: yoogg won 30076


Winamax Poker - Tournament "AFTER WORK" buyIn: 18€ + 2€ level: 13 - HandId: #3200313559703617599-123-1708118428 - Holdem no limit (200/800/1600) - 2024/02/16 21:20:28 UTC
Table: 'AFTER WORK(745131066)#0062' 6-max (real money) Seat #1 is the button
Seat 1: GrOlux7 (38516, 18€ bounty)
Seat 2: MyDngDngDong (33768, 22.50€ bounty)
Seat 3: michel_ah89 (73059, 18€ bounty)
Seat 4: torresmo123 (20902, 18€ bounty)
Seat 5: yoogg (30076, 9€ bounty)
Seat 6: pound4pound (75157, 9€ bounty)
*** ANTE/BLINDS ***
MyDngDngDong posts ante 200
michel_ah89 posts ante 200
GrOlux7 posts ante 200
torresmo123 posts ante 200
yoogg posts ante 200
pound4pound posts ante 200
MyDngDngDong posts small blind 800
michel_ah89 posts big blind 1600
Dealt to torresmo123 [8h 8s]
*** PRE-FLOP *** 
torresmo123 raises 19102 to 20702 and is all-in
yoogg folds
pound4pound folds
GrOlux7 folds
MyDngDngDong folds
michel_ah89 folds
torresmo123 collected 24302 from pot
*** SUMMARY ***
Total pot 24302 | No rake
Seat 4: torresmo123 won 24302


Winamax Poker - Tournament "AFTER WORK" buyIn: 18€ + 2€ level: 13 - HandId: #3200313559703617599-124-1708118457 - Holdem no limit (200/800/1600) - 2024/02/16 21:20:57 UTC
Table: 'AFTER WORK(745131066)#0062' 6-max (real money) Seat #2 is the button
Seat 1: GrOlux7 (38316, 18€ bounty)
Seat 2: MyDngDngDong (32768, 22.50€ bounty)
Seat 3: michel_ah89 (71259, 18€ bounty)
Seat 4: torresmo123 (24302, 18€ bounty)
Seat 5: yoogg (29876, 9€ bounty)
Seat 6: pound4pound (74957, 9€ bounty)
*** ANTE/BLINDS ***
michel_ah89 posts ante 200
torresmo123 posts ante 200
GrOlux7 posts ante 200
MyDngDngDong posts ante 200
yoogg posts ante 200
pound4pound posts ante 200
michel_ah89 posts small blind 800
torresmo123 posts big blind 1600
Dealt to torresmo123 [9c Kc]
*** PRE-FLOP *** 
yoogg folds
pound4pound folds
GrOlux7 folds
MyDngDngDong folds
michel_ah89 raises 69459 to 71059 and is all-in
torresmo123 calls 22502 and is all-in
*** FLOP *** [4c As 3s]
*** TURN *** [4c As 3s][9h]
*** RIVER *** [4c As 3s 9h][Ts]
*** SHOW DOWN ***
michel_ah89 shows [Ks 3h] (One pair : 3)
torresmo123 shows [9c Kc] (One pair : 9)
torresmo123 collected 49404 from main pot
michel_ah89 collected 46957 from side pot 1
*** SUMMARY ***
Total pot 96361 | No rake
Board: [4c As 3s 9h Ts]
Seat 3: michel_ah89 (small blind) showed [Ks 3h] and won 46957 with One pair : 3
Seat 4: torresmo123 (big blind) showed [9c Kc] and won 49404 with One pair : 9


Winamax Poker - Tournament "AFTER WORK" buyIn: 18€ + 2€ level: 13 - HandId: #3200313559703617599-125-1708118490 - Holdem no limit (200/800/1600) - 2024/02/16 21:21:30 UTC
Table: 'AFTER WORK(745131066)#0062' 6-max (real money) Seat #3 is the button
Seat 1: GrOlux7 (38116, 18€ bounty)
Seat 2: MyDngDngDong (32568, 22.50€ bounty)
Seat 3: michel_ah89 (46957, 18€ bounty)
Seat 4: torresmo123 (49404, 18€ bounty)
Seat 5: yoogg (29676, 9€ bounty)
Seat 6: pound4pound (74757, 9€ bounty)
*** ANTE/BLINDS ***
torresmo123 posts ante 200
yoogg posts ante 200
GrOlux7 posts ante 200
MyDngDngDong posts ante 200
michel_ah89 posts ante 200
pound4pound posts ante 200
torresmo123 posts small blind 800
yoogg posts big blind 1600
Dealt to torresmo123 [2d 2s]
*** PRE-FLOP *** 
pound4pound raises 1600 to 3200
GrOlux7 folds
MyDngDngDong folds
michel_ah89 calls 3200
torresmo123 calls 2400
yoogg calls 1600
*** FLOP *** [Ad Kh 6d]
torresmo123 checks
yoogg checks
pound4pound checks
michel_ah89 checks
*** TURN *** [Ad Kh 6d][7s]
torresmo123 checks
yoogg checks
pound4pound bets 3200
michel_ah89 calls 3200
torresmo123 folds
yoogg folds
*** RIVER *** [Ad Kh 6d 7s][2h]
pound4pound checks
michel_ah89 bets 6120
pound4pound calls 6120
*** SHOW DOWN ***
pound4pound shows [Kc 3c] (One pair : Kings)
michel_ah89 shows [Kd Qs] (One pair : Kings)
michel_ah89 collected 32640 from pot
*** SUMMARY ***
Total pot 32640 | No rake
Board: [Ad Kh 6d 7s 2h]
Seat 3: michel_ah89 (button) showed [Kd Qs] and won 32640 with One pair : Kings
Seat 6: pound4pound showed [Kc 3c] and lost with One pair : Kings


Winamax Poker - Tournament "AFTER WORK" buyIn: 18€ + 2€ level: 13 - HandId: #3200313559703617599-126-1708118578 - Holdem no limit (200/800/1600) - 2024/02/16 21:22:58 UTC
Table: 'AFTER WORK(745131066)#0062' 6-max (real money) Seat #4 is the button
Seat 1: GrOlux7 (37916, 18€ bounty)
Seat 2: MyDngDngDong (32368, 22.50€ bounty)
Seat 3: michel_ah89 (66877, 18€ bounty)
Seat 4: torresmo123 (46004, 18€ bounty)
Seat 5: yoogg (26276, 9€ bounty)
Seat 6: pound4pound (62037, 9€ bounty)
*** ANTE/BLINDS ***
yoogg posts ante 200
pound4pound posts ante 200
GrOlux7 posts ante 200
MyDngDngDong posts ante 200
michel_ah89 posts ante 200
torresmo123 posts ante 200
yoogg posts small blind 800
pound4pound posts big blind 1600
Dealt to torresmo123 [9h Tc]
*** PRE-FLOP *** 
GrOlux7 folds
MyDngDngDong folds
michel_ah89 raises 1600 to 3200
torresmo123 folds
yoogg folds
pound4pound calls 1600
*** FLOP *** [5c Kc 7h]
pound4pound checks
michel_ah89 bets 4800
pound4pound folds
michel_ah89 collected 13200 from pot
*** SUMMARY ***
Total pot 13200 | No rake
Board: [5c Kc 7h]
Seat 3: michel_ah89 won 13200


Winamax Poker - Tournament "AFTER WORK" buyIn: 18€ + 2€ level: 13 - HandId: #3200313559703617599-127-1708118611 - Holdem no limit (200/800/1600) - 2024/02/16 21:23:31 UTC
Table: 'AFTER WORK(745131066)#0062' 6-max (real money) Seat #5 is the button
Seat 1: GrOlux7 (37716, 18€ bounty)
Seat 2: MyDngDngDong (32168, 22.50€ bounty)
Seat 3: michel_ah89 (71877, 18€ bounty)
Seat 4: torresmo123 (45804, 18€ bounty)
Seat 5: yoogg (25276, 9€ bounty)
Seat 6: pound4pound (58637, 9€ bounty)
*** ANTE/BLINDS ***
pound4pound posts ante 200
GrOlux7 posts ante 200
MyDngDngDong posts ante 200
michel_ah89 posts ante 200
torresmo123 posts ante 200
yoogg posts ante 200
pound4pound posts small blind 800
GrOlux7 posts big blind 1600
Dealt to torresmo123 [2s Th]
*** PRE-FLOP *** 
MyDngDngDong raises 1600 to 3200
michel_ah89 folds
torresmo123 folds
yoogg folds
pound4pound folds
GrOlux7 folds
MyDngDngDong collected 6800 from pot
*** SUMMARY ***
Total pot 6800 | No rake
Seat 2: MyDngDngDong won 6800


Winamax Poker - Tournament "AFTER WORK" buyIn: 18€ + 2€ level: 13 - HandId: #3200313559703617599-128-1708118636 - Holdem no limit (200/800/1600) - 2024/02/16 21:23:56 UTC
Table: 'AFTER WORK(745131066)#0062' 6-max (real money) Seat #6 is the button
Seat 1: GrOlux7 (35916, 18€ bounty)
Seat 2: MyDngDngDong (35568, 22.50€ bounty)
Seat 3: michel_ah89 (71677, 18€ bounty)
Seat 4: torresmo123 (45604, 18€ bounty)
Seat 5: yoogg (25076, 9€ bounty)
Seat 6: pound4pound (57637, 9€ bounty)
*** ANTE/BLINDS ***
GrOlux7 posts ante 200
MyDngDngDong posts ante 200
michel_ah89 posts ante 200
torresmo123 posts ante 200
yoogg posts ante 200
pound4pound posts ante 200
GrOlux7 posts small blind 800
MyDngDngDong posts big blind 1600
Dealt to torresmo123 [Jh Qh]
*** PRE-FLOP *** 
michel_ah89 folds
torresmo123 raises 1760 to 3360
yoogg folds
pound4pound folds
GrOlux7 folds
MyDngDngDong folds
torresmo123 collected 6960 from pot
*** SUMMARY ***
Total pot 6960 | No rake
Seat 4: torresmo123 won 6960


Winamax Poker - Tournament "AFTER WORK" buyIn: 18€ + 2€ level: 13 - HandId: #3200313559703617599-129-1708118677 - Holdem no limit (200/800/1600) - 2024/02/16 21:24:37 UTC
Table: 'AFTER WORK(745131066)#0062' 6-max (real money) Seat #1 is the button
Seat 1: GrOlux7 (34916, 18€ bounty)
Seat 2: MyDngDngDong (33768, 22.50€ bounty)
Seat 3: michel_ah89 (71477, 18€ bounty)
Seat 4: torresmo123 (49004, 18€ bounty)
Seat 5: yoogg (24876, 9€ bounty)
Seat 6: pound4pound (57437, 9€ bounty)
*** ANTE/BLINDS ***
MyDngDngDong posts ante 200
michel_ah89 posts ante 200
GrOlux7 posts ante 200
torresmo123 posts ante 200
yoogg posts ante 200
pound4pound posts ante 200
MyDngDngDong posts small blind 800
michel_ah89 posts big blind 1600
Dealt to torresmo123 [Kh Jh]
*** PRE-FLOP *** 
torresmo123 raises 1760 to 3360
yoogg folds
pound4pound folds
GrOlux7 folds
MyDngDngDong folds
michel_ah89 calls 1760
*** FLOP *** [2d 3h 9d]
michel_ah89 checks
torresmo123 bets 2878
michel_ah89 folds
torresmo123 collected 11598 from pot
*** SUMMARY ***
Total pot 11598 | No rake
Board: [2d 3h 9d]
Seat 4: torresmo123 won 11598


Winamax Poker - Tournament "AFTER WORK" buyIn: 18€ + 2€ level: 13 - HandId: #3200313559703617599-130-1708118726 - Holdem no limit (200/800/1600) - 2024/02/16 21:25:26 UTC
Table: 'AFTER WORK(745131066)#0062' 6-max (real money) Seat #2 is the button
Seat 1: GrOlux7 (34716, 18€ bounty)
Seat 2: MyDngDngDong (32768, 22.50€ bounty)
Seat 3: michel_ah89 (67917, 18€ bounty)
Seat 4: torresmo123 (54164, 18€ bounty)
Seat 5: yoogg (24676, 9€ bounty)
Seat 6: pound4pound (57237, 9€ bounty)
*** ANTE/BLINDS ***
michel_ah89 posts ante 200
torresmo123 posts ante 200
GrOlux7 posts ante 200
MyDngDngDong posts ante 200
yoogg posts ante 200
pound4pound posts ante 200
michel_ah89 posts small blind 800
torresmo123 posts big blind 1600
Dealt to torresmo123 [4c 9d]
*** PRE-FLOP *** 
yoogg folds
pound4pound raises 2400 to 4000
GrOlux7 folds
MyDngDngDong raises 28568 to 32568 and is all-in
michel_ah89 folds
torresmo123 folds
pound4pound raises 24469 to 57037 and is all-in
*** FLOP *** [As 4h 7c]
*** TURN *** [As 4h 7c][8h]
*** RIVER *** [As 4h 7c 8h][2s]
*** SHOW DOWN ***
MyDngDngDong shows [Ac Js] (One pair : Aces)
pound4pound shows [Ks Kc] (One pair : Kings)
pound4pound collected 24469 from side pot 1
MyDngDngDong collected 68736 from main pot
*** SUMMARY ***
Total pot 93205 | No rake
Board: [As 4h 7c 8h 2s]
Seat 2: MyDngDngDong (button) showed [Ac Js] and won 68736 with One pair : Aces
Seat 6: pound4pound showed [Ks Kc] and won 24469 with One pair : Kings


Winamax Poker - Tournament "AFTER WORK" buyIn: 18€ + 2€ level: 13 - HandId: #3200313559703617599-131-1708118780 - Holdem no limit (200/800/1600) - 2024/02/16 21:26:20 UTC
Table: 'AFTER WORK(745131066)#0062' 6-max (real money) Seat #3 is the button
Seat 1: GrOlux7 (34516, 18€ bounty)
Seat 2: MyDngDngDong (68736, 22.50€ bounty)
Seat 3: michel_ah89 (66917, 18€ bounty)
Seat 4: torresmo123 (52364, 18€ bounty)
Seat 5: yoogg (24476, 9€ bounty)
Seat 6: pound4pound (24469, 9€ bounty)
*** ANTE/BLINDS ***
torresmo123 posts ante 200
yoogg posts ante 200
GrOlux7 posts ante 200
MyDngDngDong posts ante 200
michel_ah89 posts ante 200
pound4pound posts ante 200
torresmo123 posts small blind 800
yoogg posts big blind 1600
Dealt to torresmo123 [Jc Qs]
*** PRE-FLOP *** 
pound4pound folds
GrOlux7 raises 1600 to 3200
MyDngDngDong folds
michel_ah89 folds
torresmo123 calls 2400
yoogg folds
*** FLOP *** [9s 8s Jh]
torresmo123 checks
GrOlux7 checks
*** TURN *** [9s 8s Jh][Qd]
torresmo123 checks
GrOlux7 bets 5600
torresmo123 calls 5600
*** RIVER *** [9s 8s Jh Qd][2c]
torresmo123 checks
GrOlux7 bets 25516 and is all-in
torresmo123 folds
GrOlux7 collected 45916 from pot
*** SUMMARY ***
Total pot 45916 | No rake
Board: [9s 8s Jh Qd 2c]
Seat 1: GrOlux7 won 45916


Winamax Poker - Tournament "AFTER WORK" buyIn: 18€ + 2€ level: 14 - HandId: #3200313559703617599-132-1708118894 - Holdem no limit (250/1000/2000) - 2024/02/16 21:28:14 UTC
Table: 'AFTER WORK(745131066)#0062' 6-max (real money) Seat #4 is the button
Seat 1: GrOlux7 (45916, 18€ bounty)
Seat 2: MyDngDngDong (68536, 22.50€ bounty)
Seat 3: michel_ah89 (66717, 18€ bounty)
Seat 4: torresmo123 (43364, 18€ bounty)
Seat 5: yoogg (22676, 9€ bounty)
Seat 6: pound4pound (24269, 9€ bounty)
*** ANTE/BLINDS ***
yoogg posts ante 250
pound4pound posts ante 250
GrOlux7 posts ante 250
MyDngDngDong posts ante 250
michel_ah89 posts ante 250
torresmo123 posts ante 250
yoogg posts small blind 1000
pound4pound posts big blind 2000
Dealt to torresmo123 [Ks Qs]
*** PRE-FLOP *** 
GrOlux7 folds
MyDngDngDong folds
michel_ah89 folds
torresmo123 raises 41114 to 43114 and is all-in
yoogg folds
pound4pound folds
torresmo123 collected 47614 from pot
*** SUMMARY ***
Total pot 47614 | No rake
Seat 4: torresmo123 (button) won 47614


Winamax Poker - Tournament "AFTER WORK" buyIn: 18€ + 2€ level: 14 - HandId: #3200313559703617599-133-1708118914 - Holdem no limit (250/1000/2000) - 2024/02/16 21:28:34 UTC
Table: 'AFTER WORK(745131066)#0062' 6-max (real money) Seat #5 is the button
Seat 1: GrOlux7 (45666, 18€ bounty)
Seat 2: MyDngDngDong (68286, 22.50€ bounty)
Seat 3: michel_ah89 (66467, 18€ bounty)
Seat 4: torresmo123 (47614, 18€ bounty)
Seat 5: yoogg (21426, 9€ bounty)
Seat 6: pound4pound (22019, 9€ bounty)
*** ANTE/BLINDS ***
pound4pound posts ante 250
GrOlux7 posts ante 250
MyDngDngDong posts ante 250
michel_ah89 posts ante 250
torresmo123 posts ante 250
yoogg posts ante 250
pound4pound posts small blind 1000
GrOlux7 posts big blind 2000
Dealt to torresmo123 [Ts 5s]
*** PRE-FLOP *** 
MyDngDngDong folds
michel_ah89 folds
torresmo123 folds
yoogg folds
pound4pound raises 19769 to 21769 and is all-in
GrOlux7 folds
pound4pound collected 25269 from pot
*** SUMMARY ***
Total pot 25269 | No rake
Seat 6: pound4pound (small blind) won 25269


Winamax Poker - Tournament "AFTER WORK" buyIn: 18€ + 2€ level: 14 - HandId: #3200313559703617599-134-1708118942 - Holdem no limit (250/1000/2000) - 2024/02/16 21:29:02 UTC
Table: 'AFTER WORK(745131066)#0062' 6-max (real money) Seat #6 is the button
Seat 1: GrOlux7 (43416, 18€ bounty)
Seat 2: MyDngDngDong (68036, 22.50€ bounty)
Seat 3: michel_ah89 (66217, 18€ bounty)
Seat 4: torresmo123 (47364, 18€ bounty)
Seat 5: yoogg (21176, 9€ bounty)
Seat 6: pound4pound (25269, 9€ bounty)
*** ANTE/BLINDS ***
GrOlux7 posts ante 250
MyDngDngDong posts ante 250
michel_ah89 posts ante 250
torresmo123 posts ante 250
yoogg posts ante 250
pound4pound posts ante 250
GrOlux7 posts small blind 1000
MyDngDngDong posts big blind 2000
Dealt to torresmo123 [5h 9d]
*** PRE-FLOP *** 
michel_ah89 folds
torresmo123 folds
yoogg folds
pound4pound folds
GrOlux7 calls 1000
MyDngDngDong checks
*** FLOP *** [3h 7h Qh]
GrOlux7 checks
MyDngDngDong checks
*** TURN *** [3h 7h Qh][3d]
GrOlux7 bets 2000
MyDngDngDong folds
GrOlux7 collected 7500 from pot
*** SUMMARY ***
Total pot 7500 | No rake
Board: [3h 7h Qh 3d]
Seat 1: GrOlux7 (small blind) won 7500


Winamax Poker - Tournament "AFTER WORK" buyIn: 18€ + 2€ level: 14 - HandId: #3200313559703617599-135-1708118997 - Holdem no limit (250/1000/2000) - 2024/02/16 21:29:57 UTC
Table: 'AFTER WORK(745131066)#0062' 6-max (real money) Seat #1 is the button
Seat 1: GrOlux7 (46666, 18€ bounty)
Seat 2: MyDngDngDong (65786, 22.50€ bounty)
Seat 3: michel_ah89 (65967, 18€ bounty)
Seat 4: torresmo123 (47114, 18€ bounty)
Seat 5: yoogg (20926, 9€ bounty)
Seat 6: pound4pound (25019, 9€ bounty)
*** ANTE/BLINDS ***
MyDngDngDong posts ante 250
michel_ah89 posts ante 250
GrOlux7 posts ante 250
torresmo123 posts ante 250
yoogg posts ante 250
pound4pound posts ante 250
MyDngDngDong posts small blind 1000
michel_ah89 posts big blind 2000
Dealt to torresmo123 [9c 5c]
*** PRE-FLOP *** 
torresmo123 folds
yoogg folds
pound4pound folds
GrOlux7 raises 2000 to 4000
MyDngDngDong raises 61536 to 65536 and is all-in
michel_ah89 folds
GrOlux7 calls 42416 and is all-in
*** FLOP *** [Kd 6h 7d]
*** TURN *** [Kd 6h 7d][3s]
*** RIVER *** [Kd 6h 7d 3s][Ts]
*** SHOW DOWN ***
GrOlux7 shows [Js Jc] (One pair : Jacks)
MyDngDngDong shows [4h 4s] (One pair : 4)
MyDngDngDong collected 19120 from side pot 1
GrOlux7 collected 96332 from main pot
*** SUMMARY ***
Total pot 115452 | No rake
Board: [Kd 6h 7d 3s Ts]
Seat 1: GrOlux7 (button) showed [Js Jc] and won 96332 with One pair : Jacks
Seat 2: MyDngDngDong (small blind) showed [4h 4s] and won 19120 with One pair : 4


Winamax Poker - Tournament "AFTER WORK" buyIn: 18€ + 2€ level: 14 - HandId: #3200313559703617599-136-1708119028 - Holdem no limit (250/1000/2000) - 2024/02/16 21:30:28 UTC
Table: 'AFTER WORK(745131066)#0062' 6-max (real money) Seat #2 is the button
Seat 1: GrOlux7 (96332, 18€ bounty)
Seat 2: MyDngDngDong (19120, 22.50€ bounty)
Seat 3: michel_ah89 (63717, 18€ bounty)
Seat 4: torresmo123 (46864, 18€ bounty)
Seat 5: yoogg (20676, 9€ bounty)
Seat 6: pound4pound (24769, 9€ bounty)
*** ANTE/BLINDS ***
michel_ah89 posts ante 250
torresmo123 posts ante 250
GrOlux7 posts ante 250
MyDngDngDong posts ante 250
yoogg posts ante 250
pound4pound posts ante 250
michel_ah89 posts small blind 1000
torresmo123 posts big blind 2000
Dealt to torresmo123 [Jd Kc]
*** PRE-FLOP *** 
yoogg folds
pound4pound raises 22519 to 24519 and is all-in
GrOlux7 folds
MyDngDngDong folds
michel_ah89 folds
torresmo123 calls 22519
*** FLOP *** [Qs 9h 7h]
*** TURN *** [Qs 9h 7h][6h]
*** RIVER *** [Qs 9h 7h 6h][6d]
*** SHOW DOWN ***
torresmo123 shows [Jd Kc] (One pair : 6)
pound4pound shows [Ks Qc] (Two pairs : Queens and 6)
pound4pound collected 51538 from pot
*** SUMMARY ***
Total pot 51538 | No rake
Board: [Qs 9h 7h 6h 6d]
Seat 4: torresmo123 (big blind) showed [Jd Kc] and lost with One pair : 6
Seat 6: pound4pound showed [Ks Qc] and won 51538 with Two pairs : Queens and 6


Winamax Poker - Tournament "AFTER WORK" buyIn: 18€ + 2€ level: 14 - HandId: #3200313559703617599-137-1708119061 - Holdem no limit (250/1000/2000) - 2024/02/16 21:31:01 UTC
Table: 'AFTER WORK(745131066)#0062' 6-max (real money) Seat #3 is the button
Seat 1: GrOlux7 (96082, 18€ bounty)
Seat 2: MyDngDngDong (18870, 22.50€ bounty)
Seat 3: michel_ah89 (62467, 18€ bounty)
Seat 4: torresmo123 (22095, 18€ bounty)
Seat 5: yoogg (20426, 9€ bounty)
Seat 6: pound4pound (51538, 9€ bounty)
*** ANTE/BLINDS ***
torresmo123 posts ante 250
yoogg posts ante 250
GrOlux7 posts ante 250
MyDngDngDong posts ante 250
michel_ah89 posts ante 250
pound4pound posts ante 250
torresmo123 posts small blind 1000
yoogg posts big blind 2000
Dealt to torresmo123 [5c 7h]
*** PRE-FLOP *** 
pound4pound folds
GrOlux7 raises 2000 to 4000
MyDngDngDong folds
michel_ah89 folds
torresmo123 folds
yoogg folds
GrOlux7 collected 8500 from pot
*** SUMMARY ***
Total pot 8500 | No rake
Seat 1: GrOlux7 won 8500


Winamax Poker - Tournament "AFTER WORK" buyIn: 18€ + 2€ level: 14 - HandId: #3200313559703617599-138-1708119080 - Holdem no limit (250/1000/2000) - 2024/02/16 21:31:20 UTC
Table: 'AFTER WORK(745131066)#0062' 6-max (real money) Seat #4 is the button
Seat 1: GrOlux7 (100332, 18€ bounty)
Seat 2: MyDngDngDong (18620, 22.50€ bounty)
Seat 3: michel_ah89 (62217, 18€ bounty)
Seat 4: torresmo123 (20845, 18€ bounty)
Seat 5: yoogg (18176, 9€ bounty)
Seat 6: pound4pound (51288, 9€ bounty)
*** ANTE/BLINDS ***
yoogg posts ante 250
pound4pound posts ante 250
GrOlux7 posts ante 250
MyDngDngDong posts ante 250
michel_ah89 posts ante 250
torresmo123 posts ante 250
yoogg posts small blind 1000
pound4pound posts big blind 2000
Dealt to torresmo123 [Ac 5c]
*** PRE-FLOP *** 
GrOlux7 folds
MyDngDngDong raises 16370 to 18370 and is all-in
michel_ah89 folds
torresmo123 raises 2225 to 20595 and is all-in
yoogg folds
pound4pound folds
*** FLOP *** [Jh 3s 9c]
*** TURN *** [Jh 3s 9c][Jd]
*** RIVER *** [Jh 3s 9c Jd][6c]
*** SHOW DOWN ***
MyDngDngDong shows [Ts Td] (Two pairs : Jacks and Tens)
torresmo123 shows [Ac 5c] (One pair : Jacks)
torresmo123 collected 2225 from side pot 1
MyDngDngDong collected 41240 from main pot
*** SUMMARY ***
Total pot 43465 | No rake
Board: [Jh 3s 9c Jd 6c]
Seat 2: MyDngDngDong showed [Ts Td] and won 41240 with Two pairs : Jacks and Tens
Seat 4: torresmo123 (button) showed [Ac 5c] and won 2225 with One pair : Jacks


Winamax Poker - Tournament "AFTER WORK" buyIn: 18€ + 2€ level: 14 - HandId: #3200313559703617599-139-1708119109 - Holdem no limit (250/1000/2000) - 2024/02/16 21:31:49 UTC
Table: 'AFTER WORK(745131066)#0062' 6-max (real money) Seat #5 is the button
Seat 1: GrOlux7 (100082, 18€ bounty)
Seat 2: MyDngDngDong (41240, 22.50€ bounty)
Seat 3: michel_ah89 (61967, 18€ bounty)
Seat 4: torresmo123 (2225, 18€ bounty)
Seat 5: yoogg (16926, 9€ bounty)
Seat 6: pound4pound (49038, 9€ bounty)
*** ANTE/BLINDS ***
pound4pound posts ante 250
GrOlux7 posts ante 250
MyDngDngDong posts ante 250
michel_ah89 posts ante 250
torresmo123 posts ante 250
yoogg posts ante 250
pound4pound posts small blind 1000
GrOlux7 posts big blind 2000
Dealt to torresmo123 [8s Qd]
*** PRE-FLOP *** 
MyDngDngDong folds
michel_ah89 folds
torresmo123 calls 1975 and is all-in
yoogg folds
pound4pound calls 1000
GrOlux7 checks
*** FLOP *** [Ad Td 7d]
pound4pound checks
GrOlux7 checks
*** TURN *** [Ad Td 7d][5h]
pound4pound checks
GrOlux7 checks
*** RIVER *** [Ad Td 7d 5h][9h]
pound4pound checks
GrOlux7 checks
*** SHOW DOWN ***
torresmo123 shows [8s Qd] (High card : Ace)
pound4pound shows [3c 8c] (High card : Ace)
GrOlux7 shows [6h 5c] (One pair : 5)
GrOlux7 collected 7475 from pot
*** SUMMARY ***
Total pot 7475 | No rake
Board: [Ad Td 7d 5h 9h]
Seat 1: GrOlux7 (big blind) showed [6h 5c] and won 7475 with One pair : 5
Seat 4: torresmo123 showed [8s Qd] and lost with High card : Ace
Seat 6: pound4pound (small blind) showed [3c 8c] and lost with High card : Ace


