Winamax Poker - Tournament "PRIME TIME" buyIn: 45€ + 5€ level: 1 - HandId: #3216061942057664642-2-1708977781 - Holdem no limit (25/100/200) - 2024/02/26 20:03:01 UTC
Table: 'PRIME TIME(748797772)#0129' 6-max (real money) Seat #4 is the button
Seat 1: torresmo123 (20000, 22.50€ bounty)
Seat 2: VictoriaFox (5151, 22.50€ bounty)
Seat 3: HOLIDAYWORLD (19975, 22.50€ bounty)
Seat 4: _Drixe_ (16056, 22.50€ bounty)
Seat 5: Chien Triste (19775, 22.50€ bounty)
Seat 6: Monchateau (20350, 22.50€ bounty)
*** ANTE/BLINDS ***
Chien Triste posts ante 25
Monchateau posts ante 25
torresmo123 posts ante 25
VictoriaFox posts ante 25
HOLIDAYWORLD posts ante 25
_Drixe_ posts ante 25
Chien Triste posts small blind 100
Monchateau posts big blind 200
Dealt to torresmo123 [Qd 6c]
*** PRE-FLOP *** 
torresmo123 folds
VictoriaFox raises 200 to 400
HOLIDAYWORLD folds
_Drixe_ folds
Chien Triste folds
Monchateau calls 200
*** FLOP *** [2c 5h 4d]
Monchateau bets 600
VictoriaFox raises 4126 to 4726 and is all-in
Monchateau folds
VictoriaFox collected 6376 from pot
*** SUMMARY ***
Total pot 6376 | No rake
Board: [2c 5h 4d]
Seat 2: VictoriaFox won 6376


Winamax Poker - Tournament "PRIME TIME" buyIn: 45€ + 5€ level: 1 - HandId: #3216061942057664642-3-1708977851 - Holdem no limit (25/100/200) - 2024/02/26 20:04:11 UTC
Table: 'PRIME TIME(748797772)#0129' 6-max (real money) Seat #5 is the button
Seat 1: torresmo123 (19975, 22.50€ bounty)
Seat 2: VictoriaFox (6376, 22.50€ bounty)
Seat 3: HOLIDAYWORLD (19950, 22.50€ bounty)
Seat 4: _Drixe_ (16031, 22.50€ bounty)
Seat 5: Chien Triste (19650, 22.50€ bounty)
Seat 6: Monchateau (19325, 22.50€ bounty)
*** ANTE/BLINDS ***
Monchateau posts ante 25
torresmo123 posts ante 25
VictoriaFox posts ante 25
HOLIDAYWORLD posts ante 25
_Drixe_ posts ante 25
Chien Triste posts ante 25
Monchateau posts small blind 100
torresmo123 posts big blind 200
Dealt to torresmo123 [Jh 8c]
*** PRE-FLOP *** 
VictoriaFox folds
HOLIDAYWORLD folds
_Drixe_ raises 240 to 440
Chien Triste folds
Monchateau folds
torresmo123 calls 240
*** FLOP *** [9d Th 7h]
torresmo123 checks
_Drixe_ checks
*** TURN *** [9d Th 7h][Jd]
torresmo123 bets 373
_Drixe_ calls 373
*** RIVER *** [9d Th 7h Jd][7c]
torresmo123 bets 619
_Drixe_ folds
torresmo123 collected 2495 from pot
*** SUMMARY ***
Total pot 2495 | No rake
Board: [9d Th 7h Jd 7c]
Seat 1: torresmo123 (big blind) won 2495


Winamax Poker - Tournament "PRIME TIME" buyIn: 45€ + 5€ level: 1 - HandId: #3216061942057664642-4-1708977924 - Holdem no limit (25/100/200) - 2024/02/26 20:05:24 UTC
Table: 'PRIME TIME(748797772)#0129' 6-max (real money) Seat #6 is the button
Seat 1: torresmo123 (21013, 22.50€ bounty)
Seat 2: VictoriaFox (6351, 22.50€ bounty)
Seat 3: HOLIDAYWORLD (19925, 22.50€ bounty)
Seat 4: _Drixe_ (15193, 22.50€ bounty)
Seat 5: Chien Triste (19625, 22.50€ bounty)
Seat 6: Monchateau (19200, 22.50€ bounty)
*** ANTE/BLINDS ***
torresmo123 posts ante 25
VictoriaFox posts ante 25
HOLIDAYWORLD posts ante 25
_Drixe_ posts ante 25
Chien Triste posts ante 25
Monchateau posts ante 25
torresmo123 posts small blind 100
VictoriaFox posts big blind 200
Dealt to torresmo123 [2c 7h]
*** PRE-FLOP *** 
HOLIDAYWORLD folds
_Drixe_ raises 240 to 440
Chien Triste folds
Monchateau calls 440
torresmo123 folds
VictoriaFox calls 240
*** FLOP *** [3s 4h Th]
VictoriaFox checks
_Drixe_ bets 1036
Monchateau calls 1036
VictoriaFox folds
*** TURN *** [3s 4h Th][Ad]
_Drixe_ bets 2404
Monchateau raises 2796 to 5200
_Drixe_ calls 2796
*** RIVER *** [3s 4h Th Ad][Ah]
_Drixe_ checks
Monchateau checks
*** SHOW DOWN ***
Monchateau shows [Tc 9c] (Two pairs : Aces and Tens)
_Drixe_ shows [Kd Ks] (Two pairs : Aces and Kings)
_Drixe_ collected 14042 from pot
*** SUMMARY ***
Total pot 14042 | No rake
Board: [3s 4h Th Ad Ah]
Seat 4: _Drixe_ showed [Kd Ks] and won 14042 with Two pairs : Aces and Kings
Seat 6: Monchateau (button) showed [Tc 9c] and lost with Two pairs : Aces and Tens


Winamax Poker - Tournament "PRIME TIME" buyIn: 45€ + 5€ level: 1 - HandId: #3216061942057664642-5-1708977987 - Holdem no limit (25/100/200) - 2024/02/26 20:06:27 UTC
Table: 'PRIME TIME(748797772)#0129' 6-max (real money) Seat #1 is the button
Seat 1: torresmo123 (20888, 22.50€ bounty)
Seat 2: VictoriaFox (5886, 22.50€ bounty)
Seat 3: HOLIDAYWORLD (19900, 22.50€ bounty)
Seat 4: _Drixe_ (22534, 22.50€ bounty)
Seat 5: Chien Triste (19600, 22.50€ bounty)
Seat 6: Monchateau (12499, 22.50€ bounty)
*** ANTE/BLINDS ***
VictoriaFox posts ante 25
HOLIDAYWORLD posts ante 25
torresmo123 posts ante 25
_Drixe_ posts ante 25
Chien Triste posts ante 25
Monchateau posts ante 25
VictoriaFox posts small blind 100
HOLIDAYWORLD posts big blind 200
Dealt to torresmo123 [9h Th]
*** PRE-FLOP *** 
_Drixe_ folds
Chien Triste folds
Monchateau raises 500 to 700
torresmo123 calls 700
VictoriaFox folds
HOLIDAYWORLD folds
*** FLOP *** [5d 4h Ah]
Monchateau bets 1480
torresmo123 calls 1480
*** TURN *** [5d 4h Ah][Qc]
Monchateau bets 3848
torresmo123 calls 3848
*** RIVER *** [5d 4h Ah Qc][8s]
Monchateau checks
torresmo123 bets 6878
Monchateau calls 6446 and is all-in
*** SHOW DOWN ***
torresmo123 shows [9h Th] (High card : Ace)
Monchateau shows [As 2s] (One pair : Aces)
Monchateau collected 25398 from main pot
torresmo123 collected 432 from side pot 1
*** SUMMARY ***
Total pot 25830 | No rake
Board: [5d 4h Ah Qc 8s]
Seat 1: torresmo123 (button) showed [9h Th] and won 432 with High card : Ace
Seat 6: Monchateau showed [As 2s] and won 25398 with One pair : Aces


Winamax Poker - Tournament "PRIME TIME" buyIn: 45€ + 5€ level: 1 - HandId: #3216061942057664642-6-1708978084 - Holdem no limit (25/100/200) - 2024/02/26 20:08:04 UTC
Table: 'PRIME TIME(748797772)#0129' 6-max (real money) Seat #2 is the button
Seat 1: torresmo123 (8389, 22.50€ bounty)
Seat 2: VictoriaFox (5761, 22.50€ bounty)
Seat 3: HOLIDAYWORLD (19675, 22.50€ bounty)
Seat 4: _Drixe_ (22509, 22.50€ bounty)
Seat 5: Chien Triste (19575, 22.50€ bounty)
Seat 6: Monchateau (25398, 22.50€ bounty)
*** ANTE/BLINDS ***
HOLIDAYWORLD posts ante 25
_Drixe_ posts ante 25
torresmo123 posts ante 25
VictoriaFox posts ante 25
Chien Triste posts ante 25
Monchateau posts ante 25
HOLIDAYWORLD posts small blind 100
_Drixe_ posts big blind 200
Dealt to torresmo123 [5h Qd]
*** PRE-FLOP *** 
Chien Triste folds
Monchateau folds
torresmo123 folds
VictoriaFox raises 200 to 400
HOLIDAYWORLD raises 950 to 1350
_Drixe_ folds
VictoriaFox folds
HOLIDAYWORLD collected 2100 from pot
*** SUMMARY ***
Total pot 2100 | No rake
Seat 3: HOLIDAYWORLD (small blind) won 2100


Winamax Poker - Tournament "PRIME TIME" buyIn: 45€ + 5€ level: 1 - HandId: #3216061942057664642-7-1708978122 - Holdem no limit (25/100/200) - 2024/02/26 20:08:42 UTC
Table: 'PRIME TIME(748797772)#0129' 6-max (real money) Seat #3 is the button
Seat 1: torresmo123 (8364, 22.50€ bounty)
Seat 2: VictoriaFox (5336, 22.50€ bounty)
Seat 3: HOLIDAYWORLD (20400, 22.50€ bounty)
Seat 4: _Drixe_ (22284, 22.50€ bounty)
Seat 5: Chien Triste (19550, 22.50€ bounty)
Seat 6: Monchateau (25373, 22.50€ bounty)
*** ANTE/BLINDS ***
_Drixe_ posts ante 25
Chien Triste posts ante 25
torresmo123 posts ante 25
VictoriaFox posts ante 25
HOLIDAYWORLD posts ante 25
Monchateau posts ante 25
_Drixe_ posts small blind 100
Chien Triste posts big blind 200
Dealt to torresmo123 [6h 2h]
*** PRE-FLOP *** 
Monchateau folds
torresmo123 folds
VictoriaFox folds
HOLIDAYWORLD folds
_Drixe_ folds
Chien Triste collected 450 from pot
*** SUMMARY ***
Total pot 450 | No rake
Seat 5: Chien Triste (big blind) won 450


Winamax Poker - Tournament "PRIME TIME" buyIn: 45€ + 5€ level: 1 - HandId: #3216061942057664642-8-1708978150 - Holdem no limit (25/100/200) - 2024/02/26 20:09:10 UTC
Table: 'PRIME TIME(748797772)#0129' 6-max (real money) Seat #4 is the button
Seat 1: torresmo123 (8339, 22.50€ bounty)
Seat 2: VictoriaFox (5311, 22.50€ bounty)
Seat 3: HOLIDAYWORLD (20375, 22.50€ bounty)
Seat 4: _Drixe_ (22159, 22.50€ bounty)
Seat 5: Chien Triste (19775, 22.50€ bounty)
Seat 6: Monchateau (25348, 22.50€ bounty)
*** ANTE/BLINDS ***
Chien Triste posts ante 25
Monchateau posts ante 25
torresmo123 posts ante 25
VictoriaFox posts ante 25
HOLIDAYWORLD posts ante 25
_Drixe_ posts ante 25
Chien Triste posts small blind 100
Monchateau posts big blind 200
Dealt to torresmo123 [Ks 6c]
*** PRE-FLOP *** 
torresmo123 folds
VictoriaFox folds
HOLIDAYWORLD folds
_Drixe_ raises 240 to 440
Chien Triste raises 1560 to 2000
Monchateau folds
_Drixe_ folds
Chien Triste collected 2790 from pot
*** SUMMARY ***
Total pot 2790 | No rake
Seat 5: Chien Triste (small blind) won 2790


Winamax Poker - Tournament "PRIME TIME" buyIn: 45€ + 5€ level: 1 - HandId: #3216061942057664642-9-1708978190 - Holdem no limit (25/100/200) - 2024/02/26 20:09:50 UTC
Table: 'PRIME TIME(748797772)#0129' 6-max (real money) Seat #5 is the button
Seat 1: torresmo123 (8314, 22.50€ bounty)
Seat 2: VictoriaFox (5286, 22.50€ bounty)
Seat 3: HOLIDAYWORLD (20350, 22.50€ bounty)
Seat 4: _Drixe_ (21694, 22.50€ bounty)
Seat 5: Chien Triste (20540, 22.50€ bounty)
Seat 6: Monchateau (25123, 22.50€ bounty)
*** ANTE/BLINDS ***
Monchateau posts ante 25
torresmo123 posts ante 25
VictoriaFox posts ante 25
HOLIDAYWORLD posts ante 25
_Drixe_ posts ante 25
Chien Triste posts ante 25
Monchateau posts small blind 100
torresmo123 posts big blind 200
Dealt to torresmo123 [Ks 3h]
*** PRE-FLOP *** 
VictoriaFox raises 200 to 400
HOLIDAYWORLD folds
_Drixe_ folds
Chien Triste raises 800 to 1200
Monchateau calls 1100
torresmo123 folds
VictoriaFox folds
*** FLOP *** [Ah Td 2s]
Monchateau checks
Chien Triste bets 1512
Monchateau calls 1512
*** TURN *** [Ah Td 2s][5c]
Monchateau checks
Chien Triste bets 3000
Monchateau calls 3000
*** RIVER *** [Ah Td 2s 5c][8d]
Monchateau bets 19386 and is all-in
Chien Triste folds
Monchateau collected 31560 from pot
*** SUMMARY ***
Total pot 31560 | No rake
Board: [Ah Td 2s 5c 8d]
Seat 6: Monchateau (small blind) won 31560


Winamax Poker - Tournament "PRIME TIME" buyIn: 45€ + 5€ level: 1 - HandId: #3216061942057664642-10-1708978261 - Holdem no limit (25/100/200) - 2024/02/26 20:11:01 UTC
Table: 'PRIME TIME(748797772)#0129' 6-max (real money) Seat #6 is the button
Seat 1: torresmo123 (8089, 22.50€ bounty)
Seat 2: VictoriaFox (4861, 22.50€ bounty)
Seat 3: HOLIDAYWORLD (20325, 22.50€ bounty)
Seat 4: _Drixe_ (21669, 22.50€ bounty)
Seat 5: Chien Triste (14803, 22.50€ bounty)
Seat 6: Monchateau (31560, 22.50€ bounty)
*** ANTE/BLINDS ***
torresmo123 posts ante 25
VictoriaFox posts ante 25
HOLIDAYWORLD posts ante 25
_Drixe_ posts ante 25
Chien Triste posts ante 25
Monchateau posts ante 25
torresmo123 posts small blind 100
VictoriaFox posts big blind 200
Dealt to torresmo123 [Ad 9d]
*** PRE-FLOP *** 
HOLIDAYWORLD folds
_Drixe_ folds
Chien Triste folds
Monchateau folds
torresmo123 raises 400 to 600
VictoriaFox raises 4236 to 4836 and is all-in
torresmo123 calls 4236
*** FLOP *** [Qc 3c Kh]
*** TURN *** [Qc 3c Kh][8c]
*** RIVER *** [Qc 3c Kh 8c][7c]
*** SHOW DOWN ***
torresmo123 shows [Ad 9d] (High card : Ace)
VictoriaFox shows [Qd Qs] (Trips of Queens)
VictoriaFox collected 9822 from pot
*** SUMMARY ***
Total pot 9822 | No rake
Board: [Qc 3c Kh 8c 7c]
Seat 1: torresmo123 (small blind) showed [Ad 9d] and lost with High card : Ace
Seat 2: VictoriaFox (big blind) showed [Qd Qs] and won 9822 with Trips of Queens


Winamax Poker - Tournament "PRIME TIME" buyIn: 45€ + 5€ level: 2 - HandId: #3216061942057664642-11-1708978300 - Holdem no limit (30/125/250) - 2024/02/26 20:11:40 UTC
Table: 'PRIME TIME(748797772)#0129' 6-max (real money) Seat #1 is the button
Seat 1: torresmo123 (3228, 22.50€ bounty)
Seat 2: VictoriaFox (9822, 22.50€ bounty)
Seat 3: HOLIDAYWORLD (20300, 22.50€ bounty)
Seat 4: _Drixe_ (21644, 22.50€ bounty)
Seat 5: Chien Triste (14778, 22.50€ bounty)
Seat 6: Monchateau (31535, 22.50€ bounty)
*** ANTE/BLINDS ***
VictoriaFox posts ante 30
HOLIDAYWORLD posts ante 30
torresmo123 posts ante 30
_Drixe_ posts ante 30
Chien Triste posts ante 30
Monchateau posts ante 30
VictoriaFox posts small blind 125
HOLIDAYWORLD posts big blind 250
Dealt to torresmo123 [4d 7s]
*** PRE-FLOP *** 
_Drixe_ folds
Chien Triste raises 250 to 500
Monchateau folds
torresmo123 folds
VictoriaFox folds
HOLIDAYWORLD folds
Chien Triste collected 1055 from pot
*** SUMMARY ***
Total pot 1055 | No rake
Seat 5: Chien Triste won 1055


Winamax Poker - Tournament "PRIME TIME" buyIn: 45€ + 5€ level: 2 - HandId: #3216061942057664642-12-1708978323 - Holdem no limit (30/125/250) - 2024/02/26 20:12:03 UTC
Table: 'PRIME TIME(748797772)#0129' 6-max (real money) Seat #2 is the button
Seat 1: torresmo123 (3198, 22.50€ bounty)
Seat 2: VictoriaFox (9667, 22.50€ bounty)
Seat 3: HOLIDAYWORLD (20020, 22.50€ bounty)
Seat 4: _Drixe_ (21614, 22.50€ bounty)
Seat 6: Monchateau (31505, 22.50€ bounty)
*** ANTE/BLINDS ***
HOLIDAYWORLD posts ante 30
_Drixe_ posts ante 30
torresmo123 posts ante 30
VictoriaFox posts ante 30
Monchateau posts ante 30
HOLIDAYWORLD posts small blind 125
_Drixe_ posts big blind 250
Dealt to torresmo123 [7s Ah]
*** PRE-FLOP *** 
Monchateau folds
torresmo123 raises 2918 to 3168 and is all-in
VictoriaFox folds
HOLIDAYWORLD raises 16822 to 19990 and is all-in
_Drixe_ calls 19740
*** FLOP *** [5s 3s 4s]
*** TURN *** [5s 3s 4s][5c]
*** RIVER *** [5s 3s 4s 5c][Ks]
*** SHOW DOWN ***
HOLIDAYWORLD shows [3d Ac] (Two pairs : 5 and 3)
torresmo123 shows [7s Ah] (Flush King high)
_Drixe_ shows [Qd Qh] (Two pairs : Queens and 5)
_Drixe_ collected 33644 from side pot 1
torresmo123 collected 9654 from main pot
*** SUMMARY ***
Total pot 43298 | No rake
Board: [5s 3s 4s 5c Ks]
Seat 1: torresmo123 showed [7s Ah] and won 9654 with Flush King high
Seat 3: HOLIDAYWORLD (small blind) showed [3d Ac] and lost with Two pairs : 5 and 3
Seat 4: _Drixe_ (big blind) showed [Qd Qh] and won 33644 with Two pairs : Queens and 5


Winamax Poker - Tournament "PRIME TIME" buyIn: 45€ + 5€ level: 2 - HandId: #3216061942057664642-13-1708978357 - Holdem no limit (30/125/250) - 2024/02/26 20:12:37 UTC
Table: 'PRIME TIME(748797772)#0129' 6-max (real money) Seat #3 is the button
Seat 1: torresmo123 (9654, 22.50€ bounty)
Seat 2: VictoriaFox (9637, 22.50€ bounty)
Seat 4: _Drixe_ (35238, 33.75€ bounty)
Seat 5: Retashow (20000, 22.50€ bounty)
Seat 6: Monchateau (31475, 22.50€ bounty)
*** ANTE/BLINDS ***
_Drixe_ posts ante 30
Retashow posts ante 30
torresmo123 posts ante 30
VictoriaFox posts ante 30
Monchateau posts ante 30
_Drixe_ posts small blind 125
Retashow posts big blind 250
Dealt to torresmo123 [Td Qd]
*** PRE-FLOP *** 
Monchateau folds
torresmo123 raises 250 to 500
VictoriaFox folds
_Drixe_ folds
Retashow calls 250
*** FLOP *** [Ks 2s 7d]
Retashow checks
torresmo123 bets 319
Retashow calls 319
*** TURN *** [Ks 2s 7d][3c]
Retashow checks
torresmo123 checks
*** RIVER *** [Ks 2s 7d 3c][Qh]
Retashow bets 2000
torresmo123 calls 2000
*** SHOW DOWN ***
Retashow shows [Ts 9h] (High card : King)
torresmo123 shows [Td Qd] (One pair : Queens)
torresmo123 collected 5913 from pot
*** SUMMARY ***
Total pot 5913 | No rake
Board: [Ks 2s 7d 3c Qh]
Seat 1: torresmo123 showed [Td Qd] and won 5913 with One pair : Queens
Seat 5: Retashow (big blind) showed [Ts 9h] and lost with High card : King


Winamax Poker - Tournament "PRIME TIME" buyIn: 45€ + 5€ level: 2 - HandId: #3216061942057664642-14-1708978430 - Holdem no limit (30/125/250) - 2024/02/26 20:13:50 UTC
Table: 'PRIME TIME(748797772)#0129' 6-max (real money) Seat #4 is the button
Seat 1: torresmo123 (12718, 22.50€ bounty)
Seat 2: VictoriaFox (9607, 22.50€ bounty)
Seat 3: BravoGG (20000, 22.50€ bounty)
Seat 4: _Drixe_ (35083, 33.75€ bounty)
Seat 5: Retashow (17151, 22.50€ bounty)
Seat 6: Monchateau (31445, 22.50€ bounty)
*** ANTE/BLINDS ***
Retashow posts ante 30
Monchateau posts ante 30
torresmo123 posts ante 30
VictoriaFox posts ante 30
BravoGG posts ante 30
_Drixe_ posts ante 30
Retashow posts small blind 125
Monchateau posts big blind 250
Dealt to torresmo123 [Ks 5d]
*** PRE-FLOP *** 
torresmo123 folds
VictoriaFox folds
BravoGG folds
_Drixe_ folds
Retashow calls 125
Monchateau raises 1000 to 1250
Retashow calls 1000
*** FLOP *** [3d 7h 9d]
Retashow checks
Monchateau checks
*** TURN *** [3d 7h 9d][Ts]
Retashow bets 884
Monchateau calls 884
*** RIVER *** [3d 7h 9d Ts][8d]
Retashow bets 6250
Monchateau calls 6250
*** SHOW DOWN ***
Monchateau shows [Jd Kh] (Straight Jack high)
Retashow shows [7d 6d] (Flush 9 high)
Retashow collected 16948 from pot
*** SUMMARY ***
Total pot 16948 | No rake
Board: [3d 7h 9d Ts 8d]
Seat 5: Retashow (small blind) showed [7d 6d] and won 16948 with Flush 9 high
Seat 6: Monchateau (big blind) showed [Jd Kh] and lost with Straight Jack high


Winamax Poker - Tournament "PRIME TIME" buyIn: 45€ + 5€ level: 2 - HandId: #3216061942057664642-15-1708978527 - Holdem no limit (30/125/250) - 2024/02/26 20:15:27 UTC
Table: 'PRIME TIME(748797772)#0129' 6-max (real money) Seat #5 is the button
Seat 1: torresmo123 (12688, 22.50€ bounty)
Seat 2: VictoriaFox (9577, 22.50€ bounty)
Seat 3: BravoGG (19970, 22.50€ bounty)
Seat 4: _Drixe_ (35053, 33.75€ bounty)
Seat 5: Retashow (25685, 22.50€ bounty)
Seat 6: Monchateau (23031, 22.50€ bounty)
*** ANTE/BLINDS ***
Monchateau posts ante 30
torresmo123 posts ante 30
VictoriaFox posts ante 30
BravoGG posts ante 30
_Drixe_ posts ante 30
Retashow posts ante 30
Monchateau posts small blind 125
torresmo123 posts big blind 250
Dealt to torresmo123 [3h Tc]
*** PRE-FLOP *** 
VictoriaFox folds
BravoGG folds
_Drixe_ folds
Retashow folds
Monchateau raises 250 to 500
torresmo123 calls 250
*** FLOP *** [4c 2h Qs]
Monchateau checks
torresmo123 checks
*** TURN *** [4c 2h Qs][7s]
Monchateau checks
torresmo123 checks
*** RIVER *** [4c 2h Qs 7s][6c]
Monchateau bets 750
torresmo123 folds
Monchateau collected 1930 from pot
*** SUMMARY ***
Total pot 1930 | No rake
Board: [4c 2h Qs 7s 6c]
Seat 6: Monchateau (small blind) won 1930


Winamax Poker - Tournament "PRIME TIME" buyIn: 45€ + 5€ level: 2 - HandId: #3216061942057664642-16-1708978619 - Holdem no limit (30/125/250) - 2024/02/26 20:16:59 UTC
Table: 'PRIME TIME(748797772)#0129' 6-max (real money) Seat #6 is the button
Seat 1: torresmo123 (12158, 22.50€ bounty)
Seat 2: VictoriaFox (9547, 22.50€ bounty)
Seat 4: _Drixe_ (35023, 33.75€ bounty)
Seat 5: Retashow (25655, 22.50€ bounty)
Seat 6: Monchateau (23681, 22.50€ bounty)
*** ANTE/BLINDS ***
torresmo123 posts ante 30
VictoriaFox posts ante 30
_Drixe_ posts ante 30
Retashow posts ante 30
Monchateau posts ante 30
torresmo123 posts small blind 125
VictoriaFox posts big blind 250
Dealt to torresmo123 [Jd 2h]
*** PRE-FLOP *** 
_Drixe_ folds
Retashow raises 250 to 500
Monchateau folds
torresmo123 folds
VictoriaFox folds
Retashow collected 1025 from pot
*** SUMMARY ***
Total pot 1025 | No rake
Seat 5: Retashow won 1025


Winamax Poker - Tournament "PRIME TIME" buyIn: 45€ + 5€ level: 2 - HandId: #3216061942057664642-17-1708978643 - Holdem no limit (30/125/250) - 2024/02/26 20:17:23 UTC
Table: 'PRIME TIME(748797772)#0129' 6-max (real money) Seat #1 is the button
Seat 1: torresmo123 (12003, 22.50€ bounty)
Seat 2: VictoriaFox (9267, 22.50€ bounty)
Seat 3: ail steak.. (20000, 22.50€ bounty)
Seat 4: _Drixe_ (34993, 33.75€ bounty)
Seat 5: Retashow (26150, 22.50€ bounty)
Seat 6: Monchateau (23651, 22.50€ bounty)
*** ANTE/BLINDS ***
VictoriaFox posts ante 30
ail steak.. posts ante 30
torresmo123 posts ante 30
_Drixe_ posts ante 30
Retashow posts ante 30
Monchateau posts ante 30
VictoriaFox posts small blind 125
ail steak.. posts big blind 250
Dealt to torresmo123 [3s Kh]
*** PRE-FLOP *** 
_Drixe_ folds
Retashow folds
Monchateau raises 500 to 750
torresmo123 folds
VictoriaFox folds
ail steak.. calls 500
*** FLOP *** [Kd As Ac]
ail steak.. bets 250
Monchateau raises 1250 to 1500
ail steak.. calls 1250
*** TURN *** [Kd As Ac][Ad]
ail steak.. checks
Monchateau checks
*** RIVER *** [Kd As Ac Ad][7s]
ail steak.. checks
Monchateau checks
*** SHOW DOWN ***
ail steak.. shows [Qc Jc] (Trips of Aces)
Monchateau shows [7c 7d] (Full of Aces and 7)
Monchateau collected 4805 from pot
*** SUMMARY ***
Total pot 4805 | No rake
Board: [Kd As Ac Ad 7s]
Seat 3: ail steak.. (big blind) showed [Qc Jc] and lost with Trips of Aces
Seat 6: Monchateau showed [7c 7d] and won 4805 with Full of Aces and 7


Winamax Poker - Tournament "PRIME TIME" buyIn: 45€ + 5€ level: 3 - HandId: #3216061942057664642-18-1708978719 - Holdem no limit (35/150/300) - 2024/02/26 20:18:39 UTC
Table: 'PRIME TIME(748797772)#0129' 6-max (real money) Seat #2 is the button
Seat 1: torresmo123 (11973, 22.50€ bounty)
Seat 2: VictoriaFox (9112, 22.50€ bounty)
Seat 3: ail steak.. (17720, 22.50€ bounty)
Seat 4: _Drixe_ (34963, 33.75€ bounty)
Seat 5: Retashow (26120, 22.50€ bounty)
Seat 6: Monchateau (26176, 22.50€ bounty)
*** ANTE/BLINDS ***
ail steak.. posts ante 35
_Drixe_ posts ante 35
torresmo123 posts ante 35
VictoriaFox posts ante 35
Retashow posts ante 35
Monchateau posts ante 35
ail steak.. posts small blind 150
_Drixe_ posts big blind 300
Dealt to torresmo123 [8c 4s]
*** PRE-FLOP *** 
Retashow folds
Monchateau folds
torresmo123 folds
VictoriaFox raises 300 to 600
ail steak.. folds
_Drixe_ calls 300
*** FLOP *** [9d 3d As]
_Drixe_ checks
VictoriaFox bets 530
_Drixe_ calls 530
*** TURN *** [9d 3d As][Jh]
_Drixe_ checks
VictoriaFox checks
*** RIVER *** [9d 3d As Jh][4h]
_Drixe_ bets 1729
VictoriaFox folds
_Drixe_ collected 4349 from pot
*** SUMMARY ***
Total pot 4349 | No rake
Board: [9d 3d As Jh 4h]
Seat 4: _Drixe_ (big blind) won 4349


Winamax Poker - Tournament "PRIME TIME" buyIn: 45€ + 5€ level: 3 - HandId: #3216061942057664642-19-1708978791 - Holdem no limit (35/150/300) - 2024/02/26 20:19:51 UTC
Table: 'PRIME TIME(748797772)#0129' 6-max (real money) Seat #3 is the button
Seat 1: torresmo123 (11938, 22.50€ bounty)
Seat 2: VictoriaFox (7947, 22.50€ bounty)
Seat 3: ail steak.. (17535, 22.50€ bounty)
Seat 4: _Drixe_ (36418, 33.75€ bounty)
Seat 5: Retashow (26085, 22.50€ bounty)
Seat 6: Monchateau (26141, 22.50€ bounty)
*** ANTE/BLINDS ***
_Drixe_ posts ante 35
Retashow posts ante 35
torresmo123 posts ante 35
VictoriaFox posts ante 35
ail steak.. posts ante 35
Monchateau posts ante 35
_Drixe_ posts small blind 150
Retashow posts big blind 300
Dealt to torresmo123 [8s Ks]
*** PRE-FLOP *** 
Monchateau folds
torresmo123 raises 300 to 600
VictoriaFox raises 7312 to 7912 and is all-in
ail steak.. folds
_Drixe_ folds
Retashow folds
torresmo123 folds
VictoriaFox collected 9172 from pot
*** SUMMARY ***
Total pot 9172 | No rake
Seat 2: VictoriaFox won 9172


Winamax Poker - Tournament "PRIME TIME" buyIn: 45€ + 5€ level: 3 - HandId: #3216061942057664642-20-1708978863 - Holdem no limit (35/150/300) - 2024/02/26 20:21:03 UTC
Table: 'PRIME TIME(748797772)#0129' 6-max (real money) Seat #4 is the button
Seat 1: torresmo123 (11303, 22.50€ bounty)
Seat 2: VictoriaFox (9172, 22.50€ bounty)
Seat 3: ail steak.. (17500, 22.50€ bounty)
Seat 4: _Drixe_ (36233, 33.75€ bounty)
Seat 5: Retashow (25750, 22.50€ bounty)
Seat 6: Monchateau (26106, 22.50€ bounty)
*** ANTE/BLINDS ***
Retashow posts ante 35
Monchateau posts ante 35
torresmo123 posts ante 35
VictoriaFox posts ante 35
ail steak.. posts ante 35
_Drixe_ posts ante 35
Retashow posts small blind 150
Monchateau posts big blind 300
Dealt to torresmo123 [Qd 4c]
*** PRE-FLOP *** 
torresmo123 folds
VictoriaFox folds
ail steak.. folds
_Drixe_ raises 360 to 660
Retashow folds
Monchateau calls 360
*** FLOP *** [8h Ts 6c]
Monchateau checks
_Drixe_ checks
*** TURN *** [8h Ts 6c][As]
Monchateau checks
_Drixe_ bets 1109
Monchateau calls 1109
*** RIVER *** [8h Ts 6c As][5d]
Monchateau checks
_Drixe_ checks
*** SHOW DOWN ***
_Drixe_ shows [Qs Ks] (High card : Ace)
Monchateau shows [8d 3d] (One pair : 8)
Monchateau collected 3898 from pot
*** SUMMARY ***
Total pot 3898 | No rake
Board: [8h Ts 6c As 5d]
Seat 4: _Drixe_ (button) showed [Qs Ks] and lost with High card : Ace
Seat 6: Monchateau (big blind) showed [8d 3d] and won 3898 with One pair : 8


Winamax Poker - Tournament "PRIME TIME" buyIn: 45€ + 5€ level: 3 - HandId: #3216061942057664642-21-1708978927 - Holdem no limit (35/150/300) - 2024/02/26 20:22:07 UTC
Table: 'PRIME TIME(748797772)#0129' 6-max (real money) Seat #5 is the button
Seat 1: torresmo123 (11268, 22.50€ bounty)
Seat 2: VictoriaFox (9137, 22.50€ bounty)
Seat 3: ail steak.. (17465, 22.50€ bounty)
Seat 4: _Drixe_ (34429, 33.75€ bounty)
Seat 5: Retashow (25565, 22.50€ bounty)
Seat 6: Monchateau (28200, 22.50€ bounty)
*** ANTE/BLINDS ***
Monchateau posts ante 35
torresmo123 posts ante 35
VictoriaFox posts ante 35
ail steak.. posts ante 35
_Drixe_ posts ante 35
Retashow posts ante 35
Monchateau posts small blind 150
torresmo123 posts big blind 300
Dealt to torresmo123 [6h Js]
*** PRE-FLOP *** 
VictoriaFox folds
ail steak.. folds
_Drixe_ raises 360 to 660
Retashow folds
Monchateau folds
torresmo123 calls 360
*** FLOP *** [9s 8h 6d]
torresmo123 checks
_Drixe_ checks
*** TURN *** [9s 8h 6d][4c]
torresmo123 checks
_Drixe_ checks
*** RIVER *** [9s 8h 6d 4c][3c]
torresmo123 bets 420
_Drixe_ calls 420
*** SHOW DOWN ***
_Drixe_ shows [Qc As] (High card : Ace)
torresmo123 shows [6h Js] (One pair : 6)
torresmo123 collected 2520 from pot
*** SUMMARY ***
Total pot 2520 | No rake
Board: [9s 8h 6d 4c 3c]
Seat 1: torresmo123 (big blind) showed [6h Js] and won 2520 with One pair : 6
Seat 4: _Drixe_ showed [Qc As] and lost with High card : Ace


Winamax Poker - Tournament "PRIME TIME" buyIn: 45€ + 5€ level: 3 - HandId: #3216061942057664642-22-1708979013 - Holdem no limit (35/150/300) - 2024/02/26 20:23:33 UTC
Table: 'PRIME TIME(748797772)#0129' 6-max (real money) Seat #6 is the button
Seat 1: torresmo123 (12673, 22.50€ bounty)
Seat 2: VictoriaFox (9102, 22.50€ bounty)
Seat 4: _Drixe_ (33314, 33.75€ bounty)
Seat 5: Retashow (25530, 22.50€ bounty)
Seat 6: Monchateau (28015, 22.50€ bounty)
*** ANTE/BLINDS ***
torresmo123 posts ante 35
VictoriaFox posts ante 35
_Drixe_ posts ante 35
Retashow posts ante 35
Monchateau posts ante 35
torresmo123 posts small blind 150
VictoriaFox posts big blind 300
Dealt to torresmo123 [7s 7d]
*** PRE-FLOP *** 
_Drixe_ raises 300 to 600
Retashow folds
Monchateau folds
torresmo123 calls 450
VictoriaFox folds
*** FLOP *** [2d 7c Jd]
torresmo123 checks
_Drixe_ checks
*** TURN *** [2d 7c Jd][8c]
torresmo123 checks
_Drixe_ checks
*** RIVER *** [2d 7c Jd 8c][3c]
torresmo123 bets 1650
_Drixe_ raises 3650 to 5300
torresmo123 calls 3650
*** SHOW DOWN ***
_Drixe_ shows [9s Ac] (High card : Ace)
torresmo123 shows [7s 7d] (Trips of 7)
torresmo123 collected 12275 from pot
*** SUMMARY ***
Total pot 12275 | No rake
Board: [2d 7c Jd 8c 3c]
Seat 1: torresmo123 (small blind) showed [7s 7d] and won 12275 with Trips of 7
Seat 4: _Drixe_ showed [9s Ac] and lost with High card : Ace


Winamax Poker - Tournament "PRIME TIME" buyIn: 45€ + 5€ level: 3 - HandId: #3216061942057664642-23-1708979079 - Holdem no limit (35/150/300) - 2024/02/26 20:24:39 UTC
Table: 'PRIME TIME(748797772)#0129' 6-max (real money) Seat #1 is the button
Seat 1: torresmo123 (19013, 22.50€ bounty)
Seat 2: VictoriaFox (8767, 22.50€ bounty)
Seat 3: G0blin (20000, 22.50€ bounty)
Seat 4: _Drixe_ (27379, 33.75€ bounty)
Seat 5: Retashow (25495, 22.50€ bounty)
Seat 6: Monchateau (27980, 22.50€ bounty)
*** ANTE/BLINDS ***
VictoriaFox posts ante 35
G0blin posts ante 35
torresmo123 posts ante 35
_Drixe_ posts ante 35
Retashow posts ante 35
Monchateau posts ante 35
VictoriaFox posts small blind 150
G0blin posts big blind 300
Dealt to torresmo123 [Qh 5h]
*** PRE-FLOP *** 
_Drixe_ raises 300 to 600
Retashow folds
Monchateau calls 600
torresmo123 folds
VictoriaFox folds
G0blin folds
*** FLOP *** [Qc 2d Jc]
_Drixe_ bets 930
Monchateau raises 1170 to 2100
_Drixe_ raises 4242 to 6342
Monchateau folds
_Drixe_ collected 10302 from pot
*** SUMMARY ***
Total pot 10302 | No rake
Board: [Qc 2d Jc]
Seat 4: _Drixe_ won 10302


Winamax Poker - Tournament "PRIME TIME" buyIn: 45€ + 5€ level: 4 - HandId: #3216061942057664642-24-1708979118 - Holdem no limit (40/175/350) - 2024/02/26 20:25:18 UTC
Table: 'PRIME TIME(748797772)#0129' 6-max (real money) Seat #2 is the button
Seat 1: torresmo123 (18978, 22.50€ bounty)
Seat 2: VictoriaFox (8582, 22.50€ bounty)
Seat 3: G0blin (19665, 22.50€ bounty)
Seat 4: _Drixe_ (30704, 33.75€ bounty)
Seat 5: Retashow (25460, 22.50€ bounty)
Seat 6: Monchateau (25245, 22.50€ bounty)
*** ANTE/BLINDS ***
G0blin posts ante 40
_Drixe_ posts ante 40
torresmo123 posts ante 40
VictoriaFox posts ante 40
Retashow posts ante 40
Monchateau posts ante 40
G0blin posts small blind 175
_Drixe_ posts big blind 350
Dealt to torresmo123 [Ac 3d]
*** PRE-FLOP *** 
Retashow folds
Monchateau raises 350 to 700
torresmo123 folds
VictoriaFox raises 7842 to 8542 and is all-in
G0blin folds
_Drixe_ folds
Monchateau calls 7842
*** FLOP *** [Jc 7c 5c]
*** TURN *** [Jc 7c 5c][9c]
*** RIVER *** [Jc 7c 5c 9c][Tc]
*** SHOW DOWN ***
VictoriaFox shows [Qs Ks] (Flush Jack high)
Monchateau shows [9h 8s] (Flush Jack high)
Monchateau collected 8925 from pot
VictoriaFox collected 8924 from pot
*** SUMMARY ***
Total pot 17849 | No rake
Board: [Jc 7c 5c 9c Tc]
Seat 2: VictoriaFox (button) showed [Qs Ks] and won 8924 with Flush Jack high
Seat 6: Monchateau showed [9h 8s] and won 8925 with Flush Jack high


Winamax Poker - Tournament "PRIME TIME" buyIn: 45€ + 5€ level: 4 - HandId: #3216061942057664642-25-1708979146 - Holdem no limit (40/175/350) - 2024/02/26 20:25:46 UTC
Table: 'PRIME TIME(748797772)#0129' 6-max (real money) Seat #3 is the button
Seat 1: torresmo123 (18938, 22.50€ bounty)
Seat 2: VictoriaFox (8924, 22.50€ bounty)
Seat 3: G0blin (19450, 22.50€ bounty)
Seat 4: _Drixe_ (30314, 33.75€ bounty)
Seat 5: Retashow (25420, 22.50€ bounty)
Seat 6: Monchateau (25588, 22.50€ bounty)
*** ANTE/BLINDS ***
_Drixe_ posts ante 40
Retashow posts ante 40
torresmo123 posts ante 40
VictoriaFox posts ante 40
G0blin posts ante 40
Monchateau posts ante 40
_Drixe_ posts small blind 175
Retashow posts big blind 350
Dealt to torresmo123 [Js 4h]
*** PRE-FLOP *** 
Monchateau folds
torresmo123 folds
VictoriaFox folds
G0blin folds
_Drixe_ calls 175
Retashow checks
*** FLOP *** [6c 7h Ad]
_Drixe_ checks
Retashow checks
*** TURN *** [6c 7h Ad][6s]
_Drixe_ checks
Retashow checks
*** RIVER *** [6c 7h Ad 6s][9c]
_Drixe_ checks
Retashow checks
*** SHOW DOWN ***
Retashow shows [4d 8c] (One pair : 6)
_Drixe_ shows [Qc 2s] (One pair : 6)
_Drixe_ collected 940 from pot
*** SUMMARY ***
Total pot 940 | No rake
Board: [6c 7h Ad 6s 9c]
Seat 4: _Drixe_ (small blind) showed [Qc 2s] and won 940 with One pair : 6
Seat 5: Retashow (big blind) showed [4d 8c] and lost with One pair : 6


Winamax Poker - Tournament "PRIME TIME" buyIn: 45€ + 5€ level: 4 - HandId: #3216061942057664642-26-1708979236 - Holdem no limit (40/175/350) - 2024/02/26 20:27:16 UTC
Table: 'PRIME TIME(748797772)#0129' 6-max (real money) Seat #4 is the button
Seat 1: torresmo123 (18898, 22.50€ bounty)
Seat 2: VictoriaFox (8884, 22.50€ bounty)
Seat 3: G0blin (19410, 22.50€ bounty)
Seat 4: _Drixe_ (30864, 33.75€ bounty)
Seat 5: Retashow (25030, 22.50€ bounty)
Seat 6: Monchateau (25548, 22.50€ bounty)
*** ANTE/BLINDS ***
Retashow posts ante 40
Monchateau posts ante 40
torresmo123 posts ante 40
VictoriaFox posts ante 40
G0blin posts ante 40
_Drixe_ posts ante 40
Retashow posts small blind 175
Monchateau posts big blind 350
Dealt to torresmo123 [Ah 6c]
*** PRE-FLOP *** 
torresmo123 folds
VictoriaFox folds
G0blin folds
_Drixe_ folds
Retashow calls 175
Monchateau checks
*** FLOP *** [2d Jc 7h]
Retashow bets 350
Monchateau raises 944 to 1294
Retashow folds
Monchateau collected 2584 from pot
*** SUMMARY ***
Total pot 2584 | No rake
Board: [2d Jc 7h]
Seat 6: Monchateau (big blind) won 2584


Winamax Poker - Tournament "PRIME TIME" buyIn: 45€ + 5€ level: 4 - HandId: #3216061942057664642-27-1708979306 - Holdem no limit (40/175/350) - 2024/02/26 20:28:26 UTC
Table: 'PRIME TIME(748797772)#0129' 6-max (real money) Seat #5 is the button
Seat 1: torresmo123 (18858, 22.50€ bounty)
Seat 2: VictoriaFox (8844, 22.50€ bounty)
Seat 3: G0blin (19370, 22.50€ bounty)
Seat 4: _Drixe_ (30824, 33.75€ bounty)
Seat 5: Retashow (24290, 22.50€ bounty)
Seat 6: Monchateau (26448, 22.50€ bounty)
*** ANTE/BLINDS ***
Monchateau posts ante 40
torresmo123 posts ante 40
VictoriaFox posts ante 40
G0blin posts ante 40
_Drixe_ posts ante 40
Retashow posts ante 40
Monchateau posts small blind 175
torresmo123 posts big blind 350
Dealt to torresmo123 [Ac 6s]
*** PRE-FLOP *** 
VictoriaFox raises 350 to 700
G0blin folds
_Drixe_ folds
Retashow folds
Monchateau folds
torresmo123 calls 350
*** FLOP *** [2c Ts Tc]
torresmo123 checks
VictoriaFox checks
*** TURN *** [2c Ts Tc][8c]
torresmo123 checks
VictoriaFox checks
*** RIVER *** [2c Ts Tc 8c][8h]
torresmo123 bets 350
VictoriaFox calls 350
*** SHOW DOWN ***
torresmo123 shows [Ac 6s] (Two pairs : Tens and 8)
VictoriaFox shows [Ad Qd] (Two pairs : Tens and 8)
VictoriaFox collected 1258 from pot
torresmo123 collected 1257 from pot
*** SUMMARY ***
Total pot 2515 | No rake
Board: [2c Ts Tc 8c 8h]
Seat 1: torresmo123 (big blind) showed [Ac 6s] and won 1257 with Two pairs : Tens and 8
Seat 2: VictoriaFox showed [Ad Qd] and won 1258 with Two pairs : Tens and 8


Winamax Poker - Tournament "PRIME TIME" buyIn: 45€ + 5€ level: 4 - HandId: #3216061942057664642-28-1708979359 - Holdem no limit (40/175/350) - 2024/02/26 20:29:19 UTC
Table: 'PRIME TIME(748797772)#0129' 6-max (real money) Seat #6 is the button
Seat 1: torresmo123 (19025, 22.50€ bounty)
Seat 2: VictoriaFox (9012, 22.50€ bounty)
Seat 3: G0blin (19330, 22.50€ bounty)
Seat 4: _Drixe_ (30784, 33.75€ bounty)
Seat 5: Retashow (24250, 22.50€ bounty)
Seat 6: Monchateau (26233, 22.50€ bounty)
*** ANTE/BLINDS ***
torresmo123 posts ante 40
VictoriaFox posts ante 40
G0blin posts ante 40
_Drixe_ posts ante 40
Retashow posts ante 40
Monchateau posts ante 40
torresmo123 posts small blind 175
VictoriaFox posts big blind 350
Dealt to torresmo123 [Jd 3d]
*** PRE-FLOP *** 
G0blin folds
_Drixe_ folds
Retashow raises 350 to 700
Monchateau folds
torresmo123 folds
VictoriaFox raises 8272 to 8972 and is all-in
Retashow folds
VictoriaFox collected 10087 from pot
*** SUMMARY ***
Total pot 10087 | No rake
Seat 2: VictoriaFox (big blind) won 10087


Winamax Poker - Tournament "PRIME TIME" buyIn: 45€ + 5€ level: 4 - HandId: #3216061942057664642-29-1708979395 - Holdem no limit (40/175/350) - 2024/02/26 20:29:55 UTC
Table: 'PRIME TIME(748797772)#0129' 6-max (real money) Seat #1 is the button
Seat 1: torresmo123 (18810, 22.50€ bounty)
Seat 2: VictoriaFox (10087, 22.50€ bounty)
Seat 3: G0blin (19290, 22.50€ bounty)
Seat 4: _Drixe_ (30744, 33.75€ bounty)
Seat 5: Retashow (23510, 22.50€ bounty)
Seat 6: Monchateau (26193, 22.50€ bounty)
*** ANTE/BLINDS ***
VictoriaFox posts ante 40
G0blin posts ante 40
torresmo123 posts ante 40
_Drixe_ posts ante 40
Retashow posts ante 40
Monchateau posts ante 40
VictoriaFox posts small blind 175
G0blin posts big blind 350
Dealt to torresmo123 [Kh Td]
*** PRE-FLOP *** 
_Drixe_ raises 350 to 700
Retashow folds
Monchateau calls 700
torresmo123 folds
VictoriaFox folds
G0blin folds
*** FLOP *** [5s 5h Qc]
_Drixe_ checks
Monchateau checks
*** TURN *** [5s 5h Qc][Qh]
_Drixe_ bets 1429
Monchateau folds
_Drixe_ collected 3594 from pot
*** SUMMARY ***
Total pot 3594 | No rake
Board: [5s 5h Qc Qh]
Seat 4: _Drixe_ won 3594


Winamax Poker - Tournament "PRIME TIME" buyIn: 45€ + 5€ level: 4 - HandId: #3216061942057664642-30-1708979448 - Holdem no limit (40/175/350) - 2024/02/26 20:30:48 UTC
Table: 'PRIME TIME(748797772)#0129' 6-max (real money) Seat #2 is the button
Seat 1: torresmo123 (18770, 22.50€ bounty)
Seat 2: VictoriaFox (9872, 22.50€ bounty)
Seat 3: G0blin (18900, 22.50€ bounty)
Seat 4: _Drixe_ (32169, 33.75€ bounty)
Seat 5: Retashow (23470, 22.50€ bounty)
Seat 6: Monchateau (25453, 22.50€ bounty)
*** ANTE/BLINDS ***
G0blin posts ante 40
_Drixe_ posts ante 40
torresmo123 posts ante 40
VictoriaFox posts ante 40
Retashow posts ante 40
Monchateau posts ante 40
G0blin posts small blind 175
_Drixe_ posts big blind 350
Dealt to torresmo123 [Td 7c]
*** PRE-FLOP *** 
Retashow folds
Monchateau folds
torresmo123 folds
VictoriaFox raises 350 to 700
G0blin folds
_Drixe_ calls 350
*** FLOP *** [4s Qh Ah]
_Drixe_ checks
VictoriaFox bets 617
_Drixe_ folds
VictoriaFox collected 2432 from pot
*** SUMMARY ***
Total pot 2432 | No rake
Board: [4s Qh Ah]
Seat 2: VictoriaFox (button) won 2432


Winamax Poker - Tournament "PRIME TIME" buyIn: 45€ + 5€ level: 4 - HandId: #3216061942057664642-31-1708979492 - Holdem no limit (40/175/350) - 2024/02/26 20:31:32 UTC
Table: 'PRIME TIME(748797772)#0129' 6-max (real money) Seat #3 is the button
Seat 1: torresmo123 (18730, 22.50€ bounty)
Seat 2: VictoriaFox (10947, 22.50€ bounty)
Seat 3: G0blin (18685, 22.50€ bounty)
Seat 4: _Drixe_ (31429, 33.75€ bounty)
Seat 5: Retashow (23430, 22.50€ bounty)
Seat 6: Monchateau (25413, 22.50€ bounty)
*** ANTE/BLINDS ***
_Drixe_ posts ante 40
Retashow posts ante 40
torresmo123 posts ante 40
VictoriaFox posts ante 40
G0blin posts ante 40
Monchateau posts ante 40
_Drixe_ posts small blind 175
Retashow posts big blind 350
Dealt to torresmo123 [7d 7s]
*** PRE-FLOP *** 
Monchateau raises 350 to 700
torresmo123 calls 700
VictoriaFox folds
G0blin folds
_Drixe_ folds
Retashow folds
*** FLOP *** [4h Tc Ts]
Monchateau checks
torresmo123 bets 541
Monchateau folds
torresmo123 collected 2706 from pot
*** SUMMARY ***
Total pot 2706 | No rake
Board: [4h Tc Ts]
Seat 1: torresmo123 won 2706


Winamax Poker - Tournament "PRIME TIME" buyIn: 45€ + 5€ level: 5 - HandId: #3216061942057664642-32-1708979528 - Holdem no limit (50/200/400) - 2024/02/26 20:32:08 UTC
Table: 'PRIME TIME(748797772)#0129' 6-max (real money) Seat #4 is the button
Seat 1: torresmo123 (20155, 22.50€ bounty)
Seat 2: VictoriaFox (10907, 22.50€ bounty)
Seat 3: G0blin (18645, 22.50€ bounty)
Seat 4: _Drixe_ (31214, 33.75€ bounty)
Seat 5: Retashow (23040, 22.50€ bounty)
Seat 6: Monchateau (24673, 22.50€ bounty)
*** ANTE/BLINDS ***
Retashow posts ante 50
Monchateau posts ante 50
torresmo123 posts ante 50
VictoriaFox posts ante 50
G0blin posts ante 50
_Drixe_ posts ante 50
Retashow posts small blind 200
Monchateau posts big blind 400
Dealt to torresmo123 [Ts Kd]
*** PRE-FLOP *** 
torresmo123 raises 400 to 800
VictoriaFox folds
G0blin folds
_Drixe_ folds
Retashow folds
Monchateau folds
torresmo123 collected 1700 from pot
*** SUMMARY ***
Total pot 1700 | No rake
Seat 1: torresmo123 won 1700


Winamax Poker - Tournament "PRIME TIME" buyIn: 45€ + 5€ level: 5 - HandId: #3216061942057664642-33-1708979563 - Holdem no limit (50/200/400) - 2024/02/26 20:32:43 UTC
Table: 'PRIME TIME(748797772)#0129' 6-max (real money) Seat #5 is the button
Seat 1: torresmo123 (21005, 22.50€ bounty)
Seat 2: VictoriaFox (10857, 22.50€ bounty)
Seat 3: G0blin (18595, 22.50€ bounty)
Seat 4: _Drixe_ (31164, 33.75€ bounty)
Seat 5: Retashow (22790, 22.50€ bounty)
Seat 6: Monchateau (24223, 22.50€ bounty)
*** ANTE/BLINDS ***
Monchateau posts ante 50
torresmo123 posts ante 50
VictoriaFox posts ante 50
G0blin posts ante 50
_Drixe_ posts ante 50
Retashow posts ante 50
Monchateau posts small blind 200
torresmo123 posts big blind 400
Dealt to torresmo123 [Td Js]
*** PRE-FLOP *** 
VictoriaFox folds
G0blin folds
_Drixe_ folds
Retashow folds
Monchateau raises 600 to 1000
torresmo123 calls 600
*** FLOP *** [7d 7s 8c]
Monchateau checks
torresmo123 checks
*** TURN *** [7d 7s 8c][4s]
Monchateau bets 1495
torresmo123 calls 1495
*** RIVER *** [7d 7s 8c 4s][7c]
Monchateau checks
torresmo123 checks
*** SHOW DOWN ***
Monchateau shows [9h Ts] (Trips of 7)
torresmo123 shows [Td Js] (Trips of 7)
torresmo123 collected 5290 from pot
*** SUMMARY ***
Total pot 5290 | No rake
Board: [7d 7s 8c 4s 7c]
Seat 1: torresmo123 (big blind) showed [Td Js] and won 5290 with Trips of 7
Seat 6: Monchateau (small blind) showed [9h Ts] and lost with Trips of 7


Winamax Poker - Tournament "PRIME TIME" buyIn: 45€ + 5€ level: 5 - HandId: #3216061942057664642-34-1708979632 - Holdem no limit (50/200/400) - 2024/02/26 20:33:52 UTC
Table: 'PRIME TIME(748797772)#0129' 6-max (real money) Seat #6 is the button
Seat 1: torresmo123 (23750, 22.50€ bounty)
Seat 2: VictoriaFox (10807, 22.50€ bounty)
Seat 3: G0blin (18545, 22.50€ bounty)
Seat 4: _Drixe_ (31114, 33.75€ bounty)
Seat 5: Retashow (22740, 22.50€ bounty)
Seat 6: Monchateau (21678, 22.50€ bounty)
*** ANTE/BLINDS ***
torresmo123 posts ante 50
VictoriaFox posts ante 50
G0blin posts ante 50
_Drixe_ posts ante 50
Retashow posts ante 50
Monchateau posts ante 50
torresmo123 posts small blind 200
VictoriaFox posts big blind 400
Dealt to torresmo123 [Js Kh]
*** PRE-FLOP *** 
G0blin folds
_Drixe_ folds
Retashow folds
Monchateau folds
torresmo123 calls 200
VictoriaFox checks
*** FLOP *** [7s 7h 9c]
torresmo123 bets 400
VictoriaFox calls 400
*** TURN *** [7s 7h 9c][Ad]
torresmo123 checks
VictoriaFox checks
*** RIVER *** [7s 7h 9c Ad][3s]
torresmo123 checks
VictoriaFox checks
*** SHOW DOWN ***
VictoriaFox shows [6c Tc] (One pair : 7)
torresmo123 shows [Js Kh] (One pair : 7)
torresmo123 collected 1900 from pot
*** SUMMARY ***
Total pot 1900 | No rake
Board: [7s 7h 9c Ad 3s]
Seat 1: torresmo123 (small blind) showed [Js Kh] and won 1900 with One pair : 7
Seat 2: VictoriaFox (big blind) showed [6c Tc] and lost with One pair : 7


Winamax Poker - Tournament "PRIME TIME" buyIn: 45€ + 5€ level: 5 - HandId: #3216061942057664642-35-1708979721 - Holdem no limit (50/200/400) - 2024/02/26 20:35:21 UTC
Table: 'PRIME TIME(748797772)#0129' 6-max (real money) Seat #1 is the button
Seat 1: torresmo123 (24800, 22.50€ bounty)
Seat 2: VictoriaFox (9957, 22.50€ bounty)
Seat 3: G0blin (18495, 22.50€ bounty)
Seat 4: _Drixe_ (31064, 33.75€ bounty)
Seat 5: Retashow (22690, 22.50€ bounty)
Seat 6: Monchateau (21628, 22.50€ bounty)
*** ANTE/BLINDS ***
VictoriaFox posts ante 50
G0blin posts ante 50
torresmo123 posts ante 50
_Drixe_ posts ante 50
Retashow posts ante 50
Monchateau posts ante 50
VictoriaFox posts small blind 200
G0blin posts big blind 400
Dealt to torresmo123 [Ad 7s]
*** PRE-FLOP *** 
_Drixe_ raises 400 to 800
Retashow folds
Monchateau folds
torresmo123 folds
VictoriaFox folds
G0blin folds
_Drixe_ collected 1700 from pot
*** SUMMARY ***
Total pot 1700 | No rake
Seat 4: _Drixe_ won 1700


Winamax Poker - Tournament "PRIME TIME" buyIn: 45€ + 5€ level: 5 - HandId: #3216061942057664642-36-1708979750 - Holdem no limit (50/200/400) - 2024/02/26 20:35:50 UTC
Table: 'PRIME TIME(748797772)#0129' 6-max (real money) Seat #2 is the button
Seat 1: torresmo123 (24750, 22.50€ bounty)
Seat 2: VictoriaFox (9707, 22.50€ bounty)
Seat 3: G0blin (18045, 22.50€ bounty)
Seat 4: _Drixe_ (31914, 33.75€ bounty)
Seat 5: Retashow (22640, 22.50€ bounty)
Seat 6: Monchateau (21578, 22.50€ bounty)
*** ANTE/BLINDS ***
G0blin posts ante 50
_Drixe_ posts ante 50
torresmo123 posts ante 50
VictoriaFox posts ante 50
Retashow posts ante 50
Monchateau posts ante 50
G0blin posts small blind 200
_Drixe_ posts big blind 400
Dealt to torresmo123 [Ac 8h]
*** PRE-FLOP *** 
Retashow raises 400 to 800
Monchateau raises 2400 to 3200
torresmo123 folds
VictoriaFox folds
G0blin folds
_Drixe_ folds
Retashow calls 2400
*** FLOP *** [Th Ts 5d]
Retashow checks
Monchateau checks
*** TURN *** [Th Ts 5d][9d]
Retashow bets 2409
Monchateau calls 2409
*** RIVER *** [Th Ts 5d 9d][Td]
Retashow bets 16981 and is all-in
Monchateau calls 15919 and is all-in
*** SHOW DOWN ***
Retashow shows [Kh Qc] (Trips of Tens)
Monchateau shows [Ks Kc] (Full of Tens and Kings)
Monchateau collected 43956 from main pot
Retashow collected 1062 from side pot 1
*** SUMMARY ***
Total pot 45018 | No rake
Board: [Th Ts 5d 9d Td]
Seat 5: Retashow showed [Kh Qc] and won 1062 with Trips of Tens
Seat 6: Monchateau showed [Ks Kc] and won 43956 with Full of Tens and Kings


Winamax Poker - Tournament "PRIME TIME" buyIn: 45€ + 5€ level: 5 - HandId: #3216061942057664642-37-1708979817 - Holdem no limit (50/200/400) - 2024/02/26 20:36:57 UTC
Table: 'PRIME TIME(748797772)#0129' 6-max (real money) Seat #3 is the button
Seat 1: torresmo123 (24700, 22.50€ bounty)
Seat 2: VictoriaFox (9657, 22.50€ bounty)
Seat 3: G0blin (17795, 22.50€ bounty)
Seat 4: _Drixe_ (31464, 33.75€ bounty)
Seat 5: Retashow (1062, 22.50€ bounty)
Seat 6: Monchateau (43956, 22.50€ bounty)
*** ANTE/BLINDS ***
_Drixe_ posts ante 50
Retashow posts ante 50
torresmo123 posts ante 50
VictoriaFox posts ante 50
G0blin posts ante 50
Monchateau posts ante 50
_Drixe_ posts small blind 200
Retashow posts big blind 400
Dealt to torresmo123 [5h 2s]
*** PRE-FLOP *** 
Monchateau calls 400
torresmo123 folds
VictoriaFox raises 1200 to 1600
G0blin folds
_Drixe_ folds
Retashow folds
Monchateau calls 1200
*** FLOP *** [6c 8s 5d]
Monchateau checks
VictoriaFox bets 1394
Monchateau raises 11029 to 12423
VictoriaFox folds
Monchateau collected 17917 from pot
*** SUMMARY ***
Total pot 17917 | No rake
Board: [6c 8s 5d]
Seat 6: Monchateau won 17917


Winamax Poker - Tournament "PRIME TIME" buyIn: 45€ + 5€ level: 5 - HandId: #3216061942057664642-38-1708979849 - Holdem no limit (50/200/400) - 2024/02/26 20:37:29 UTC
Table: 'PRIME TIME(748797772)#0129' 6-max (real money) Seat #4 is the button
Seat 1: torresmo123 (24650, 22.50€ bounty)
Seat 2: VictoriaFox (6613, 22.50€ bounty)
Seat 3: G0blin (17745, 22.50€ bounty)
Seat 4: _Drixe_ (31214, 33.75€ bounty)
Seat 5: Retashow (612, 22.50€ bounty)
Seat 6: Monchateau (47800, 22.50€ bounty)
*** ANTE/BLINDS ***
Retashow posts ante 50
Monchateau posts ante 50
torresmo123 posts ante 50
VictoriaFox posts ante 50
G0blin posts ante 50
_Drixe_ posts ante 50
Retashow posts small blind 200
Monchateau posts big blind 400
Dealt to torresmo123 [Qs Ah]
*** PRE-FLOP *** 
torresmo123 raises 400 to 800
VictoriaFox folds
G0blin folds
_Drixe_ calls 800
Retashow folds
Monchateau calls 400
*** FLOP *** [Kh Ac 7s]
Monchateau checks
torresmo123 bets 725
_Drixe_ calls 725
Monchateau calls 725
*** TURN *** [Kh Ac 7s][6c]
Monchateau checks
torresmo123 bets 3600
_Drixe_ calls 3600
Monchateau folds
*** RIVER *** [Kh Ac 7s 6c][2c]
torresmo123 checks
_Drixe_ bets 9820
torresmo123 folds
_Drixe_ collected 22095 from pot
*** SUMMARY ***
Total pot 22095 | No rake
Board: [Kh Ac 7s 6c 2c]
Seat 4: _Drixe_ (button) won 22095


Winamax Poker - Tournament "PRIME TIME" buyIn: 45€ + 5€ level: 6 - HandId: #3216061942057664642-39-1708979975 - Holdem no limit (60/250/500) - 2024/02/26 20:39:35 UTC
Table: 'PRIME TIME(748797772)#0129' 6-max (real money) Seat #5 is the button
Seat 1: torresmo123 (19475, 22.50€ bounty)
Seat 2: VictoriaFox (6563, 22.50€ bounty)
Seat 3: G0blin (17695, 22.50€ bounty)
Seat 4: _Drixe_ (38314, 33.75€ bounty)
Seat 5: Retashow (362, 22.50€ bounty)
Seat 6: Monchateau (46225, 22.50€ bounty)
*** ANTE/BLINDS ***
Monchateau posts ante 60
torresmo123 posts ante 60
VictoriaFox posts ante 60
G0blin posts ante 60
_Drixe_ posts ante 60
Retashow posts ante 60
Monchateau posts small blind 250
torresmo123 posts big blind 500
Dealt to torresmo123 [3d 7c]
*** PRE-FLOP *** 
VictoriaFox folds
G0blin folds
_Drixe_ folds
Retashow calls 302 and is all-in
Monchateau calls 250
torresmo123 raises 1250 to 1750
Monchateau calls 1250
*** FLOP *** [9h 7d 9c]
Monchateau bets 1457
torresmo123 calls 1457
*** TURN *** [9h 7d 9c][5c]
Monchateau bets 4599
torresmo123 calls 4599
*** RIVER *** [9h 7d 9c 5c][As]
Monchateau checks
torresmo123 checks
*** SHOW DOWN ***
Monchateau shows [Ts 2c] (One pair : 9)
torresmo123 shows [3d 7c] (Two pairs : 9 and 7)
Retashow shows [Ah Kc] (Two pairs : Aces and 9)
Retashow collected 1266 from main pot
torresmo123 collected 15008 from side pot 1
*** SUMMARY ***
Total pot 16274 | No rake
Board: [9h 7d 9c 5c As]
Seat 1: torresmo123 (big blind) showed [3d 7c] and won 15008 with Two pairs : 9 and 7
Seat 5: Retashow (button) showed [Ah Kc] and won 1266 with Two pairs : Aces and 9
Seat 6: Monchateau (small blind) showed [Ts 2c] and lost with One pair : 9


Winamax Poker - Tournament "PRIME TIME" buyIn: 45€ + 5€ level: 6 - HandId: #3216061942057664642-40-1708980056 - Holdem no limit (60/250/500) - 2024/02/26 20:40:56 UTC
Table: 'PRIME TIME(748797772)#0129' 6-max (real money) Seat #6 is the button
Seat 1: torresmo123 (26617, 22.50€ bounty)
Seat 2: VictoriaFox (6503, 22.50€ bounty)
Seat 3: G0blin (17635, 22.50€ bounty)
Seat 4: _Drixe_ (38254, 33.75€ bounty)
Seat 5: Retashow (1266, 22.50€ bounty)
Seat 6: Monchateau (38359, 22.50€ bounty)
*** ANTE/BLINDS ***
torresmo123 posts ante 60
VictoriaFox posts ante 60
G0blin posts ante 60
_Drixe_ posts ante 60
Retashow posts ante 60
Monchateau posts ante 60
torresmo123 posts small blind 250
VictoriaFox posts big blind 500
Dealt to torresmo123 [7d Ks]
*** PRE-FLOP *** 
G0blin folds
_Drixe_ folds
Retashow folds
Monchateau raises 750 to 1250
torresmo123 folds
VictoriaFox folds
Monchateau collected 2360 from pot
*** SUMMARY ***
Total pot 2360 | No rake
Seat 6: Monchateau (button) won 2360


Winamax Poker - Tournament "PRIME TIME" buyIn: 45€ + 5€ level: 6 - HandId: #3216061942057664642-41-1708980073 - Holdem no limit (60/250/500) - 2024/02/26 20:41:13 UTC
Table: 'PRIME TIME(748797772)#0129' 6-max (real money) Seat #1 is the button
Seat 1: torresmo123 (26307, 22.50€ bounty)
Seat 2: VictoriaFox (5943, 22.50€ bounty)
Seat 3: G0blin (17575, 22.50€ bounty)
Seat 4: _Drixe_ (38194, 33.75€ bounty)
Seat 5: Retashow (1206, 22.50€ bounty)
Seat 6: Monchateau (39409, 22.50€ bounty)
*** ANTE/BLINDS ***
VictoriaFox posts ante 60
G0blin posts ante 60
torresmo123 posts ante 60
_Drixe_ posts ante 60
Retashow posts ante 60
Monchateau posts ante 60
VictoriaFox posts small blind 250
G0blin posts big blind 500
Dealt to torresmo123 [Th 2s]
*** PRE-FLOP *** 
_Drixe_ folds
Retashow folds
Monchateau raises 500 to 1000
torresmo123 folds
VictoriaFox folds
G0blin raises 2860 to 3860
Monchateau calls 2860
*** FLOP *** [Ts Tc 5d]
G0blin bets 13655 and is all-in
Monchateau folds
G0blin collected 21985 from pot
*** SUMMARY ***
Total pot 21985 | No rake
Board: [Ts Tc 5d]
Seat 3: G0blin (big blind) won 21985


Winamax Poker - Tournament "PRIME TIME" buyIn: 45€ + 5€ level: 6 - HandId: #3216061942057664642-42-1708980116 - Holdem no limit (60/250/500) - 2024/02/26 20:41:56 UTC
Table: 'PRIME TIME(748797772)#0129' 6-max (real money) Seat #2 is the button
Seat 1: torresmo123 (26247, 22.50€ bounty)
Seat 2: VictoriaFox (5633, 22.50€ bounty)
Seat 3: G0blin (21985, 22.50€ bounty)
Seat 4: _Drixe_ (38134, 33.75€ bounty)
Seat 5: Retashow (1146, 22.50€ bounty)
Seat 6: Monchateau (35489, 22.50€ bounty)
*** ANTE/BLINDS ***
G0blin posts ante 60
_Drixe_ posts ante 60
torresmo123 posts ante 60
VictoriaFox posts ante 60
Retashow posts ante 60
Monchateau posts ante 60
G0blin posts small blind 250
_Drixe_ posts big blind 500
Dealt to torresmo123 [7d 3c]
*** PRE-FLOP *** 
Retashow raises 586 to 1086 and is all-in
Monchateau raises 3282 to 4368
torresmo123 folds
VictoriaFox folds
G0blin raises 17557 to 21925 and is all-in
_Drixe_ folds
Monchateau raises 13504 to 35429 and is all-in
*** FLOP *** [2c 4s 9c]
*** TURN *** [2c 4s 9c][5d]
*** RIVER *** [2c 4s 9c 5d][8c]
*** SHOW DOWN ***
Retashow shows [Jc Ad] (High card : Ace)
G0blin shows [Jh Jd] (One pair : Jacks)
Monchateau shows [Tc Ts] (One pair : Tens)
Monchateau collected 13504 from side pot 1
G0blin collected 45796 from main pot
*** SUMMARY ***
Total pot 59300 | No rake
Board: [2c 4s 9c 5d 8c]
Seat 3: G0blin (small blind) showed [Jh Jd] and won 45796 with One pair : Jacks
Seat 5: Retashow showed [Jc Ad] and lost with High card : Ace
Seat 6: Monchateau showed [Tc Ts] and won 13504 with One pair : Tens


Winamax Poker - Tournament "PRIME TIME" buyIn: 45€ + 5€ level: 6 - HandId: #3216061942057664642-43-1708980161 - Holdem no limit (60/250/500) - 2024/02/26 20:42:41 UTC
Table: 'PRIME TIME(748797772)#0129' 6-max (real money) Seat #3 is the button
Seat 1: torresmo123 (26187, 22.50€ bounty)
Seat 2: VictoriaFox (5573, 22.50€ bounty)
Seat 3: G0blin (45796, 33.75€ bounty)
Seat 4: _Drixe_ (37574, 33.75€ bounty)
Seat 6: Monchateau (13504, 22.50€ bounty)
*** ANTE/BLINDS ***
_Drixe_ posts ante 60
Monchateau posts ante 60
torresmo123 posts ante 60
VictoriaFox posts ante 60
G0blin posts ante 60
_Drixe_ posts small blind 250
Monchateau posts big blind 500
Dealt to torresmo123 [9h 5d]
*** PRE-FLOP *** 
torresmo123 folds
VictoriaFox folds
G0blin raises 855 to 1355
_Drixe_ calls 1105
Monchateau calls 855
*** FLOP *** [3h 9s 7h]
_Drixe_ checks
Monchateau checks
G0blin checks
*** TURN *** [3h 9s 7h][Ts]
_Drixe_ checks
Monchateau checks
G0blin checks
*** RIVER *** [3h 9s 7h Ts][2c]
_Drixe_ checks
Monchateau checks
G0blin bets 2837
_Drixe_ calls 2837
Monchateau folds
*** SHOW DOWN ***
G0blin shows [Ad Qd] (High card : Ace)
_Drixe_ shows [6h 6c] (One pair : 6)
_Drixe_ collected 10039 from pot
*** SUMMARY ***
Total pot 10039 | No rake
Board: [3h 9s 7h Ts 2c]
Seat 3: G0blin (button) showed [Ad Qd] and lost with High card : Ace
Seat 4: _Drixe_ (small blind) showed [6h 6c] and won 10039 with One pair : 6


Winamax Poker - Tournament "PRIME TIME" buyIn: 45€ + 5€ level: 6 - HandId: #3216061942057664642-44-1708980252 - Holdem no limit (60/250/500) - 2024/02/26 20:44:12 UTC
Table: 'PRIME TIME(748797772)#0129' 6-max (real money) Seat #4 is the button
Seat 1: torresmo123 (26127, 22.50€ bounty)
Seat 2: VictoriaFox (5513, 22.50€ bounty)
Seat 3: G0blin (41544, 33.75€ bounty)
Seat 4: _Drixe_ (43361, 33.75€ bounty)
Seat 6: Monchateau (12089, 22.50€ bounty)
*** ANTE/BLINDS ***
Monchateau posts ante 60
torresmo123 posts ante 60
VictoriaFox posts ante 60
G0blin posts ante 60
_Drixe_ posts ante 60
Monchateau posts small blind 250
torresmo123 posts big blind 500
Dealt to torresmo123 [4c Qd]
*** PRE-FLOP *** 
VictoriaFox raises 4953 to 5453 and is all-in
G0blin folds
_Drixe_ folds
Monchateau raises 6576 to 12029 and is all-in
torresmo123 folds
*** FLOP *** [9h 8c Tc]
*** TURN *** [9h 8c Tc][8d]
*** RIVER *** [9h 8c Tc 8d][Kh]
*** SHOW DOWN ***
VictoriaFox shows [Ac Qs] (One pair : 8)
Monchateau shows [Ad Jc] (One pair : 8)
Monchateau collected 6576 from side pot 1
VictoriaFox collected 11706 from main pot
*** SUMMARY ***
Total pot 18282 | No rake
Board: [9h 8c Tc 8d Kh]
Seat 2: VictoriaFox showed [Ac Qs] and won 11706 with One pair : 8
Seat 6: Monchateau (small blind) showed [Ad Jc] and won 6576 with One pair : 8


Winamax Poker - Tournament "PRIME TIME" buyIn: 45€ + 5€ level: 6 - HandId: #3216061942057664642-45-1708980293 - Holdem no limit (60/250/500) - 2024/02/26 20:44:53 UTC
Table: 'PRIME TIME(748797772)#0129' 6-max (real money) Seat #6 is the button
Seat 1: torresmo123 (25567, 22.50€ bounty)
Seat 2: VictoriaFox (11706, 22.50€ bounty)
Seat 3: G0blin (41484, 33.75€ bounty)
Seat 4: _Drixe_ (43301, 33.75€ bounty)
Seat 6: Monchateau (6576, 22.50€ bounty)
*** ANTE/BLINDS ***
torresmo123 posts ante 60
VictoriaFox posts ante 60
G0blin posts ante 60
_Drixe_ posts ante 60
Monchateau posts ante 60
torresmo123 posts small blind 250
VictoriaFox posts big blind 500
Dealt to torresmo123 [9d Ts]
*** PRE-FLOP *** 
G0blin folds
_Drixe_ raises 500 to 1000
Monchateau raises 5516 to 6516 and is all-in
torresmo123 folds
VictoriaFox folds
_Drixe_ calls 5516
*** FLOP *** [2h 5h 8s]
*** TURN *** [2h 5h 8s][Jh]
*** RIVER *** [2h 5h 8s Jh][3h]
*** SHOW DOWN ***
Monchateau shows [As 5d] (One pair : 5)
_Drixe_ shows [Kh Qs] (Flush King high)
_Drixe_ collected 14082 from pot
*** SUMMARY ***
Total pot 14082 | No rake
Board: [2h 5h 8s Jh 3h]
Seat 4: _Drixe_ showed [Kh Qs] and won 14082 with Flush King high
Seat 6: Monchateau (button) showed [As 5d] and lost with One pair : 5


Winamax Poker - Tournament "PRIME TIME" buyIn: 45€ + 5€ level: 6 - HandId: #3216061942057664642-46-1708980318 - Holdem no limit (60/250/500) - 2024/02/26 20:45:18 UTC
Table: 'PRIME TIME(748797772)#0129' 6-max (real money) Seat #1 is the button
Seat 1: torresmo123 (25257, 22.50€ bounty)
Seat 2: VictoriaFox (11146, 22.50€ bounty)
Seat 3: G0blin (41424, 33.75€ bounty)
Seat 4: _Drixe_ (50807, 45€ bounty)
*** ANTE/BLINDS ***
VictoriaFox posts ante 60
G0blin posts ante 60
torresmo123 posts ante 60
_Drixe_ posts ante 60
VictoriaFox posts small blind 250
G0blin posts big blind 500
Dealt to torresmo123 [6c 9s]
*** PRE-FLOP *** 
_Drixe_ folds
torresmo123 folds
VictoriaFox calls 250
G0blin checks
*** FLOP *** [3s Jh Qc]
VictoriaFox bets 500
G0blin calls 500
*** TURN *** [3s Jh Qc][Th]
VictoriaFox checks
G0blin bets 3042
VictoriaFox folds
G0blin collected 5282 from pot
*** SUMMARY ***
Total pot 5282 | No rake
Board: [3s Jh Qc Th]
Seat 3: G0blin (big blind) won 5282


Winamax Poker - Tournament "PRIME TIME" buyIn: 45€ + 5€ level: 7 - HandId: #3216061942057664642-47-1708980382 - Holdem no limit (70/300/600) - 2024/02/26 20:46:22 UTC
Table: 'PRIME TIME(748797772)#0129' 6-max (real money) Seat #2 is the button
Seat 1: torresmo123 (25197, 22.50€ bounty)
Seat 2: VictoriaFox (10086, 22.50€ bounty)
Seat 3: G0blin (42604, 33.75€ bounty)
Seat 4: _Drixe_ (50747, 45€ bounty)
Seat 5: SmoothOprtor (16140, 22.50€ bounty)
Seat 6: petitmanteau (20000, 22.50€ bounty)
*** ANTE/BLINDS ***
G0blin posts ante 70
_Drixe_ posts ante 70
torresmo123 posts ante 70
VictoriaFox posts ante 70
SmoothOprtor posts ante 70
petitmanteau posts ante 70
G0blin posts small blind 300
_Drixe_ posts big blind 600
Dealt to torresmo123 [4h 9c]
*** PRE-FLOP *** 
SmoothOprtor folds
petitmanteau folds
torresmo123 folds
VictoriaFox folds
G0blin calls 300
_Drixe_ checks
*** FLOP *** [4c Qh As]
G0blin checks
_Drixe_ checks
*** TURN *** [4c Qh As][4s]
G0blin bets 1296
_Drixe_ folds
G0blin collected 2916 from pot
*** SUMMARY ***
Total pot 2916 | No rake
Board: [4c Qh As 4s]
Seat 3: G0blin (small blind) won 2916


Winamax Poker - Tournament "PRIME TIME" buyIn: 45€ + 5€ level: 7 - HandId: #3216061942057664642-48-1708980448 - Holdem no limit (70/300/600) - 2024/02/26 20:47:28 UTC
Table: 'PRIME TIME(748797772)#0129' 6-max (real money) Seat #3 is the button
Seat 1: torresmo123 (25127, 22.50€ bounty)
Seat 2: VictoriaFox (10016, 22.50€ bounty)
Seat 3: G0blin (43554, 33.75€ bounty)
Seat 4: _Drixe_ (50077, 45€ bounty)
Seat 5: SmoothOprtor (16070, 22.50€ bounty)
Seat 6: petitmanteau (19930, 22.50€ bounty)
*** ANTE/BLINDS ***
_Drixe_ posts ante 70
SmoothOprtor posts ante 70
torresmo123 posts ante 70
VictoriaFox posts ante 70
G0blin posts ante 70
petitmanteau posts ante 70
_Drixe_ posts small blind 300
SmoothOprtor posts big blind 600
Dealt to torresmo123 [6h 2d]
*** PRE-FLOP *** 
petitmanteau folds
torresmo123 folds
VictoriaFox folds
G0blin raises 600 to 1200
_Drixe_ folds
SmoothOprtor raises 3000 to 4200
G0blin calls 3000
*** FLOP *** [Th 5h Jh]
SmoothOprtor bets 11800 and is all-in
G0blin calls 11800
*** TURN *** [Th 5h Jh][Qc]
*** RIVER *** [Th 5h Jh Qc][Td]
*** SHOW DOWN ***
G0blin shows [9d Jd] (Two pairs : Jacks and Tens)
SmoothOprtor shows [Kc Ks] (Two pairs : Kings and Tens)
SmoothOprtor collected 32720 from pot
*** SUMMARY ***
Total pot 32720 | No rake
Board: [Th 5h Jh Qc Td]
Seat 3: G0blin (button) showed [9d Jd] and lost with Two pairs : Jacks and Tens
Seat 5: SmoothOprtor (big blind) showed [Kc Ks] and won 32720 with Two pairs : Kings and Tens


Winamax Poker - Tournament "PRIME TIME" buyIn: 45€ + 5€ level: 7 - HandId: #3216061942057664642-49-1708980486 - Holdem no limit (70/300/600) - 2024/02/26 20:48:06 UTC
Table: 'PRIME TIME(748797772)#0129' 6-max (real money) Seat #4 is the button
Seat 1: torresmo123 (25057, 22.50€ bounty)
Seat 2: VictoriaFox (9946, 22.50€ bounty)
Seat 3: G0blin (27484, 33.75€ bounty)
Seat 4: _Drixe_ (49707, 45€ bounty)
Seat 5: SmoothOprtor (32720, 22.50€ bounty)
Seat 6: petitmanteau (19860, 22.50€ bounty)
*** ANTE/BLINDS ***
SmoothOprtor posts ante 70
petitmanteau posts ante 70
torresmo123 posts ante 70
VictoriaFox posts ante 70
G0blin posts ante 70
_Drixe_ posts ante 70
SmoothOprtor posts small blind 300
petitmanteau posts big blind 600
Dealt to torresmo123 [Ad 6d]
*** PRE-FLOP *** 
torresmo123 raises 600 to 1200
VictoriaFox folds
G0blin folds
_Drixe_ folds
SmoothOprtor folds
petitmanteau calls 600
*** FLOP *** [7s 8d Ac]
petitmanteau checks
torresmo123 bets 780
petitmanteau raises 1620 to 2400
torresmo123 calls 1620
*** TURN *** [7s 8d Ac][3s]
petitmanteau checks
torresmo123 checks
*** RIVER *** [7s 8d Ac 3s][Qs]
petitmanteau checks
torresmo123 checks
*** SHOW DOWN ***
petitmanteau shows [Jh 9s] (High card : Ace)
torresmo123 shows [Ad 6d] (One pair : Aces)
torresmo123 collected 7920 from pot
*** SUMMARY ***
Total pot 7920 | No rake
Board: [7s 8d Ac 3s Qs]
Seat 1: torresmo123 showed [Ad 6d] and won 7920 with One pair : Aces
Seat 6: petitmanteau (big blind) showed [Jh 9s] and lost with High card : Ace


Winamax Poker - Tournament "PRIME TIME" buyIn: 45€ + 5€ level: 7 - HandId: #3216061942057664642-50-1708980574 - Holdem no limit (70/300/600) - 2024/02/26 20:49:34 UTC
Table: 'PRIME TIME(748797772)#0129' 6-max (real money) Seat #5 is the button
Seat 1: torresmo123 (29307, 22.50€ bounty)
Seat 2: VictoriaFox (9876, 22.50€ bounty)
Seat 3: G0blin (27414, 33.75€ bounty)
Seat 4: _Drixe_ (49637, 45€ bounty)
Seat 5: SmoothOprtor (32350, 22.50€ bounty)
Seat 6: petitmanteau (16190, 22.50€ bounty)
*** ANTE/BLINDS ***
petitmanteau posts ante 70
torresmo123 posts ante 70
VictoriaFox posts ante 70
G0blin posts ante 70
_Drixe_ posts ante 70
SmoothOprtor posts ante 70
petitmanteau posts small blind 300
torresmo123 posts big blind 600
Dealt to torresmo123 [Ks 8c]
*** PRE-FLOP *** 
VictoriaFox folds
G0blin folds
_Drixe_ folds
SmoothOprtor folds
petitmanteau folds
torresmo123 collected 1320 from pot
*** SUMMARY ***
Total pot 1320 | No rake
Seat 1: torresmo123 (big blind) won 1320


Winamax Poker - Tournament "PRIME TIME" buyIn: 45€ + 5€ level: 7 - HandId: #3216061942057664642-51-1708980597 - Holdem no limit (70/300/600) - 2024/02/26 20:49:57 UTC
Table: 'PRIME TIME(748797772)#0129' 6-max (real money) Seat #6 is the button
Seat 1: torresmo123 (29957, 22.50€ bounty)
Seat 2: VictoriaFox (9806, 22.50€ bounty)
Seat 3: G0blin (27344, 33.75€ bounty)
Seat 4: _Drixe_ (49567, 45€ bounty)
Seat 5: SmoothOprtor (32280, 22.50€ bounty)
Seat 6: petitmanteau (15820, 22.50€ bounty)
*** ANTE/BLINDS ***
torresmo123 posts ante 70
VictoriaFox posts ante 70
G0blin posts ante 70
_Drixe_ posts ante 70
SmoothOprtor posts ante 70
petitmanteau posts ante 70
torresmo123 posts small blind 300
VictoriaFox posts big blind 600
Dealt to torresmo123 [8d Qh]
*** PRE-FLOP *** 
G0blin folds
_Drixe_ folds
SmoothOprtor folds
petitmanteau folds
torresmo123 raises 29287 to 29887 and is all-in
VictoriaFox folds
torresmo123 collected 30907 from pot
*** SUMMARY ***
Total pot 30907 | No rake
Seat 1: torresmo123 (small blind) won 30907


Winamax Poker - Tournament "PRIME TIME" buyIn: 45€ + 5€ level: 7 - HandId: #3216061942057664642-52-1708980630 - Holdem no limit (70/300/600) - 2024/02/26 20:50:30 UTC
Table: 'PRIME TIME(748797772)#0129' 6-max (real money) Seat #1 is the button
Seat 1: torresmo123 (30907, 22.50€ bounty)
Seat 2: VictoriaFox (9136, 22.50€ bounty)
Seat 3: G0blin (27274, 33.75€ bounty)
Seat 4: _Drixe_ (49497, 45€ bounty)
Seat 5: SmoothOprtor (32210, 22.50€ bounty)
Seat 6: petitmanteau (15750, 22.50€ bounty)
*** ANTE/BLINDS ***
VictoriaFox posts ante 70
G0blin posts ante 70
torresmo123 posts ante 70
_Drixe_ posts ante 70
SmoothOprtor posts ante 70
petitmanteau posts ante 70
VictoriaFox posts small blind 300
G0blin posts big blind 600
Dealt to torresmo123 [As 8d]
*** PRE-FLOP *** 
_Drixe_ folds
SmoothOprtor folds
petitmanteau raises 600 to 1200
torresmo123 raises 2100 to 3300
VictoriaFox folds
G0blin folds
petitmanteau folds
torresmo123 collected 5820 from pot
*** SUMMARY ***
Total pot 5820 | No rake
Seat 1: torresmo123 (button) won 5820


Winamax Poker - Tournament "PRIME TIME" buyIn: 45€ + 5€ level: 7 - HandId: #3216061942057664642-53-1708980669 - Holdem no limit (70/300/600) - 2024/02/26 20:51:09 UTC
Table: 'PRIME TIME(748797772)#0129' 6-max (real money) Seat #2 is the button
Seat 1: torresmo123 (33357, 22.50€ bounty)
Seat 2: VictoriaFox (8766, 22.50€ bounty)
Seat 3: G0blin (26604, 33.75€ bounty)
Seat 4: _Drixe_ (49427, 45€ bounty)
Seat 5: SmoothOprtor (32140, 22.50€ bounty)
Seat 6: petitmanteau (14480, 22.50€ bounty)
*** ANTE/BLINDS ***
G0blin posts ante 70
_Drixe_ posts ante 70
torresmo123 posts ante 70
VictoriaFox posts ante 70
SmoothOprtor posts ante 70
petitmanteau posts ante 70
G0blin posts small blind 300
_Drixe_ posts big blind 600
Dealt to torresmo123 [Qc Ts]
*** PRE-FLOP *** 
SmoothOprtor folds
petitmanteau folds
torresmo123 raises 600 to 1200
VictoriaFox raises 7496 to 8696 and is all-in
G0blin folds
_Drixe_ folds
torresmo123 calls 7496
*** FLOP *** [Jh 9d Th]
*** TURN *** [Jh 9d Th][Qd]
*** RIVER *** [Jh 9d Th Qd][Td]
*** SHOW DOWN ***
VictoriaFox shows [Kc Ks] (Straight King high)
torresmo123 shows [Qc Ts] (Full of Tens and Queens)
torresmo123 collected 18712 from pot
*** SUMMARY ***
Total pot 18712 | No rake
Board: [Jh 9d Th Qd Td]
Seat 1: torresmo123 showed [Qc Ts] and won 18712 with Full of Tens and Queens
Seat 2: VictoriaFox (button) showed [Kc Ks] and lost with Straight King high


Winamax Poker - Tournament "PRIME TIME" buyIn: 45€ + 5€ level: 7 - HandId: #3216061942057664642-54-1708980704 - Holdem no limit (70/300/600) - 2024/02/26 20:51:44 UTC
Table: 'PRIME TIME(748797772)#0129' 6-max (real money) Seat #3 is the button
Seat 1: torresmo123 (43303, 33.75€ bounty)
Seat 3: G0blin (26234, 33.75€ bounty)
Seat 4: _Drixe_ (48757, 45€ bounty)
Seat 5: SmoothOprtor (32070, 22.50€ bounty)
Seat 6: petitmanteau (14410, 22.50€ bounty)
*** ANTE/BLINDS ***
_Drixe_ posts ante 70
SmoothOprtor posts ante 70
torresmo123 posts ante 70
G0blin posts ante 70
petitmanteau posts ante 70
_Drixe_ posts small blind 300
SmoothOprtor posts big blind 600
Dealt to torresmo123 [As Tc]
*** PRE-FLOP *** 
petitmanteau folds
torresmo123 raises 600 to 1200
G0blin raises 3240 to 4440
_Drixe_ folds
SmoothOprtor folds
torresmo123 calls 3240
*** FLOP *** [3c Ac 2d]
torresmo123 checks
G0blin bets 2233
torresmo123 calls 2233
*** TURN *** [3c Ac 2d][Qc]
torresmo123 checks
G0blin bets 19491 and is all-in
torresmo123 folds
G0blin collected 34087 from pot
*** SUMMARY ***
Total pot 34087 | No rake
Board: [3c Ac 2d Qc]
Seat 3: G0blin (button) won 34087


Winamax Poker - Tournament "PRIME TIME" buyIn: 45€ + 5€ level: 8 - HandId: #3216061942057664642-55-1708980797 - Holdem no limit (80/350/700) - 2024/02/26 20:53:17 UTC
Table: 'PRIME TIME(748797772)#0129' 6-max (real money) Seat #4 is the button
Seat 1: torresmo123 (36560, 33.75€ bounty)
Seat 2: Gapinha (34618, 22.50€ bounty)
Seat 3: G0blin (34087, 33.75€ bounty)
Seat 4: _Drixe_ (48387, 45€ bounty)
Seat 5: SmoothOprtor (31400, 22.50€ bounty)
Seat 6: petitmanteau (14340, 22.50€ bounty)
*** ANTE/BLINDS ***
SmoothOprtor posts ante 80
petitmanteau posts ante 80
torresmo123 posts ante 80
Gapinha posts ante 80
G0blin posts ante 80
_Drixe_ posts ante 80
SmoothOprtor posts small blind 350
petitmanteau posts big blind 700
Dealt to torresmo123 [Qh Jc]
*** PRE-FLOP *** 
torresmo123 raises 700 to 1400
Gapinha folds
G0blin folds
_Drixe_ folds
SmoothOprtor folds
petitmanteau folds
torresmo123 collected 2930 from pot
*** SUMMARY ***
Total pot 2930 | No rake
Seat 1: torresmo123 won 2930


Winamax Poker - Tournament "PRIME TIME" buyIn: 45€ + 5€ level: 8 - HandId: #3216061942057664642-56-1708980815 - Holdem no limit (80/350/700) - 2024/02/26 20:53:35 UTC
Table: 'PRIME TIME(748797772)#0129' 6-max (real money) Seat #5 is the button
Seat 1: torresmo123 (38010, 33.75€ bounty)
Seat 2: Gapinha (34538, 22.50€ bounty)
Seat 3: G0blin (34007, 33.75€ bounty)
Seat 4: _Drixe_ (48307, 45€ bounty)
Seat 5: SmoothOprtor (30970, 22.50€ bounty)
Seat 6: petitmanteau (13560, 22.50€ bounty)
*** ANTE/BLINDS ***
petitmanteau posts ante 80
torresmo123 posts ante 80
Gapinha posts ante 80
G0blin posts ante 80
_Drixe_ posts ante 80
SmoothOprtor posts ante 80
petitmanteau posts small blind 350
torresmo123 posts big blind 700
Dealt to torresmo123 [Kd Js]
*** PRE-FLOP *** 
Gapinha raises 700 to 1400
G0blin folds
_Drixe_ folds
SmoothOprtor folds
petitmanteau folds
torresmo123 calls 700
*** FLOP *** [8d 2c 6h]
torresmo123 checks
Gapinha bets 1271
torresmo123 calls 1271
*** TURN *** [8d 2c 6h][Qc]
torresmo123 checks
Gapinha bets 4938
torresmo123 folds
Gapinha collected 11110 from pot
*** SUMMARY ***
Total pot 11110 | No rake
Board: [8d 2c 6h Qc]
Seat 2: Gapinha won 11110


Winamax Poker - Tournament "PRIME TIME" buyIn: 45€ + 5€ level: 8 - HandId: #3216061942057664642-57-1708980867 - Holdem no limit (80/350/700) - 2024/02/26 20:54:27 UTC
Table: 'PRIME TIME(748797772)#0129' 6-max (real money) Seat #6 is the button
Seat 1: torresmo123 (35259, 33.75€ bounty)
Seat 2: Gapinha (37959, 22.50€ bounty)
Seat 3: G0blin (33927, 33.75€ bounty)
Seat 4: _Drixe_ (48227, 45€ bounty)
Seat 5: SmoothOprtor (30890, 22.50€ bounty)
Seat 6: petitmanteau (13130, 22.50€ bounty)
*** ANTE/BLINDS ***
torresmo123 posts ante 80
Gapinha posts ante 80
G0blin posts ante 80
_Drixe_ posts ante 80
SmoothOprtor posts ante 80
petitmanteau posts ante 80
torresmo123 posts small blind 350
Gapinha posts big blind 700
Dealt to torresmo123 [Ah 9d]
*** PRE-FLOP *** 
G0blin folds
_Drixe_ folds
SmoothOprtor raises 840 to 1540
petitmanteau folds
torresmo123 raises 3850 to 5390
Gapinha folds
SmoothOprtor calls 3850
*** FLOP *** [Ks Ts 3s]
torresmo123 bets 2990
SmoothOprtor calls 2990
*** TURN *** [Ks Ts 3s][Ac]
torresmo123 bets 4485
SmoothOprtor folds
torresmo123 collected 22425 from pot
*** SUMMARY ***
Total pot 22425 | No rake
Board: [Ks Ts 3s Ac]
Seat 1: torresmo123 (small blind) won 22425


Winamax Poker - Tournament "PRIME TIME" buyIn: 45€ + 5€ level: 8 - HandId: #3216061942057664642-58-1708981261 - Holdem no limit (80/350/700) - 2024/02/26 21:01:01 UTC
Table: 'PRIME TIME(748797772)#0129' 6-max (real money) Seat #1 is the button
Seat 1: torresmo123 (44739, 33.75€ bounty)
Seat 2: Gapinha (37179, 22.50€ bounty)
Seat 3: G0blin (33847, 33.75€ bounty)
Seat 4: _Drixe_ (48147, 45€ bounty)
Seat 5: SmoothOprtor (22430, 22.50€ bounty)
Seat 6: petitmanteau (13050, 22.50€ bounty)
*** ANTE/BLINDS ***
Gapinha posts ante 80
G0blin posts ante 80
torresmo123 posts ante 80
_Drixe_ posts ante 80
SmoothOprtor posts ante 80
petitmanteau posts ante 80
Gapinha posts small blind 350
G0blin posts big blind 700
Dealt to torresmo123 [2h Th]
*** PRE-FLOP *** 
_Drixe_ folds
SmoothOprtor folds
petitmanteau folds
torresmo123 raises 770 to 1470
Gapinha raises 4130 to 5600
G0blin folds
torresmo123 folds
Gapinha collected 8250 from pot
*** SUMMARY ***
Total pot 8250 | No rake
Seat 2: Gapinha (small blind) won 8250


Winamax Poker - Tournament "PRIME TIME" buyIn: 45€ + 5€ level: 8 - HandId: #3216061942057664642-59-1708981287 - Holdem no limit (80/350/700) - 2024/02/26 21:01:27 UTC
Table: 'PRIME TIME(748797772)#0129' 6-max (real money) Seat #2 is the button
Seat 1: torresmo123 (43189, 33.75€ bounty)
Seat 2: Gapinha (39749, 22.50€ bounty)
Seat 3: G0blin (33067, 33.75€ bounty)
Seat 4: _Drixe_ (48067, 45€ bounty)
Seat 5: SmoothOprtor (22350, 22.50€ bounty)
Seat 6: petitmanteau (12970, 22.50€ bounty)
*** ANTE/BLINDS ***
G0blin posts ante 80
_Drixe_ posts ante 80
torresmo123 posts ante 80
Gapinha posts ante 80
SmoothOprtor posts ante 80
petitmanteau posts ante 80
G0blin posts small blind 350
_Drixe_ posts big blind 700
Dealt to torresmo123 [2c Kc]
*** PRE-FLOP *** 
SmoothOprtor folds
petitmanteau folds
torresmo123 raises 700 to 1400
Gapinha folds
G0blin folds
_Drixe_ calls 700
*** FLOP *** [4h 4c 3h]
_Drixe_ checks
torresmo123 bets 908
_Drixe_ calls 908
*** TURN *** [4h 4c 3h][3s]
_Drixe_ checks
torresmo123 checks
*** RIVER *** [4h 4c 3h 3s][Ah]
_Drixe_ checks
torresmo123 checks
*** SHOW DOWN ***
torresmo123 shows [2c Kc] (Two pairs : 4 and 3)
_Drixe_ shows [3c 3d] (Quads of 3)
_Drixe_ collected 5446 from pot
*** SUMMARY ***
Total pot 5446 | No rake
Board: [4h 4c 3h 3s Ah]
Seat 1: torresmo123 showed [2c Kc] and lost with Two pairs : 4 and 3
Seat 4: _Drixe_ (big blind) showed [3c 3d] and won 5446 with Quads of 3


Winamax Poker - Tournament "PRIME TIME" buyIn: 45€ + 5€ level: 8 - HandId: #3216061942057664622-87-1708981427 - Holdem no limit (80/350/700) - 2024/02/26 21:03:47 UTC
Table: 'PRIME TIME(748797772)#0109' 6-max (real money) Seat #3 is the button
Seat 1: NewerBetter (95929, 67.50€ bounty)
Seat 2: torresmo123 (40801, 33.75€ bounty)
Seat 3: ALAKkazAAm (61048, 45€ bounty)
Seat 4: Andr1yovych (20931, 22.50€ bounty)
Seat 5: _Drixe_ (51045, 45€ bounty)
Seat 6: SmoothOprtor (22190, 22.50€ bounty)
*** ANTE/BLINDS ***
Andr1yovych posts ante 80
_Drixe_ posts ante 80
NewerBetter posts ante 80
torresmo123 posts ante 80
ALAKkazAAm posts ante 80
SmoothOprtor posts ante 80
Andr1yovych posts small blind 350
_Drixe_ posts big blind 700
Dealt to torresmo123 [Qs 6h]
*** PRE-FLOP *** 
SmoothOprtor raises 700 to 1400
NewerBetter folds
torresmo123 folds
ALAKkazAAm raises 4330 to 5730
Andr1yovych folds
_Drixe_ raises 6876 to 12606
SmoothOprtor folds
ALAKkazAAm raises 48362 to 60968 and is all-in
_Drixe_ calls 38359 and is all-in
*** FLOP *** [7s 4h 3h]
*** TURN *** [7s 4h 3h][3c]
*** RIVER *** [7s 4h 3h 3c][Td]
*** SHOW DOWN ***
_Drixe_ shows [Ah Ks] (One pair : 3)
ALAKkazAAm shows [Kd Kc] (Two pairs : Kings and 3)
ALAKkazAAm collected 114163 from pot
*** SUMMARY ***
Total pot 114163 | No rake
Board: [7s 4h 3h 3c Td]
Seat 3: ALAKkazAAm (button) showed [Kd Kc] and won 114163 with Two pairs : Kings and 3
Seat 5: _Drixe_ (big blind) showed [Ah Ks] and lost with One pair : 3


Winamax Poker - Tournament "PRIME TIME" buyIn: 45€ + 5€ level: 8 - HandId: #3216061942057664622-88-1708981478 - Holdem no limit (80/350/700) - 2024/02/26 21:04:38 UTC
Table: 'PRIME TIME(748797772)#0109' 6-max (real money) Seat #4 is the button
Seat 1: NewerBetter (95849, 67.50€ bounty)
Seat 2: torresmo123 (40721, 33.75€ bounty)
Seat 3: ALAKkazAAm (114163, 67.50€ bounty)
Seat 4: Andr1yovych (20501, 22.50€ bounty)
Seat 6: SmoothOprtor (20710, 22.50€ bounty)
*** ANTE/BLINDS ***
SmoothOprtor posts ante 80
NewerBetter posts ante 80
torresmo123 posts ante 80
ALAKkazAAm posts ante 80
Andr1yovych posts ante 80
SmoothOprtor posts big blind 700
Dealt to torresmo123 [9d 6d]
*** PRE-FLOP *** 
NewerBetter raises 840 to 1540
torresmo123 folds
ALAKkazAAm folds
Andr1yovych folds
SmoothOprtor calls 840
*** FLOP *** [Th 3d Kh]
SmoothOprtor checks
NewerBetter bets 1148
SmoothOprtor folds
NewerBetter collected 4628 from pot
*** SUMMARY ***
Total pot 4628 | No rake
Board: [Th 3d Kh]
Seat 1: NewerBetter won 4628


Winamax Poker - Tournament "PRIME TIME" buyIn: 45€ + 5€ level: 8 - HandId: #3216061942057664622-89-1708981503 - Holdem no limit (80/350/700) - 2024/02/26 21:05:03 UTC
Table: 'PRIME TIME(748797772)#0109' 6-max (real money) Seat #5 is the button
Seat 1: NewerBetter (97709, 67.50€ bounty)
Seat 2: torresmo123 (40641, 33.75€ bounty)
Seat 3: ALAKkazAAm (114083, 67.50€ bounty)
Seat 4: Andr1yovych (20421, 22.50€ bounty)
Seat 6: SmoothOprtor (19090, 22.50€ bounty)
*** ANTE/BLINDS ***
SmoothOprtor posts ante 80
NewerBetter posts ante 80
torresmo123 posts ante 80
ALAKkazAAm posts ante 80
Andr1yovych posts ante 80
SmoothOprtor posts small blind 350
NewerBetter posts big blind 700
Dealt to torresmo123 [8h Ah]
*** PRE-FLOP *** 
torresmo123 raises 700 to 1400
ALAKkazAAm calls 1400
Andr1yovych folds
SmoothOprtor raises 17610 to 19010 and is all-in
NewerBetter folds
torresmo123 folds
ALAKkazAAm calls 17610
*** FLOP *** [2s 2c 4d]
*** TURN *** [2s 2c 4d][Qc]
*** RIVER *** [2s 2c 4d Qc][4s]
*** SHOW DOWN ***
SmoothOprtor shows [Jc Jd] (Two pairs : Jacks and 4)
ALAKkazAAm shows [Kd Kc] (Two pairs : Kings and 4)
ALAKkazAAm collected 40520 from pot
*** SUMMARY ***
Total pot 40520 | No rake
Board: [2s 2c 4d Qc 4s]
Seat 3: ALAKkazAAm showed [Kd Kc] and won 40520 with Two pairs : Kings and 4
Seat 6: SmoothOprtor (small blind) showed [Jc Jd] and lost with Two pairs : Jacks and 4


Winamax Poker - Tournament "PRIME TIME" buyIn: 45€ + 5€ level: 8 - HandId: #3216061942057664622-90-1708981537 - Holdem no limit (80/350/700) - 2024/02/26 21:05:37 UTC
Table: 'PRIME TIME(748797772)#0109' 6-max (real money) Seat #6 is the button
Seat 1: NewerBetter (96929, 67.50€ bounty)
Seat 2: torresmo123 (39161, 33.75€ bounty)
Seat 3: ALAKkazAAm (135513, 78.75€ bounty)
Seat 4: Andr1yovych (20341, 22.50€ bounty)
*** ANTE/BLINDS ***
NewerBetter posts ante 80
torresmo123 posts ante 80
ALAKkazAAm posts ante 80
Andr1yovych posts ante 80
NewerBetter posts small blind 350
torresmo123 posts big blind 700
Dealt to torresmo123 [Jh Qh]
*** PRE-FLOP *** 
ALAKkazAAm folds
Andr1yovych raises 770 to 1470
NewerBetter calls 1120
torresmo123 calls 770
*** FLOP *** [7s Qd As]
NewerBetter checks
torresmo123 checks
Andr1yovych bets 1561
NewerBetter calls 1561
torresmo123 calls 1561
*** TURN *** [7s Qd As][5c]
NewerBetter checks
torresmo123 checks
Andr1yovych bets 4707
NewerBetter folds
torresmo123 folds
Andr1yovych collected 14120 from pot
*** SUMMARY ***
Total pot 14120 | No rake
Board: [7s Qd As 5c]
Seat 4: Andr1yovych won 14120


Winamax Poker - Tournament "PRIME TIME" buyIn: 45€ + 5€ level: 9 - HandId: #3216061942057664622-91-1708981621 - Holdem no limit (100/400/800) - 2024/02/26 21:07:01 UTC
Table: 'PRIME TIME(748797772)#0109' 6-max (real money) Seat #1 is the button
Seat 1: NewerBetter (93818, 67.50€ bounty)
Seat 2: torresmo123 (36050, 33.75€ bounty)
Seat 3: ALAKkazAAm (135433, 78.75€ bounty)
Seat 4: Andr1yovych (26643, 22.50€ bounty)
Seat 5: Mkvilla (84003, 67.50€ bounty)
Seat 6: PogChamp (21488, 22.50€ bounty)
*** ANTE/BLINDS ***
torresmo123 posts ante 100
ALAKkazAAm posts ante 100
NewerBetter posts ante 100
Andr1yovych posts ante 100
Mkvilla posts ante 100
PogChamp posts ante 100
torresmo123 posts small blind 400
ALAKkazAAm posts big blind 800
Dealt to torresmo123 [Ah 2s]
*** PRE-FLOP *** 
Andr1yovych folds
Mkvilla raises 800 to 1600
PogChamp folds
NewerBetter folds
torresmo123 folds
ALAKkazAAm calls 800
*** FLOP *** [Jd 3h 2d]
ALAKkazAAm checks
Mkvilla bets 1470
ALAKkazAAm folds
Mkvilla collected 5670 from pot
*** SUMMARY ***
Total pot 5670 | No rake
Board: [Jd 3h 2d]
Seat 5: Mkvilla won 5670


Winamax Poker - Tournament "PRIME TIME" buyIn: 45€ + 5€ level: 9 - HandId: #3216061942057664622-92-1708981688 - Holdem no limit (100/400/800) - 2024/02/26 21:08:08 UTC
Table: 'PRIME TIME(748797772)#0109' 6-max (real money) Seat #2 is the button
Seat 1: NewerBetter (93718, 67.50€ bounty)
Seat 2: torresmo123 (35550, 33.75€ bounty)
Seat 3: ALAKkazAAm (133733, 78.75€ bounty)
Seat 4: Andr1yovych (26543, 22.50€ bounty)
Seat 5: Mkvilla (86503, 67.50€ bounty)
Seat 6: PogChamp (21388, 22.50€ bounty)
*** ANTE/BLINDS ***
ALAKkazAAm posts ante 100
Andr1yovych posts ante 100
NewerBetter posts ante 100
torresmo123 posts ante 100
Mkvilla posts ante 100
PogChamp posts ante 100
ALAKkazAAm posts small blind 400
Andr1yovych posts big blind 800
Dealt to torresmo123 [Ad 2d]
*** PRE-FLOP *** 
Mkvilla raises 800 to 1600
PogChamp folds
NewerBetter folds
torresmo123 calls 1600
ALAKkazAAm calls 1200
Andr1yovych calls 800
*** FLOP *** [6h 9c Kh]
ALAKkazAAm checks
Andr1yovych checks
Mkvilla bets 2450
torresmo123 folds
ALAKkazAAm folds
Andr1yovych folds
Mkvilla collected 9450 from pot
*** SUMMARY ***
Total pot 9450 | No rake
Board: [6h 9c Kh]
Seat 5: Mkvilla won 9450


Winamax Poker - Tournament "PRIME TIME" buyIn: 45€ + 5€ level: 9 - HandId: #3216061942057664622-93-1708981773 - Holdem no limit (100/400/800) - 2024/02/26 21:09:33 UTC
Table: 'PRIME TIME(748797772)#0109' 6-max (real money) Seat #3 is the button
Seat 1: NewerBetter (93618, 67.50€ bounty)
Seat 2: torresmo123 (33850, 33.75€ bounty)
Seat 3: ALAKkazAAm (132033, 78.75€ bounty)
Seat 4: Andr1yovych (24843, 22.50€ bounty)
Seat 5: Mkvilla (91803, 67.50€ bounty)
Seat 6: PogChamp (21288, 22.50€ bounty)
*** ANTE/BLINDS ***
Andr1yovych posts ante 100
Mkvilla posts ante 100
NewerBetter posts ante 100
torresmo123 posts ante 100
ALAKkazAAm posts ante 100
PogChamp posts ante 100
Andr1yovych posts small blind 400
Mkvilla posts big blind 800
Dealt to torresmo123 [4c 9c]
*** PRE-FLOP *** 
PogChamp folds
NewerBetter folds
torresmo123 folds
ALAKkazAAm folds
Andr1yovych calls 400
Mkvilla checks
*** FLOP *** [Jh 5h Ah]
Andr1yovych checks
Mkvilla checks
*** TURN *** [Jh 5h Ah][4h]
Andr1yovych checks
Mkvilla checks
*** RIVER *** [Jh 5h Ah 4h][Kd]
Andr1yovych checks
Mkvilla bets 5000
Andr1yovych folds
Mkvilla collected 7200 from pot
*** SUMMARY ***
Total pot 7200 | No rake
Board: [Jh 5h Ah 4h Kd]
Seat 5: Mkvilla (big blind) won 7200


Winamax Poker - Tournament "PRIME TIME" buyIn: 45€ + 5€ level: 9 - HandId: #3216061942057664622-94-1708981843 - Holdem no limit (100/400/800) - 2024/02/26 21:10:43 UTC
Table: 'PRIME TIME(748797772)#0109' 6-max (real money) Seat #4 is the button
Seat 1: NewerBetter (93518, 67.50€ bounty)
Seat 2: torresmo123 (33750, 33.75€ bounty)
Seat 3: ALAKkazAAm (131933, 78.75€ bounty)
Seat 4: Andr1yovych (23943, 22.50€ bounty)
Seat 5: Mkvilla (93103, 67.50€ bounty)
Seat 6: PogChamp (21188, 22.50€ bounty)
*** ANTE/BLINDS ***
Mkvilla posts ante 100
PogChamp posts ante 100
NewerBetter posts ante 100
torresmo123 posts ante 100
ALAKkazAAm posts ante 100
Andr1yovych posts ante 100
Mkvilla posts small blind 400
PogChamp posts big blind 800
Dealt to torresmo123 [4s Ah]
*** PRE-FLOP *** 
NewerBetter folds
torresmo123 folds
ALAKkazAAm raises 1200 to 2000
Andr1yovych folds
Mkvilla folds
PogChamp calls 1200
*** FLOP *** [2h 8h 9d]
PogChamp checks
ALAKkazAAm checks
*** TURN *** [2h 8h 9d][5s]
PogChamp checks
ALAKkazAAm checks
*** RIVER *** [2h 8h 9d 5s][3d]
PogChamp bets 1650
ALAKkazAAm folds
PogChamp collected 6650 from pot
*** SUMMARY ***
Total pot 6650 | No rake
Board: [2h 8h 9d 5s 3d]
Seat 6: PogChamp (big blind) won 6650


Winamax Poker - Tournament "PRIME TIME" buyIn: 45€ + 5€ level: 9 - HandId: #3216061942057664622-95-1708981891 - Holdem no limit (100/400/800) - 2024/02/26 21:11:31 UTC
Table: 'PRIME TIME(748797772)#0109' 6-max (real money) Seat #5 is the button
Seat 1: NewerBetter (93418, 67.50€ bounty)
Seat 2: torresmo123 (33650, 33.75€ bounty)
Seat 3: ALAKkazAAm (129833, 78.75€ bounty)
Seat 4: Andr1yovych (23843, 22.50€ bounty)
Seat 5: Mkvilla (92603, 67.50€ bounty)
Seat 6: PogChamp (24088, 22.50€ bounty)
*** ANTE/BLINDS ***
PogChamp posts ante 100
NewerBetter posts ante 100
torresmo123 posts ante 100
ALAKkazAAm posts ante 100
Andr1yovych posts ante 100
Mkvilla posts ante 100
PogChamp posts small blind 400
NewerBetter posts big blind 800
Dealt to torresmo123 [7s 8d]
*** PRE-FLOP *** 
torresmo123 folds
ALAKkazAAm folds
Andr1yovych folds
Mkvilla folds
PogChamp raises 2000 to 2800
NewerBetter folds
PogChamp collected 4200 from pot
*** SUMMARY ***
Total pot 4200 | No rake
Seat 6: PogChamp (small blind) won 4200


Winamax Poker - Tournament "PRIME TIME" buyIn: 45€ + 5€ level: 9 - HandId: #3216061942057664622-96-1708981910 - Holdem no limit (100/400/800) - 2024/02/26 21:11:50 UTC
Table: 'PRIME TIME(748797772)#0109' 6-max (real money) Seat #6 is the button
Seat 1: NewerBetter (92518, 67.50€ bounty)
Seat 2: torresmo123 (33550, 33.75€ bounty)
Seat 3: ALAKkazAAm (129733, 78.75€ bounty)
Seat 4: Andr1yovych (23743, 22.50€ bounty)
Seat 5: Mkvilla (92503, 67.50€ bounty)
Seat 6: PogChamp (25388, 22.50€ bounty)
*** ANTE/BLINDS ***
NewerBetter posts ante 100
torresmo123 posts ante 100
ALAKkazAAm posts ante 100
Andr1yovych posts ante 100
Mkvilla posts ante 100
PogChamp posts ante 100
NewerBetter posts small blind 400
torresmo123 posts big blind 800
Dealt to torresmo123 [2d Qh]
*** PRE-FLOP *** 
ALAKkazAAm folds
Andr1yovych folds
Mkvilla raises 1200 to 2000
PogChamp folds
NewerBetter folds
torresmo123 folds
Mkvilla collected 3800 from pot
*** SUMMARY ***
Total pot 3800 | No rake
Seat 5: Mkvilla won 3800


Winamax Poker - Tournament "PRIME TIME" buyIn: 45€ + 5€ level: 9 - HandId: #3216061942057664622-97-1708981937 - Holdem no limit (100/400/800) - 2024/02/26 21:12:17 UTC
Table: 'PRIME TIME(748797772)#0109' 6-max (real money) Seat #1 is the button
Seat 1: NewerBetter (92018, 67.50€ bounty)
Seat 2: torresmo123 (32650, 33.75€ bounty)
Seat 3: ALAKkazAAm (129633, 78.75€ bounty)
Seat 4: Andr1yovych (23643, 22.50€ bounty)
Seat 5: Mkvilla (94203, 67.50€ bounty)
Seat 6: PogChamp (25288, 22.50€ bounty)
*** ANTE/BLINDS ***
torresmo123 posts ante 100
ALAKkazAAm posts ante 100
NewerBetter posts ante 100
Andr1yovych posts ante 100
Mkvilla posts ante 100
PogChamp posts ante 100
torresmo123 posts small blind 400
ALAKkazAAm posts big blind 800
Dealt to torresmo123 [8c 3h]
*** PRE-FLOP *** 
Andr1yovych folds
Mkvilla raises 800 to 1600
PogChamp folds
NewerBetter calls 1600
torresmo123 folds
ALAKkazAAm calls 800
*** FLOP *** [3s 6h 7d]
ALAKkazAAm checks
Mkvilla checks
NewerBetter checks
*** TURN *** [3s 6h 7d][Ad]
ALAKkazAAm checks
Mkvilla bets 5800
NewerBetter folds
ALAKkazAAm folds
Mkvilla collected 11600 from pot
*** SUMMARY ***
Total pot 11600 | No rake
Board: [3s 6h 7d Ad]
Seat 5: Mkvilla won 11600


Winamax Poker - Tournament "PRIME TIME" buyIn: 45€ + 5€ level: 10 - HandId: #3216061942057664622-98-1708982012 - Holdem no limit (120/500/1000) - 2024/02/26 21:13:32 UTC
Table: 'PRIME TIME(748797772)#0109' 6-max (real money) Seat #2 is the button
Seat 1: NewerBetter (90318, 67.50€ bounty)
Seat 2: torresmo123 (32150, 33.75€ bounty)
Seat 3: ALAKkazAAm (127933, 78.75€ bounty)
Seat 4: Andr1yovych (23543, 22.50€ bounty)
Seat 5: Mkvilla (98303, 67.50€ bounty)
Seat 6: PogChamp (25188, 22.50€ bounty)
*** ANTE/BLINDS ***
ALAKkazAAm posts ante 120
Andr1yovych posts ante 120
NewerBetter posts ante 120
torresmo123 posts ante 120
Mkvilla posts ante 120
PogChamp posts ante 120
ALAKkazAAm posts small blind 500
Andr1yovych posts big blind 1000
Dealt to torresmo123 [Js 8d]
*** PRE-FLOP *** 
Mkvilla folds
PogChamp folds
NewerBetter raises 1000 to 2000
torresmo123 folds
ALAKkazAAm folds
Andr1yovych calls 1000
*** FLOP *** [7s Kh 5h]
Andr1yovych checks
NewerBetter bets 1500
Andr1yovych folds
NewerBetter collected 6720 from pot
*** SUMMARY ***
Total pot 6720 | No rake
Board: [7s Kh 5h]
Seat 1: NewerBetter won 6720


Winamax Poker - Tournament "PRIME TIME" buyIn: 45€ + 5€ level: 10 - HandId: #3216061942057664521-118-1708982081 - Holdem no limit (120/500/1000) - 2024/02/26 21:14:41 UTC
Table: 'PRIME TIME(748797772)#0008' 6-max (real money) Seat #1 is the button
Seat 1: Stakkatti (36048, 33.75€ bounty)
Seat 2: jo0ohanna77 (58595, 78.75€ bounty)
Seat 3: indianutalpa (57633, 33.75€ bounty)
Seat 4: ROSKAVEGA77 (98459, 33.75€ bounty)
Seat 5: torresmo123 (32030, 33.75€ bounty)
Seat 6: AURYN_ (37572, 22.50€ bounty)
*** ANTE/BLINDS ***
jo0ohanna77 posts ante 120
indianutalpa posts ante 120
Stakkatti posts ante 120
ROSKAVEGA77 posts ante 120
torresmo123 posts ante 120
AURYN_ posts ante 120
jo0ohanna77 posts small blind 500
indianutalpa posts big blind 1000
Dealt to torresmo123 [6s 8h]
*** PRE-FLOP *** 
ROSKAVEGA77 raises 1500 to 2500
torresmo123 folds
AURYN_ folds
Stakkatti folds
jo0ohanna77 folds
indianutalpa calls 1500
*** FLOP *** [Ac 2s Th]
indianutalpa checks
ROSKAVEGA77 bets 1500
indianutalpa folds
ROSKAVEGA77 collected 7720 from pot
*** SUMMARY ***
Total pot 7720 | No rake
Board: [Ac 2s Th]
Seat 4: ROSKAVEGA77 won 7720


Winamax Poker - Tournament "PRIME TIME" buyIn: 45€ + 5€ level: 10 - HandId: #3216061942057664521-119-1708982136 - Holdem no limit (120/500/1000) - 2024/02/26 21:15:36 UTC
Table: 'PRIME TIME(748797772)#0008' 6-max (real money) Seat #2 is the button
Seat 1: Stakkatti (35928, 33.75€ bounty)
Seat 2: jo0ohanna77 (57975, 78.75€ bounty)
Seat 3: indianutalpa (55013, 33.75€ bounty)
Seat 4: ROSKAVEGA77 (102059, 33.75€ bounty)
Seat 5: torresmo123 (31910, 33.75€ bounty)
Seat 6: AURYN_ (37452, 22.50€ bounty)
*** ANTE/BLINDS ***
indianutalpa posts ante 120
ROSKAVEGA77 posts ante 120
Stakkatti posts ante 120
jo0ohanna77 posts ante 120
torresmo123 posts ante 120
AURYN_ posts ante 120
indianutalpa posts small blind 500
ROSKAVEGA77 posts big blind 1000
Dealt to torresmo123 [3c Kd]
*** PRE-FLOP *** 
torresmo123 folds
AURYN_ folds
Stakkatti raises 1600 to 2600
jo0ohanna77 folds
indianutalpa raises 5700 to 8300
ROSKAVEGA77 raises 93639 to 101939 and is all-in
Stakkatti folds
indianutalpa folds
ROSKAVEGA77 collected 113559 from pot
*** SUMMARY ***
Total pot 113559 | No rake
Seat 4: ROSKAVEGA77 (big blind) won 113559


Winamax Poker - Tournament "PRIME TIME" buyIn: 45€ + 5€ level: 10 - HandId: #3216061942057664521-120-1708982173 - Holdem no limit (120/500/1000) - 2024/02/26 21:16:13 UTC
Table: 'PRIME TIME(748797772)#0008' 6-max (real money) Seat #3 is the button
Seat 1: Stakkatti (33208, 33.75€ bounty)
Seat 2: jo0ohanna77 (57855, 78.75€ bounty)
Seat 3: indianutalpa (46593, 33.75€ bounty)
Seat 4: ROSKAVEGA77 (113559, 33.75€ bounty)
Seat 5: torresmo123 (31790, 33.75€ bounty)
Seat 6: AURYN_ (37332, 22.50€ bounty)
*** ANTE/BLINDS ***
ROSKAVEGA77 posts ante 120
torresmo123 posts ante 120
Stakkatti posts ante 120
jo0ohanna77 posts ante 120
indianutalpa posts ante 120
AURYN_ posts ante 120
ROSKAVEGA77 posts small blind 500
torresmo123 posts big blind 1000
Dealt to torresmo123 [2s Tc]
*** PRE-FLOP *** 
AURYN_ folds
Stakkatti folds
jo0ohanna77 folds
indianutalpa raises 1250 to 2250
ROSKAVEGA77 raises 111189 to 113439 and is all-in
torresmo123 folds
indianutalpa folds
ROSKAVEGA77 collected 117409 from pot
*** SUMMARY ***
Total pot 117409 | No rake
Seat 4: ROSKAVEGA77 (small blind) won 117409


Winamax Poker - Tournament "PRIME TIME" buyIn: 45€ + 5€ level: 10 - HandId: #3216061942057664521-121-1708982237 - Holdem no limit (120/500/1000) - 2024/02/26 21:17:17 UTC
Table: 'PRIME TIME(748797772)#0008' 6-max (real money) Seat #4 is the button
Seat 1: Stakkatti (33088, 33.75€ bounty)
Seat 2: jo0ohanna77 (57735, 78.75€ bounty)
Seat 3: indianutalpa (44223, 33.75€ bounty)
Seat 4: ROSKAVEGA77 (117409, 33.75€ bounty)
Seat 5: torresmo123 (30670, 33.75€ bounty)
Seat 6: AURYN_ (37212, 22.50€ bounty)
*** ANTE/BLINDS ***
torresmo123 posts ante 120
AURYN_ posts ante 120
Stakkatti posts ante 120
jo0ohanna77 posts ante 120
indianutalpa posts ante 120
ROSKAVEGA77 posts ante 120
torresmo123 posts small blind 500
AURYN_ posts big blind 1000
Dealt to torresmo123 [Th 6d]
*** PRE-FLOP *** 
Stakkatti folds
jo0ohanna77 folds
indianutalpa folds
ROSKAVEGA77 raises 1000 to 2000
torresmo123 folds
AURYN_ folds
ROSKAVEGA77 collected 4220 from pot
*** SUMMARY ***
Total pot 4220 | No rake
Seat 4: ROSKAVEGA77 (button) won 4220


Winamax Poker - Tournament "PRIME TIME" buyIn: 45€ + 5€ level: 10 - HandId: #3216061942057664521-122-1708982257 - Holdem no limit (120/500/1000) - 2024/02/26 21:17:37 UTC
Table: 'PRIME TIME(748797772)#0008' 6-max (real money) Seat #5 is the button
Seat 1: Stakkatti (32968, 33.75€ bounty)
Seat 2: jo0ohanna77 (57615, 78.75€ bounty)
Seat 3: indianutalpa (44103, 33.75€ bounty)
Seat 4: ROSKAVEGA77 (119509, 33.75€ bounty)
Seat 5: torresmo123 (30050, 33.75€ bounty)
Seat 6: AURYN_ (36092, 22.50€ bounty)
*** ANTE/BLINDS ***
AURYN_ posts ante 120
Stakkatti posts ante 120
jo0ohanna77 posts ante 120
indianutalpa posts ante 120
ROSKAVEGA77 posts ante 120
torresmo123 posts ante 120
AURYN_ posts small blind 500
Stakkatti posts big blind 1000
Dealt to torresmo123 [Jd 9h]
*** PRE-FLOP *** 
jo0ohanna77 folds
indianutalpa raises 1250 to 2250
ROSKAVEGA77 folds
torresmo123 folds
AURYN_ folds
Stakkatti calls 1250
*** FLOP *** [6c 3c Ad]
Stakkatti checks
indianutalpa bets 2002
Stakkatti folds
indianutalpa collected 7722 from pot
*** SUMMARY ***
Total pot 7722 | No rake
Board: [6c 3c Ad]
Seat 3: indianutalpa won 7722


Winamax Poker - Tournament "PRIME TIME" buyIn: 45€ + 5€ level: 10 - HandId: #3216061942057664521-123-1708982311 - Holdem no limit (120/500/1000) - 2024/02/26 21:18:31 UTC
Table: 'PRIME TIME(748797772)#0008' 6-max (real money) Seat #6 is the button
Seat 1: Stakkatti (30598, 33.75€ bounty)
Seat 2: jo0ohanna77 (57495, 78.75€ bounty)
Seat 3: indianutalpa (47453, 33.75€ bounty)
Seat 4: ROSKAVEGA77 (119389, 33.75€ bounty)
Seat 5: torresmo123 (29930, 33.75€ bounty)
Seat 6: AURYN_ (35472, 22.50€ bounty)
*** ANTE/BLINDS ***
Stakkatti posts ante 120
jo0ohanna77 posts ante 120
indianutalpa posts ante 120
ROSKAVEGA77 posts ante 120
torresmo123 posts ante 120
AURYN_ posts ante 120
Stakkatti posts small blind 500
jo0ohanna77 posts big blind 1000
Dealt to torresmo123 [Jh 5d]
*** PRE-FLOP *** 
indianutalpa folds
ROSKAVEGA77 folds
torresmo123 folds
AURYN_ raises 1000 to 2000
Stakkatti folds
jo0ohanna77 folds
AURYN_ collected 4220 from pot
*** SUMMARY ***
Total pot 4220 | No rake
Seat 6: AURYN_ (button) won 4220


Winamax Poker - Tournament "PRIME TIME" buyIn: 45€ + 5€ level: 10 - HandId: #3216061942057664521-124-1708982344 - Holdem no limit (120/500/1000) - 2024/02/26 21:19:04 UTC
Table: 'PRIME TIME(748797772)#0008' 6-max (real money) Seat #1 is the button
Seat 1: Stakkatti (29978, 33.75€ bounty)
Seat 2: jo0ohanna77 (56375, 78.75€ bounty)
Seat 3: indianutalpa (47333, 33.75€ bounty)
Seat 4: ROSKAVEGA77 (119269, 33.75€ bounty)
Seat 5: torresmo123 (29810, 33.75€ bounty)
Seat 6: AURYN_ (37572, 22.50€ bounty)
*** ANTE/BLINDS ***
jo0ohanna77 posts ante 120
indianutalpa posts ante 120
Stakkatti posts ante 120
ROSKAVEGA77 posts ante 120
torresmo123 posts ante 120
AURYN_ posts ante 120
jo0ohanna77 posts small blind 500
indianutalpa posts big blind 1000
Dealt to torresmo123 [9d Kh]
*** PRE-FLOP *** 
ROSKAVEGA77 folds
torresmo123 folds
AURYN_ raises 1000 to 2000
Stakkatti calls 2000
jo0ohanna77 folds
indianutalpa calls 1000
*** FLOP *** [Js 3d Ac]
indianutalpa checks
AURYN_ checks
Stakkatti bets 2166
indianutalpa calls 2166
AURYN_ calls 2166
*** TURN *** [Js 3d Ac][6c]
indianutalpa checks
AURYN_ checks
Stakkatti checks
*** RIVER *** [Js 3d Ac 6c][6h]
indianutalpa checks
AURYN_ checks
Stakkatti checks
*** SHOW DOWN ***
Stakkatti shows [8s Ks] (One pair : 6)
AURYN_ shows [Kc Jd] (Two pairs : Jacks and 6)
indianutalpa shows [4s Ah] (Two pairs : Aces and 6)
indianutalpa collected 13718 from pot
*** SUMMARY ***
Total pot 13718 | No rake
Board: [Js 3d Ac 6c 6h]
Seat 1: Stakkatti (button) showed [8s Ks] and lost with One pair : 6
Seat 3: indianutalpa (big blind) showed [4s Ah] and won 13718 with Two pairs : Aces and 6
Seat 6: AURYN_ showed [Kc Jd] and lost with Two pairs : Jacks and 6


Winamax Poker - Tournament "PRIME TIME" buyIn: 45€ + 5€ level: 11 - HandId: #3216061942057664521-125-1708982467 - Holdem no limit (140/600/1200) - 2024/02/26 21:21:07 UTC
Table: 'PRIME TIME(748797772)#0008' 6-max (real money) Seat #2 is the button
Seat 1: Stakkatti (25692, 33.75€ bounty)
Seat 2: jo0ohanna77 (55755, 78.75€ bounty)
Seat 3: indianutalpa (56765, 33.75€ bounty)
Seat 4: ROSKAVEGA77 (119149, 33.75€ bounty)
Seat 5: torresmo123 (29690, 33.75€ bounty)
Seat 6: AURYN_ (33286, 22.50€ bounty)
*** ANTE/BLINDS ***
indianutalpa posts ante 140
ROSKAVEGA77 posts ante 140
Stakkatti posts ante 140
jo0ohanna77 posts ante 140
torresmo123 posts ante 140
AURYN_ posts ante 140
indianutalpa posts small blind 600
ROSKAVEGA77 posts big blind 1200
Dealt to torresmo123 [9s 9h]
*** PRE-FLOP *** 
torresmo123 raises 1200 to 2400
AURYN_ folds
Stakkatti folds
jo0ohanna77 folds
indianutalpa folds
ROSKAVEGA77 folds
torresmo123 collected 5040 from pot
*** SUMMARY ***
Total pot 5040 | No rake
Seat 5: torresmo123 won 5040


Winamax Poker - Tournament "PRIME TIME" buyIn: 45€ + 5€ level: 11 - HandId: #3216061942057664521-126-1708982490 - Holdem no limit (140/600/1200) - 2024/02/26 21:21:30 UTC
Table: 'PRIME TIME(748797772)#0008' 6-max (real money) Seat #3 is the button
Seat 1: Stakkatti (25552, 33.75€ bounty)
Seat 2: jo0ohanna77 (55615, 78.75€ bounty)
Seat 3: indianutalpa (56025, 33.75€ bounty)
Seat 4: ROSKAVEGA77 (117809, 33.75€ bounty)
Seat 5: torresmo123 (32190, 33.75€ bounty)
Seat 6: AURYN_ (33146, 22.50€ bounty)
*** ANTE/BLINDS ***
ROSKAVEGA77 posts ante 140
torresmo123 posts ante 140
Stakkatti posts ante 140
jo0ohanna77 posts ante 140
indianutalpa posts ante 140
AURYN_ posts ante 140
ROSKAVEGA77 posts small blind 600
torresmo123 posts big blind 1200
Dealt to torresmo123 [8c Qh]
*** PRE-FLOP *** 
AURYN_ folds
Stakkatti folds
jo0ohanna77 raises 1800 to 3000
indianutalpa folds
ROSKAVEGA77 folds
torresmo123 calls 1800
*** FLOP *** [4c 3d 3h]
torresmo123 checks
jo0ohanna77 bets 3720
torresmo123 folds
jo0ohanna77 collected 11160 from pot
*** SUMMARY ***
Total pot 11160 | No rake
Board: [4c 3d 3h]
Seat 2: jo0ohanna77 won 11160


Winamax Poker - Tournament "PRIME TIME" buyIn: 45€ + 5€ level: 11 - HandId: #3216061942057664521-127-1708982525 - Holdem no limit (140/600/1200) - 2024/02/26 21:22:05 UTC
Table: 'PRIME TIME(748797772)#0008' 6-max (real money) Seat #4 is the button
Seat 1: Stakkatti (25412, 33.75€ bounty)
Seat 2: jo0ohanna77 (59915, 78.75€ bounty)
Seat 3: indianutalpa (55885, 33.75€ bounty)
Seat 4: ROSKAVEGA77 (117069, 33.75€ bounty)
Seat 5: torresmo123 (29050, 33.75€ bounty)
Seat 6: AURYN_ (33006, 22.50€ bounty)
*** ANTE/BLINDS ***
torresmo123 posts ante 140
AURYN_ posts ante 140
Stakkatti posts ante 140
jo0ohanna77 posts ante 140
indianutalpa posts ante 140
ROSKAVEGA77 posts ante 140
torresmo123 posts small blind 600
AURYN_ posts big blind 1200
Dealt to torresmo123 [7c Ks]
*** PRE-FLOP *** 
Stakkatti folds
jo0ohanna77 raises 1800 to 3000
indianutalpa folds
ROSKAVEGA77 folds
torresmo123 folds
AURYN_ folds
jo0ohanna77 collected 5640 from pot
*** SUMMARY ***
Total pot 5640 | No rake
Seat 2: jo0ohanna77 won 5640


Winamax Poker - Tournament "PRIME TIME" buyIn: 45€ + 5€ level: 11 - HandId: #3216061942057664521-128-1708982562 - Holdem no limit (140/600/1200) - 2024/02/26 21:22:42 UTC
Table: 'PRIME TIME(748797772)#0008' 6-max (real money) Seat #5 is the button
Seat 1: Stakkatti (25272, 33.75€ bounty)
Seat 2: jo0ohanna77 (62415, 78.75€ bounty)
Seat 3: indianutalpa (55745, 33.75€ bounty)
Seat 4: ROSKAVEGA77 (116929, 33.75€ bounty)
Seat 5: torresmo123 (28310, 33.75€ bounty)
Seat 6: AURYN_ (31666, 22.50€ bounty)
*** ANTE/BLINDS ***
AURYN_ posts ante 140
Stakkatti posts ante 140
jo0ohanna77 posts ante 140
indianutalpa posts ante 140
ROSKAVEGA77 posts ante 140
torresmo123 posts ante 140
AURYN_ posts small blind 600
Stakkatti posts big blind 1200
Dealt to torresmo123 [2c Js]
*** PRE-FLOP *** 
jo0ohanna77 folds
indianutalpa folds
ROSKAVEGA77 raises 1800 to 3000
torresmo123 folds
AURYN_ folds
Stakkatti calls 1800
*** FLOP *** [2d 7c 5d]
Stakkatti checks
ROSKAVEGA77 checks
*** TURN *** [2d 7c 5d][8c]
Stakkatti bets 3050
ROSKAVEGA77 raises 110739 to 113789 and is all-in
Stakkatti folds
ROSKAVEGA77 collected 124279 from pot
*** SUMMARY ***
Total pot 124279 | No rake
Board: [2d 7c 5d 8c]
Seat 4: ROSKAVEGA77 won 124279


Winamax Poker - Tournament "PRIME TIME" buyIn: 45€ + 5€ level: 11 - HandId: #3216061942057664521-129-1708982657 - Holdem no limit (140/600/1200) - 2024/02/26 21:24:17 UTC
Table: 'PRIME TIME(748797772)#0008' 6-max (real money) Seat #6 is the button
Seat 1: Stakkatti (19082, 33.75€ bounty)
Seat 2: jo0ohanna77 (62275, 78.75€ bounty)
Seat 3: indianutalpa (55605, 33.75€ bounty)
Seat 4: ROSKAVEGA77 (124279, 33.75€ bounty)
Seat 5: torresmo123 (28170, 33.75€ bounty)
Seat 6: AURYN_ (30926, 22.50€ bounty)
*** ANTE/BLINDS ***
Stakkatti posts ante 140
jo0ohanna77 posts ante 140
indianutalpa posts ante 140
ROSKAVEGA77 posts ante 140
torresmo123 posts ante 140
AURYN_ posts ante 140
Stakkatti posts small blind 600
jo0ohanna77 posts big blind 1200
Dealt to torresmo123 [Ad 2h]
*** PRE-FLOP *** 
indianutalpa folds
ROSKAVEGA77 folds
torresmo123 folds
AURYN_ folds
Stakkatti raises 2400 to 3600
jo0ohanna77 calls 2400
*** FLOP *** [9d 4h Qh]
Stakkatti bets 2412
jo0ohanna77 folds
Stakkatti collected 10452 from pot
*** SUMMARY ***
Total pot 10452 | No rake
Board: [9d 4h Qh]
Seat 1: Stakkatti (small blind) won 10452


Winamax Poker - Tournament "PRIME TIME" buyIn: 45€ + 5€ level: 11 - HandId: #3216061942057664521-130-1708982691 - Holdem no limit (140/600/1200) - 2024/02/26 21:24:51 UTC
Table: 'PRIME TIME(748797772)#0008' 6-max (real money) Seat #1 is the button
Seat 1: Stakkatti (23382, 33.75€ bounty)
Seat 2: jo0ohanna77 (58535, 78.75€ bounty)
Seat 3: indianutalpa (55465, 33.75€ bounty)
Seat 4: ROSKAVEGA77 (124139, 33.75€ bounty)
Seat 5: torresmo123 (28030, 33.75€ bounty)
Seat 6: AURYN_ (30786, 22.50€ bounty)
*** ANTE/BLINDS ***
jo0ohanna77 posts ante 140
indianutalpa posts ante 140
Stakkatti posts ante 140
ROSKAVEGA77 posts ante 140
torresmo123 posts ante 140
AURYN_ posts ante 140
jo0ohanna77 posts small blind 600
indianutalpa posts big blind 1200
Dealt to torresmo123 [Td 9s]
*** PRE-FLOP *** 
ROSKAVEGA77 folds
torresmo123 folds
AURYN_ folds
Stakkatti folds
jo0ohanna77 raises 1800 to 3000
indianutalpa folds
jo0ohanna77 collected 5040 from pot
*** SUMMARY ***
Total pot 5040 | No rake
Seat 2: jo0ohanna77 (small blind) won 5040


Winamax Poker - Tournament "PRIME TIME" buyIn: 45€ + 5€ level: 11 - HandId: #3216061942057664521-131-1708982742 - Holdem no limit (140/600/1200) - 2024/02/26 21:25:42 UTC
Table: 'PRIME TIME(748797772)#0008' 6-max (real money) Seat #2 is the button
Seat 1: Stakkatti (23242, 33.75€ bounty)
Seat 2: jo0ohanna77 (60435, 78.75€ bounty)
Seat 3: indianutalpa (54125, 33.75€ bounty)
Seat 4: ROSKAVEGA77 (123999, 33.75€ bounty)
Seat 5: torresmo123 (27890, 33.75€ bounty)
Seat 6: AURYN_ (30646, 22.50€ bounty)
*** ANTE/BLINDS ***
indianutalpa posts ante 140
ROSKAVEGA77 posts ante 140
Stakkatti posts ante 140
jo0ohanna77 posts ante 140
torresmo123 posts ante 140
AURYN_ posts ante 140
indianutalpa posts small blind 600
ROSKAVEGA77 posts big blind 1200
Dealt to torresmo123 [2s Jc]
*** PRE-FLOP *** 
torresmo123 folds
AURYN_ folds
Stakkatti folds
jo0ohanna77 folds
indianutalpa raises 3600 to 4800
ROSKAVEGA77 folds
indianutalpa collected 6840 from pot
*** SUMMARY ***
Total pot 6840 | No rake
Seat 3: indianutalpa (small blind) won 6840


Winamax Poker - Tournament "PRIME TIME" buyIn: 45€ + 5€ level: 11 - HandId: #3216061942057664521-132-1708982779 - Holdem no limit (140/600/1200) - 2024/02/26 21:26:19 UTC
Table: 'PRIME TIME(748797772)#0008' 6-max (real money) Seat #3 is the button
Seat 1: Stakkatti (23102, 33.75€ bounty)
Seat 2: jo0ohanna77 (60295, 78.75€ bounty)
Seat 3: indianutalpa (56025, 33.75€ bounty)
Seat 4: ROSKAVEGA77 (122659, 33.75€ bounty)
Seat 5: torresmo123 (27750, 33.75€ bounty)
Seat 6: AURYN_ (30506, 22.50€ bounty)
*** ANTE/BLINDS ***
ROSKAVEGA77 posts ante 140
torresmo123 posts ante 140
Stakkatti posts ante 140
jo0ohanna77 posts ante 140
indianutalpa posts ante 140
AURYN_ posts ante 140
ROSKAVEGA77 posts small blind 600
torresmo123 posts big blind 1200
Dealt to torresmo123 [5h 9h]
*** PRE-FLOP *** 
AURYN_ folds
Stakkatti raises 1200 to 2400
jo0ohanna77 calls 2400
indianutalpa folds
ROSKAVEGA77 folds
torresmo123 calls 1200
*** FLOP *** [Ks 8s Kd]
torresmo123 checks
Stakkatti bets 2592
jo0ohanna77 folds
torresmo123 folds
Stakkatti collected 11232 from pot
*** SUMMARY ***
Total pot 11232 | No rake
Board: [Ks 8s Kd]
Seat 1: Stakkatti won 11232


Winamax Poker - Tournament "PRIME TIME" buyIn: 45€ + 5€ level: 12 - HandId: #3216061942057664521-133-1708982827 - Holdem no limit (160/700/1400) - 2024/02/26 21:27:07 UTC
Table: 'PRIME TIME(748797772)#0008' 6-max (real money) Seat #4 is the button
Seat 1: Stakkatti (29202, 33.75€ bounty)
Seat 2: jo0ohanna77 (57755, 78.75€ bounty)
Seat 3: indianutalpa (55885, 33.75€ bounty)
Seat 4: ROSKAVEGA77 (121919, 33.75€ bounty)
Seat 5: torresmo123 (25210, 33.75€ bounty)
Seat 6: AURYN_ (30366, 22.50€ bounty)
*** ANTE/BLINDS ***
torresmo123 posts ante 160
AURYN_ posts ante 160
Stakkatti posts ante 160
jo0ohanna77 posts ante 160
indianutalpa posts ante 160
ROSKAVEGA77 posts ante 160
torresmo123 posts small blind 700
AURYN_ posts big blind 1400
Dealt to torresmo123 [8c Tc]
*** PRE-FLOP *** 
Stakkatti folds
jo0ohanna77 folds
indianutalpa folds
ROSKAVEGA77 folds
torresmo123 raises 23650 to 25050 and is all-in
AURYN_ folds
torresmo123 collected 27410 from pot
*** SUMMARY ***
Total pot 27410 | No rake
Seat 5: torresmo123 (small blind) won 27410


Winamax Poker - Tournament "PRIME TIME" buyIn: 45€ + 5€ level: 12 - HandId: #3216061942057664521-134-1708982877 - Holdem no limit (160/700/1400) - 2024/02/26 21:27:57 UTC
Table: 'PRIME TIME(748797772)#0008' 6-max (real money) Seat #5 is the button
Seat 1: Stakkatti (29042, 33.75€ bounty)
Seat 2: jo0ohanna77 (57595, 78.75€ bounty)
Seat 3: indianutalpa (55725, 33.75€ bounty)
Seat 4: ROSKAVEGA77 (121759, 33.75€ bounty)
Seat 5: torresmo123 (27410, 33.75€ bounty)
Seat 6: AURYN_ (28806, 22.50€ bounty)
*** ANTE/BLINDS ***
AURYN_ posts ante 160
Stakkatti posts ante 160
jo0ohanna77 posts ante 160
indianutalpa posts ante 160
ROSKAVEGA77 posts ante 160
torresmo123 posts ante 160
AURYN_ posts small blind 700
Stakkatti posts big blind 1400
Dealt to torresmo123 [9d 4h]
*** PRE-FLOP *** 
jo0ohanna77 raises 2100 to 3500
indianutalpa folds
ROSKAVEGA77 raises 6300 to 9800
torresmo123 folds
AURYN_ folds
Stakkatti folds
jo0ohanna77 raises 47635 to 57435 and is all-in
ROSKAVEGA77 folds
jo0ohanna77 collected 70295 from pot
*** SUMMARY ***
Total pot 70295 | No rake
Seat 2: jo0ohanna77 won 70295


Winamax Poker - Tournament "PRIME TIME" buyIn: 45€ + 5€ level: 12 - HandId: #3216061942057664521-135-1708982936 - Holdem no limit (160/700/1400) - 2024/02/26 21:28:56 UTC
Table: 'PRIME TIME(748797772)#0008' 6-max (real money) Seat #6 is the button
Seat 1: Stakkatti (27482, 33.75€ bounty)
Seat 2: jo0ohanna77 (70295, 78.75€ bounty)
Seat 3: indianutalpa (55565, 33.75€ bounty)
Seat 4: ROSKAVEGA77 (111799, 33.75€ bounty)
Seat 5: torresmo123 (27250, 33.75€ bounty)
Seat 6: AURYN_ (27946, 22.50€ bounty)
*** ANTE/BLINDS ***
Stakkatti posts ante 160
jo0ohanna77 posts ante 160
indianutalpa posts ante 160
ROSKAVEGA77 posts ante 160
torresmo123 posts ante 160
AURYN_ posts ante 160
Stakkatti posts small blind 700
jo0ohanna77 posts big blind 1400
Dealt to torresmo123 [Js Th]
*** PRE-FLOP *** 
indianutalpa folds
ROSKAVEGA77 folds
torresmo123 folds
AURYN_ folds
Stakkatti raises 25922 to 27322 and is all-in
jo0ohanna77 folds
Stakkatti collected 29682 from pot
*** SUMMARY ***
Total pot 29682 | No rake
Seat 1: Stakkatti (small blind) won 29682


Winamax Poker - Tournament "PRIME TIME" buyIn: 45€ + 5€ level: 12 - HandId: #3216061942057664521-136-1708982972 - Holdem no limit (160/700/1400) - 2024/02/26 21:29:32 UTC
Table: 'PRIME TIME(748797772)#0008' 6-max (real money) Seat #1 is the button
Seat 1: Stakkatti (29682, 33.75€ bounty)
Seat 2: jo0ohanna77 (68735, 78.75€ bounty)
Seat 3: indianutalpa (55405, 33.75€ bounty)
Seat 4: ROSKAVEGA77 (111639, 33.75€ bounty)
Seat 5: torresmo123 (27090, 33.75€ bounty)
Seat 6: AURYN_ (27786, 22.50€ bounty)
*** ANTE/BLINDS ***
jo0ohanna77 posts ante 160
indianutalpa posts ante 160
Stakkatti posts ante 160
ROSKAVEGA77 posts ante 160
torresmo123 posts ante 160
AURYN_ posts ante 160
jo0ohanna77 posts small blind 700
indianutalpa posts big blind 1400
Dealt to torresmo123 [7h 5c]
*** PRE-FLOP *** 
ROSKAVEGA77 folds
torresmo123 folds
AURYN_ folds
Stakkatti raises 2240 to 3640
jo0ohanna77 folds
indianutalpa calls 2240
*** FLOP *** [Ac Ks 4c]
indianutalpa checks
Stakkatti bets 2682
indianutalpa calls 2682
*** TURN *** [Ac Ks 4c][Kd]
indianutalpa checks
Stakkatti checks
*** RIVER *** [Ac Ks 4c Kd][As]
indianutalpa checks
Stakkatti checks
*** SHOW DOWN ***
Stakkatti shows [8d 6h] (Two pairs : Aces and Kings)
indianutalpa shows [Kh 3c] (Full of Kings and Aces)
indianutalpa collected 14304 from pot
*** SUMMARY ***
Total pot 14304 | No rake
Board: [Ac Ks 4c Kd As]
Seat 1: Stakkatti (button) showed [8d 6h] and lost with Two pairs : Aces and Kings
Seat 3: indianutalpa (big blind) showed [Kh 3c] and won 14304 with Full of Kings and Aces


Winamax Poker - Tournament "PRIME TIME" buyIn: 45€ + 5€ level: 12 - HandId: #3216061942057664521-137-1708983042 - Holdem no limit (160/700/1400) - 2024/02/26 21:30:42 UTC
Table: 'PRIME TIME(748797772)#0008' 6-max (real money) Seat #2 is the button
Seat 1: Stakkatti (23200, 33.75€ bounty)
Seat 2: jo0ohanna77 (67875, 78.75€ bounty)
Seat 3: indianutalpa (63227, 33.75€ bounty)
Seat 4: ROSKAVEGA77 (111479, 33.75€ bounty)
Seat 5: torresmo123 (26930, 33.75€ bounty)
Seat 6: AURYN_ (27626, 22.50€ bounty)
*** ANTE/BLINDS ***
indianutalpa posts ante 160
ROSKAVEGA77 posts ante 160
Stakkatti posts ante 160
jo0ohanna77 posts ante 160
torresmo123 posts ante 160
AURYN_ posts ante 160
indianutalpa posts small blind 700
ROSKAVEGA77 posts big blind 1400
Dealt to torresmo123 [Qc 4s]
*** PRE-FLOP *** 
torresmo123 folds
AURYN_ folds
Stakkatti folds
jo0ohanna77 folds
indianutalpa raises 3500 to 4900
ROSKAVEGA77 folds
indianutalpa collected 7260 from pot
*** SUMMARY ***
Total pot 7260 | No rake
Seat 3: indianutalpa (small blind) won 7260


Winamax Poker - Tournament "PRIME TIME" buyIn: 45€ + 5€ level: 12 - HandId: #3216061942057664521-138-1708983097 - Holdem no limit (160/700/1400) - 2024/02/26 21:31:37 UTC
Table: 'PRIME TIME(748797772)#0008' 6-max (real money) Seat #3 is the button
Seat 1: Stakkatti (23040, 33.75€ bounty)
Seat 2: jo0ohanna77 (67715, 78.75€ bounty)
Seat 3: indianutalpa (65427, 33.75€ bounty)
Seat 4: ROSKAVEGA77 (109919, 33.75€ bounty)
Seat 5: torresmo123 (26770, 33.75€ bounty)
Seat 6: AURYN_ (27466, 22.50€ bounty)
*** ANTE/BLINDS ***
ROSKAVEGA77 posts ante 160
torresmo123 posts ante 160
Stakkatti posts ante 160
jo0ohanna77 posts ante 160
indianutalpa posts ante 160
AURYN_ posts ante 160
ROSKAVEGA77 posts small blind 700
torresmo123 posts big blind 1400
Dealt to torresmo123 [9c Ah]
*** PRE-FLOP *** 
AURYN_ folds
Stakkatti folds
jo0ohanna77 folds
indianutalpa folds
ROSKAVEGA77 raises 1400 to 2800
torresmo123 raises 23810 to 26610 and is all-in
ROSKAVEGA77 folds
torresmo123 collected 30370 from pot
*** SUMMARY ***
Total pot 30370 | No rake
Seat 5: torresmo123 (big blind) won 30370


Winamax Poker - Tournament "PRIME TIME" buyIn: 45€ + 5€ level: 12 - HandId: #3216061942057664521-139-1708983137 - Holdem no limit (160/700/1400) - 2024/02/26 21:32:17 UTC
Table: 'PRIME TIME(748797772)#0008' 6-max (real money) Seat #4 is the button
Seat 1: Stakkatti (22880, 33.75€ bounty)
Seat 2: jo0ohanna77 (67555, 78.75€ bounty)
Seat 3: indianutalpa (65267, 33.75€ bounty)
Seat 4: ROSKAVEGA77 (106959, 33.75€ bounty)
Seat 5: torresmo123 (30370, 33.75€ bounty)
Seat 6: AURYN_ (27306, 22.50€ bounty)
*** ANTE/BLINDS ***
torresmo123 posts ante 160
AURYN_ posts ante 160
Stakkatti posts ante 160
jo0ohanna77 posts ante 160
indianutalpa posts ante 160
ROSKAVEGA77 posts ante 160
torresmo123 posts small blind 700
AURYN_ posts big blind 1400
Dealt to torresmo123 [8s Ah]
*** PRE-FLOP *** 
Stakkatti folds
jo0ohanna77 folds
indianutalpa folds
ROSKAVEGA77 raises 1400 to 2800
torresmo123 raises 27410 to 30210 and is all-in
AURYN_ folds
ROSKAVEGA77 folds
torresmo123 collected 35370 from pot
*** SUMMARY ***
Total pot 35370 | No rake
Seat 5: torresmo123 (small blind) won 35370


Winamax Poker - Tournament "PRIME TIME" buyIn: 45€ + 5€ level: 12 - HandId: #3216061942057664521-140-1708983233 - Holdem no limit (160/700/1400) - 2024/02/26 21:33:53 UTC
Table: 'PRIME TIME(748797772)#0008' 6-max (real money) Seat #5 is the button
Seat 1: Stakkatti (22720, 33.75€ bounty)
Seat 2: jo0ohanna77 (67395, 78.75€ bounty)
Seat 3: indianutalpa (65107, 33.75€ bounty)
Seat 4: ROSKAVEGA77 (103999, 33.75€ bounty)
Seat 5: torresmo123 (35370, 33.75€ bounty)
Seat 6: AURYN_ (25746, 22.50€ bounty)
*** ANTE/BLINDS ***
AURYN_ posts ante 160
Stakkatti posts ante 160
jo0ohanna77 posts ante 160
indianutalpa posts ante 160
ROSKAVEGA77 posts ante 160
torresmo123 posts ante 160
AURYN_ posts small blind 700
Stakkatti posts big blind 1400
Dealt to torresmo123 [2c Th]
*** PRE-FLOP *** 
jo0ohanna77 folds
indianutalpa folds
ROSKAVEGA77 folds
torresmo123 folds
AURYN_ calls 700
Stakkatti raises 21160 to 22560 and is all-in
AURYN_ folds
Stakkatti collected 24920 from pot
*** SUMMARY ***
Total pot 24920 | No rake
Seat 1: Stakkatti (big blind) won 24920


Winamax Poker - Tournament "PRIME TIME" buyIn: 45€ + 5€ level: 13 - HandId: #3216061942057664521-141-1708983254 - Holdem no limit (200/800/1600) - 2024/02/26 21:34:14 UTC
Table: 'PRIME TIME(748797772)#0008' 6-max (real money) Seat #6 is the button
Seat 1: Stakkatti (24920, 33.75€ bounty)
Seat 2: jo0ohanna77 (67235, 78.75€ bounty)
Seat 3: indianutalpa (64947, 33.75€ bounty)
Seat 4: ROSKAVEGA77 (103839, 33.75€ bounty)
Seat 5: torresmo123 (35210, 33.75€ bounty)
Seat 6: AURYN_ (24186, 22.50€ bounty)
*** ANTE/BLINDS ***
Stakkatti posts ante 200
jo0ohanna77 posts ante 200
indianutalpa posts ante 200
ROSKAVEGA77 posts ante 200
torresmo123 posts ante 200
AURYN_ posts ante 200
Stakkatti posts small blind 800
jo0ohanna77 posts big blind 1600
Dealt to torresmo123 [8d 9h]
*** PRE-FLOP *** 
indianutalpa folds
ROSKAVEGA77 raises 1600 to 3200
torresmo123 folds
AURYN_ folds
Stakkatti folds
jo0ohanna77 folds
ROSKAVEGA77 collected 6800 from pot
*** SUMMARY ***
Total pot 6800 | No rake
Seat 4: ROSKAVEGA77 won 6800


Winamax Poker - Tournament "PRIME TIME" buyIn: 45€ + 5€ level: 13 - HandId: #3216061942057664521-142-1708983291 - Holdem no limit (200/800/1600) - 2024/02/26 21:34:51 UTC
Table: 'PRIME TIME(748797772)#0008' 6-max (real money) Seat #1 is the button
Seat 1: Stakkatti (23920, 33.75€ bounty)
Seat 2: jo0ohanna77 (65435, 78.75€ bounty)
Seat 3: indianutalpa (64747, 33.75€ bounty)
Seat 4: ROSKAVEGA77 (107239, 33.75€ bounty)
Seat 5: torresmo123 (35010, 33.75€ bounty)
Seat 6: AURYN_ (23986, 22.50€ bounty)
*** ANTE/BLINDS ***
jo0ohanna77 posts ante 200
indianutalpa posts ante 200
Stakkatti posts ante 200
ROSKAVEGA77 posts ante 200
torresmo123 posts ante 200
AURYN_ posts ante 200
jo0ohanna77 posts small blind 800
indianutalpa posts big blind 1600
Dealt to torresmo123 [6h 7c]
*** PRE-FLOP *** 
ROSKAVEGA77 folds
torresmo123 folds
AURYN_ folds
Stakkatti raises 22120 to 23720 and is all-in
jo0ohanna77 raises 41515 to 65235 and is all-in
indianutalpa folds
*** FLOP *** [8d 7h 5h]
*** TURN *** [8d 7h 5h][2h]
*** RIVER *** [8d 7h 5h 2h][7s]
*** SHOW DOWN ***
Stakkatti shows [Th Kh] (Flush King high)
jo0ohanna77 shows [6d Ad] (One pair : 7)
jo0ohanna77 collected 41515 from side pot 1
Stakkatti collected 50240 from main pot
*** SUMMARY ***
Total pot 91755 | No rake
Board: [8d 7h 5h 2h 7s]
Seat 1: Stakkatti (button) showed [Th Kh] and won 50240 with Flush King high
Seat 2: jo0ohanna77 (small blind) showed [6d Ad] and won 41515 with One pair : 7


Winamax Poker - Tournament "PRIME TIME" buyIn: 45€ + 5€ level: 13 - HandId: #3216061942057664521-143-1708983333 - Holdem no limit (200/800/1600) - 2024/02/26 21:35:33 UTC
Table: 'PRIME TIME(748797772)#0008' 6-max (real money) Seat #2 is the button
Seat 1: Stakkatti (50240, 33.75€ bounty)
Seat 2: jo0ohanna77 (41515, 78.75€ bounty)
Seat 3: indianutalpa (62947, 33.75€ bounty)
Seat 4: ROSKAVEGA77 (107039, 33.75€ bounty)
Seat 5: torresmo123 (34810, 33.75€ bounty)
Seat 6: AURYN_ (23786, 22.50€ bounty)
*** ANTE/BLINDS ***
indianutalpa posts ante 200
ROSKAVEGA77 posts ante 200
Stakkatti posts ante 200
jo0ohanna77 posts ante 200
torresmo123 posts ante 200
AURYN_ posts ante 200
indianutalpa posts small blind 800
ROSKAVEGA77 posts big blind 1600
Dealt to torresmo123 [Ac 4c]
*** PRE-FLOP *** 
torresmo123 raises 1600 to 3200
AURYN_ calls 3200
Stakkatti folds
jo0ohanna77 folds
indianutalpa folds
ROSKAVEGA77 raises 103639 to 106839 and is all-in
torresmo123 folds
AURYN_ folds
ROSKAVEGA77 collected 115239 from pot
*** SUMMARY ***
Total pot 115239 | No rake
Seat 4: ROSKAVEGA77 (big blind) won 115239


Winamax Poker - Tournament "PRIME TIME" buyIn: 45€ + 5€ level: 13 - HandId: #3216061942057664521-144-1708983391 - Holdem no limit (200/800/1600) - 2024/02/26 21:36:31 UTC
Table: 'PRIME TIME(748797772)#0008' 6-max (real money) Seat #3 is the button
Seat 1: Stakkatti (50040, 33.75€ bounty)
Seat 2: jo0ohanna77 (41315, 78.75€ bounty)
Seat 3: indianutalpa (61947, 33.75€ bounty)
Seat 4: ROSKAVEGA77 (115239, 33.75€ bounty)
Seat 5: torresmo123 (31410, 33.75€ bounty)
Seat 6: AURYN_ (20386, 22.50€ bounty)
*** ANTE/BLINDS ***
ROSKAVEGA77 posts ante 200
torresmo123 posts ante 200
Stakkatti posts ante 200
jo0ohanna77 posts ante 200
indianutalpa posts ante 200
AURYN_ posts ante 200
ROSKAVEGA77 posts small blind 800
torresmo123 posts big blind 1600
Dealt to torresmo123 [5c Qd]
*** PRE-FLOP *** 
AURYN_ folds
Stakkatti folds
jo0ohanna77 raises 2400 to 4000
indianutalpa calls 4000
ROSKAVEGA77 folds
torresmo123 folds
*** FLOP *** [Jh 2h 8h]
jo0ohanna77 bets 4060
indianutalpa folds
jo0ohanna77 collected 15660 from pot
*** SUMMARY ***
Total pot 15660 | No rake
Board: [Jh 2h 8h]
Seat 2: jo0ohanna77 won 15660


Winamax Poker - Tournament "PRIME TIME" buyIn: 45€ + 5€ level: 13 - HandId: #3216061942057664521-145-1708983430 - Holdem no limit (200/800/1600) - 2024/02/26 21:37:10 UTC
Table: 'PRIME TIME(748797772)#0008' 6-max (real money) Seat #4 is the button
Seat 1: Stakkatti (49840, 33.75€ bounty)
Seat 2: jo0ohanna77 (48715, 78.75€ bounty)
Seat 3: indianutalpa (57747, 33.75€ bounty)
Seat 4: ROSKAVEGA77 (114239, 33.75€ bounty)
Seat 5: torresmo123 (29610, 33.75€ bounty)
Seat 6: AURYN_ (20186, 22.50€ bounty)
*** ANTE/BLINDS ***
torresmo123 posts ante 200
AURYN_ posts ante 200
Stakkatti posts ante 200
jo0ohanna77 posts ante 200
indianutalpa posts ante 200
ROSKAVEGA77 posts ante 200
torresmo123 posts small blind 800
AURYN_ posts big blind 1600
Dealt to torresmo123 [Jd 4h]
*** PRE-FLOP *** 
Stakkatti folds
jo0ohanna77 folds
indianutalpa folds
ROSKAVEGA77 folds
torresmo123 raises 27810 to 29410 and is all-in
AURYN_ folds
torresmo123 collected 32210 from pot
*** SUMMARY ***
Total pot 32210 | No rake
Seat 5: torresmo123 (small blind) won 32210


Winamax Poker - Tournament "PRIME TIME" buyIn: 45€ + 5€ level: 13 - HandId: #3216061942057664521-146-1708983465 - Holdem no limit (200/800/1600) - 2024/02/26 21:37:45 UTC
Table: 'PRIME TIME(748797772)#0008' 6-max (real money) Seat #5 is the button
Seat 1: Stakkatti (49640, 33.75€ bounty)
Seat 2: jo0ohanna77 (48515, 78.75€ bounty)
Seat 3: indianutalpa (57547, 33.75€ bounty)
Seat 4: ROSKAVEGA77 (114039, 33.75€ bounty)
Seat 5: torresmo123 (32210, 33.75€ bounty)
Seat 6: AURYN_ (18386, 22.50€ bounty)
*** ANTE/BLINDS ***
AURYN_ posts ante 200
Stakkatti posts ante 200
jo0ohanna77 posts ante 200
indianutalpa posts ante 200
ROSKAVEGA77 posts ante 200
torresmo123 posts ante 200
AURYN_ posts small blind 800
Stakkatti posts big blind 1600
Dealt to torresmo123 [5c 7s]
*** PRE-FLOP *** 
jo0ohanna77 raises 2400 to 4000
indianutalpa folds
ROSKAVEGA77 calls 4000
torresmo123 folds
AURYN_ folds
Stakkatti folds
*** FLOP *** [4c 2d 9s]
jo0ohanna77 checks
ROSKAVEGA77 bets 4000
jo0ohanna77 calls 4000
*** TURN *** [4c 2d 9s][5d]
jo0ohanna77 checks
ROSKAVEGA77 bets 8000
jo0ohanna77 calls 8000
*** RIVER *** [4c 2d 9s 5d][9d]
jo0ohanna77 checks
ROSKAVEGA77 bets 11200
jo0ohanna77 calls 11200
*** SHOW DOWN ***
jo0ohanna77 shows [Kc Ad] (One pair : 9)
ROSKAVEGA77 shows [6h 6c] (Two pairs : 9 and 6)
ROSKAVEGA77 collected 58000 from pot
*** SUMMARY ***
Total pot 58000 | No rake
Board: [4c 2d 9s 5d 9d]
Seat 2: jo0ohanna77 showed [Kc Ad] and lost with One pair : 9
Seat 4: ROSKAVEGA77 showed [6h 6c] and won 58000 with Two pairs : 9 and 6


Winamax Poker - Tournament "PRIME TIME" buyIn: 45€ + 5€ level: 13 - HandId: #3216061942057664521-147-1708983547 - Holdem no limit (200/800/1600) - 2024/02/26 21:39:07 UTC
Table: 'PRIME TIME(748797772)#0008' 6-max (real money) Seat #6 is the button
Seat 1: Stakkatti (47840, 33.75€ bounty)
Seat 2: jo0ohanna77 (21115, 78.75€ bounty)
Seat 3: indianutalpa (57347, 33.75€ bounty)
Seat 4: ROSKAVEGA77 (144639, 33.75€ bounty)
Seat 5: torresmo123 (32010, 33.75€ bounty)
Seat 6: AURYN_ (17386, 22.50€ bounty)
*** ANTE/BLINDS ***
Stakkatti posts ante 200
jo0ohanna77 posts ante 200
indianutalpa posts ante 200
ROSKAVEGA77 posts ante 200
torresmo123 posts ante 200
AURYN_ posts ante 200
Stakkatti posts small blind 800
jo0ohanna77 posts big blind 1600
Dealt to torresmo123 [6d 3d]
*** PRE-FLOP *** 
indianutalpa raises 1600 to 3200
ROSKAVEGA77 calls 3200
torresmo123 folds
AURYN_ folds
Stakkatti folds
jo0ohanna77 folds
*** FLOP *** [7c Ks 5c]
indianutalpa checks
ROSKAVEGA77 bets 4000
indianutalpa calls 4000
*** TURN *** [7c Ks 5c][6c]
indianutalpa checks
ROSKAVEGA77 bets 7200
indianutalpa calls 7200
*** RIVER *** [7c Ks 5c 6c][8c]
indianutalpa checks
ROSKAVEGA77 checks
*** SHOW DOWN ***
indianutalpa shows [Kd Ts] (One pair : Kings)
ROSKAVEGA77 shows [Kh Qd] (One pair : Kings)
ROSKAVEGA77 collected 32400 from pot
*** SUMMARY ***
Total pot 32400 | No rake
Board: [7c Ks 5c 6c 8c]
Seat 3: indianutalpa showed [Kd Ts] and lost with One pair : Kings
Seat 4: ROSKAVEGA77 showed [Kh Qd] and won 32400 with One pair : Kings


Winamax Poker - Tournament "PRIME TIME" buyIn: 45€ + 5€ level: 13 - HandId: #3216061942057664521-148-1708983644 - Holdem no limit (200/800/1600) - 2024/02/26 21:40:44 UTC
Table: 'PRIME TIME(748797772)#0008' 6-max (real money) Seat #1 is the button
Seat 1: Stakkatti (46840, 33.75€ bounty)
Seat 2: jo0ohanna77 (19315, 78.75€ bounty)
Seat 3: indianutalpa (42747, 33.75€ bounty)
Seat 4: ROSKAVEGA77 (162439, 33.75€ bounty)
Seat 5: torresmo123 (31810, 33.75€ bounty)
Seat 6: AURYN_ (17186, 22.50€ bounty)
*** ANTE/BLINDS ***
jo0ohanna77 posts ante 200
indianutalpa posts ante 200
Stakkatti posts ante 200
ROSKAVEGA77 posts ante 200
torresmo123 posts ante 200
AURYN_ posts ante 200
jo0ohanna77 posts small blind 800
indianutalpa posts big blind 1600
Dealt to torresmo123 [Jd Th]
*** PRE-FLOP *** 
ROSKAVEGA77 folds
torresmo123 raises 1600 to 3200
AURYN_ calls 3200
Stakkatti folds
jo0ohanna77 folds
indianutalpa calls 1600
*** FLOP *** [3h Ac 4d]
indianutalpa checks
torresmo123 checks
AURYN_ checks
*** TURN *** [3h Ac 4d][Jc]
indianutalpa checks
torresmo123 checks
AURYN_ bets 5800
indianutalpa folds
torresmo123 calls 5800
*** RIVER *** [3h Ac 4d Jc][4h]
torresmo123 checks
AURYN_ bets 7986 and is all-in
torresmo123 calls 7986
*** SHOW DOWN ***
torresmo123 shows [Jd Th] (Two pairs : Jacks and 4)
AURYN_ shows [6h Ah] (Two pairs : Aces and 4)
AURYN_ collected 39172 from pot
*** SUMMARY ***
Total pot 39172 | No rake
Board: [3h Ac 4d Jc 4h]
Seat 5: torresmo123 showed [Jd Th] and lost with Two pairs : Jacks and 4
Seat 6: AURYN_ showed [6h Ah] and won 39172 with Two pairs : Aces and 4


Winamax Poker - Tournament "PRIME TIME" buyIn: 45€ + 5€ level: 14 - HandId: #3216061942057664521-149-1708983796 - Holdem no limit (250/1000/2000) - 2024/02/26 21:43:16 UTC
Table: 'PRIME TIME(748797772)#0008' 6-max (real money) Seat #2 is the button
Seat 1: Stakkatti (46640, 33.75€ bounty)
Seat 2: jo0ohanna77 (18315, 78.75€ bounty)
Seat 3: indianutalpa (39347, 33.75€ bounty)
Seat 4: ROSKAVEGA77 (162239, 33.75€ bounty)
Seat 5: torresmo123 (14624, 33.75€ bounty)
Seat 6: AURYN_ (39172, 22.50€ bounty)
*** ANTE/BLINDS ***
indianutalpa posts ante 250
ROSKAVEGA77 posts ante 250
Stakkatti posts ante 250
jo0ohanna77 posts ante 250
torresmo123 posts ante 250
AURYN_ posts ante 250
indianutalpa posts small blind 1000
ROSKAVEGA77 posts big blind 2000
Dealt to torresmo123 [8d 9s]
*** PRE-FLOP *** 
torresmo123 folds
AURYN_ folds
Stakkatti folds
jo0ohanna77 raises 16065 to 18065 and is all-in
indianutalpa raises 21032 to 39097 and is all-in
ROSKAVEGA77 folds
*** FLOP *** [4d As Ad]
*** TURN *** [4d As Ad][3c]
*** RIVER *** [4d As Ad 3c][2d]
*** SHOW DOWN ***
jo0ohanna77 shows [5h Ah] (Straight 5 high)
indianutalpa shows [9c Td] (One pair : Aces)
indianutalpa collected 21032 from side pot 1
jo0ohanna77 collected 39630 from main pot
*** SUMMARY ***
Total pot 60662 | No rake
Board: [4d As Ad 3c 2d]
Seat 2: jo0ohanna77 (button) showed [5h Ah] and won 39630 with Straight 5 high
Seat 3: indianutalpa (small blind) showed [9c Td] and won 21032 with One pair : Aces


Winamax Poker - Tournament "PRIME TIME" buyIn: 45€ + 5€ level: 14 - HandId: #3216061942057664521-150-1708983852 - Holdem no limit (250/1000/2000) - 2024/02/26 21:44:12 UTC
Table: 'PRIME TIME(748797772)#0008' 6-max (real money) Seat #3 is the button
Seat 1: Stakkatti (46390, 33.75€ bounty)
Seat 2: jo0ohanna77 (39630, 78.75€ bounty)
Seat 3: indianutalpa (21032, 33.75€ bounty)
Seat 4: ROSKAVEGA77 (159989, 33.75€ bounty)
Seat 5: torresmo123 (14374, 33.75€ bounty)
Seat 6: AURYN_ (38922, 22.50€ bounty)
*** ANTE/BLINDS ***
ROSKAVEGA77 posts ante 250
torresmo123 posts ante 250
Stakkatti posts ante 250
jo0ohanna77 posts ante 250
indianutalpa posts ante 250
AURYN_ posts ante 250
ROSKAVEGA77 posts small blind 1000
torresmo123 posts big blind 2000
Dealt to torresmo123 [9s 8c]
*** PRE-FLOP *** 
AURYN_ folds
Stakkatti folds
jo0ohanna77 folds
indianutalpa raises 18782 to 20782 and is all-in
ROSKAVEGA77 folds
torresmo123 folds
indianutalpa collected 25282 from pot
*** SUMMARY ***
Total pot 25282 | No rake
Seat 3: indianutalpa (button) won 25282


Winamax Poker - Tournament "PRIME TIME" buyIn: 45€ + 5€ level: 14 - HandId: #3216061942057664521-151-1708983876 - Holdem no limit (250/1000/2000) - 2024/02/26 21:44:36 UTC
Table: 'PRIME TIME(748797772)#0008' 6-max (real money) Seat #4 is the button
Seat 1: Stakkatti (46140, 33.75€ bounty)
Seat 2: jo0ohanna77 (39380, 78.75€ bounty)
Seat 3: indianutalpa (25282, 33.75€ bounty)
Seat 4: ROSKAVEGA77 (158739, 33.75€ bounty)
Seat 5: torresmo123 (12124, 33.75€ bounty)
Seat 6: AURYN_ (38672, 22.50€ bounty)
*** ANTE/BLINDS ***
torresmo123 posts ante 250
AURYN_ posts ante 250
Stakkatti posts ante 250
jo0ohanna77 posts ante 250
indianutalpa posts ante 250
ROSKAVEGA77 posts ante 250
torresmo123 posts small blind 1000
AURYN_ posts big blind 2000
Dealt to torresmo123 [2d Js]
*** PRE-FLOP *** 
Stakkatti folds
jo0ohanna77 folds
indianutalpa raises 23032 to 25032 and is all-in
ROSKAVEGA77 raises 133457 to 158489 and is all-in
torresmo123 folds
AURYN_ folds
*** FLOP *** [Qh Kh 5d]
*** TURN *** [Qh Kh 5d][Qc]
*** RIVER *** [Qh Kh 5d Qc][8c]
*** SHOW DOWN ***
indianutalpa shows [2c 2h] (Two pairs : Queens and 2)
ROSKAVEGA77 shows [Qd Ad] (Trips of Queens)
ROSKAVEGA77 collected 188021 from pot
*** SUMMARY ***
Total pot 188021 | No rake
Board: [Qh Kh 5d Qc 8c]
Seat 3: indianutalpa showed [2c 2h] and lost with Two pairs : Queens and 2
Seat 4: ROSKAVEGA77 (button) showed [Qd Ad] and won 188021 with Trips of Queens


Winamax Poker - Tournament "PRIME TIME" buyIn: 45€ + 5€ level: 14 - HandId: #3216061942057664521-152-1708983908 - Holdem no limit (250/1000/2000) - 2024/02/26 21:45:08 UTC
Table: 'PRIME TIME(748797772)#0008' 6-max (real money) Seat #5 is the button
Seat 1: Stakkatti (45890, 33.75€ bounty)
Seat 2: jo0ohanna77 (39130, 78.75€ bounty)
Seat 4: ROSKAVEGA77 (188021, 50.62€ bounty)
Seat 5: torresmo123 (10874, 33.75€ bounty)
Seat 6: AURYN_ (36422, 22.50€ bounty)
*** ANTE/BLINDS ***
AURYN_ posts ante 250
Stakkatti posts ante 250
jo0ohanna77 posts ante 250
ROSKAVEGA77 posts ante 250
torresmo123 posts ante 250
AURYN_ posts small blind 1000
Stakkatti posts big blind 2000
Dealt to torresmo123 [Kd Qc]
*** PRE-FLOP *** 
jo0ohanna77 raises 3000 to 5000
ROSKAVEGA77 folds
torresmo123 raises 5620 to 10620
AURYN_ folds
Stakkatti raises 35020 to 45640 and is all-in
jo0ohanna77 folds
torresmo123 calls 4 and is all-in
*** FLOP *** [5h Jh 4s]
*** TURN *** [5h Jh 4s][2s]
*** RIVER *** [5h Jh 4s 2s][Qs]
*** SHOW DOWN ***
torresmo123 shows [Kd Qc] (One pair : Queens)
Stakkatti shows [As Ad] (One pair : Aces)
Stakkatti collected 63514 from pot
*** SUMMARY ***
Total pot 63514 | No rake
Board: [5h Jh 4s 2s Qs]
Seat 1: Stakkatti (big blind) showed [As Ad] and won 63514 with One pair : Aces
Seat 5: torresmo123 (button) showed [Kd Qc] and lost with One pair : Queens


