Winamax Poker - Tournament "FLIPPER" buyIn: 18€ + 2€ level: 1 - HandId: #3177979729764417603-8-1707080500 - Holdem no limit (25/100/200) - 2024/02/04 21:01:40 UTC
Table: 'FLIPPER(739931066)#066' 6-max (real money) Seat #5 is the button
Seat 1: GrriegO (20725, 9€ bounty)
Seat 2: Dark_River_ (16615, 9€ bounty)
Seat 3: ViteVite85 (27647, 9€ bounty)
Seat 4: torresmo123 (20000, 9€ bounty)
Seat 5: Snap FoId (38690, 13.50€ bounty)
Seat 6: RizdeCanard (18950, 9€ bounty)
*** ANTE/BLINDS ***
RizdeCanard posts ante 25
GrriegO posts ante 25
Dark_River_ posts ante 25
ViteVite85 posts ante 25
torresmo123 posts ante 25
Snap FoId posts ante 25
RizdeCanard posts small blind 100
GrriegO posts big blind 200
Dealt to torresmo123 [2s Tc]
*** PRE-FLOP *** 
Dark_River_ folds
ViteVite85 folds
torresmo123 folds
Snap FoId folds
RizdeCanard raises 500 to 700
GrriegO folds
RizdeCanard collected 1050 from pot
*** SUMMARY ***
Total pot 1050 | No rake
Seat 6: RizdeCanard (small blind) won 1050


Winamax Poker - Tournament "FLIPPER" buyIn: 18€ + 2€ level: 1 - HandId: #3177979729764417603-9-1707080542 - Holdem no limit (25/100/200) - 2024/02/04 21:02:22 UTC
Table: 'FLIPPER(739931066)#066' 6-max (real money) Seat #6 is the button
Seat 1: GrriegO (20500, 9€ bounty)
Seat 2: Dark_River_ (16590, 9€ bounty)
Seat 3: ViteVite85 (27622, 9€ bounty)
Seat 4: torresmo123 (19975, 9€ bounty)
Seat 5: Snap FoId (38665, 13.50€ bounty)
Seat 6: RizdeCanard (19275, 9€ bounty)
*** ANTE/BLINDS ***
GrriegO posts ante 25
Dark_River_ posts ante 25
ViteVite85 posts ante 25
torresmo123 posts ante 25
Snap FoId posts ante 25
RizdeCanard posts ante 25
GrriegO posts small blind 100
Dark_River_ posts big blind 200
Dealt to torresmo123 [9c Ah]
*** PRE-FLOP *** 
ViteVite85 raises 200 to 400
torresmo123 folds
Snap FoId folds
RizdeCanard folds
GrriegO folds
Dark_River_ folds
ViteVite85 collected 850 from pot
*** SUMMARY ***
Total pot 850 | No rake
Seat 3: ViteVite85 won 850


Winamax Poker - Tournament "FLIPPER" buyIn: 18€ + 2€ level: 1 - HandId: #3177979729764417603-10-1707080568 - Holdem no limit (25/100/200) - 2024/02/04 21:02:48 UTC
Table: 'FLIPPER(739931066)#066' 6-max (real money) Seat #1 is the button
Seat 1: GrriegO (20375, 9€ bounty)
Seat 2: Dark_River_ (16365, 9€ bounty)
Seat 3: ViteVite85 (28047, 9€ bounty)
Seat 4: torresmo123 (19950, 9€ bounty)
Seat 5: Snap FoId (38640, 13.50€ bounty)
Seat 6: RizdeCanard (19250, 9€ bounty)
*** ANTE/BLINDS ***
Dark_River_ posts ante 25
ViteVite85 posts ante 25
GrriegO posts ante 25
torresmo123 posts ante 25
Snap FoId posts ante 25
RizdeCanard posts ante 25
Dark_River_ posts small blind 100
ViteVite85 posts big blind 200
Dealt to torresmo123 [Kd 2c]
*** PRE-FLOP *** 
torresmo123 folds
Snap FoId raises 300 to 500
RizdeCanard calls 500
GrriegO calls 500
Dark_River_ folds
ViteVite85 calls 300
*** FLOP *** [3h 6s Qc]
ViteVite85 checks
Snap FoId checks
RizdeCanard bets 563
GrriegO calls 563
ViteVite85 calls 563
Snap FoId folds
*** TURN *** [3h 6s Qc][Ad]
ViteVite85 checks
RizdeCanard bets 3151
GrriegO folds
ViteVite85 folds
RizdeCanard collected 7090 from pot
*** SUMMARY ***
Total pot 7090 | No rake
Board: [3h 6s Qc Ad]
Seat 6: RizdeCanard won 7090


Winamax Poker - Tournament "FLIPPER" buyIn: 18€ + 2€ level: 1 - HandId: #3177979729764417603-11-1707080649 - Holdem no limit (25/100/200) - 2024/02/04 21:04:09 UTC
Table: 'FLIPPER(739931066)#066' 6-max (real money) Seat #2 is the button
Seat 1: GrriegO (19287, 9€ bounty)
Seat 2: Dark_River_ (16240, 9€ bounty)
Seat 3: ViteVite85 (26959, 9€ bounty)
Seat 4: torresmo123 (19925, 9€ bounty)
Seat 5: Snap FoId (38115, 13.50€ bounty)
Seat 6: RizdeCanard (22101, 9€ bounty)
*** ANTE/BLINDS ***
ViteVite85 posts ante 25
torresmo123 posts ante 25
GrriegO posts ante 25
Dark_River_ posts ante 25
Snap FoId posts ante 25
RizdeCanard posts ante 25
ViteVite85 posts small blind 100
torresmo123 posts big blind 200
Dealt to torresmo123 [7s 5c]
*** PRE-FLOP *** 
Snap FoId raises 300 to 500
RizdeCanard folds
GrriegO calls 500
Dark_River_ calls 500
ViteVite85 folds
torresmo123 folds
*** FLOP *** [2d Js Jc]
Snap FoId bets 300
GrriegO calls 300
Dark_River_ calls 300
*** TURN *** [2d Js Jc][8d]
Snap FoId checks
GrriegO checks
Dark_River_ checks
*** RIVER *** [2d Js Jc 8d][Td]
Snap FoId bets 2850
GrriegO folds
Dark_River_ folds
Snap FoId collected 5700 from pot
*** SUMMARY ***
Total pot 5700 | No rake
Board: [2d Js Jc 8d Td]
Seat 5: Snap FoId won 5700


Winamax Poker - Tournament "FLIPPER" buyIn: 18€ + 2€ level: 1 - HandId: #3177979729764417603-12-1707080744 - Holdem no limit (25/100/200) - 2024/02/04 21:05:44 UTC
Table: 'FLIPPER(739931066)#066' 6-max (real money) Seat #3 is the button
Seat 1: GrriegO (18462, 9€ bounty)
Seat 2: Dark_River_ (15415, 9€ bounty)
Seat 3: ViteVite85 (26834, 9€ bounty)
Seat 4: torresmo123 (19700, 9€ bounty)
Seat 5: Snap FoId (40140, 13.50€ bounty)
Seat 6: RizdeCanard (22076, 9€ bounty)
*** ANTE/BLINDS ***
torresmo123 posts ante 25
Snap FoId posts ante 25
GrriegO posts ante 25
Dark_River_ posts ante 25
ViteVite85 posts ante 25
RizdeCanard posts ante 25
torresmo123 posts small blind 100
Snap FoId posts big blind 200
Dealt to torresmo123 [Jd Ah]
*** PRE-FLOP *** 
RizdeCanard folds
GrriegO folds
Dark_River_ folds
ViteVite85 raises 200 to 400
torresmo123 calls 300
Snap FoId calls 200
*** FLOP *** [3s 4s 3c]
torresmo123 checks
Snap FoId checks
ViteVite85 checks
*** TURN *** [3s 4s 3c][2s]
torresmo123 checks
Snap FoId checks
ViteVite85 bets 702
torresmo123 folds
Snap FoId folds
ViteVite85 collected 2052 from pot
*** SUMMARY ***
Total pot 2052 | No rake
Board: [3s 4s 3c 2s]
Seat 3: ViteVite85 (button) won 2052


Winamax Poker - Tournament "FLIPPER" buyIn: 18€ + 2€ level: 2 - HandId: #3177979729764417603-13-1707080896 - Holdem no limit (30/125/250) - 2024/02/04 21:08:16 UTC
Table: 'FLIPPER(739931066)#066' 6-max (real money) Seat #4 is the button
Seat 1: GrriegO (18437, 9€ bounty)
Seat 2: Dark_River_ (15390, 9€ bounty)
Seat 3: ViteVite85 (27759, 9€ bounty)
Seat 4: torresmo123 (19275, 9€ bounty)
Seat 5: Snap FoId (39715, 13.50€ bounty)
Seat 6: RizdeCanard (22051, 9€ bounty)
*** ANTE/BLINDS ***
Snap FoId posts ante 30
RizdeCanard posts ante 30
GrriegO posts ante 30
Dark_River_ posts ante 30
ViteVite85 posts ante 30
torresmo123 posts ante 30
Snap FoId posts small blind 125
RizdeCanard posts big blind 250
Dealt to torresmo123 [3c Kc]
*** PRE-FLOP *** 
GrriegO raises 375 to 625
Dark_River_ folds
ViteVite85 folds
torresmo123 folds
Snap FoId folds
RizdeCanard calls 375
*** FLOP *** [9d 5d As]
RizdeCanard checks
GrriegO bets 462
RizdeCanard folds
GrriegO collected 2017 from pot
*** SUMMARY ***
Total pot 2017 | No rake
Board: [9d 5d As]
Seat 1: GrriegO won 2017


Winamax Poker - Tournament "FLIPPER" buyIn: 18€ + 2€ level: 2 - HandId: #3177979729764417603-14-1707080946 - Holdem no limit (30/125/250) - 2024/02/04 21:09:06 UTC
Table: 'FLIPPER(739931066)#066' 6-max (real money) Seat #5 is the button
Seat 1: GrriegO (19337, 9€ bounty)
Seat 2: Dark_River_ (15360, 9€ bounty)
Seat 3: ViteVite85 (27729, 9€ bounty)
Seat 4: torresmo123 (19245, 9€ bounty)
Seat 5: Snap FoId (39560, 13.50€ bounty)
Seat 6: RizdeCanard (21396, 9€ bounty)
*** ANTE/BLINDS ***
RizdeCanard posts ante 30
GrriegO posts ante 30
Dark_River_ posts ante 30
ViteVite85 posts ante 30
torresmo123 posts ante 30
Snap FoId posts ante 30
RizdeCanard posts small blind 125
GrriegO posts big blind 250
Dealt to torresmo123 [3d 7d]
*** PRE-FLOP *** 
Dark_River_ folds
ViteVite85 folds
torresmo123 folds
Snap FoId raises 262 to 512
RizdeCanard folds
GrriegO calls 262
*** FLOP *** [Td Ts Qc]
GrriegO checks
Snap FoId bets 332
GrriegO calls 332
*** TURN *** [Td Ts Qc][3c]
GrriegO checks
Snap FoId bets 1315
GrriegO calls 1315
*** RIVER *** [Td Ts Qc 3c][7s]
GrriegO checks
Snap FoId checks
*** SHOW DOWN ***
Snap FoId shows [Ks 4d] (One pair : Tens)
GrriegO shows [9h As] (One pair : Tens)
GrriegO collected 4623 from pot
*** SUMMARY ***
Total pot 4623 | No rake
Board: [Td Ts Qc 3c 7s]
Seat 1: GrriegO (big blind) showed [9h As] and won 4623 with One pair : Tens
Seat 5: Snap FoId (button) showed [Ks 4d] and lost with One pair : Tens


Winamax Poker - Tournament "FLIPPER" buyIn: 18€ + 2€ level: 2 - HandId: #3177979729764417603-15-1707081045 - Holdem no limit (30/125/250) - 2024/02/04 21:10:45 UTC
Table: 'FLIPPER(739931066)#066' 6-max (real money) Seat #6 is the button
Seat 1: GrriegO (21771, 9€ bounty)
Seat 2: Dark_River_ (15330, 9€ bounty)
Seat 3: ViteVite85 (27699, 9€ bounty)
Seat 4: torresmo123 (19215, 9€ bounty)
Seat 5: Snap FoId (37371, 13.50€ bounty)
Seat 6: RizdeCanard (21241, 9€ bounty)
*** ANTE/BLINDS ***
GrriegO posts ante 30
Dark_River_ posts ante 30
ViteVite85 posts ante 30
torresmo123 posts ante 30
Snap FoId posts ante 30
RizdeCanard posts ante 30
GrriegO posts small blind 125
Dark_River_ posts big blind 250
Dealt to torresmo123 [9d 9s]
*** PRE-FLOP *** 
ViteVite85 folds
torresmo123 raises 275 to 525
Snap FoId folds
RizdeCanard calls 525
GrriegO folds
Dark_River_ calls 275
*** FLOP *** [3c Th Ad]
Dark_River_ checks
torresmo123 checks
RizdeCanard bets 620
Dark_River_ calls 620
torresmo123 folds
*** TURN *** [3c Th Ad][6s]
Dark_River_ checks
RizdeCanard bets 1560
Dark_River_ raises 4010 to 5570
RizdeCanard folds
Dark_River_ collected 10250 from pot
*** SUMMARY ***
Total pot 10250 | No rake
Board: [3c Th Ad 6s]
Seat 2: Dark_River_ (big blind) won 10250


Winamax Poker - Tournament "FLIPPER" buyIn: 18€ + 2€ level: 3 - HandId: #3177979729764417603-16-1707081137 - Holdem no limit (35/150/300) - 2024/02/04 21:12:17 UTC
Table: 'FLIPPER(739931066)#066' 6-max (real money) Seat #1 is the button
Seat 1: GrriegO (21616, 9€ bounty)
Seat 2: Dark_River_ (18835, 9€ bounty)
Seat 3: ViteVite85 (27669, 9€ bounty)
Seat 4: torresmo123 (18660, 9€ bounty)
Seat 5: Snap FoId (37341, 13.50€ bounty)
Seat 6: RizdeCanard (18506, 9€ bounty)
*** ANTE/BLINDS ***
Dark_River_ posts ante 35
ViteVite85 posts ante 35
GrriegO posts ante 35
torresmo123 posts ante 35
Snap FoId posts ante 35
RizdeCanard posts ante 35
Dark_River_ posts small blind 150
ViteVite85 posts big blind 300
Dealt to torresmo123 [Ks 8d]
*** PRE-FLOP *** 
torresmo123 folds
Snap FoId folds
RizdeCanard folds
GrriegO folds
Dark_River_ raises 600 to 900
ViteVite85 calls 600
*** FLOP *** [5s 5c 2s]
Dark_River_ bets 900
ViteVite85 calls 900
*** TURN *** [5s 5c 2s][2h]
Dark_River_ checks
ViteVite85 checks
*** RIVER *** [5s 5c 2s 2h][6c]
Dark_River_ checks
ViteVite85 checks
*** SHOW DOWN ***
ViteVite85 shows [Jc Th] (Two pairs : 5 and 2)
Dark_River_ shows [Kc Ts] (Two pairs : 5 and 2)
Dark_River_ collected 3810 from pot
*** SUMMARY ***
Total pot 3810 | No rake
Board: [5s 5c 2s 2h 6c]
Seat 2: Dark_River_ (small blind) showed [Kc Ts] and won 3810 with Two pairs : 5 and 2
Seat 3: ViteVite85 (big blind) showed [Jc Th] and lost with Two pairs : 5 and 2


Winamax Poker - Tournament "FLIPPER" buyIn: 18€ + 2€ level: 3 - HandId: #3177979729764417603-17-1707081219 - Holdem no limit (35/150/300) - 2024/02/04 21:13:39 UTC
Table: 'FLIPPER(739931066)#066' 6-max (real money) Seat #2 is the button
Seat 1: GrriegO (21581, 9€ bounty)
Seat 2: Dark_River_ (20810, 9€ bounty)
Seat 3: ViteVite85 (25834, 9€ bounty)
Seat 4: torresmo123 (18625, 9€ bounty)
Seat 5: Snap FoId (37306, 13.50€ bounty)
Seat 6: RizdeCanard (18471, 9€ bounty)
*** ANTE/BLINDS ***
ViteVite85 posts ante 35
torresmo123 posts ante 35
GrriegO posts ante 35
Dark_River_ posts ante 35
Snap FoId posts ante 35
RizdeCanard posts ante 35
ViteVite85 posts small blind 150
torresmo123 posts big blind 300
Dealt to torresmo123 [Ts Th]
*** PRE-FLOP *** 
Snap FoId folds
RizdeCanard folds
GrriegO folds
Dark_River_ folds
ViteVite85 raises 750 to 1050
torresmo123 raises 1838 to 2888
ViteVite85 raises 2812 to 5700
torresmo123 calls 2812
*** FLOP *** [2c 5d 7s]
ViteVite85 bets 3831
torresmo123 calls 3831
*** TURN *** [2c 5d 7s][7d]
ViteVite85 bets 16268 and is all-in
torresmo123 folds
ViteVite85 collected 35540 from pot
*** SUMMARY ***
Total pot 35540 | No rake
Board: [2c 5d 7s 7d]
Seat 3: ViteVite85 (small blind) won 35540


Winamax Poker - Tournament "FLIPPER" buyIn: 18€ + 2€ level: 3 - HandId: #3177979729764417603-18-1707081341 - Holdem no limit (35/150/300) - 2024/02/04 21:15:41 UTC
Table: 'FLIPPER(739931066)#066' 6-max (real money) Seat #3 is the button
Seat 1: GrriegO (21546, 9€ bounty)
Seat 2: Dark_River_ (20775, 9€ bounty)
Seat 3: ViteVite85 (35540, 9€ bounty)
Seat 4: torresmo123 (9059, 9€ bounty)
Seat 5: Snap FoId (37271, 13.50€ bounty)
Seat 6: RizdeCanard (18436, 9€ bounty)
*** ANTE/BLINDS ***
torresmo123 posts ante 35
Snap FoId posts ante 35
GrriegO posts ante 35
Dark_River_ posts ante 35
ViteVite85 posts ante 35
RizdeCanard posts ante 35
torresmo123 posts small blind 150
Snap FoId posts big blind 300
Dealt to torresmo123 [3h Ad]
*** PRE-FLOP *** 
RizdeCanard folds
GrriegO folds
Dark_River_ folds
ViteVite85 raises 300 to 600
torresmo123 folds
Snap FoId folds
ViteVite85 collected 1260 from pot
*** SUMMARY ***
Total pot 1260 | No rake
Seat 3: ViteVite85 (button) won 1260


Winamax Poker - Tournament "FLIPPER" buyIn: 18€ + 2€ level: 3 - HandId: #3177979729764417603-19-1707081378 - Holdem no limit (35/150/300) - 2024/02/04 21:16:18 UTC
Table: 'FLIPPER(739931066)#066' 6-max (real money) Seat #4 is the button
Seat 1: GrriegO (21511, 9€ bounty)
Seat 2: Dark_River_ (20740, 9€ bounty)
Seat 3: ViteVite85 (36165, 9€ bounty)
Seat 4: torresmo123 (8874, 9€ bounty)
Seat 5: Snap FoId (36936, 13.50€ bounty)
Seat 6: RizdeCanard (18401, 9€ bounty)
*** ANTE/BLINDS ***
Snap FoId posts ante 35
RizdeCanard posts ante 35
GrriegO posts ante 35
Dark_River_ posts ante 35
ViteVite85 posts ante 35
torresmo123 posts ante 35
Snap FoId posts small blind 150
RizdeCanard posts big blind 300
Dealt to torresmo123 [Ah Tc]
*** PRE-FLOP *** 
GrriegO folds
Dark_River_ folds
ViteVite85 raises 300 to 600
torresmo123 calls 600
Snap FoId folds
RizdeCanard calls 300
*** FLOP *** [As 2c 3d]
RizdeCanard checks
ViteVite85 checks
torresmo123 bets 713
RizdeCanard folds
ViteVite85 folds
torresmo123 collected 2873 from pot
*** SUMMARY ***
Total pot 2873 | No rake
Board: [As 2c 3d]
Seat 4: torresmo123 (button) won 2873


Winamax Poker - Tournament "FLIPPER" buyIn: 18€ + 2€ level: 3 - HandId: #3177979729764417603-20-1707081447 - Holdem no limit (35/150/300) - 2024/02/04 21:17:27 UTC
Table: 'FLIPPER(739931066)#066' 6-max (real money) Seat #5 is the button
Seat 1: GrriegO (21476, 9€ bounty)
Seat 2: Dark_River_ (20705, 9€ bounty)
Seat 3: ViteVite85 (35530, 9€ bounty)
Seat 4: torresmo123 (10399, 9€ bounty)
Seat 5: Snap FoId (36751, 13.50€ bounty)
Seat 6: RizdeCanard (17766, 9€ bounty)
*** ANTE/BLINDS ***
RizdeCanard posts ante 35
GrriegO posts ante 35
Dark_River_ posts ante 35
ViteVite85 posts ante 35
torresmo123 posts ante 35
Snap FoId posts ante 35
RizdeCanard posts small blind 150
GrriegO posts big blind 300
Dealt to torresmo123 [5h 5d]
*** PRE-FLOP *** 
Dark_River_ folds
ViteVite85 raises 300 to 600
torresmo123 calls 600
Snap FoId folds
RizdeCanard folds
GrriegO folds
*** FLOP *** [5c As Td]
ViteVite85 checks
torresmo123 bets 372
ViteVite85 folds
torresmo123 collected 2232 from pot
*** SUMMARY ***
Total pot 2232 | No rake
Board: [5c As Td]
Seat 4: torresmo123 won 2232


Winamax Poker - Tournament "FLIPPER" buyIn: 18€ + 2€ level: 4 - HandId: #3177979729764417603-21-1707081525 - Holdem no limit (40/175/350) - 2024/02/04 21:18:45 UTC
Table: 'FLIPPER(739931066)#066' 6-max (real money) Seat #6 is the button
Seat 1: GrriegO (21141, 9€ bounty)
Seat 2: Dark_River_ (20670, 9€ bounty)
Seat 3: ViteVite85 (34895, 9€ bounty)
Seat 4: torresmo123 (11624, 9€ bounty)
Seat 5: Snap FoId (36716, 13.50€ bounty)
Seat 6: RizdeCanard (17581, 9€ bounty)
*** ANTE/BLINDS ***
GrriegO posts ante 40
Dark_River_ posts ante 40
ViteVite85 posts ante 40
torresmo123 posts ante 40
Snap FoId posts ante 40
RizdeCanard posts ante 40
GrriegO posts small blind 175
Dark_River_ posts big blind 350
Dealt to torresmo123 [Ac 4d]
*** PRE-FLOP *** 
ViteVite85 raises 350 to 700
torresmo123 folds
Snap FoId folds
RizdeCanard folds
GrriegO folds
Dark_River_ calls 350
*** FLOP *** [Th 9c 7h]
Dark_River_ checks
ViteVite85 bets 599
Dark_River_ folds
ViteVite85 collected 2414 from pot
*** SUMMARY ***
Total pot 2414 | No rake
Board: [Th 9c 7h]
Seat 3: ViteVite85 won 2414


Winamax Poker - Tournament "FLIPPER" buyIn: 18€ + 2€ level: 4 - HandId: #3177979729764417603-22-1707081576 - Holdem no limit (40/175/350) - 2024/02/04 21:19:36 UTC
Table: 'FLIPPER(739931066)#066' 6-max (real money) Seat #1 is the button
Seat 1: GrriegO (20926, 9€ bounty)
Seat 2: Dark_River_ (19930, 9€ bounty)
Seat 3: ViteVite85 (35970, 9€ bounty)
Seat 4: torresmo123 (11584, 9€ bounty)
Seat 5: Snap FoId (36676, 13.50€ bounty)
Seat 6: RizdeCanard (17541, 9€ bounty)
*** ANTE/BLINDS ***
Dark_River_ posts ante 40
ViteVite85 posts ante 40
GrriegO posts ante 40
torresmo123 posts ante 40
Snap FoId posts ante 40
RizdeCanard posts ante 40
Dark_River_ posts small blind 175
ViteVite85 posts big blind 350
Dealt to torresmo123 [8c 3c]
*** PRE-FLOP *** 
torresmo123 folds
Snap FoId folds
RizdeCanard raises 350 to 700
GrriegO folds
Dark_River_ folds
ViteVite85 calls 350
*** FLOP *** [Qs Ks Qd]
ViteVite85 checks
RizdeCanard bets 599
ViteVite85 folds
RizdeCanard collected 2414 from pot
*** SUMMARY ***
Total pot 2414 | No rake
Board: [Qs Ks Qd]
Seat 6: RizdeCanard won 2414


Winamax Poker - Tournament "FLIPPER" buyIn: 18€ + 2€ level: 4 - HandId: #3177979729764417603-23-1707081610 - Holdem no limit (40/175/350) - 2024/02/04 21:20:10 UTC
Table: 'FLIPPER(739931066)#066' 6-max (real money) Seat #2 is the button
Seat 1: GrriegO (20886, 9€ bounty)
Seat 2: Dark_River_ (19715, 9€ bounty)
Seat 3: ViteVite85 (35230, 9€ bounty)
Seat 4: torresmo123 (11544, 9€ bounty)
Seat 5: Snap FoId (36636, 13.50€ bounty)
Seat 6: RizdeCanard (18616, 9€ bounty)
*** ANTE/BLINDS ***
ViteVite85 posts ante 40
torresmo123 posts ante 40
GrriegO posts ante 40
Dark_River_ posts ante 40
Snap FoId posts ante 40
RizdeCanard posts ante 40
ViteVite85 posts small blind 175
torresmo123 posts big blind 350
Dealt to torresmo123 [3c 5d]
*** PRE-FLOP *** 
Snap FoId folds
RizdeCanard folds
GrriegO raises 385 to 735
Dark_River_ folds
ViteVite85 folds
torresmo123 calls 385
*** FLOP *** [8h Jh 4h]
torresmo123 checks
GrriegO checks
*** TURN *** [8h Jh 4h][Qh]
torresmo123 checks
GrriegO checks
*** RIVER *** [8h Jh 4h Qh][5c]
torresmo123 checks
GrriegO checks
*** SHOW DOWN ***
GrriegO shows [As 4d] (One pair : 4)
torresmo123 shows [3c 5d] (One pair : 5)
torresmo123 collected 1885 from pot
*** SUMMARY ***
Total pot 1885 | No rake
Board: [8h Jh 4h Qh 5c]
Seat 1: GrriegO showed [As 4d] and lost with One pair : 4
Seat 4: torresmo123 (big blind) showed [3c 5d] and won 1885 with One pair : 5


Winamax Poker - Tournament "FLIPPER" buyIn: 18€ + 2€ level: 4 - HandId: #3177979729764417603-24-1707081679 - Holdem no limit (40/175/350) - 2024/02/04 21:21:19 UTC
Table: 'FLIPPER(739931066)#066' 6-max (real money) Seat #3 is the button
Seat 1: GrriegO (20111, 9€ bounty)
Seat 2: Dark_River_ (19675, 9€ bounty)
Seat 3: ViteVite85 (35015, 9€ bounty)
Seat 4: torresmo123 (12654, 9€ bounty)
Seat 5: Snap FoId (36596, 13.50€ bounty)
Seat 6: RizdeCanard (18576, 9€ bounty)
*** ANTE/BLINDS ***
torresmo123 posts ante 40
Snap FoId posts ante 40
GrriegO posts ante 40
Dark_River_ posts ante 40
ViteVite85 posts ante 40
RizdeCanard posts ante 40
torresmo123 posts small blind 175
Snap FoId posts big blind 350
Dealt to torresmo123 [5c 3s]
*** PRE-FLOP *** 
RizdeCanard folds
GrriegO raises 385 to 735
Dark_River_ calls 735
ViteVite85 raises 2765 to 3500
torresmo123 folds
Snap FoId folds
GrriegO folds
Dark_River_ folds
ViteVite85 collected 5735 from pot
*** SUMMARY ***
Total pot 5735 | No rake
Seat 3: ViteVite85 (button) won 5735


Winamax Poker - Tournament "FLIPPER" buyIn: 18€ + 2€ level: 4 - HandId: #3177979729764417603-25-1707081724 - Holdem no limit (40/175/350) - 2024/02/04 21:22:04 UTC
Table: 'FLIPPER(739931066)#066' 6-max (real money) Seat #4 is the button
Seat 1: GrriegO (19336, 9€ bounty)
Seat 2: Dark_River_ (18900, 9€ bounty)
Seat 3: ViteVite85 (37210, 9€ bounty)
Seat 4: torresmo123 (12439, 9€ bounty)
Seat 5: Snap FoId (36206, 13.50€ bounty)
Seat 6: RizdeCanard (18536, 9€ bounty)
*** ANTE/BLINDS ***
Snap FoId posts ante 40
RizdeCanard posts ante 40
GrriegO posts ante 40
Dark_River_ posts ante 40
ViteVite85 posts ante 40
torresmo123 posts ante 40
Snap FoId posts small blind 175
RizdeCanard posts big blind 350
Dealt to torresmo123 [Ad Qs]
*** PRE-FLOP *** 
GrriegO folds
Dark_River_ folds
ViteVite85 folds
torresmo123 raises 438 to 788
Snap FoId folds
RizdeCanard calls 438
*** FLOP *** [6d 3s 8d]
RizdeCanard checks
torresmo123 checks
*** TURN *** [6d 3s 8d][Qh]
RizdeCanard bets 350
torresmo123 folds
RizdeCanard collected 2341 from pot
*** SUMMARY ***
Total pot 2341 | No rake
Board: [6d 3s 8d Qh]
Seat 6: RizdeCanard (big blind) won 2341


Winamax Poker - Tournament "FLIPPER" buyIn: 18€ + 2€ level: 4 - HandId: #3177979729764417603-26-1707081784 - Holdem no limit (40/175/350) - 2024/02/04 21:23:04 UTC
Table: 'FLIPPER(739931066)#066' 6-max (real money) Seat #5 is the button
Seat 1: GrriegO (19296, 9€ bounty)
Seat 2: Dark_River_ (18860, 9€ bounty)
Seat 3: ViteVite85 (37170, 9€ bounty)
Seat 4: torresmo123 (11611, 9€ bounty)
Seat 5: Snap FoId (35991, 13.50€ bounty)
Seat 6: RizdeCanard (19699, 9€ bounty)
*** ANTE/BLINDS ***
RizdeCanard posts ante 40
GrriegO posts ante 40
Dark_River_ posts ante 40
ViteVite85 posts ante 40
torresmo123 posts ante 40
Snap FoId posts ante 40
RizdeCanard posts small blind 175
GrriegO posts big blind 350
Dealt to torresmo123 [5s 4c]
*** PRE-FLOP *** 
Dark_River_ folds
ViteVite85 raises 350 to 700
torresmo123 folds
Snap FoId folds
RizdeCanard calls 525
GrriegO calls 350
*** FLOP *** [2h Kc Jh]
RizdeCanard checks
GrriegO checks
ViteVite85 bets 772
RizdeCanard calls 772
GrriegO folds
*** TURN *** [2h Kc Jh][Qh]
RizdeCanard checks
ViteVite85 checks
*** RIVER *** [2h Kc Jh Qh][9d]
RizdeCanard bets 1942
ViteVite85 calls 1942
*** SHOW DOWN ***
ViteVite85 shows [Qd Th] (Straight King high)
RizdeCanard shows [Ts Jd] (Straight King high)
RizdeCanard collected 3884 from pot
ViteVite85 collected 3884 from pot
*** SUMMARY ***
Total pot 7768 | No rake
Board: [2h Kc Jh Qh 9d]
Seat 3: ViteVite85 showed [Qd Th] and won 3884 with Straight King high
Seat 6: RizdeCanard (small blind) showed [Ts Jd] and won 3884 with Straight King high


Winamax Poker - Tournament "FLIPPER" buyIn: 18€ + 2€ level: 5 - HandId: #3177979729764417603-27-1707081875 - Holdem no limit (50/200/400) - 2024/02/04 21:24:35 UTC
Table: 'FLIPPER(739931066)#066' 6-max (real money) Seat #6 is the button
Seat 1: GrriegO (18556, 9€ bounty)
Seat 2: Dark_River_ (18820, 9€ bounty)
Seat 3: ViteVite85 (37600, 9€ bounty)
Seat 4: torresmo123 (11571, 9€ bounty)
Seat 5: Snap FoId (35951, 13.50€ bounty)
Seat 6: RizdeCanard (20129, 9€ bounty)
*** ANTE/BLINDS ***
GrriegO posts ante 50
Dark_River_ posts ante 50
ViteVite85 posts ante 50
torresmo123 posts ante 50
Snap FoId posts ante 50
RizdeCanard posts ante 50
GrriegO posts small blind 200
Dark_River_ posts big blind 400
Dealt to torresmo123 [Ts 8h]
*** PRE-FLOP *** 
ViteVite85 folds
torresmo123 folds
Snap FoId folds
RizdeCanard folds
GrriegO folds
Dark_River_ collected 900 from pot
*** SUMMARY ***
Total pot 900 | No rake
Seat 2: Dark_River_ (big blind) won 900


Winamax Poker - Tournament "FLIPPER" buyIn: 18€ + 2€ level: 5 - HandId: #3177979729764417603-28-1707081894 - Holdem no limit (50/200/400) - 2024/02/04 21:24:54 UTC
Table: 'FLIPPER(739931066)#066' 6-max (real money) Seat #1 is the button
Seat 1: GrriegO (18306, 9€ bounty)
Seat 2: Dark_River_ (19270, 9€ bounty)
Seat 3: ViteVite85 (37550, 9€ bounty)
Seat 4: torresmo123 (11521, 9€ bounty)
Seat 5: Snap FoId (35901, 13.50€ bounty)
Seat 6: RizdeCanard (20079, 9€ bounty)
*** ANTE/BLINDS ***
Dark_River_ posts ante 50
ViteVite85 posts ante 50
GrriegO posts ante 50
torresmo123 posts ante 50
Snap FoId posts ante 50
RizdeCanard posts ante 50
Dark_River_ posts small blind 200
ViteVite85 posts big blind 400
Dealt to torresmo123 [4s 5s]
*** PRE-FLOP *** 
torresmo123 folds
Snap FoId raises 600 to 1000
RizdeCanard folds
GrriegO folds
Dark_River_ folds
ViteVite85 calls 600
*** FLOP *** [2c 3c 7h]
ViteVite85 checks
Snap FoId bets 875
ViteVite85 raises 2725 to 3600
Snap FoId folds
ViteVite85 collected 6975 from pot
*** SUMMARY ***
Total pot 6975 | No rake
Board: [2c 3c 7h]
Seat 3: ViteVite85 (big blind) won 6975


Winamax Poker - Tournament "FLIPPER" buyIn: 18€ + 2€ level: 5 - HandId: #3177979729764417603-29-1707081968 - Holdem no limit (50/200/400) - 2024/02/04 21:26:08 UTC
Table: 'FLIPPER(739931066)#066' 6-max (real money) Seat #2 is the button
Seat 1: GrriegO (18256, 9€ bounty)
Seat 2: Dark_River_ (19020, 9€ bounty)
Seat 3: ViteVite85 (39875, 9€ bounty)
Seat 4: torresmo123 (11471, 9€ bounty)
Seat 5: Snap FoId (33976, 13.50€ bounty)
Seat 6: RizdeCanard (20029, 9€ bounty)
*** ANTE/BLINDS ***
ViteVite85 posts ante 50
torresmo123 posts ante 50
GrriegO posts ante 50
Dark_River_ posts ante 50
Snap FoId posts ante 50
RizdeCanard posts ante 50
ViteVite85 posts small blind 200
torresmo123 posts big blind 400
Dealt to torresmo123 [Ks 5d]
*** PRE-FLOP *** 
Snap FoId raises 600 to 1000
RizdeCanard calls 1000
GrriegO folds
Dark_River_ folds
ViteVite85 folds
torresmo123 folds
*** FLOP *** [5h 2c Qs]
Snap FoId bets 1914
RizdeCanard calls 1914
*** TURN *** [5h 2c Qs][Kd]
Snap FoId checks
RizdeCanard checks
*** RIVER *** [5h 2c Qs Kd][4d]
Snap FoId checks
RizdeCanard bets 3364
Snap FoId folds
RizdeCanard collected 10092 from pot
*** SUMMARY ***
Total pot 10092 | No rake
Board: [5h 2c Qs Kd 4d]
Seat 6: RizdeCanard won 10092


Winamax Poker - Tournament "FLIPPER" buyIn: 18€ + 2€ level: 5 - HandId: #3177979729764417603-30-1707082055 - Holdem no limit (50/200/400) - 2024/02/04 21:27:35 UTC
Table: 'FLIPPER(739931066)#066' 6-max (real money) Seat #3 is the button
Seat 1: GrriegO (18206, 9€ bounty)
Seat 2: Dark_River_ (18970, 9€ bounty)
Seat 3: ViteVite85 (39625, 9€ bounty)
Seat 4: torresmo123 (11021, 9€ bounty)
Seat 5: Snap FoId (31012, 13.50€ bounty)
Seat 6: RizdeCanard (23793, 9€ bounty)
*** ANTE/BLINDS ***
torresmo123 posts ante 50
Snap FoId posts ante 50
GrriegO posts ante 50
Dark_River_ posts ante 50
ViteVite85 posts ante 50
RizdeCanard posts ante 50
torresmo123 posts small blind 200
Snap FoId posts big blind 400
Dealt to torresmo123 [6h Kd]
*** PRE-FLOP *** 
RizdeCanard raises 400 to 800
GrriegO folds
Dark_River_ folds
ViteVite85 folds
torresmo123 folds
Snap FoId calls 400
*** FLOP *** [Ad 8d Qc]
Snap FoId checks
RizdeCanard bets 693
Snap FoId folds
RizdeCanard collected 2793 from pot
*** SUMMARY ***
Total pot 2793 | No rake
Board: [Ad 8d Qc]
Seat 6: RizdeCanard won 2793


Winamax Poker - Tournament "FLIPPER" buyIn: 18€ + 2€ level: 5 - HandId: #3177979729764417603-31-1707082111 - Holdem no limit (50/200/400) - 2024/02/04 21:28:31 UTC
Table: 'FLIPPER(739931066)#066' 6-max (real money) Seat #4 is the button
Seat 1: GrriegO (18156, 9€ bounty)
Seat 2: Dark_River_ (18920, 9€ bounty)
Seat 3: ViteVite85 (39575, 9€ bounty)
Seat 4: torresmo123 (10771, 9€ bounty)
Seat 5: Snap FoId (30162, 13.50€ bounty)
Seat 6: RizdeCanard (25043, 9€ bounty)
*** ANTE/BLINDS ***
Snap FoId posts ante 50
RizdeCanard posts ante 50
GrriegO posts ante 50
Dark_River_ posts ante 50
ViteVite85 posts ante 50
torresmo123 posts ante 50
Snap FoId posts small blind 200
RizdeCanard posts big blind 400
Dealt to torresmo123 [4h 7s]
*** PRE-FLOP *** 
GrriegO raises 600 to 1000
Dark_River_ folds
ViteVite85 folds
torresmo123 folds
Snap FoId folds
RizdeCanard calls 600
*** FLOP *** [3d Js Qd]
RizdeCanard checks
GrriegO bets 875
RizdeCanard folds
GrriegO collected 3375 from pot
*** SUMMARY ***
Total pot 3375 | No rake
Board: [3d Js Qd]
Seat 1: GrriegO won 3375


Winamax Poker - Tournament "FLIPPER" buyIn: 18€ + 2€ level: 5 - HandId: #3177979729764417603-32-1707082138 - Holdem no limit (50/200/400) - 2024/02/04 21:28:58 UTC
Table: 'FLIPPER(739931066)#066' 6-max (real money) Seat #5 is the button
Seat 1: GrriegO (19606, 9€ bounty)
Seat 2: Dark_River_ (18870, 9€ bounty)
Seat 3: ViteVite85 (39525, 9€ bounty)
Seat 4: torresmo123 (10721, 9€ bounty)
Seat 5: Snap FoId (29912, 13.50€ bounty)
Seat 6: RizdeCanard (23993, 9€ bounty)
*** ANTE/BLINDS ***
RizdeCanard posts ante 50
GrriegO posts ante 50
Dark_River_ posts ante 50
ViteVite85 posts ante 50
torresmo123 posts ante 50
Snap FoId posts ante 50
RizdeCanard posts small blind 200
GrriegO posts big blind 400
Dealt to torresmo123 [Th Jc]
*** PRE-FLOP *** 
Dark_River_ folds
ViteVite85 folds
torresmo123 raises 400 to 800
Snap FoId folds
RizdeCanard raises 2400 to 3200
GrriegO folds
torresmo123 folds
RizdeCanard collected 4700 from pot
*** SUMMARY ***
Total pot 4700 | No rake
Seat 6: RizdeCanard (small blind) won 4700


Winamax Poker - Tournament "FLIPPER" buyIn: 18€ + 2€ level: 5 - HandId: #3177979729764417603-33-1707082180 - Holdem no limit (50/200/400) - 2024/02/04 21:29:40 UTC
Table: 'FLIPPER(739931066)#066' 6-max (real money) Seat #6 is the button
Seat 1: GrriegO (19156, 9€ bounty)
Seat 2: Dark_River_ (18820, 9€ bounty)
Seat 3: ViteVite85 (39475, 9€ bounty)
Seat 4: torresmo123 (9871, 9€ bounty)
Seat 5: Snap FoId (29862, 13.50€ bounty)
Seat 6: RizdeCanard (25443, 9€ bounty)
*** ANTE/BLINDS ***
GrriegO posts ante 50
Dark_River_ posts ante 50
ViteVite85 posts ante 50
torresmo123 posts ante 50
Snap FoId posts ante 50
RizdeCanard posts ante 50
GrriegO posts small blind 200
Dark_River_ posts big blind 400
Dealt to torresmo123 [2d Th]
*** PRE-FLOP *** 
ViteVite85 raises 400 to 800
torresmo123 folds
Snap FoId folds
RizdeCanard folds
GrriegO folds
Dark_River_ calls 400
*** FLOP *** [Kc 3c Jh]
Dark_River_ checks
ViteVite85 bets 1470
Dark_River_ folds
ViteVite85 collected 3570 from pot
*** SUMMARY ***
Total pot 3570 | No rake
Board: [Kc 3c Jh]
Seat 3: ViteVite85 won 3570


Winamax Poker - Tournament "FLIPPER" buyIn: 18€ + 2€ level: 6 - HandId: #3177979729764417603-34-1707082242 - Holdem no limit (60/250/500) - 2024/02/04 21:30:42 UTC
Table: 'FLIPPER(739931066)#066' 6-max (real money) Seat #1 is the button
Seat 1: GrriegO (18906, 9€ bounty)
Seat 2: Dark_River_ (17970, 9€ bounty)
Seat 3: ViteVite85 (40725, 9€ bounty)
Seat 4: torresmo123 (9821, 9€ bounty)
Seat 5: Snap FoId (29812, 13.50€ bounty)
Seat 6: RizdeCanard (25393, 9€ bounty)
*** ANTE/BLINDS ***
Dark_River_ posts ante 60
ViteVite85 posts ante 60
GrriegO posts ante 60
torresmo123 posts ante 60
Snap FoId posts ante 60
RizdeCanard posts ante 60
Dark_River_ posts small blind 250
ViteVite85 posts big blind 500
Dealt to torresmo123 [As 7s]
*** PRE-FLOP *** 
torresmo123 raises 500 to 1000
Snap FoId raises 525 to 1525
RizdeCanard raises 3225 to 4750
GrriegO folds
Dark_River_ folds
ViteVite85 folds
torresmo123 folds
Snap FoId folds
RizdeCanard collected 8385 from pot
*** SUMMARY ***
Total pot 8385 | No rake
Seat 6: RizdeCanard won 8385


Winamax Poker - Tournament "FLIPPER" buyIn: 18€ + 2€ level: 6 - HandId: #3177979729764417603-35-1707082288 - Holdem no limit (60/250/500) - 2024/02/04 21:31:28 UTC
Table: 'FLIPPER(739931066)#066' 6-max (real money) Seat #2 is the button
Seat 1: GrriegO (18846, 9€ bounty)
Seat 2: Dark_River_ (17660, 9€ bounty)
Seat 3: ViteVite85 (40165, 9€ bounty)
Seat 4: torresmo123 (8761, 9€ bounty)
Seat 5: Snap FoId (28227, 13.50€ bounty)
Seat 6: RizdeCanard (28968, 9€ bounty)
*** ANTE/BLINDS ***
ViteVite85 posts ante 60
torresmo123 posts ante 60
GrriegO posts ante 60
Dark_River_ posts ante 60
Snap FoId posts ante 60
RizdeCanard posts ante 60
ViteVite85 posts small blind 250
torresmo123 posts big blind 500
Dealt to torresmo123 [Ac 3h]
*** PRE-FLOP *** 
Snap FoId raises 750 to 1250
RizdeCanard calls 1250
GrriegO folds
Dark_River_ folds
ViteVite85 folds
torresmo123 folds
*** FLOP *** [4c 8h 3c]
Snap FoId bets 2383
RizdeCanard raises 2383 to 4766
Snap FoId raises 22151 to 26917 and is all-in
RizdeCanard raises 741 to 27658 and is all-in
*** TURN *** [4c 8h 3c][Th]
*** RIVER *** [4c 8h 3c Th][2c]
*** SHOW DOWN ***
Snap FoId shows [9d Ah] (High card : Ace)
RizdeCanard shows [Qc 8c] (Flush Queen high)
RizdeCanard collected 58185 from pot
*** SUMMARY ***
Total pot 58185 | No rake
Board: [4c 8h 3c Th 2c]
Seat 5: Snap FoId showed [9d Ah] and lost with High card : Ace
Seat 6: RizdeCanard showed [Qc 8c] and won 58185 with Flush Queen high


Winamax Poker - Tournament "FLIPPER" buyIn: 18€ + 2€ level: 6 - HandId: #3177979729764417603-36-1707082354 - Holdem no limit (60/250/500) - 2024/02/04 21:32:34 UTC
Table: 'FLIPPER(739931066)#066' 6-max (real money) Seat #3 is the button
Seat 1: GrriegO (18786, 9€ bounty)
Seat 2: Dark_River_ (17600, 9€ bounty)
Seat 3: ViteVite85 (39855, 9€ bounty)
Seat 4: torresmo123 (8201, 9€ bounty)
Seat 6: RizdeCanard (58185, 15.75€ bounty)
*** ANTE/BLINDS ***
torresmo123 posts ante 60
RizdeCanard posts ante 60
GrriegO posts ante 60
Dark_River_ posts ante 60
ViteVite85 posts ante 60
torresmo123 posts small blind 250
RizdeCanard posts big blind 500
Dealt to torresmo123 [7d Td]
*** PRE-FLOP *** 
GrriegO folds
Dark_River_ raises 500 to 1000
ViteVite85 folds
torresmo123 folds
RizdeCanard calls 500
*** FLOP *** [Kd 5c Tc]
RizdeCanard checks
Dark_River_ checks
*** TURN *** [Kd 5c Tc][7h]
RizdeCanard bets 842
Dark_River_ calls 842
*** RIVER *** [Kd 5c Tc 7h][9d]
RizdeCanard bets 4234
Dark_River_ folds
RizdeCanard collected 8468 from pot
*** SUMMARY ***
Total pot 8468 | No rake
Board: [Kd 5c Tc 7h 9d]
Seat 6: RizdeCanard (big blind) won 8468


Winamax Poker - Tournament "FLIPPER" buyIn: 18€ + 2€ level: 6 - HandId: #3177979729764417603-37-1707082409 - Holdem no limit (60/250/500) - 2024/02/04 21:33:29 UTC
Table: 'FLIPPER(739931066)#066' 6-max (real money) Seat #4 is the button
Seat 1: GrriegO (18726, 9€ bounty)
Seat 2: Dark_River_ (15698, 9€ bounty)
Seat 3: ViteVite85 (39795, 9€ bounty)
Seat 4: torresmo123 (7891, 9€ bounty)
Seat 6: RizdeCanard (60517, 15.75€ bounty)
*** ANTE/BLINDS ***
RizdeCanard posts ante 60
GrriegO posts ante 60
Dark_River_ posts ante 60
ViteVite85 posts ante 60
torresmo123 posts ante 60
RizdeCanard posts small blind 250
GrriegO posts big blind 500
Dealt to torresmo123 [7s Ts]
*** PRE-FLOP *** 
Dark_River_ folds
ViteVite85 folds
torresmo123 folds
RizdeCanard raises 1250 to 1750
GrriegO folds
RizdeCanard collected 2550 from pot
*** SUMMARY ***
Total pot 2550 | No rake
Seat 6: RizdeCanard (small blind) won 2550


Winamax Poker - Tournament "FLIPPER" buyIn: 18€ + 2€ level: 6 - HandId: #3177979729764417603-38-1707082434 - Holdem no limit (60/250/500) - 2024/02/04 21:33:54 UTC
Table: 'FLIPPER(739931066)#066' 6-max (real money) Seat #6 is the button
Seat 1: GrriegO (18166, 9€ bounty)
Seat 2: Dark_River_ (15638, 9€ bounty)
Seat 3: ViteVite85 (39735, 9€ bounty)
Seat 4: torresmo123 (7831, 9€ bounty)
Seat 6: RizdeCanard (61257, 15.75€ bounty)
*** ANTE/BLINDS ***
GrriegO posts ante 60
Dark_River_ posts ante 60
ViteVite85 posts ante 60
torresmo123 posts ante 60
RizdeCanard posts ante 60
GrriegO posts small blind 250
Dark_River_ posts big blind 500
Dealt to torresmo123 [5s 2h]
*** PRE-FLOP *** 
ViteVite85 raises 500 to 1000
torresmo123 folds
RizdeCanard raises 2500 to 3500
GrriegO folds
Dark_River_ folds
ViteVite85 calls 2500
*** FLOP *** [2c 5d Qd]
ViteVite85 checks
RizdeCanard bets 2013
ViteVite85 calls 2013
*** TURN *** [2c 5d Qd][3s]
ViteVite85 checks
RizdeCanard bets 11000
ViteVite85 calls 11000
*** RIVER *** [2c 5d Qd 3s][9c]
ViteVite85 checks
RizdeCanard bets 44684 and is all-in
ViteVite85 folds
RizdeCanard collected 78760 from pot
*** SUMMARY ***
Total pot 78760 | No rake
Board: [2c 5d Qd 3s 9c]
Seat 6: RizdeCanard (button) won 78760


Winamax Poker - Tournament "FLIPPER" buyIn: 18€ + 2€ level: 7 - HandId: #3177979729764417603-39-1707082587 - Holdem no limit (70/300/600) - 2024/02/04 21:36:27 UTC
Table: 'FLIPPER(739931066)#066' 6-max (real money) Seat #1 is the button
Seat 1: GrriegO (17856, 9€ bounty)
Seat 2: Dark_River_ (15078, 9€ bounty)
Seat 3: ViteVite85 (23162, 9€ bounty)
Seat 4: torresmo123 (7771, 9€ bounty)
Seat 5: Zero2six (20000, 9€ bounty)
Seat 6: RizdeCanard (78760, 15.75€ bounty)
*** ANTE/BLINDS ***
Dark_River_ posts ante 70
ViteVite85 posts ante 70
GrriegO posts ante 70
torresmo123 posts ante 70
Zero2six posts ante 70
RizdeCanard posts ante 70
Dark_River_ posts small blind 300
ViteVite85 posts big blind 600
Dealt to torresmo123 [Ac 5d]
*** PRE-FLOP *** 
torresmo123 folds
Zero2six raises 900 to 1500
RizdeCanard folds
GrriegO folds
Dark_River_ folds
ViteVite85 calls 900
*** FLOP *** [9d Ad Qd]
ViteVite85 checks
Zero2six bets 1302
ViteVite85 raises 2898 to 4200
Zero2six raises 14230 to 18430 and is all-in
ViteVite85 calls 14230
*** TURN *** [9d Ad Qd][5s]
*** RIVER *** [9d Ad Qd 5s][2s]
*** SHOW DOWN ***
Zero2six shows [Td As] (One pair : Aces)
ViteVite85 shows [4d Kd] (Flush Ace high)
ViteVite85 collected 40580 from pot
*** SUMMARY ***
Total pot 40580 | No rake
Board: [9d Ad Qd 5s 2s]
Seat 3: ViteVite85 (big blind) showed [4d Kd] and won 40580 with Flush Ace high
Seat 5: Zero2six showed [Td As] and lost with One pair : Aces


Winamax Poker - Tournament "FLIPPER" buyIn: 18€ + 2€ level: 7 - HandId: #3177979729764417603-40-1707082653 - Holdem no limit (70/300/600) - 2024/02/04 21:37:33 UTC
Table: 'FLIPPER(739931066)#066' 6-max (real money) Seat #2 is the button
Seat 1: GrriegO (17786, 9€ bounty)
Seat 2: Dark_River_ (14708, 9€ bounty)
Seat 3: ViteVite85 (43742, 13.50€ bounty)
Seat 4: torresmo123 (7701, 9€ bounty)
Seat 6: RizdeCanard (78690, 15.75€ bounty)
*** ANTE/BLINDS ***
ViteVite85 posts ante 70
torresmo123 posts ante 70
GrriegO posts ante 70
Dark_River_ posts ante 70
RizdeCanard posts ante 70
ViteVite85 posts small blind 300
torresmo123 posts big blind 600
Dealt to torresmo123 [7d Qc]
*** PRE-FLOP *** 
RizdeCanard raises 600 to 1200
GrriegO folds
Dark_River_ folds
ViteVite85 folds
torresmo123 calls 600
*** FLOP *** [9c 4d Kd]
torresmo123 checks
RizdeCanard bets 600
torresmo123 folds
RizdeCanard collected 3650 from pot
*** SUMMARY ***
Total pot 3650 | No rake
Board: [9c 4d Kd]
Seat 6: RizdeCanard won 3650


Winamax Poker - Tournament "FLIPPER" buyIn: 18€ + 2€ level: 7 - HandId: #3177979729764417603-41-1707082688 - Holdem no limit (70/300/600) - 2024/02/04 21:38:08 UTC
Table: 'FLIPPER(739931066)#066' 6-max (real money) Seat #3 is the button
Seat 1: GrriegO (17716, 9€ bounty)
Seat 2: Dark_River_ (14638, 9€ bounty)
Seat 3: ViteVite85 (43372, 13.50€ bounty)
Seat 4: torresmo123 (6431, 9€ bounty)
Seat 6: RizdeCanard (80470, 15.75€ bounty)
*** ANTE/BLINDS ***
torresmo123 posts ante 70
RizdeCanard posts ante 70
GrriegO posts ante 70
Dark_River_ posts ante 70
ViteVite85 posts ante 70
torresmo123 posts small blind 300
RizdeCanard posts big blind 600
Dealt to torresmo123 [Qc Jc]
*** PRE-FLOP *** 
GrriegO folds
Dark_River_ folds
ViteVite85 raises 600 to 1200
torresmo123 raises 5161 to 6361 and is all-in
RizdeCanard raises 74039 to 80400 and is all-in
ViteVite85 folds
*** FLOP *** [6c Ah 7s]
*** TURN *** [6c Ah 7s][6d]
*** RIVER *** [6c Ah 7s 6d][8h]
*** SHOW DOWN ***
torresmo123 shows [Qc Jc] (One pair : 6)
RizdeCanard shows [9s As] (Two pairs : Aces and 6)
RizdeCanard collected 88311 from pot
*** SUMMARY ***
Total pot 88311 | No rake
Board: [6c Ah 7s 6d 8h]
Seat 4: torresmo123 (small blind) showed [Qc Jc] and lost with One pair : 6
Seat 6: RizdeCanard (big blind) showed [9s As] and won 88311 with Two pairs : Aces and 6


