Winamax Poker - Tournament "TEA TIME" buyIn: 18€ + 2€ level: 2 - HandId: #3200314186768842877-9-1708101881 - Holdem no limit (30/125/250) - 2024/02/16 16:44:41 UTC
Table: 'TEA TIME(745131212)#0124' 6-max (real money) Seat #1 is the button
Seat 1: torresmo123 (35482, 9€ bounty)
Seat 2: ToxicFrog (13895, 9€ bounty)
Seat 3: Mac Miller (18985, 9€ bounty)
Seat 4: la ne la (17185, 9€ bounty)
Seat 5: Ami Ami (20565, 9€ bounty)
Seat 6: Siberia (46582, 13.50€ bounty)
*** ANTE/BLINDS ***
ToxicFrog posts ante 30
Mac Miller posts ante 30
torresmo123 posts ante 30
la ne la posts ante 30
Ami Ami posts ante 30
Siberia posts ante 30
ToxicFrog posts small blind 125
Mac Miller posts big blind 250
Dealt to torresmo123 [7c Td]
*** PRE-FLOP *** 
la ne la folds
Ami Ami folds
Siberia folds
torresmo123 raises 313 to 563
ToxicFrog calls 438
Mac Miller folds
*** FLOP *** [Ts 5d 3d]
ToxicFrog checks
torresmo123 checks
*** TURN *** [Ts 5d 3d][Ah]
ToxicFrog checks
torresmo123 checks
*** RIVER *** [Ts 5d 3d Ah][Jc]
ToxicFrog checks
torresmo123 checks
*** SHOW DOWN ***
ToxicFrog shows [6h 2h] (High card : Ace)
torresmo123 shows [7c Td] (One pair : Tens)
torresmo123 collected 1556 from pot
*** SUMMARY ***
Total pot 1556 | No rake
Board: [Ts 5d 3d Ah Jc]
Seat 1: torresmo123 (button) showed [7c Td] and won 1556 with One pair : Tens
Seat 2: ToxicFrog (small blind) showed [6h 2h] and lost with High card : Ace


