Winamax Poker - Tournament "AFTER WORK" buyIn: 18€ + 2€ level: 1 - HandId: #3186325598544855107-14-1707420487 - Holdem no limit (25/100/200) - 2024/02/08 19:28:07 UTC
Table: 'AFTER WORK(741874240)#0066' 6-max (real money) Seat #2 is the button
Seat 1: Mugcoctrefer (38338, 9€ bounty)
Seat 2: MafiWaffi (17835, 9€ bounty)
Seat 3: goontilt88 (14150, 9€ bounty)
Seat 4: torresmo123 (20000, 9€ bounty)
Seat 5: Monnami (22047, 9€ bounty)
Seat 6: DonKma (34237, 13.50€ bounty)
*** ANTE/BLINDS ***
goontilt88 posts ante 25
torresmo123 posts ante 25
Mugcoctrefer posts ante 25
MafiWaffi posts ante 25
Monnami posts ante 25
DonKma posts ante 25
goontilt88 posts small blind 100
torresmo123 posts big blind 200
Dealt to torresmo123 [Ks Qs]
*** PRE-FLOP *** 
Monnami folds
DonKma folds
Mugcoctrefer folds
MafiWaffi raises 220 to 420
goontilt88 folds
torresmo123 raises 1380 to 1800
MafiWaffi folds
torresmo123 collected 2470 from pot
*** SUMMARY ***
Total pot 2470 | No rake
Seat 4: torresmo123 (big blind) won 2470


Winamax Poker - Tournament "AFTER WORK" buyIn: 18€ + 2€ level: 1 - HandId: #3186325598544855107-15-1707420520 - Holdem no limit (25/100/200) - 2024/02/08 19:28:40 UTC
Table: 'AFTER WORK(741874240)#0066' 6-max (real money) Seat #3 is the button
Seat 1: Mugcoctrefer (38313, 9€ bounty)
Seat 2: MafiWaffi (17390, 9€ bounty)
Seat 3: goontilt88 (14025, 9€ bounty)
Seat 4: torresmo123 (20645, 9€ bounty)
Seat 5: Monnami (22022, 9€ bounty)
Seat 6: DonKma (34212, 13.50€ bounty)
*** ANTE/BLINDS ***
torresmo123 posts ante 25
Monnami posts ante 25
Mugcoctrefer posts ante 25
MafiWaffi posts ante 25
goontilt88 posts ante 25
DonKma posts ante 25
torresmo123 posts small blind 100
Monnami posts big blind 200
Dealt to torresmo123 [Jd 2d]
*** PRE-FLOP *** 
DonKma raises 300 to 500
Mugcoctrefer calls 500
MafiWaffi folds
goontilt88 calls 500
torresmo123 folds
Monnami folds
*** FLOP *** [8d Kc 3d]
DonKma checks
Mugcoctrefer checks
goontilt88 checks
*** TURN *** [8d Kc 3d][Td]
DonKma checks
Mugcoctrefer bets 1463
goontilt88 folds
DonKma folds
Mugcoctrefer collected 3413 from pot
*** SUMMARY ***
Total pot 3413 | No rake
Board: [8d Kc 3d Td]
Seat 1: Mugcoctrefer won 3413


Winamax Poker - Tournament "AFTER WORK" buyIn: 18€ + 2€ level: 1 - HandId: #3186325598544855107-16-1707420583 - Holdem no limit (25/100/200) - 2024/02/08 19:29:43 UTC
Table: 'AFTER WORK(741874240)#0066' 6-max (real money) Seat #4 is the button
Seat 1: Mugcoctrefer (39738, 9€ bounty)
Seat 2: MafiWaffi (17365, 9€ bounty)
Seat 3: goontilt88 (13500, 9€ bounty)
Seat 4: torresmo123 (20520, 9€ bounty)
Seat 5: Monnami (21797, 9€ bounty)
Seat 6: DonKma (33687, 13.50€ bounty)
*** ANTE/BLINDS ***
Monnami posts ante 25
DonKma posts ante 25
Mugcoctrefer posts ante 25
MafiWaffi posts ante 25
goontilt88 posts ante 25
torresmo123 posts ante 25
Monnami posts small blind 100
DonKma posts big blind 200
Dealt to torresmo123 [6c 5c]
*** PRE-FLOP *** 
Mugcoctrefer folds
MafiWaffi folds
goontilt88 raises 220 to 420
torresmo123 raises 1080 to 1500
Monnami folds
DonKma folds
goontilt88 folds
torresmo123 collected 2370 from pot
*** SUMMARY ***
Total pot 2370 | No rake
Seat 4: torresmo123 (button) won 2370


Winamax Poker - Tournament "AFTER WORK" buyIn: 18€ + 2€ level: 1 - HandId: #3186325598544855107-17-1707420625 - Holdem no limit (25/100/200) - 2024/02/08 19:30:25 UTC
Table: 'AFTER WORK(741874240)#0066' 6-max (real money) Seat #5 is the button
Seat 1: Mugcoctrefer (39713, 9€ bounty)
Seat 2: MafiWaffi (17340, 9€ bounty)
Seat 3: goontilt88 (13055, 9€ bounty)
Seat 4: torresmo123 (21365, 9€ bounty)
Seat 5: Monnami (21672, 9€ bounty)
Seat 6: DonKma (33462, 13.50€ bounty)
*** ANTE/BLINDS ***
DonKma posts ante 25
Mugcoctrefer posts ante 25
MafiWaffi posts ante 25
goontilt88 posts ante 25
torresmo123 posts ante 25
Monnami posts ante 25
DonKma posts small blind 100
Mugcoctrefer posts big blind 200
Dealt to torresmo123 [Ks 3c]
*** PRE-FLOP *** 
MafiWaffi folds
goontilt88 raises 220 to 420
torresmo123 folds
Monnami folds
DonKma calls 320
Mugcoctrefer raises 1510 to 1930
goontilt88 folds
DonKma calls 1510
*** FLOP *** [2d 8d 6c]
DonKma checks
Mugcoctrefer bets 3323
DonKma folds
Mugcoctrefer collected 7753 from pot
*** SUMMARY ***
Total pot 7753 | No rake
Board: [2d 8d 6c]
Seat 1: Mugcoctrefer (big blind) won 7753


Winamax Poker - Tournament "AFTER WORK" buyIn: 18€ + 2€ level: 1 - HandId: #3186325598544855107-18-1707420684 - Holdem no limit (25/100/200) - 2024/02/08 19:31:24 UTC
Table: 'AFTER WORK(741874240)#0066' 6-max (real money) Seat #6 is the button
Seat 1: Mugcoctrefer (42188, 9€ bounty)
Seat 2: MafiWaffi (17315, 9€ bounty)
Seat 3: goontilt88 (12610, 9€ bounty)
Seat 4: torresmo123 (21340, 9€ bounty)
Seat 5: Monnami (21647, 9€ bounty)
Seat 6: DonKma (31507, 13.50€ bounty)
*** ANTE/BLINDS ***
Mugcoctrefer posts ante 25
MafiWaffi posts ante 25
goontilt88 posts ante 25
torresmo123 posts ante 25
Monnami posts ante 25
DonKma posts ante 25
Mugcoctrefer posts small blind 100
MafiWaffi posts big blind 200
Dealt to torresmo123 [7s 9c]
*** PRE-FLOP *** 
goontilt88 folds
torresmo123 folds
Monnami folds
DonKma raises 200 to 400
Mugcoctrefer calls 300
MafiWaffi folds
*** FLOP *** [4s 5s Qh]
Mugcoctrefer checks
DonKma checks
*** TURN *** [4s 5s Qh][Jc]
Mugcoctrefer checks
DonKma bets 403
Mugcoctrefer raises 1366 to 1769
DonKma calls 1366
*** RIVER *** [4s 5s Qh Jc][7c]
Mugcoctrefer checks
DonKma checks
*** SHOW DOWN ***
Mugcoctrefer shows [9s Ks] (High card : King)
DonKma shows [2d 2s] (One pair : 2)
DonKma collected 4688 from pot
*** SUMMARY ***
Total pot 4688 | No rake
Board: [4s 5s Qh Jc 7c]
Seat 1: Mugcoctrefer (small blind) showed [9s Ks] and lost with High card : King
Seat 6: DonKma (button) showed [2d 2s] and won 4688 with One pair : 2


Winamax Poker - Tournament "AFTER WORK" buyIn: 18€ + 2€ level: 1 - HandId: #3186325598544855107-19-1707420763 - Holdem no limit (25/100/200) - 2024/02/08 19:32:43 UTC
Table: 'AFTER WORK(741874240)#0066' 6-max (real money) Seat #1 is the button
Seat 1: Mugcoctrefer (39994, 9€ bounty)
Seat 2: MafiWaffi (17090, 9€ bounty)
Seat 3: goontilt88 (12585, 9€ bounty)
Seat 4: torresmo123 (21315, 9€ bounty)
Seat 5: Monnami (21622, 9€ bounty)
Seat 6: DonKma (34001, 13.50€ bounty)
*** ANTE/BLINDS ***
MafiWaffi posts ante 25
goontilt88 posts ante 25
Mugcoctrefer posts ante 25
torresmo123 posts ante 25
Monnami posts ante 25
DonKma posts ante 25
MafiWaffi posts small blind 100
goontilt88 posts big blind 200
Dealt to torresmo123 [7d Js]
*** PRE-FLOP *** 
torresmo123 folds
Monnami folds
DonKma raises 300 to 500
Mugcoctrefer calls 500
MafiWaffi folds
goontilt88 calls 300
*** FLOP *** [6h 7c 4s]
goontilt88 checks
DonKma checks
Mugcoctrefer bets 1850
goontilt88 raises 2550 to 4400
DonKma folds
Mugcoctrefer raises 35069 to 39469 and is all-in
goontilt88 calls 7660 and is all-in
*** TURN *** [6h 7c 4s][3c]
*** RIVER *** [6h 7c 4s 3c][9c]
*** SHOW DOWN ***
Mugcoctrefer shows [7h As] (One pair : 7)
goontilt88 shows [7s 5s] (Straight 7 high)
goontilt88 collected 25870 from main pot
Mugcoctrefer collected 27409 from side pot 1
*** SUMMARY ***
Total pot 53279 | No rake
Board: [6h 7c 4s 3c 9c]
Seat 1: Mugcoctrefer (button) showed [7h As] and won 27409 with One pair : 7
Seat 3: goontilt88 (big blind) showed [7s 5s] and won 25870 with Straight 7 high


Winamax Poker - Tournament "AFTER WORK" buyIn: 18€ + 2€ level: 1 - HandId: #3186325598544855107-20-1707420817 - Holdem no limit (25/100/200) - 2024/02/08 19:33:37 UTC
Table: 'AFTER WORK(741874240)#0066' 6-max (real money) Seat #2 is the button
Seat 1: Mugcoctrefer (27409, 9€ bounty)
Seat 2: MafiWaffi (16965, 9€ bounty)
Seat 3: goontilt88 (25870, 9€ bounty)
Seat 4: torresmo123 (21290, 9€ bounty)
Seat 5: Monnami (21597, 9€ bounty)
Seat 6: DonKma (33476, 13.50€ bounty)
*** ANTE/BLINDS ***
goontilt88 posts ante 25
torresmo123 posts ante 25
Mugcoctrefer posts ante 25
MafiWaffi posts ante 25
Monnami posts ante 25
DonKma posts ante 25
goontilt88 posts small blind 100
torresmo123 posts big blind 200
Dealt to torresmo123 [Qs 5s]
*** PRE-FLOP *** 
Monnami folds
DonKma folds
Mugcoctrefer calls 200
MafiWaffi folds
goontilt88 folds
torresmo123 checks
*** FLOP *** [Qc Kd 9d]
torresmo123 checks
Mugcoctrefer bets 550
torresmo123 calls 550
*** TURN *** [Qc Kd 9d][Ks]
torresmo123 checks
Mugcoctrefer checks
*** RIVER *** [Qc Kd 9d Ks][Td]
torresmo123 checks
Mugcoctrefer checks
*** SHOW DOWN ***
Mugcoctrefer shows [Th Ah] (Two pairs : Kings and Tens)
torresmo123 shows [Qs 5s] (Two pairs : Kings and Queens)
torresmo123 collected 1750 from pot
*** SUMMARY ***
Total pot 1750 | No rake
Board: [Qc Kd 9d Ks Td]
Seat 1: Mugcoctrefer showed [Th Ah] and lost with Two pairs : Kings and Tens
Seat 4: torresmo123 (big blind) showed [Qs 5s] and won 1750 with Two pairs : Kings and Queens


Winamax Poker - Tournament "AFTER WORK" buyIn: 18€ + 2€ level: 1 - HandId: #3186325598544855107-21-1707420874 - Holdem no limit (25/100/200) - 2024/02/08 19:34:34 UTC
Table: 'AFTER WORK(741874240)#0066' 6-max (real money) Seat #3 is the button
Seat 1: Mugcoctrefer (26634, 9€ bounty)
Seat 2: MafiWaffi (16940, 9€ bounty)
Seat 3: goontilt88 (25745, 9€ bounty)
Seat 4: torresmo123 (22265, 9€ bounty)
Seat 5: Monnami (21572, 9€ bounty)
Seat 6: DonKma (33451, 13.50€ bounty)
*** ANTE/BLINDS ***
torresmo123 posts ante 25
Monnami posts ante 25
Mugcoctrefer posts ante 25
MafiWaffi posts ante 25
goontilt88 posts ante 25
DonKma posts ante 25
torresmo123 posts small blind 100
Monnami posts big blind 200
Dealt to torresmo123 [6h 2d]
*** PRE-FLOP *** 
DonKma raises 300 to 500
Mugcoctrefer folds
MafiWaffi folds
goontilt88 folds
torresmo123 folds
Monnami calls 300
*** FLOP *** [5c 7h 8d]
Monnami checks
DonKma bets 438
Monnami raises 944 to 1382
DonKma folds
Monnami collected 3070 from pot
*** SUMMARY ***
Total pot 3070 | No rake
Board: [5c 7h 8d]
Seat 5: Monnami (big blind) won 3070


Winamax Poker - Tournament "AFTER WORK" buyIn: 18€ + 2€ level: 1 - HandId: #3186325598544855107-22-1707420914 - Holdem no limit (25/100/200) - 2024/02/08 19:35:14 UTC
Table: 'AFTER WORK(741874240)#0066' 6-max (real money) Seat #4 is the button
Seat 1: Mugcoctrefer (26609, 9€ bounty)
Seat 2: MafiWaffi (16915, 9€ bounty)
Seat 3: goontilt88 (25720, 9€ bounty)
Seat 4: torresmo123 (22140, 9€ bounty)
Seat 5: Monnami (22735, 9€ bounty)
Seat 6: DonKma (32488, 13.50€ bounty)
*** ANTE/BLINDS ***
Monnami posts ante 25
DonKma posts ante 25
Mugcoctrefer posts ante 25
MafiWaffi posts ante 25
goontilt88 posts ante 25
torresmo123 posts ante 25
Monnami posts small blind 100
DonKma posts big blind 200
Dealt to torresmo123 [6s Qc]
*** PRE-FLOP *** 
Mugcoctrefer raises 650 to 850
MafiWaffi folds
goontilt88 folds
torresmo123 folds
Monnami folds
DonKma folds
Mugcoctrefer collected 1300 from pot
*** SUMMARY ***
Total pot 1300 | No rake
Seat 1: Mugcoctrefer won 1300


Winamax Poker - Tournament "AFTER WORK" buyIn: 18€ + 2€ level: 1 - HandId: #3186325598544855107-23-1707420959 - Holdem no limit (25/100/200) - 2024/02/08 19:35:59 UTC
Table: 'AFTER WORK(741874240)#0066' 6-max (real money) Seat #5 is the button
Seat 1: Mugcoctrefer (27034, 9€ bounty)
Seat 2: MafiWaffi (16890, 9€ bounty)
Seat 3: goontilt88 (25695, 9€ bounty)
Seat 4: torresmo123 (22115, 9€ bounty)
Seat 5: Monnami (22610, 9€ bounty)
Seat 6: DonKma (32263, 13.50€ bounty)
*** ANTE/BLINDS ***
DonKma posts ante 25
Mugcoctrefer posts ante 25
MafiWaffi posts ante 25
goontilt88 posts ante 25
torresmo123 posts ante 25
Monnami posts ante 25
DonKma posts small blind 100
Mugcoctrefer posts big blind 200
Dealt to torresmo123 [8h Qh]
*** PRE-FLOP *** 
MafiWaffi folds
goontilt88 raises 220 to 420
torresmo123 folds
Monnami folds
DonKma calls 320
Mugcoctrefer folds
*** FLOP *** [Jc 4s 5c]
DonKma checks
goontilt88 bets 655
DonKma calls 655
*** TURN *** [Jc 4s 5c][6c]
DonKma checks
goontilt88 checks
*** RIVER *** [Jc 4s 5c 6c][Ah]
DonKma bets 4016
goontilt88 folds
DonKma collected 6516 from pot
*** SUMMARY ***
Total pot 6516 | No rake
Board: [Jc 4s 5c 6c Ah]
Seat 6: DonKma (small blind) won 6516


Winamax Poker - Tournament "AFTER WORK" buyIn: 18€ + 2€ level: 1 - HandId: #3186325598544855107-24-1707421017 - Holdem no limit (25/100/200) - 2024/02/08 19:36:57 UTC
Table: 'AFTER WORK(741874240)#0066' 6-max (real money) Seat #6 is the button
Seat 1: Mugcoctrefer (26809, 9€ bounty)
Seat 2: MafiWaffi (16865, 9€ bounty)
Seat 3: goontilt88 (24595, 9€ bounty)
Seat 4: torresmo123 (22090, 9€ bounty)
Seat 5: Monnami (22585, 9€ bounty)
Seat 6: DonKma (33663, 13.50€ bounty)
*** ANTE/BLINDS ***
Mugcoctrefer posts ante 25
MafiWaffi posts ante 25
goontilt88 posts ante 25
torresmo123 posts ante 25
Monnami posts ante 25
DonKma posts ante 25
Mugcoctrefer posts small blind 100
MafiWaffi posts big blind 200
Dealt to torresmo123 [Js 7d]
*** PRE-FLOP *** 
goontilt88 raises 220 to 420
torresmo123 folds
Monnami raises 1260 to 1680
DonKma folds
Mugcoctrefer folds
MafiWaffi folds
goontilt88 calls 1260
*** FLOP *** [4d 3h 4s]
goontilt88 checks
Monnami bets 1257
goontilt88 folds
Monnami collected 5067 from pot
*** SUMMARY ***
Total pot 5067 | No rake
Board: [4d 3h 4s]
Seat 5: Monnami won 5067


Winamax Poker - Tournament "AFTER WORK" buyIn: 18€ + 2€ level: 1 - HandId: #3186325598544855107-25-1707421057 - Holdem no limit (25/100/200) - 2024/02/08 19:37:37 UTC
Table: 'AFTER WORK(741874240)#0066' 6-max (real money) Seat #1 is the button
Seat 1: Mugcoctrefer (26684, 9€ bounty)
Seat 2: MafiWaffi (16640, 9€ bounty)
Seat 3: goontilt88 (22890, 9€ bounty)
Seat 4: torresmo123 (22065, 9€ bounty)
Seat 5: Monnami (24690, 9€ bounty)
Seat 6: DonKma (33638, 13.50€ bounty)
*** ANTE/BLINDS ***
MafiWaffi posts ante 25
goontilt88 posts ante 25
Mugcoctrefer posts ante 25
torresmo123 posts ante 25
Monnami posts ante 25
DonKma posts ante 25
MafiWaffi posts small blind 100
goontilt88 posts big blind 200
Dealt to torresmo123 [5s 7h]
*** PRE-FLOP *** 
torresmo123 folds
Monnami folds
DonKma folds
Mugcoctrefer raises 200 to 400
MafiWaffi folds
goontilt88 folds
Mugcoctrefer collected 850 from pot
*** SUMMARY ***
Total pot 850 | No rake
Seat 1: Mugcoctrefer (button) won 850


Winamax Poker - Tournament "AFTER WORK" buyIn: 18€ + 2€ level: 1 - HandId: #3186325598544855107-26-1707421101 - Holdem no limit (25/100/200) - 2024/02/08 19:38:21 UTC
Table: 'AFTER WORK(741874240)#0066' 6-max (real money) Seat #2 is the button
Seat 1: Mugcoctrefer (27109, 9€ bounty)
Seat 2: MafiWaffi (16515, 9€ bounty)
Seat 3: goontilt88 (22665, 9€ bounty)
Seat 4: torresmo123 (22040, 9€ bounty)
Seat 5: Monnami (24665, 9€ bounty)
Seat 6: DonKma (33613, 13.50€ bounty)
*** ANTE/BLINDS ***
goontilt88 posts ante 25
torresmo123 posts ante 25
Mugcoctrefer posts ante 25
MafiWaffi posts ante 25
Monnami posts ante 25
DonKma posts ante 25
goontilt88 posts small blind 100
torresmo123 posts big blind 200
Dealt to torresmo123 [5s 9c]
*** PRE-FLOP *** 
Monnami folds
DonKma raises 300 to 500
Mugcoctrefer folds
MafiWaffi folds
goontilt88 folds
torresmo123 folds
DonKma collected 950 from pot
*** SUMMARY ***
Total pot 950 | No rake
Seat 6: DonKma won 950


Winamax Poker - Tournament "AFTER WORK" buyIn: 18€ + 2€ level: 1 - HandId: #3186325598544855107-27-1707421154 - Holdem no limit (25/100/200) - 2024/02/08 19:39:14 UTC
Table: 'AFTER WORK(741874240)#0066' 6-max (real money) Seat #3 is the button
Seat 1: Mugcoctrefer (27084, 9€ bounty)
Seat 2: MafiWaffi (16490, 9€ bounty)
Seat 3: goontilt88 (22540, 9€ bounty)
Seat 4: torresmo123 (21815, 9€ bounty)
Seat 5: Monnami (24640, 9€ bounty)
Seat 6: DonKma (34038, 13.50€ bounty)
*** ANTE/BLINDS ***
torresmo123 posts ante 25
Monnami posts ante 25
Mugcoctrefer posts ante 25
MafiWaffi posts ante 25
goontilt88 posts ante 25
DonKma posts ante 25
torresmo123 posts small blind 100
Monnami posts big blind 200
Dealt to torresmo123 [9h Kc]
*** PRE-FLOP *** 
DonKma raises 650 to 850
Mugcoctrefer folds
MafiWaffi folds
goontilt88 folds
torresmo123 folds
Monnami folds
DonKma collected 1300 from pot
*** SUMMARY ***
Total pot 1300 | No rake
Seat 6: DonKma won 1300


Winamax Poker - Tournament "AFTER WORK" buyIn: 18€ + 2€ level: 1 - HandId: #3186325598544855107-28-1707421191 - Holdem no limit (25/100/200) - 2024/02/08 19:39:51 UTC
Table: 'AFTER WORK(741874240)#0066' 6-max (real money) Seat #4 is the button
Seat 1: Mugcoctrefer (27059, 9€ bounty)
Seat 2: MafiWaffi (16465, 9€ bounty)
Seat 3: goontilt88 (22515, 9€ bounty)
Seat 4: torresmo123 (21690, 9€ bounty)
Seat 5: Monnami (24415, 9€ bounty)
Seat 6: DonKma (34463, 13.50€ bounty)
*** ANTE/BLINDS ***
Monnami posts ante 25
DonKma posts ante 25
Mugcoctrefer posts ante 25
MafiWaffi posts ante 25
goontilt88 posts ante 25
torresmo123 posts ante 25
Monnami posts small blind 100
DonKma posts big blind 200
Dealt to torresmo123 [4c Tc]
*** PRE-FLOP *** 
Mugcoctrefer raises 200 to 400
MafiWaffi folds
goontilt88 folds
torresmo123 folds
Monnami folds
DonKma calls 200
*** FLOP *** [5s 7d Kd]
DonKma checks
Mugcoctrefer checks
*** TURN *** [5s 7d Kd][8h]
DonKma bets 368
Mugcoctrefer folds
DonKma collected 1418 from pot
*** SUMMARY ***
Total pot 1418 | No rake
Board: [5s 7d Kd 8h]
Seat 6: DonKma (big blind) won 1418


Winamax Poker - Tournament "AFTER WORK" buyIn: 18€ + 2€ level: 1 - HandId: #3186325598544855107-29-1707421219 - Holdem no limit (25/100/200) - 2024/02/08 19:40:19 UTC
Table: 'AFTER WORK(741874240)#0066' 6-max (real money) Seat #5 is the button
Seat 1: Mugcoctrefer (26634, 9€ bounty)
Seat 2: MafiWaffi (16440, 9€ bounty)
Seat 3: goontilt88 (22490, 9€ bounty)
Seat 4: torresmo123 (21665, 9€ bounty)
Seat 5: Monnami (24290, 9€ bounty)
Seat 6: DonKma (35088, 13.50€ bounty)
*** ANTE/BLINDS ***
DonKma posts ante 25
Mugcoctrefer posts ante 25
MafiWaffi posts ante 25
goontilt88 posts ante 25
torresmo123 posts ante 25
Monnami posts ante 25
DonKma posts small blind 100
Mugcoctrefer posts big blind 200
Dealt to torresmo123 [Jc Kd]
*** PRE-FLOP *** 
MafiWaffi folds
goontilt88 folds
torresmo123 raises 220 to 420
Monnami calls 420
DonKma calls 320
Mugcoctrefer calls 220
*** FLOP *** [9s 5d 2h]
DonKma bets 1190
Mugcoctrefer folds
torresmo123 folds
Monnami folds
DonKma collected 3020 from pot
*** SUMMARY ***
Total pot 3020 | No rake
Board: [9s 5d 2h]
Seat 6: DonKma (small blind) won 3020


Winamax Poker - Tournament "AFTER WORK" buyIn: 18€ + 2€ level: 1 - HandId: #3186325598544855107-30-1707421257 - Holdem no limit (25/100/200) - 2024/02/08 19:40:57 UTC
Table: 'AFTER WORK(741874240)#0066' 6-max (real money) Seat #6 is the button
Seat 1: Mugcoctrefer (26189, 9€ bounty)
Seat 2: MafiWaffi (16415, 9€ bounty)
Seat 3: goontilt88 (22465, 9€ bounty)
Seat 4: torresmo123 (21220, 9€ bounty)
Seat 5: Monnami (23845, 9€ bounty)
Seat 6: DonKma (36473, 13.50€ bounty)
*** ANTE/BLINDS ***
Mugcoctrefer posts ante 25
MafiWaffi posts ante 25
goontilt88 posts ante 25
torresmo123 posts ante 25
Monnami posts ante 25
DonKma posts ante 25
Mugcoctrefer posts small blind 100
MafiWaffi posts big blind 200
Dealt to torresmo123 [9c 3d]
*** PRE-FLOP *** 
goontilt88 folds
torresmo123 folds
Monnami folds
DonKma raises 650 to 850
Mugcoctrefer folds
MafiWaffi calls 650
*** FLOP *** [Qh Kh 4c]
MafiWaffi checks
DonKma checks
*** TURN *** [Qh Kh 4c][6h]
MafiWaffi checks
DonKma bets 1268
MafiWaffi folds
DonKma collected 3218 from pot
*** SUMMARY ***
Total pot 3218 | No rake
Board: [Qh Kh 4c 6h]
Seat 6: DonKma (button) won 3218


Winamax Poker - Tournament "AFTER WORK" buyIn: 18€ + 2€ level: 1 - HandId: #3186325598544855107-31-1707421304 - Holdem no limit (25/100/200) - 2024/02/08 19:41:44 UTC
Table: 'AFTER WORK(741874240)#0066' 6-max (real money) Seat #1 is the button
Seat 1: Mugcoctrefer (26064, 9€ bounty)
Seat 2: MafiWaffi (15540, 9€ bounty)
Seat 3: goontilt88 (22440, 9€ bounty)
Seat 4: torresmo123 (21195, 9€ bounty)
Seat 5: Monnami (23820, 9€ bounty)
Seat 6: DonKma (37548, 13.50€ bounty)
*** ANTE/BLINDS ***
MafiWaffi posts ante 25
goontilt88 posts ante 25
Mugcoctrefer posts ante 25
torresmo123 posts ante 25
Monnami posts ante 25
DonKma posts ante 25
MafiWaffi posts small blind 100
goontilt88 posts big blind 200
Dealt to torresmo123 [Jc 3c]
*** PRE-FLOP *** 
torresmo123 folds
Monnami raises 300 to 500
DonKma calls 500
Mugcoctrefer folds
MafiWaffi raises 2050 to 2550
goontilt88 folds
Monnami folds
DonKma folds
MafiWaffi collected 3900 from pot
*** SUMMARY ***
Total pot 3900 | No rake
Seat 2: MafiWaffi (small blind) won 3900


Winamax Poker - Tournament "AFTER WORK" buyIn: 18€ + 2€ level: 1 - HandId: #3186325598544855107-32-1707421386 - Holdem no limit (25/100/200) - 2024/02/08 19:43:06 UTC
Table: 'AFTER WORK(741874240)#0066' 6-max (real money) Seat #2 is the button
Seat 1: Mugcoctrefer (26039, 9€ bounty)
Seat 2: MafiWaffi (16865, 9€ bounty)
Seat 3: goontilt88 (22215, 9€ bounty)
Seat 4: torresmo123 (21170, 9€ bounty)
Seat 5: Monnami (23295, 9€ bounty)
Seat 6: DonKma (37023, 13.50€ bounty)
*** ANTE/BLINDS ***
goontilt88 posts ante 25
torresmo123 posts ante 25
Mugcoctrefer posts ante 25
MafiWaffi posts ante 25
Monnami posts ante 25
DonKma posts ante 25
goontilt88 posts small blind 100
torresmo123 posts big blind 200
Dealt to torresmo123 [Jd Kc]
*** PRE-FLOP *** 
Monnami folds
DonKma folds
Mugcoctrefer folds
MafiWaffi raises 220 to 420
goontilt88 folds
torresmo123 calls 220
*** FLOP *** [5d 5h 7h]
torresmo123 checks
MafiWaffi bets 382
torresmo123 calls 382
*** TURN *** [5d 5h 7h][Js]
torresmo123 checks
MafiWaffi checks
*** RIVER *** [5d 5h 7h Js][Jc]
torresmo123 bets 2318
MafiWaffi folds
torresmo123 collected 4172 from pot
*** SUMMARY ***
Total pot 4172 | No rake
Board: [5d 5h 7h Js Jc]
Seat 4: torresmo123 (big blind) won 4172


Winamax Poker - Tournament "AFTER WORK" buyIn: 18€ + 2€ level: 1 - HandId: #3186325598544855107-33-1707421464 - Holdem no limit (25/100/200) - 2024/02/08 19:44:24 UTC
Table: 'AFTER WORK(741874240)#0066' 6-max (real money) Seat #3 is the button
Seat 1: Mugcoctrefer (26014, 9€ bounty)
Seat 2: MafiWaffi (16038, 9€ bounty)
Seat 3: goontilt88 (22090, 9€ bounty)
Seat 4: torresmo123 (22197, 9€ bounty)
Seat 5: Monnami (23270, 9€ bounty)
Seat 6: DonKma (36998, 13.50€ bounty)
*** ANTE/BLINDS ***
torresmo123 posts ante 25
Monnami posts ante 25
Mugcoctrefer posts ante 25
MafiWaffi posts ante 25
goontilt88 posts ante 25
DonKma posts ante 25
torresmo123 posts small blind 100
Monnami posts big blind 200
Dealt to torresmo123 [Ac 8c]
*** PRE-FLOP *** 
DonKma raises 400 to 600
Mugcoctrefer calls 600
MafiWaffi raises 1600 to 2200
goontilt88 folds
torresmo123 folds
Monnami folds
DonKma calls 1600
Mugcoctrefer calls 1600
*** FLOP *** [5c 2d 9h]
DonKma checks
Mugcoctrefer checks
MafiWaffi bets 1763
DonKma calls 1763
Mugcoctrefer calls 1763
*** TURN *** [5c 2d 9h][Th]
DonKma checks
Mugcoctrefer checks
MafiWaffi bets 3285
DonKma folds
Mugcoctrefer calls 3285
*** RIVER *** [5c 2d 9h Th][8h]
Mugcoctrefer bets 18741 and is all-in
MafiWaffi folds
Mugcoctrefer collected 37650 from pot
*** SUMMARY ***
Total pot 37650 | No rake
Board: [5c 2d 9h Th 8h]
Seat 1: Mugcoctrefer won 37650


Winamax Poker - Tournament "AFTER WORK" buyIn: 18€ + 2€ level: 1 - HandId: #3186325598544855107-34-1707421585 - Holdem no limit (25/100/200) - 2024/02/08 19:46:25 UTC
Table: 'AFTER WORK(741874240)#0066' 6-max (real money) Seat #4 is the button
Seat 1: Mugcoctrefer (37650, 9€ bounty)
Seat 2: MafiWaffi (8765, 9€ bounty)
Seat 3: goontilt88 (22065, 9€ bounty)
Seat 4: torresmo123 (22072, 9€ bounty)
Seat 5: Monnami (23045, 9€ bounty)
Seat 6: DonKma (33010, 13.50€ bounty)
*** ANTE/BLINDS ***
Monnami posts ante 25
DonKma posts ante 25
Mugcoctrefer posts ante 25
MafiWaffi posts ante 25
goontilt88 posts ante 25
torresmo123 posts ante 25
Monnami posts small blind 100
DonKma posts big blind 200
Dealt to torresmo123 [3d 2h]
*** PRE-FLOP *** 
Mugcoctrefer calls 200
MafiWaffi folds
goontilt88 folds
torresmo123 folds
Monnami folds
DonKma checks
*** FLOP *** [9h 9d 7c]
DonKma checks
Mugcoctrefer checks
*** TURN *** [9h 9d 7c][7d]
DonKma checks
Mugcoctrefer checks
*** RIVER *** [9h 9d 7c 7d][4c]
DonKma bets 650
Mugcoctrefer calls 650
*** SHOW DOWN ***
DonKma shows [Js 3s] (Two pairs : 9 and 7)
Mugcoctrefer shows [Tc Kd] (Two pairs : 9 and 7)
Mugcoctrefer collected 1950 from pot
*** SUMMARY ***
Total pot 1950 | No rake
Board: [9h 9d 7c 7d 4c]
Seat 1: Mugcoctrefer showed [Tc Kd] and won 1950 with Two pairs : 9 and 7
Seat 6: DonKma (big blind) showed [Js 3s] and lost with Two pairs : 9 and 7


Winamax Poker - Tournament "AFTER WORK" buyIn: 18€ + 2€ level: 1 - HandId: #3186325598544855107-35-1707421644 - Holdem no limit (25/100/200) - 2024/02/08 19:47:24 UTC
Table: 'AFTER WORK(741874240)#0066' 6-max (real money) Seat #5 is the button
Seat 1: Mugcoctrefer (38725, 9€ bounty)
Seat 2: MafiWaffi (8740, 9€ bounty)
Seat 3: goontilt88 (22040, 9€ bounty)
Seat 4: torresmo123 (22047, 9€ bounty)
Seat 5: Monnami (22920, 9€ bounty)
Seat 6: DonKma (32135, 13.50€ bounty)
*** ANTE/BLINDS ***
DonKma posts ante 25
Mugcoctrefer posts ante 25
MafiWaffi posts ante 25
goontilt88 posts ante 25
torresmo123 posts ante 25
Monnami posts ante 25
DonKma posts small blind 100
Mugcoctrefer posts big blind 200
Dealt to torresmo123 [Jh 9s]
*** PRE-FLOP *** 
MafiWaffi raises 220 to 420
goontilt88 folds
torresmo123 folds
Monnami folds
DonKma folds
Mugcoctrefer calls 220
*** FLOP *** [Ad Kc 9h]
Mugcoctrefer checks
MafiWaffi bets 273
Mugcoctrefer folds
MafiWaffi collected 1363 from pot
*** SUMMARY ***
Total pot 1363 | No rake
Board: [Ad Kc 9h]
Seat 2: MafiWaffi won 1363


Winamax Poker - Tournament "AFTER WORK" buyIn: 18€ + 2€ level: 1 - HandId: #3186325598544855107-36-1707421690 - Holdem no limit (25/100/200) - 2024/02/08 19:48:10 UTC
Table: 'AFTER WORK(741874240)#0066' 6-max (real money) Seat #6 is the button
Seat 1: Mugcoctrefer (38280, 9€ bounty)
Seat 2: MafiWaffi (9385, 9€ bounty)
Seat 3: goontilt88 (22015, 9€ bounty)
Seat 4: torresmo123 (22022, 9€ bounty)
Seat 5: Monnami (22895, 9€ bounty)
Seat 6: DonKma (32010, 13.50€ bounty)
*** ANTE/BLINDS ***
Mugcoctrefer posts ante 25
MafiWaffi posts ante 25
goontilt88 posts ante 25
torresmo123 posts ante 25
Monnami posts ante 25
DonKma posts ante 25
Mugcoctrefer posts small blind 100
MafiWaffi posts big blind 200
Dealt to torresmo123 [8s 8d]
*** PRE-FLOP *** 
goontilt88 folds
torresmo123 raises 220 to 420
Monnami folds
DonKma folds
Mugcoctrefer calls 320
MafiWaffi folds
*** FLOP *** [6d 7s Js]
Mugcoctrefer checks
torresmo123 checks
*** TURN *** [6d 7s Js][Qs]
Mugcoctrefer bets 1290
torresmo123 folds
Mugcoctrefer collected 2480 from pot
*** SUMMARY ***
Total pot 2480 | No rake
Board: [6d 7s Js Qs]
Seat 1: Mugcoctrefer (small blind) won 2480


Winamax Poker - Tournament "AFTER WORK" buyIn: 18€ + 2€ level: 1 - HandId: #3186325598544855107-37-1707421773 - Holdem no limit (25/100/200) - 2024/02/08 19:49:33 UTC
Table: 'AFTER WORK(741874240)#0066' 6-max (real money) Seat #1 is the button
Seat 1: Mugcoctrefer (39025, 9€ bounty)
Seat 2: MafiWaffi (9160, 9€ bounty)
Seat 3: goontilt88 (21990, 9€ bounty)
Seat 4: torresmo123 (21577, 9€ bounty)
Seat 5: Monnami (22870, 9€ bounty)
Seat 6: DonKma (31985, 13.50€ bounty)
*** ANTE/BLINDS ***
MafiWaffi posts ante 25
goontilt88 posts ante 25
Mugcoctrefer posts ante 25
torresmo123 posts ante 25
Monnami posts ante 25
DonKma posts ante 25
MafiWaffi posts small blind 100
goontilt88 posts big blind 200
Dealt to torresmo123 [Ts 9h]
*** PRE-FLOP *** 
torresmo123 folds
Monnami folds
DonKma folds
Mugcoctrefer folds
MafiWaffi calls 100
goontilt88 checks
*** FLOP *** [8c Ad 4c]
MafiWaffi bets 200
goontilt88 folds
MafiWaffi collected 750 from pot
*** SUMMARY ***
Total pot 750 | No rake
Board: [8c Ad 4c]
Seat 2: MafiWaffi (small blind) won 750


Winamax Poker - Tournament "AFTER WORK" buyIn: 18€ + 2€ level: 2 - HandId: #3186325598544855107-38-1707421820 - Holdem no limit (30/125/250) - 2024/02/08 19:50:20 UTC
Table: 'AFTER WORK(741874240)#0066' 6-max (real money) Seat #2 is the button
Seat 1: Mugcoctrefer (39000, 9€ bounty)
Seat 2: MafiWaffi (9485, 9€ bounty)
Seat 3: goontilt88 (21765, 9€ bounty)
Seat 4: torresmo123 (21552, 9€ bounty)
Seat 5: Monnami (22845, 9€ bounty)
Seat 6: DonKma (31960, 13.50€ bounty)
*** ANTE/BLINDS ***
goontilt88 posts ante 30
torresmo123 posts ante 30
Mugcoctrefer posts ante 30
MafiWaffi posts ante 30
Monnami posts ante 30
DonKma posts ante 30
goontilt88 posts small blind 125
torresmo123 posts big blind 250
Dealt to torresmo123 [7s Qd]
*** PRE-FLOP *** 
Monnami folds
DonKma folds
Mugcoctrefer raises 250 to 500
MafiWaffi folds
goontilt88 folds
torresmo123 calls 250
*** FLOP *** [Kc As 7h]
torresmo123 checks
Mugcoctrefer checks
*** TURN *** [Kc As 7h][5c]
torresmo123 checks
Mugcoctrefer bets 1305
torresmo123 folds
Mugcoctrefer collected 2610 from pot
*** SUMMARY ***
Total pot 2610 | No rake
Board: [Kc As 7h 5c]
Seat 1: Mugcoctrefer won 2610


Winamax Poker - Tournament "AFTER WORK" buyIn: 18€ + 2€ level: 2 - HandId: #3186325598544855107-39-1707421889 - Holdem no limit (30/125/250) - 2024/02/08 19:51:29 UTC
Table: 'AFTER WORK(741874240)#0066' 6-max (real money) Seat #3 is the button
Seat 1: Mugcoctrefer (39775, 9€ bounty)
Seat 2: MafiWaffi (9455, 9€ bounty)
Seat 3: goontilt88 (21610, 9€ bounty)
Seat 4: torresmo123 (21022, 9€ bounty)
Seat 5: Monnami (22815, 9€ bounty)
Seat 6: DonKma (31930, 13.50€ bounty)
*** ANTE/BLINDS ***
torresmo123 posts ante 30
Monnami posts ante 30
Mugcoctrefer posts ante 30
MafiWaffi posts ante 30
goontilt88 posts ante 30
DonKma posts ante 30
torresmo123 posts small blind 125
Monnami posts big blind 250
Dealt to torresmo123 [Kc Qs]
*** PRE-FLOP *** 
DonKma raises 375 to 625
Mugcoctrefer folds
MafiWaffi calls 625
goontilt88 folds
torresmo123 calls 500
Monnami calls 375
*** FLOP *** [2c 7s Kh]
torresmo123 checks
Monnami checks
DonKma bets 938
MafiWaffi folds
torresmo123 calls 938
Monnami folds
*** TURN *** [2c 7s Kh][7h]
torresmo123 checks
DonKma bets 1595
torresmo123 calls 1595
*** RIVER *** [2c 7s Kh 7h][9d]
torresmo123 bets 2556
DonKma calls 2556
*** SHOW DOWN ***
DonKma shows [5s Ks] (Two pairs : Kings and 7)
torresmo123 shows [Kc Qs] (Two pairs : Kings and 7)
torresmo123 collected 12858 from pot
*** SUMMARY ***
Total pot 12858 | No rake
Board: [2c 7s Kh 7h 9d]
Seat 4: torresmo123 (small blind) showed [Kc Qs] and won 12858 with Two pairs : Kings and 7
Seat 6: DonKma showed [5s Ks] and lost with Two pairs : Kings and 7


Winamax Poker - Tournament "AFTER WORK" buyIn: 18€ + 2€ level: 2 - HandId: #3186325598544855107-40-1707421986 - Holdem no limit (30/125/250) - 2024/02/08 19:53:06 UTC
Table: 'AFTER WORK(741874240)#0066' 6-max (real money) Seat #4 is the button
Seat 1: Mugcoctrefer (39745, 9€ bounty)
Seat 2: MafiWaffi (8800, 9€ bounty)
Seat 3: goontilt88 (21580, 9€ bounty)
Seat 4: torresmo123 (28136, 9€ bounty)
Seat 5: Monnami (22160, 9€ bounty)
Seat 6: DonKma (26186, 13.50€ bounty)
*** ANTE/BLINDS ***
Monnami posts ante 30
DonKma posts ante 30
Mugcoctrefer posts ante 30
MafiWaffi posts ante 30
goontilt88 posts ante 30
torresmo123 posts ante 30
Monnami posts small blind 125
DonKma posts big blind 250
Dealt to torresmo123 [5c Qd]
*** PRE-FLOP *** 
Mugcoctrefer folds
MafiWaffi folds
goontilt88 folds
torresmo123 folds
Monnami folds
DonKma collected 555 from pot
*** SUMMARY ***
Total pot 555 | No rake
Seat 6: DonKma (big blind) won 555


Winamax Poker - Tournament "AFTER WORK" buyIn: 18€ + 2€ level: 2 - HandId: #3186325598544855107-41-1707422005 - Holdem no limit (30/125/250) - 2024/02/08 19:53:25 UTC
Table: 'AFTER WORK(741874240)#0066' 6-max (real money) Seat #5 is the button
Seat 1: Mugcoctrefer (39715, 9€ bounty)
Seat 2: MafiWaffi (8770, 9€ bounty)
Seat 3: goontilt88 (21550, 9€ bounty)
Seat 4: torresmo123 (28106, 9€ bounty)
Seat 5: Monnami (22005, 9€ bounty)
Seat 6: DonKma (26461, 13.50€ bounty)
*** ANTE/BLINDS ***
DonKma posts ante 30
Mugcoctrefer posts ante 30
MafiWaffi posts ante 30
goontilt88 posts ante 30
torresmo123 posts ante 30
Monnami posts ante 30
DonKma posts small blind 125
Mugcoctrefer posts big blind 250
Dealt to torresmo123 [4c 4s]
*** PRE-FLOP *** 
MafiWaffi folds
goontilt88 folds
torresmo123 raises 275 to 525
Monnami folds
DonKma calls 400
Mugcoctrefer folds
*** FLOP *** [3d 6h 6c]
DonKma checks
torresmo123 bets 814
DonKma calls 814
*** TURN *** [3d 6h 6c][3s]
DonKma checks
torresmo123 checks
*** RIVER *** [3d 6h 6c 3s][Kc]
DonKma checks
torresmo123 checks
*** SHOW DOWN ***
torresmo123 shows [4c 4s] (Two pairs : 6 and 4)
DonKma shows [5s 5h] (Two pairs : 6 and 5)
DonKma collected 3108 from pot
*** SUMMARY ***
Total pot 3108 | No rake
Board: [3d 6h 6c 3s Kc]
Seat 4: torresmo123 showed [4c 4s] and lost with Two pairs : 6 and 4
Seat 6: DonKma (small blind) showed [5s 5h] and won 3108 with Two pairs : 6 and 5


Winamax Poker - Tournament "AFTER WORK" buyIn: 18€ + 2€ level: 2 - HandId: #3186325598544855107-42-1707422084 - Holdem no limit (30/125/250) - 2024/02/08 19:54:44 UTC
Table: 'AFTER WORK(741874240)#0066' 6-max (real money) Seat #6 is the button
Seat 1: Mugcoctrefer (39435, 9€ bounty)
Seat 2: MafiWaffi (8740, 9€ bounty)
Seat 3: goontilt88 (21520, 9€ bounty)
Seat 4: torresmo123 (26737, 9€ bounty)
Seat 5: Monnami (21975, 9€ bounty)
Seat 6: DonKma (28200, 13.50€ bounty)
*** ANTE/BLINDS ***
Mugcoctrefer posts ante 30
MafiWaffi posts ante 30
goontilt88 posts ante 30
torresmo123 posts ante 30
Monnami posts ante 30
DonKma posts ante 30
Mugcoctrefer posts small blind 125
MafiWaffi posts big blind 250
Dealt to torresmo123 [7d As]
*** PRE-FLOP *** 
goontilt88 raises 275 to 525
torresmo123 folds
Monnami folds
DonKma raises 788 to 1313
Mugcoctrefer folds
MafiWaffi folds
goontilt88 calls 788
*** FLOP *** [5d 2c 4c]
goontilt88 checks
DonKma bets 1113
goontilt88 calls 1113
*** TURN *** [5d 2c 4c][3c]
goontilt88 checks
DonKma checks
*** RIVER *** [5d 2c 4c 3c][2s]
goontilt88 bets 6002
DonKma raises 19742 to 25744 and is all-in
goontilt88 folds
DonKma collected 37153 from pot
*** SUMMARY ***
Total pot 37153 | No rake
Board: [5d 2c 4c 3c 2s]
Seat 6: DonKma (button) won 37153


Winamax Poker - Tournament "AFTER WORK" buyIn: 18€ + 2€ level: 2 - HandId: #3186325598544855107-43-1707422461 - Holdem no limit (30/125/250) - 2024/02/08 20:01:01 UTC
Table: 'AFTER WORK(741874240)#0066' 6-max (real money) Seat #1 is the button
Seat 1: Mugcoctrefer (39280, 9€ bounty)
Seat 2: MafiWaffi (8460, 9€ bounty)
Seat 3: goontilt88 (13062, 9€ bounty)
Seat 4: torresmo123 (26707, 9€ bounty)
Seat 5: Monnami (21945, 9€ bounty)
Seat 6: DonKma (37153, 13.50€ bounty)
*** ANTE/BLINDS ***
MafiWaffi posts ante 30
goontilt88 posts ante 30
Mugcoctrefer posts ante 30
torresmo123 posts ante 30
Monnami posts ante 30
DonKma posts ante 30
MafiWaffi posts small blind 125
goontilt88 posts big blind 250
Dealt to torresmo123 [Td 3h]
*** PRE-FLOP *** 
torresmo123 folds
Monnami folds
DonKma folds
Mugcoctrefer folds
MafiWaffi calls 125
goontilt88 checks
*** FLOP *** [5c 5d 5s]
MafiWaffi bets 500
goontilt88 folds
MafiWaffi collected 1180 from pot
*** SUMMARY ***
Total pot 1180 | No rake
Board: [5c 5d 5s]
Seat 2: MafiWaffi (small blind) won 1180


Winamax Poker - Tournament "AFTER WORK" buyIn: 18€ + 2€ level: 2 - HandId: #3186325598544855107-44-1707422520 - Holdem no limit (30/125/250) - 2024/02/08 20:02:00 UTC
Table: 'AFTER WORK(741874240)#0066' 6-max (real money) Seat #2 is the button
Seat 1: Mugcoctrefer (39250, 9€ bounty)
Seat 2: MafiWaffi (8860, 9€ bounty)
Seat 3: goontilt88 (12782, 9€ bounty)
Seat 4: torresmo123 (26677, 9€ bounty)
Seat 5: Monnami (21915, 9€ bounty)
Seat 6: DonKma (37123, 13.50€ bounty)
*** ANTE/BLINDS ***
goontilt88 posts ante 30
torresmo123 posts ante 30
Mugcoctrefer posts ante 30
MafiWaffi posts ante 30
Monnami posts ante 30
DonKma posts ante 30
goontilt88 posts small blind 125
torresmo123 posts big blind 250
Dealt to torresmo123 [2d 7h]
*** PRE-FLOP *** 
Monnami folds
DonKma raises 500 to 750
Mugcoctrefer folds
MafiWaffi folds
goontilt88 folds
torresmo123 folds
DonKma collected 1305 from pot
*** SUMMARY ***
Total pot 1305 | No rake
Seat 6: DonKma won 1305


Winamax Poker - Tournament "AFTER WORK" buyIn: 18€ + 2€ level: 2 - HandId: #3186325598544855107-45-1707422551 - Holdem no limit (30/125/250) - 2024/02/08 20:02:31 UTC
Table: 'AFTER WORK(741874240)#0066' 6-max (real money) Seat #3 is the button
Seat 1: Mugcoctrefer (39220, 9€ bounty)
Seat 2: MafiWaffi (8830, 9€ bounty)
Seat 3: goontilt88 (12627, 9€ bounty)
Seat 4: torresmo123 (26397, 9€ bounty)
Seat 5: Monnami (21885, 9€ bounty)
Seat 6: DonKma (37648, 13.50€ bounty)
*** ANTE/BLINDS ***
torresmo123 posts ante 30
Monnami posts ante 30
Mugcoctrefer posts ante 30
MafiWaffi posts ante 30
goontilt88 posts ante 30
DonKma posts ante 30
torresmo123 posts small blind 125
Monnami posts big blind 250
Dealt to torresmo123 [9h 4h]
*** PRE-FLOP *** 
DonKma calls 250
Mugcoctrefer raises 500 to 750
MafiWaffi folds
goontilt88 calls 750
torresmo123 folds
Monnami folds
DonKma calls 500
*** FLOP *** [5s Ac 3c]
DonKma checks
Mugcoctrefer checks
goontilt88 bets 1543
DonKma calls 1543
Mugcoctrefer folds
*** TURN *** [5s Ac 3c][9c]
DonKma checks
goontilt88 bets 3240
DonKma raises 3240 to 6480
goontilt88 calls 3240
*** RIVER *** [5s Ac 3c 9c][8d]
DonKma bets 28845 and is all-in
goontilt88 folds
DonKma collected 47696 from pot
*** SUMMARY ***
Total pot 47696 | No rake
Board: [5s Ac 3c 9c 8d]
Seat 6: DonKma won 47696


Winamax Poker - Tournament "AFTER WORK" buyIn: 18€ + 2€ level: 3 - HandId: #3186325598544855107-46-1707422638 - Holdem no limit (35/150/300) - 2024/02/08 20:03:58 UTC
Table: 'AFTER WORK(741874240)#0066' 6-max (real money) Seat #4 is the button
Seat 1: Mugcoctrefer (38440, 9€ bounty)
Seat 2: MafiWaffi (8800, 9€ bounty)
Seat 3: goontilt88 (3824, 9€ bounty)
Seat 4: torresmo123 (26242, 9€ bounty)
Seat 5: Monnami (21605, 9€ bounty)
Seat 6: DonKma (47696, 13.50€ bounty)
*** ANTE/BLINDS ***
Monnami posts ante 35
DonKma posts ante 35
Mugcoctrefer posts ante 35
MafiWaffi posts ante 35
goontilt88 posts ante 35
torresmo123 posts ante 35
Monnami posts small blind 150
DonKma posts big blind 300
Dealt to torresmo123 [Kd Jd]
*** PRE-FLOP *** 
Mugcoctrefer folds
MafiWaffi folds
goontilt88 folds
torresmo123 raises 375 to 675
Monnami raises 2325 to 3000
DonKma folds
torresmo123 calls 2325
*** FLOP *** [Td 7d Jc]
Monnami bets 2148
torresmo123 calls 2148
*** TURN *** [Td 7d Jc][4s]
Monnami checks
torresmo123 bets 3566
Monnami folds
torresmo123 collected 14372 from pot
*** SUMMARY ***
Total pot 14372 | No rake
Board: [Td 7d Jc 4s]
Seat 4: torresmo123 (button) won 14372


Winamax Poker - Tournament "AFTER WORK" buyIn: 18€ + 2€ level: 3 - HandId: #3186325598544855107-47-1707422717 - Holdem no limit (35/150/300) - 2024/02/08 20:05:17 UTC
Table: 'AFTER WORK(741874240)#0066' 6-max (real money) Seat #5 is the button
Seat 1: Mugcoctrefer (38405, 9€ bounty)
Seat 2: MafiWaffi (8765, 9€ bounty)
Seat 3: goontilt88 (3789, 9€ bounty)
Seat 4: torresmo123 (31865, 9€ bounty)
Seat 5: Monnami (16422, 9€ bounty)
Seat 6: DonKma (47361, 13.50€ bounty)
*** ANTE/BLINDS ***
DonKma posts ante 35
Mugcoctrefer posts ante 35
MafiWaffi posts ante 35
goontilt88 posts ante 35
torresmo123 posts ante 35
Monnami posts ante 35
DonKma posts small blind 150
Mugcoctrefer posts big blind 300
Dealt to torresmo123 [7d Ts]
*** PRE-FLOP *** 
MafiWaffi folds
goontilt88 folds
torresmo123 folds
Monnami folds
DonKma folds
Mugcoctrefer collected 660 from pot
*** SUMMARY ***
Total pot 660 | No rake
Seat 1: Mugcoctrefer (big blind) won 660


Winamax Poker - Tournament "AFTER WORK" buyIn: 18€ + 2€ level: 3 - HandId: #3186325598544855107-48-1707422742 - Holdem no limit (35/150/300) - 2024/02/08 20:05:42 UTC
Table: 'AFTER WORK(741874240)#0066' 6-max (real money) Seat #6 is the button
Seat 1: Mugcoctrefer (38730, 9€ bounty)
Seat 2: MafiWaffi (8730, 9€ bounty)
Seat 3: goontilt88 (3754, 9€ bounty)
Seat 4: torresmo123 (31830, 9€ bounty)
Seat 5: Monnami (16387, 9€ bounty)
Seat 6: DonKma (47176, 13.50€ bounty)
*** ANTE/BLINDS ***
Mugcoctrefer posts ante 35
MafiWaffi posts ante 35
goontilt88 posts ante 35
torresmo123 posts ante 35
Monnami posts ante 35
DonKma posts ante 35
Mugcoctrefer posts small blind 150
MafiWaffi posts big blind 300
Dealt to torresmo123 [As 5c]
*** PRE-FLOP *** 
goontilt88 folds
torresmo123 raises 330 to 630
Monnami calls 630
DonKma calls 630
Mugcoctrefer folds
MafiWaffi folds
*** FLOP *** [4d 8h 5s]
torresmo123 checks
Monnami checks
DonKma bets 893
torresmo123 folds
Monnami raises 2558 to 3451
DonKma calls 2558
*** TURN *** [4d 8h 5s][9h]
Monnami bets 2819
DonKma calls 2819
*** RIVER *** [4d 8h 5s 9h][7h]
Monnami bets 9452 and is all-in
DonKma calls 9452
*** SHOW DOWN ***
Monnami shows [5h 5d] (Trips of 5)
DonKma shows [7d 7s] (Trips of 7)
DonKma collected 33994 from pot
*** SUMMARY ***
Total pot 33994 | No rake
Board: [4d 8h 5s 9h 7h]
Seat 5: Monnami showed [5h 5d] and lost with Trips of 5
Seat 6: DonKma (button) showed [7d 7s] and won 33994 with Trips of 7


Winamax Poker - Tournament "AFTER WORK" buyIn: 18€ + 2€ level: 3 - HandId: #3186325598544855107-49-1707422845 - Holdem no limit (35/150/300) - 2024/02/08 20:07:25 UTC
Table: 'AFTER WORK(741874240)#0066' 6-max (real money) Seat #1 is the button
Seat 1: Mugcoctrefer (38545, 9€ bounty)
Seat 2: MafiWaffi (8395, 9€ bounty)
Seat 3: goontilt88 (3719, 9€ bounty)
Seat 4: torresmo123 (31165, 9€ bounty)
Seat 6: DonKma (64783, 18€ bounty)
*** ANTE/BLINDS ***
MafiWaffi posts ante 35
goontilt88 posts ante 35
Mugcoctrefer posts ante 35
torresmo123 posts ante 35
DonKma posts ante 35
MafiWaffi posts small blind 150
goontilt88 posts big blind 300
Dealt to torresmo123 [8c 4c]
*** PRE-FLOP *** 
torresmo123 folds
DonKma raises 450 to 750
Mugcoctrefer folds
MafiWaffi folds
goontilt88 folds
DonKma collected 1375 from pot
*** SUMMARY ***
Total pot 1375 | No rake
Seat 6: DonKma won 1375


Winamax Poker - Tournament "AFTER WORK" buyIn: 18€ + 2€ level: 3 - HandId: #3186325598544855107-50-1707422878 - Holdem no limit (35/150/300) - 2024/02/08 20:07:58 UTC
Table: 'AFTER WORK(741874240)#0066' 6-max (real money) Seat #2 is the button
Seat 1: Mugcoctrefer (38510, 9€ bounty)
Seat 2: MafiWaffi (8210, 9€ bounty)
Seat 3: goontilt88 (3384, 9€ bounty)
Seat 4: torresmo123 (31130, 9€ bounty)
Seat 5: PortyPwassoO (20000, 9€ bounty)
Seat 6: DonKma (65373, 18€ bounty)
*** ANTE/BLINDS ***
goontilt88 posts ante 35
torresmo123 posts ante 35
Mugcoctrefer posts ante 35
MafiWaffi posts ante 35
PortyPwassoO posts ante 35
DonKma posts ante 35
goontilt88 posts small blind 150
torresmo123 posts big blind 300
Dealt to torresmo123 [3d Ad]
*** PRE-FLOP *** 
PortyPwassoO folds
DonKma raises 450 to 750
Mugcoctrefer calls 750
MafiWaffi folds
goontilt88 raises 2599 to 3349 and is all-in
torresmo123 folds
DonKma calls 2599
Mugcoctrefer calls 2599
*** FLOP *** [3c Th 4d]
DonKma bets 6862
Mugcoctrefer folds
*** TURN *** [3c Th 4d][Kh]
*** RIVER *** [3c Th 4d Kh][5c]
*** SHOW DOWN ***
goontilt88 shows [Kd Ks] (Trips of Kings)
DonKma shows [9d 9h] (One pair : 9)
DonKma collected 6862 from side pot 1
goontilt88 collected 10557 from main pot
*** SUMMARY ***
Total pot 17419 | No rake
Board: [3c Th 4d Kh 5c]
Seat 3: goontilt88 (small blind) showed [Kd Ks] and won 10557 with Trips of Kings
Seat 6: DonKma showed [9d 9h] and won 6862 with One pair : 9


Winamax Poker - Tournament "AFTER WORK" buyIn: 18€ + 2€ level: 3 - HandId: #3186325598544855107-51-1707422941 - Holdem no limit (35/150/300) - 2024/02/08 20:09:01 UTC
Table: 'AFTER WORK(741874240)#0066' 6-max (real money) Seat #3 is the button
Seat 1: Mugcoctrefer (35126, 9€ bounty)
Seat 2: MafiWaffi (8175, 9€ bounty)
Seat 3: goontilt88 (10557, 9€ bounty)
Seat 4: torresmo123 (30795, 9€ bounty)
Seat 5: PortyPwassoO (19965, 9€ bounty)
Seat 6: DonKma (61989, 18€ bounty)
*** ANTE/BLINDS ***
torresmo123 posts ante 35
PortyPwassoO posts ante 35
Mugcoctrefer posts ante 35
MafiWaffi posts ante 35
goontilt88 posts ante 35
DonKma posts ante 35
torresmo123 posts small blind 150
PortyPwassoO posts big blind 300
Dealt to torresmo123 [3s Th]
*** PRE-FLOP *** 
DonKma raises 450 to 750
Mugcoctrefer folds
MafiWaffi folds
goontilt88 folds
torresmo123 folds
PortyPwassoO folds
DonKma collected 1410 from pot
*** SUMMARY ***
Total pot 1410 | No rake
Seat 6: DonKma won 1410


Winamax Poker - Tournament "AFTER WORK" buyIn: 18€ + 2€ level: 3 - HandId: #3186325598544855107-52-1707422960 - Holdem no limit (35/150/300) - 2024/02/08 20:09:20 UTC
Table: 'AFTER WORK(741874240)#0066' 6-max (real money) Seat #4 is the button
Seat 2: MafiWaffi (8140, 9€ bounty)
Seat 3: goontilt88 (10522, 9€ bounty)
Seat 4: torresmo123 (30610, 9€ bounty)
Seat 5: PortyPwassoO (19630, 9€ bounty)
Seat 6: DonKma (62614, 18€ bounty)
*** ANTE/BLINDS ***
PortyPwassoO posts ante 35
DonKma posts ante 35
MafiWaffi posts ante 35
goontilt88 posts ante 35
torresmo123 posts ante 35
PortyPwassoO posts small blind 150
DonKma posts big blind 300
Dealt to torresmo123 [4d Ac]
*** PRE-FLOP *** 
MafiWaffi folds
goontilt88 folds
torresmo123 raises 375 to 675
PortyPwassoO calls 525
DonKma calls 375
*** FLOP *** [5d 3s Qc]
PortyPwassoO checks
DonKma bets 1430
torresmo123 calls 1430
PortyPwassoO folds
*** TURN *** [5d 3s Qc][6s]
DonKma checks
torresmo123 checks
*** RIVER *** [5d 3s Qc 6s][Td]
DonKma bets 6386
torresmo123 folds
DonKma collected 11446 from pot
*** SUMMARY ***
Total pot 11446 | No rake
Board: [5d 3s Qc 6s Td]
Seat 6: DonKma (big blind) won 11446


Winamax Poker - Tournament "AFTER WORK" buyIn: 18€ + 2€ level: 4 - HandId: #3186325598544855107-53-1707423060 - Holdem no limit (40/175/350) - 2024/02/08 20:11:00 UTC
Table: 'AFTER WORK(741874240)#0066' 6-max (real money) Seat #5 is the button
Seat 1: AREW1026 (20000, 9€ bounty)
Seat 2: MafiWaffi (8105, 9€ bounty)
Seat 3: goontilt88 (10487, 9€ bounty)
Seat 4: torresmo123 (28470, 9€ bounty)
Seat 5: PortyPwassoO (18920, 9€ bounty)
Seat 6: DonKma (65534, 18€ bounty)
*** ANTE/BLINDS ***
DonKma posts ante 40
AREW1026 posts ante 40
MafiWaffi posts ante 40
goontilt88 posts ante 40
torresmo123 posts ante 40
PortyPwassoO posts ante 40
DonKma posts small blind 175
AREW1026 posts big blind 350
Dealt to torresmo123 [Td 3d]
*** PRE-FLOP *** 
MafiWaffi folds
goontilt88 folds
torresmo123 folds
PortyPwassoO raises 350 to 700
DonKma folds
AREW1026 folds
PortyPwassoO collected 1465 from pot
*** SUMMARY ***
Total pot 1465 | No rake
Seat 5: PortyPwassoO (button) won 1465


Winamax Poker - Tournament "AFTER WORK" buyIn: 18€ + 2€ level: 4 - HandId: #3186325598544855107-54-1707423098 - Holdem no limit (40/175/350) - 2024/02/08 20:11:38 UTC
Table: 'AFTER WORK(741874240)#0066' 6-max (real money) Seat #6 is the button
Seat 1: AREW1026 (19610, 9€ bounty)
Seat 2: MafiWaffi (8065, 9€ bounty)
Seat 3: goontilt88 (10447, 9€ bounty)
Seat 4: torresmo123 (28430, 9€ bounty)
Seat 5: PortyPwassoO (19645, 9€ bounty)
Seat 6: DonKma (65319, 18€ bounty)
*** ANTE/BLINDS ***
AREW1026 posts ante 40
MafiWaffi posts ante 40
goontilt88 posts ante 40
torresmo123 posts ante 40
PortyPwassoO posts ante 40
DonKma posts ante 40
AREW1026 posts small blind 175
MafiWaffi posts big blind 350
Dealt to torresmo123 [4h Jh]
*** PRE-FLOP *** 
goontilt88 folds
torresmo123 folds
PortyPwassoO folds
DonKma raises 525 to 875
AREW1026 calls 700
MafiWaffi raises 6825 to 7700
DonKma raises 57579 to 65279 and is all-in
AREW1026 folds
MafiWaffi calls 325 and is all-in
*** FLOP *** [Ad 7c Jd]
*** TURN *** [Ad 7c Jd][4c]
*** RIVER *** [Ad 7c Jd 4c][Kd]
*** SHOW DOWN ***
MafiWaffi shows [Tc Ah] (One pair : Aces)
DonKma shows [5h 5s] (One pair : 5)
DonKma collected 57254 from side pot 1
MafiWaffi collected 17165 from main pot
*** SUMMARY ***
Total pot 74419 | No rake
Board: [Ad 7c Jd 4c Kd]
Seat 2: MafiWaffi (big blind) showed [Tc Ah] and won 17165 with One pair : Aces
Seat 6: DonKma (button) showed [5h 5s] and won 57254 with One pair : 5


Winamax Poker - Tournament "AFTER WORK" buyIn: 18€ + 2€ level: 4 - HandId: #3186325598544855107-55-1707423136 - Holdem no limit (40/175/350) - 2024/02/08 20:12:16 UTC
Table: 'AFTER WORK(741874240)#0066' 6-max (real money) Seat #1 is the button
Seat 1: AREW1026 (18695, 9€ bounty)
Seat 2: MafiWaffi (17165, 9€ bounty)
Seat 3: goontilt88 (10407, 9€ bounty)
Seat 4: torresmo123 (28390, 9€ bounty)
Seat 5: PortyPwassoO (19605, 9€ bounty)
Seat 6: DonKma (57254, 18€ bounty)
*** ANTE/BLINDS ***
MafiWaffi posts ante 40
goontilt88 posts ante 40
AREW1026 posts ante 40
torresmo123 posts ante 40
PortyPwassoO posts ante 40
DonKma posts ante 40
MafiWaffi posts small blind 175
goontilt88 posts big blind 350
Dealt to torresmo123 [Jd 2d]
*** PRE-FLOP *** 
torresmo123 folds
PortyPwassoO raises 525 to 875
DonKma folds
AREW1026 raises 2188 to 3063
MafiWaffi folds
goontilt88 folds
PortyPwassoO calls 2188
*** FLOP *** [3c 9s Td]
PortyPwassoO checks
AREW1026 bets 3446
PortyPwassoO folds
AREW1026 collected 10337 from pot
*** SUMMARY ***
Total pot 10337 | No rake
Board: [3c 9s Td]
Seat 1: AREW1026 (button) won 10337


Winamax Poker - Tournament "AFTER WORK" buyIn: 18€ + 2€ level: 4 - HandId: #3186325598544855107-56-1707423212 - Holdem no limit (40/175/350) - 2024/02/08 20:13:32 UTC
Table: 'AFTER WORK(741874240)#0066' 6-max (real money) Seat #2 is the button
Seat 1: AREW1026 (22483, 9€ bounty)
Seat 2: MafiWaffi (16950, 9€ bounty)
Seat 3: goontilt88 (10017, 9€ bounty)
Seat 4: torresmo123 (28350, 9€ bounty)
Seat 5: PortyPwassoO (16502, 9€ bounty)
Seat 6: DonKma (57214, 18€ bounty)
*** ANTE/BLINDS ***
goontilt88 posts ante 40
torresmo123 posts ante 40
AREW1026 posts ante 40
MafiWaffi posts ante 40
PortyPwassoO posts ante 40
DonKma posts ante 40
goontilt88 posts small blind 175
torresmo123 posts big blind 350
Dealt to torresmo123 [Ts 3h]
*** PRE-FLOP *** 
PortyPwassoO raises 350 to 700
DonKma folds
AREW1026 raises 1225 to 1925
MafiWaffi folds
goontilt88 folds
torresmo123 folds
PortyPwassoO calls 1225
*** FLOP *** [5h Ah Jc]
PortyPwassoO checks
AREW1026 checks
*** TURN *** [5h Ah Jc][8c]
PortyPwassoO checks
AREW1026 bets 2308
PortyPwassoO folds
AREW1026 collected 6923 from pot
*** SUMMARY ***
Total pot 6923 | No rake
Board: [5h Ah Jc 8c]
Seat 1: AREW1026 won 6923


Winamax Poker - Tournament "AFTER WORK" buyIn: 18€ + 2€ level: 4 - HandId: #3186325598544855107-57-1707423282 - Holdem no limit (40/175/350) - 2024/02/08 20:14:42 UTC
Table: 'AFTER WORK(741874240)#0066' 6-max (real money) Seat #3 is the button
Seat 1: AREW1026 (25133, 9€ bounty)
Seat 2: MafiWaffi (16910, 9€ bounty)
Seat 3: goontilt88 (9802, 9€ bounty)
Seat 4: torresmo123 (27960, 9€ bounty)
Seat 5: PortyPwassoO (14537, 9€ bounty)
Seat 6: DonKma (57174, 18€ bounty)
*** ANTE/BLINDS ***
torresmo123 posts ante 40
PortyPwassoO posts ante 40
AREW1026 posts ante 40
MafiWaffi posts ante 40
goontilt88 posts ante 40
DonKma posts ante 40
torresmo123 posts small blind 175
PortyPwassoO posts big blind 350
Dealt to torresmo123 [6c Th]
*** PRE-FLOP *** 
DonKma raises 525 to 875
AREW1026 folds
MafiWaffi calls 875
goontilt88 folds
torresmo123 folds
PortyPwassoO calls 525
*** FLOP *** [3s 7c Kc]
PortyPwassoO checks
DonKma bets 1064
MafiWaffi calls 1064
PortyPwassoO folds
*** TURN *** [3s 7c Kc][2s]
DonKma bets 1809
MafiWaffi calls 1809
*** RIVER *** [3s 7c Kc 2s][6s]
DonKma bets 8786
MafiWaffi calls 8786
*** SHOW DOWN ***
MafiWaffi shows [Kh 9h] (One pair : Kings)
DonKma shows [7s 7d] (Trips of 7)
DonKma collected 26358 from pot
*** SUMMARY ***
Total pot 26358 | No rake
Board: [3s 7c Kc 2s 6s]
Seat 2: MafiWaffi showed [Kh 9h] and lost with One pair : Kings
Seat 6: DonKma showed [7s 7d] and won 26358 with Trips of 7


Winamax Poker - Tournament "AFTER WORK" buyIn: 18€ + 2€ level: 4 - HandId: #3186325598544855107-58-1707423345 - Holdem no limit (40/175/350) - 2024/02/08 20:15:45 UTC
Table: 'AFTER WORK(741874240)#0066' 6-max (real money) Seat #4 is the button
Seat 1: AREW1026 (25093, 9€ bounty)
Seat 2: MafiWaffi (4336, 9€ bounty)
Seat 3: goontilt88 (9762, 9€ bounty)
Seat 4: torresmo123 (27745, 9€ bounty)
Seat 5: PortyPwassoO (13622, 9€ bounty)
Seat 6: DonKma (70958, 18€ bounty)
*** ANTE/BLINDS ***
PortyPwassoO posts ante 40
DonKma posts ante 40
AREW1026 posts ante 40
MafiWaffi posts ante 40
goontilt88 posts ante 40
torresmo123 posts ante 40
PortyPwassoO posts small blind 175
DonKma posts big blind 350
Dealt to torresmo123 [7h Th]
*** PRE-FLOP *** 
AREW1026 raises 438 to 788
MafiWaffi raises 3508 to 4296 and is all-in
goontilt88 folds
torresmo123 folds
PortyPwassoO folds
DonKma folds
AREW1026 calls 3508
*** FLOP *** [2c Ac Ks]
*** TURN *** [2c Ac Ks][6s]
*** RIVER *** [2c Ac Ks 6s][2s]
*** SHOW DOWN ***
MafiWaffi shows [Ts Tc] (Two pairs : Tens and 2)
AREW1026 shows [4c Ad] (Two pairs : Aces and 2)
AREW1026 collected 9357 from pot
*** SUMMARY ***
Total pot 9357 | No rake
Board: [2c Ac Ks 6s 2s]
Seat 1: AREW1026 showed [4c Ad] and won 9357 with Two pairs : Aces and 2
Seat 2: MafiWaffi showed [Ts Tc] and lost with Two pairs : Tens and 2


Winamax Poker - Tournament "AFTER WORK" buyIn: 18€ + 2€ level: 4 - HandId: #3186325598544855107-59-1707423383 - Holdem no limit (40/175/350) - 2024/02/08 20:16:23 UTC
Table: 'AFTER WORK(741874240)#0066' 6-max (real money) Seat #5 is the button
Seat 1: AREW1026 (30114, 13.50€ bounty)
Seat 3: goontilt88 (9722, 9€ bounty)
Seat 4: torresmo123 (27705, 9€ bounty)
Seat 5: PortyPwassoO (13407, 9€ bounty)
Seat 6: DonKma (70568, 18€ bounty)
*** ANTE/BLINDS ***
DonKma posts ante 40
AREW1026 posts ante 40
goontilt88 posts ante 40
torresmo123 posts ante 40
PortyPwassoO posts ante 40
DonKma posts small blind 175
AREW1026 posts big blind 350
Dealt to torresmo123 [Qh 5s]
*** PRE-FLOP *** 
goontilt88 raises 385 to 735
torresmo123 folds
PortyPwassoO folds
DonKma calls 560
AREW1026 calls 385
*** FLOP *** [Qs 9c Jc]
DonKma checks
AREW1026 checks
goontilt88 checks
*** TURN *** [Qs 9c Jc][Th]
DonKma checks
AREW1026 checks
goontilt88 checks
*** RIVER *** [Qs 9c Jc Th][9h]
DonKma bets 1563
AREW1026 folds
goontilt88 folds
DonKma collected 3968 from pot
*** SUMMARY ***
Total pot 3968 | No rake
Board: [Qs 9c Jc Th 9h]
Seat 6: DonKma (small blind) won 3968


Winamax Poker - Tournament "AFTER WORK" buyIn: 18€ + 2€ level: 5 - HandId: #3186325598544855107-60-1707423489 - Holdem no limit (50/200/400) - 2024/02/08 20:18:09 UTC
Table: 'AFTER WORK(741874240)#0066' 6-max (real money) Seat #6 is the button
Seat 1: AREW1026 (29339, 13.50€ bounty)
Seat 2: top4ik01 (20000, 9€ bounty)
Seat 3: goontilt88 (8947, 9€ bounty)
Seat 4: torresmo123 (27665, 9€ bounty)
Seat 5: PortyPwassoO (13367, 9€ bounty)
Seat 6: DonKma (72198, 18€ bounty)
*** ANTE/BLINDS ***
AREW1026 posts ante 50
top4ik01 posts ante 50
goontilt88 posts ante 50
torresmo123 posts ante 50
PortyPwassoO posts ante 50
DonKma posts ante 50
AREW1026 posts small blind 200
top4ik01 posts big blind 400
Dealt to torresmo123 [4s Th]
*** PRE-FLOP *** 
goontilt88 folds
torresmo123 folds
PortyPwassoO folds
DonKma calls 400
AREW1026 raises 1500 to 1900
top4ik01 folds
DonKma calls 1500
*** FLOP *** [Qd 8s 3h]
AREW1026 bets 2250
DonKma calls 2250
*** TURN *** [Qd 8s 3h][7d]
AREW1026 bets 7200
DonKma raises 12690 to 19890
AREW1026 raises 5249 to 25139 and is all-in
DonKma calls 5249
*** RIVER *** [Qd 8s 3h 7d][5c]
*** SHOW DOWN ***
AREW1026 shows [3d Ad] (One pair : 3)
DonKma shows [8c Qh] (Two pairs : Queens and 8)
DonKma collected 59278 from pot
*** SUMMARY ***
Total pot 59278 | No rake
Board: [Qd 8s 3h 7d 5c]
Seat 1: AREW1026 (small blind) showed [3d Ad] and lost with One pair : 3
Seat 6: DonKma (button) showed [8c Qh] and won 59278 with Two pairs : Queens and 8


Winamax Poker - Tournament "AFTER WORK" buyIn: 18€ + 2€ level: 5 - HandId: #3186325598544855107-61-1707423535 - Holdem no limit (50/200/400) - 2024/02/08 20:18:55 UTC
Table: 'AFTER WORK(741874240)#0066' 6-max (real money) Seat #1 is the button
Seat 2: top4ik01 (19550, 9€ bounty)
Seat 3: goontilt88 (8897, 9€ bounty)
Seat 4: torresmo123 (27615, 9€ bounty)
Seat 5: PortyPwassoO (13317, 9€ bounty)
Seat 6: DonKma (102137, 24.75€ bounty)
*** ANTE/BLINDS ***
top4ik01 posts ante 50
goontilt88 posts ante 50
torresmo123 posts ante 50
PortyPwassoO posts ante 50
DonKma posts ante 50
top4ik01 posts small blind 200
goontilt88 posts big blind 400
Dealt to torresmo123 [4d 5h]
*** PRE-FLOP *** 
torresmo123 folds
PortyPwassoO folds
DonKma raises 800 to 1200
top4ik01 folds
goontilt88 folds
DonKma collected 2050 from pot
*** SUMMARY ***
Total pot 2050 | No rake
Seat 6: DonKma won 2050


Winamax Poker - Tournament "AFTER WORK" buyIn: 18€ + 2€ level: 5 - HandId: #3186325598544855107-62-1707423561 - Holdem no limit (50/200/400) - 2024/02/08 20:19:21 UTC
Table: 'AFTER WORK(741874240)#0066' 6-max (real money) Seat #2 is the button
Seat 1: pnm65 (20000, 9€ bounty)
Seat 2: top4ik01 (19300, 9€ bounty)
Seat 3: goontilt88 (8447, 9€ bounty)
Seat 4: torresmo123 (27565, 9€ bounty)
Seat 5: PortyPwassoO (13267, 9€ bounty)
Seat 6: DonKma (102937, 24.75€ bounty)
*** ANTE/BLINDS ***
goontilt88 posts ante 50
torresmo123 posts ante 50
pnm65 posts ante 50
top4ik01 posts ante 50
PortyPwassoO posts ante 50
DonKma posts ante 50
goontilt88 posts small blind 200
torresmo123 posts big blind 400
Dealt to torresmo123 [4s Ad]
*** PRE-FLOP *** 
PortyPwassoO folds
DonKma folds
pnm65 calls 400
top4ik01 folds
goontilt88 raises 7997 to 8397 and is all-in
torresmo123 folds
pnm65 calls 7997
*** FLOP *** [3s 7h Qh]
*** TURN *** [3s 7h Qh][2d]
*** RIVER *** [3s 7h Qh 2d][4h]
*** SHOW DOWN ***
pnm65 shows [Jd Tc] (High card : Queen)
goontilt88 shows [Jh Js] (One pair : Jacks)
goontilt88 collected 17494 from pot
*** SUMMARY ***
Total pot 17494 | No rake
Board: [3s 7h Qh 2d 4h]
Seat 1: pnm65 showed [Jd Tc] and lost with High card : Queen
Seat 3: goontilt88 (small blind) showed [Jh Js] and won 17494 with One pair : Jacks


Winamax Poker - Tournament "AFTER WORK" buyIn: 18€ + 2€ level: 5 - HandId: #3186325598544855107-63-1707423606 - Holdem no limit (50/200/400) - 2024/02/08 20:20:06 UTC
Table: 'AFTER WORK(741874240)#0066' 6-max (real money) Seat #3 is the button
Seat 1: pnm65 (11553, 9€ bounty)
Seat 2: top4ik01 (19250, 9€ bounty)
Seat 3: goontilt88 (17494, 9€ bounty)
Seat 4: torresmo123 (27115, 9€ bounty)
Seat 5: PortyPwassoO (13217, 9€ bounty)
Seat 6: DonKma (102887, 24.75€ bounty)
*** ANTE/BLINDS ***
torresmo123 posts ante 50
PortyPwassoO posts ante 50
pnm65 posts ante 50
top4ik01 posts ante 50
goontilt88 posts ante 50
DonKma posts ante 50
torresmo123 posts small blind 200
PortyPwassoO posts big blind 400
Dealt to torresmo123 [Kh 9h]
*** PRE-FLOP *** 
DonKma folds
pnm65 folds
top4ik01 raises 400 to 800
goontilt88 folds
torresmo123 raises 2200 to 3000
PortyPwassoO folds
top4ik01 folds
torresmo123 collected 4500 from pot
*** SUMMARY ***
Total pot 4500 | No rake
Seat 4: torresmo123 (small blind) won 4500


Winamax Poker - Tournament "AFTER WORK" buyIn: 18€ + 2€ level: 5 - HandId: #3186325598544855107-64-1707423664 - Holdem no limit (50/200/400) - 2024/02/08 20:21:04 UTC
Table: 'AFTER WORK(741874240)#0066' 6-max (real money) Seat #4 is the button
Seat 1: pnm65 (11503, 9€ bounty)
Seat 2: top4ik01 (18400, 9€ bounty)
Seat 3: goontilt88 (17444, 9€ bounty)
Seat 4: torresmo123 (28565, 9€ bounty)
Seat 5: PortyPwassoO (12767, 9€ bounty)
Seat 6: DonKma (102837, 24.75€ bounty)
*** ANTE/BLINDS ***
PortyPwassoO posts ante 50
DonKma posts ante 50
pnm65 posts ante 50
top4ik01 posts ante 50
goontilt88 posts ante 50
torresmo123 posts ante 50
PortyPwassoO posts small blind 200
DonKma posts big blind 400
Dealt to torresmo123 [3c Js]
*** PRE-FLOP *** 
pnm65 calls 400
top4ik01 folds
goontilt88 folds
torresmo123 folds
PortyPwassoO calls 200
DonKma checks
*** FLOP *** [3h 7h Qc]
PortyPwassoO checks
DonKma bets 525
pnm65 calls 525
PortyPwassoO folds
*** TURN *** [3h 7h Qc][Qs]
DonKma bets 893
pnm65 folds
DonKma collected 3443 from pot
*** SUMMARY ***
Total pot 3443 | No rake
Board: [3h 7h Qc Qs]
Seat 6: DonKma (big blind) won 3443


Winamax Poker - Tournament "AFTER WORK" buyIn: 18€ + 2€ level: 5 - HandId: #3186325598544855107-65-1707423748 - Holdem no limit (50/200/400) - 2024/02/08 20:22:28 UTC
Table: 'AFTER WORK(741874240)#0066' 6-max (real money) Seat #5 is the button
Seat 1: pnm65 (10528, 9€ bounty)
Seat 2: top4ik01 (18350, 9€ bounty)
Seat 3: goontilt88 (17394, 9€ bounty)
Seat 4: torresmo123 (28515, 9€ bounty)
Seat 5: PortyPwassoO (12317, 9€ bounty)
Seat 6: DonKma (104412, 24.75€ bounty)
*** ANTE/BLINDS ***
DonKma posts ante 50
pnm65 posts ante 50
top4ik01 posts ante 50
goontilt88 posts ante 50
torresmo123 posts ante 50
PortyPwassoO posts ante 50
DonKma posts small blind 200
pnm65 posts big blind 400
Dealt to torresmo123 [9d 7c]
*** PRE-FLOP *** 
top4ik01 folds
goontilt88 folds
torresmo123 folds
PortyPwassoO folds
DonKma calls 200
pnm65 checks
*** FLOP *** [Th As Ah]
DonKma checks
pnm65 checks
*** TURN *** [Th As Ah][Tc]
DonKma bets 1100
pnm65 folds
DonKma collected 2200 from pot
*** SUMMARY ***
Total pot 2200 | No rake
Board: [Th As Ah Tc]
Seat 6: DonKma (small blind) won 2200


Winamax Poker - Tournament "AFTER WORK" buyIn: 18€ + 2€ level: 5 - HandId: #3186325598544855107-66-1707423805 - Holdem no limit (50/200/400) - 2024/02/08 20:23:25 UTC
Table: 'AFTER WORK(741874240)#0066' 6-max (real money) Seat #6 is the button
Seat 1: pnm65 (10078, 9€ bounty)
Seat 2: top4ik01 (18300, 9€ bounty)
Seat 3: goontilt88 (17344, 9€ bounty)
Seat 4: torresmo123 (28465, 9€ bounty)
Seat 5: PortyPwassoO (12267, 9€ bounty)
Seat 6: DonKma (105062, 24.75€ bounty)
*** ANTE/BLINDS ***
pnm65 posts ante 50
top4ik01 posts ante 50
goontilt88 posts ante 50
torresmo123 posts ante 50
PortyPwassoO posts ante 50
DonKma posts ante 50
pnm65 posts small blind 200
top4ik01 posts big blind 400
Dealt to torresmo123 [5d 4d]
*** PRE-FLOP *** 
goontilt88 folds
torresmo123 raises 440 to 840
PortyPwassoO folds
DonKma raises 1680 to 2520
pnm65 folds
top4ik01 folds
torresmo123 calls 1680
*** FLOP *** [Ac 6c 7s]
torresmo123 checks
DonKma bets 2079
torresmo123 calls 2079
*** TURN *** [Ac 6c 7s][Js]
torresmo123 checks
DonKma checks
*** RIVER *** [Ac 6c 7s Js][7h]
torresmo123 checks
DonKma bets 3534
torresmo123 folds
DonKma collected 13632 from pot
*** SUMMARY ***
Total pot 13632 | No rake
Board: [Ac 6c 7s Js 7h]
Seat 6: DonKma (button) won 13632


Winamax Poker - Tournament "AFTER WORK" buyIn: 18€ + 2€ level: 6 - HandId: #3186325598544855107-67-1707423893 - Holdem no limit (60/250/500) - 2024/02/08 20:24:53 UTC
Table: 'AFTER WORK(741874240)#0066' 6-max (real money) Seat #1 is the button
Seat 1: pnm65 (9828, 9€ bounty)
Seat 2: top4ik01 (17850, 9€ bounty)
Seat 3: goontilt88 (17294, 9€ bounty)
Seat 4: torresmo123 (23816, 9€ bounty)
Seat 5: PortyPwassoO (12217, 9€ bounty)
Seat 6: DonKma (110511, 24.75€ bounty)
*** ANTE/BLINDS ***
top4ik01 posts ante 60
goontilt88 posts ante 60
pnm65 posts ante 60
torresmo123 posts ante 60
PortyPwassoO posts ante 60
DonKma posts ante 60
top4ik01 posts small blind 250
goontilt88 posts big blind 500
Dealt to torresmo123 [2s Td]
*** PRE-FLOP *** 
torresmo123 folds
PortyPwassoO folds
DonKma raises 750 to 1250
pnm65 folds
top4ik01 folds
goontilt88 folds
DonKma collected 2360 from pot
*** SUMMARY ***
Total pot 2360 | No rake
Seat 6: DonKma won 2360


Winamax Poker - Tournament "AFTER WORK" buyIn: 18€ + 2€ level: 6 - HandId: #3186325598544855107-68-1707423920 - Holdem no limit (60/250/500) - 2024/02/08 20:25:20 UTC
Table: 'AFTER WORK(741874240)#0066' 6-max (real money) Seat #2 is the button
Seat 1: pnm65 (9768, 9€ bounty)
Seat 2: top4ik01 (17540, 9€ bounty)
Seat 3: goontilt88 (16734, 9€ bounty)
Seat 4: torresmo123 (23756, 9€ bounty)
Seat 5: PortyPwassoO (12157, 9€ bounty)
Seat 6: DonKma (111561, 24.75€ bounty)
*** ANTE/BLINDS ***
goontilt88 posts ante 60
torresmo123 posts ante 60
pnm65 posts ante 60
top4ik01 posts ante 60
PortyPwassoO posts ante 60
DonKma posts ante 60
goontilt88 posts small blind 250
torresmo123 posts big blind 500
Dealt to torresmo123 [6h 8c]
*** PRE-FLOP *** 
PortyPwassoO folds
DonKma raises 1610 to 2110
pnm65 calls 2110
top4ik01 folds
goontilt88 folds
torresmo123 folds
*** FLOP *** [7s 3h Jh]
DonKma bets 5330
pnm65 raises 2268 to 7598 and is all-in
DonKma calls 2268
*** TURN *** [7s 3h Jh][Tc]
*** RIVER *** [7s 3h Jh Tc][Qh]
*** SHOW DOWN ***
DonKma shows [Kc Ts] (One pair : Tens)
pnm65 shows [Ah As] (One pair : Aces)
pnm65 collected 20526 from pot
*** SUMMARY ***
Total pot 20526 | No rake
Board: [7s 3h Jh Tc Qh]
Seat 1: pnm65 showed [Ah As] and won 20526 with One pair : Aces
Seat 6: DonKma showed [Kc Ts] and lost with One pair : Tens


Winamax Poker - Tournament "AFTER WORK" buyIn: 18€ + 2€ level: 6 - HandId: #3186325598544855107-69-1707423982 - Holdem no limit (60/250/500) - 2024/02/08 20:26:22 UTC
Table: 'AFTER WORK(741874240)#0066' 6-max (real money) Seat #3 is the button
Seat 1: pnm65 (20526, 9€ bounty)
Seat 2: top4ik01 (17480, 9€ bounty)
Seat 3: goontilt88 (16424, 9€ bounty)
Seat 4: torresmo123 (23196, 9€ bounty)
Seat 5: PortyPwassoO (12097, 9€ bounty)
Seat 6: DonKma (101793, 24.75€ bounty)
*** ANTE/BLINDS ***
torresmo123 posts ante 60
PortyPwassoO posts ante 60
pnm65 posts ante 60
top4ik01 posts ante 60
goontilt88 posts ante 60
DonKma posts ante 60
torresmo123 posts small blind 250
PortyPwassoO posts big blind 500
Dealt to torresmo123 [Qd 6h]
*** PRE-FLOP *** 
DonKma raises 1610 to 2110
pnm65 folds
top4ik01 folds
goontilt88 folds
torresmo123 folds
PortyPwassoO folds
DonKma collected 3220 from pot
*** SUMMARY ***
Total pot 3220 | No rake
Seat 6: DonKma won 3220


Winamax Poker - Tournament "AFTER WORK" buyIn: 18€ + 2€ level: 6 - HandId: #3186325598544855107-70-1707424019 - Holdem no limit (60/250/500) - 2024/02/08 20:26:59 UTC
Table: 'AFTER WORK(741874240)#0066' 6-max (real money) Seat #4 is the button
Seat 1: pnm65 (20466, 9€ bounty)
Seat 2: top4ik01 (17420, 9€ bounty)
Seat 3: goontilt88 (16364, 9€ bounty)
Seat 4: torresmo123 (22886, 9€ bounty)
Seat 5: PortyPwassoO (11537, 9€ bounty)
Seat 6: DonKma (102843, 24.75€ bounty)
*** ANTE/BLINDS ***
PortyPwassoO posts ante 60
DonKma posts ante 60
pnm65 posts ante 60
top4ik01 posts ante 60
goontilt88 posts ante 60
torresmo123 posts ante 60
PortyPwassoO posts small blind 250
DonKma posts big blind 500
Dealt to torresmo123 [Qh Jh]
*** PRE-FLOP *** 
pnm65 folds
top4ik01 folds
goontilt88 raises 550 to 1050
torresmo123 calls 1050
PortyPwassoO folds
DonKma calls 550
*** FLOP *** [7s 3s 5d]
DonKma checks
goontilt88 bets 3046
torresmo123 folds
DonKma calls 3046
*** TURN *** [7s 3s 5d][Kc]
DonKma checks
goontilt88 bets 5000
DonKma folds
goontilt88 collected 14852 from pot
*** SUMMARY ***
Total pot 14852 | No rake
Board: [7s 3s 5d Kc]
Seat 3: goontilt88 won 14852


Winamax Poker - Tournament "AFTER WORK" buyIn: 18€ + 2€ level: 6 - HandId: #3186325598544855107-71-1707424069 - Holdem no limit (60/250/500) - 2024/02/08 20:27:49 UTC
Table: 'AFTER WORK(741874240)#0066' 6-max (real money) Seat #5 is the button
Seat 1: pnm65 (20406, 9€ bounty)
Seat 2: top4ik01 (17360, 9€ bounty)
Seat 3: goontilt88 (22060, 9€ bounty)
Seat 4: torresmo123 (21776, 9€ bounty)
Seat 5: PortyPwassoO (11227, 9€ bounty)
Seat 6: DonKma (98687, 24.75€ bounty)
*** ANTE/BLINDS ***
DonKma posts ante 60
pnm65 posts ante 60
top4ik01 posts ante 60
goontilt88 posts ante 60
torresmo123 posts ante 60
PortyPwassoO posts ante 60
DonKma posts small blind 250
pnm65 posts big blind 500
Dealt to torresmo123 [5s Qh]
*** PRE-FLOP *** 
top4ik01 folds
goontilt88 folds
torresmo123 folds
PortyPwassoO folds
DonKma raises 1000 to 1500
pnm65 folds
DonKma collected 2360 from pot
*** SUMMARY ***
Total pot 2360 | No rake
Seat 6: DonKma (small blind) won 2360


Winamax Poker - Tournament "AFTER WORK" buyIn: 18€ + 2€ level: 6 - HandId: #3186325598544855107-72-1707424099 - Holdem no limit (60/250/500) - 2024/02/08 20:28:19 UTC
Table: 'AFTER WORK(741874240)#0066' 6-max (real money) Seat #6 is the button
Seat 1: pnm65 (19846, 9€ bounty)
Seat 2: top4ik01 (17300, 9€ bounty)
Seat 3: goontilt88 (22000, 9€ bounty)
Seat 4: torresmo123 (21716, 9€ bounty)
Seat 5: PortyPwassoO (11167, 9€ bounty)
Seat 6: DonKma (99487, 24.75€ bounty)
*** ANTE/BLINDS ***
pnm65 posts ante 60
top4ik01 posts ante 60
goontilt88 posts ante 60
torresmo123 posts ante 60
PortyPwassoO posts ante 60
DonKma posts ante 60
pnm65 posts small blind 250
top4ik01 posts big blind 500
Dealt to torresmo123 [6h 7d]
*** PRE-FLOP *** 
goontilt88 folds
torresmo123 folds
PortyPwassoO folds
DonKma folds
pnm65 calls 250
top4ik01 checks
*** FLOP *** [Kd Jd Jc]
pnm65 checks
top4ik01 checks
*** TURN *** [Kd Jd Jc][7s]
pnm65 checks
top4ik01 bets 680
pnm65 folds
top4ik01 collected 2040 from pot
*** SUMMARY ***
Total pot 2040 | No rake
Board: [Kd Jd Jc 7s]
Seat 2: top4ik01 (big blind) won 2040


Winamax Poker - Tournament "AFTER WORK" buyIn: 18€ + 2€ level: 6 - HandId: #3186325598544855107-73-1707424170 - Holdem no limit (60/250/500) - 2024/02/08 20:29:30 UTC
Table: 'AFTER WORK(741874240)#0066' 6-max (real money) Seat #1 is the button
Seat 1: pnm65 (19286, 9€ bounty)
Seat 2: top4ik01 (18100, 9€ bounty)
Seat 3: goontilt88 (21940, 9€ bounty)
Seat 4: torresmo123 (21656, 9€ bounty)
Seat 5: PortyPwassoO (11107, 9€ bounty)
Seat 6: DonKma (99427, 24.75€ bounty)
*** ANTE/BLINDS ***
top4ik01 posts ante 60
goontilt88 posts ante 60
pnm65 posts ante 60
torresmo123 posts ante 60
PortyPwassoO posts ante 60
DonKma posts ante 60
top4ik01 posts small blind 250
goontilt88 posts big blind 500
Dealt to torresmo123 [3s 7s]
*** PRE-FLOP *** 
torresmo123 folds
PortyPwassoO folds
DonKma raises 1610 to 2110
pnm65 folds
top4ik01 raises 4220 to 6330
goontilt88 folds
DonKma calls 4220
*** FLOP *** [8h 8s 2h]
top4ik01 bets 4732
DonKma folds
top4ik01 collected 18252 from pot
*** SUMMARY ***
Total pot 18252 | No rake
Board: [8h 8s 2h]
Seat 2: top4ik01 (small blind) won 18252


Winamax Poker - Tournament "AFTER WORK" buyIn: 18€ + 2€ level: 6 - HandId: #3186325598544855107-74-1707424225 - Holdem no limit (60/250/500) - 2024/02/08 20:30:25 UTC
Table: 'AFTER WORK(741874240)#0066' 6-max (real money) Seat #2 is the button
Seat 1: pnm65 (19226, 9€ bounty)
Seat 2: top4ik01 (25230, 9€ bounty)
Seat 3: goontilt88 (21380, 9€ bounty)
Seat 4: torresmo123 (21596, 9€ bounty)
Seat 5: PortyPwassoO (11047, 9€ bounty)
Seat 6: DonKma (93037, 24.75€ bounty)
*** ANTE/BLINDS ***
goontilt88 posts ante 60
torresmo123 posts ante 60
pnm65 posts ante 60
top4ik01 posts ante 60
PortyPwassoO posts ante 60
DonKma posts ante 60
goontilt88 posts small blind 250
torresmo123 posts big blind 500
Dealt to torresmo123 [Ah 6s]
*** PRE-FLOP *** 
PortyPwassoO folds
DonKma folds
pnm65 raises 1000 to 1500
top4ik01 raises 3000 to 4500
goontilt88 folds
torresmo123 folds
pnm65 calls 3000
*** FLOP *** [Qh 4h 7d]
pnm65 checks
top4ik01 bets 3539
pnm65 calls 3539
*** TURN *** [Qh 4h 7d][9d]
pnm65 checks
top4ik01 bets 17131 and is all-in
pnm65 folds
top4ik01 collected 34319 from pot
*** SUMMARY ***
Total pot 34319 | No rake
Board: [Qh 4h 7d 9d]
Seat 2: top4ik01 (button) won 34319


Winamax Poker - Tournament "AFTER WORK" buyIn: 18€ + 2€ level: 7 - HandId: #3186325598544855107-75-1707424313 - Holdem no limit (70/300/600) - 2024/02/08 20:31:53 UTC
Table: 'AFTER WORK(741874240)#0066' 6-max (real money) Seat #3 is the button
Seat 1: pnm65 (11127, 9€ bounty)
Seat 2: top4ik01 (34319, 9€ bounty)
Seat 3: goontilt88 (21070, 9€ bounty)
Seat 4: torresmo123 (21036, 9€ bounty)
Seat 5: PortyPwassoO (10987, 9€ bounty)
Seat 6: DonKma (92977, 24.75€ bounty)
*** ANTE/BLINDS ***
torresmo123 posts ante 70
PortyPwassoO posts ante 70
pnm65 posts ante 70
top4ik01 posts ante 70
goontilt88 posts ante 70
DonKma posts ante 70
torresmo123 posts small blind 300
PortyPwassoO posts big blind 600
Dealt to torresmo123 [3c 2s]
*** PRE-FLOP *** 
DonKma raises 1200 to 1800
pnm65 folds
top4ik01 folds
goontilt88 folds
torresmo123 folds
PortyPwassoO folds
DonKma collected 3120 from pot
*** SUMMARY ***
Total pot 3120 | No rake
Seat 6: DonKma won 3120


Winamax Poker - Tournament "AFTER WORK" buyIn: 18€ + 2€ level: 7 - HandId: #3186325598544855107-76-1707424334 - Holdem no limit (70/300/600) - 2024/02/08 20:32:14 UTC
Table: 'AFTER WORK(741874240)#0066' 6-max (real money) Seat #4 is the button
Seat 1: pnm65 (11057, 9€ bounty)
Seat 2: top4ik01 (34249, 9€ bounty)
Seat 3: goontilt88 (21000, 9€ bounty)
Seat 4: torresmo123 (20666, 9€ bounty)
Seat 5: PortyPwassoO (10317, 9€ bounty)
Seat 6: DonKma (94227, 24.75€ bounty)
*** ANTE/BLINDS ***
PortyPwassoO posts ante 70
DonKma posts ante 70
pnm65 posts ante 70
top4ik01 posts ante 70
goontilt88 posts ante 70
torresmo123 posts ante 70
PortyPwassoO posts small blind 300
DonKma posts big blind 600
Dealt to torresmo123 [Ts 3s]
*** PRE-FLOP *** 
pnm65 calls 600
top4ik01 folds
goontilt88 folds
torresmo123 folds
PortyPwassoO folds
DonKma checks
*** FLOP *** [5c 4d Ks]
DonKma checks
pnm65 checks
*** TURN *** [5c 4d Ks][Jh]
DonKma bets 672
pnm65 raises 2477 to 3149
DonKma raises 90408 to 93557 and is all-in
pnm65 calls 7238 and is all-in
*** RIVER *** [5c 4d Ks Jh][8h]
*** SHOW DOWN ***
pnm65 shows [2d Kd] (One pair : Kings)
DonKma shows [Kc 7s] (One pair : Kings)
DonKma collected 105864 from pot
*** SUMMARY ***
Total pot 105864 | No rake
Board: [5c 4d Ks Jh 8h]
Seat 1: pnm65 showed [2d Kd] and lost with One pair : Kings
Seat 6: DonKma (big blind) showed [Kc 7s] and won 105864 with One pair : Kings


Winamax Poker - Tournament "AFTER WORK" buyIn: 18€ + 2€ level: 7 - HandId: #3186325598544855107-77-1707424413 - Holdem no limit (70/300/600) - 2024/02/08 20:33:33 UTC
Table: 'AFTER WORK(741874240)#0066' 6-max (real money) Seat #5 is the button
Seat 2: top4ik01 (34179, 9€ bounty)
Seat 3: goontilt88 (20930, 9€ bounty)
Seat 4: torresmo123 (20596, 9€ bounty)
Seat 5: PortyPwassoO (9947, 9€ bounty)
Seat 6: DonKma (105864, 29.25€ bounty)
*** ANTE/BLINDS ***
DonKma posts ante 70
top4ik01 posts ante 70
goontilt88 posts ante 70
torresmo123 posts ante 70
PortyPwassoO posts ante 70
DonKma posts small blind 300
top4ik01 posts big blind 600
Dealt to torresmo123 [7d 7s]
*** PRE-FLOP *** 
goontilt88 raises 660 to 1260
torresmo123 calls 1260
PortyPwassoO calls 1260
DonKma calls 960
top4ik01 calls 660
*** FLOP *** [6h 5s 3s]
DonKma checks
top4ik01 checks
goontilt88 bets 4389
torresmo123 calls 4389
PortyPwassoO folds
DonKma folds
top4ik01 calls 4389
*** TURN *** [6h 5s 3s][Th]
top4ik01 checks
goontilt88 bets 15211 and is all-in
torresmo123 folds
top4ik01 folds
goontilt88 collected 35028 from pot
*** SUMMARY ***
Total pot 35028 | No rake
Board: [6h 5s 3s Th]
Seat 3: goontilt88 won 35028


Winamax Poker - Tournament "AFTER WORK" buyIn: 18€ + 2€ level: 7 - HandId: #3186325598544855107-78-1707424517 - Holdem no limit (70/300/600) - 2024/02/08 20:35:17 UTC
Table: 'AFTER WORK(741874240)#0066' 6-max (real money) Seat #6 is the button
Seat 1: RoC_Marciano (20000, 9€ bounty)
Seat 2: top4ik01 (28460, 9€ bounty)
Seat 3: goontilt88 (35028, 9€ bounty)
Seat 4: torresmo123 (14877, 9€ bounty)
Seat 5: PortyPwassoO (8617, 9€ bounty)
Seat 6: DonKma (104534, 29.25€ bounty)
*** ANTE/BLINDS ***
top4ik01 posts ante 70
goontilt88 posts ante 70
torresmo123 posts ante 70
PortyPwassoO posts ante 70
DonKma posts ante 70
top4ik01 posts small blind 300
goontilt88 posts big blind 600
Dealt to torresmo123 [As Td]
*** PRE-FLOP *** 
torresmo123 raises 660 to 1260
PortyPwassoO folds
DonKma folds
top4ik01 folds
goontilt88 folds
torresmo123 collected 2510 from pot
*** SUMMARY ***
Total pot 2510 | No rake
Seat 4: torresmo123 won 2510


Winamax Poker - Tournament "AFTER WORK" buyIn: 18€ + 2€ level: 7 - HandId: #3186325598544855107-79-1707424555 - Holdem no limit (70/300/600) - 2024/02/08 20:35:55 UTC
Table: 'AFTER WORK(741874240)#0066' 6-max (real money) Seat #2 is the button
Seat 1: RoC_Marciano (20000, 9€ bounty)
Seat 2: top4ik01 (28090, 9€ bounty)
Seat 3: goontilt88 (34358, 9€ bounty)
Seat 4: torresmo123 (16057, 9€ bounty)
Seat 5: PortyPwassoO (8547, 9€ bounty)
Seat 6: DonKma (104464, 29.25€ bounty)
*** ANTE/BLINDS ***
goontilt88 posts ante 70
torresmo123 posts ante 70
RoC_Marciano posts ante 70
top4ik01 posts ante 70
PortyPwassoO posts ante 70
DonKma posts ante 70
goontilt88 posts small blind 300
torresmo123 posts big blind 600
Dealt to torresmo123 [Ks Kc]
*** PRE-FLOP *** 
PortyPwassoO folds
DonKma folds
RoC_Marciano folds
top4ik01 raises 600 to 1200
goontilt88 folds
torresmo123 raises 2700 to 3900
top4ik01 folds
torresmo123 collected 5820 from pot
*** SUMMARY ***
Total pot 5820 | No rake
Seat 4: torresmo123 (big blind) won 5820


Winamax Poker - Tournament "AFTER WORK" buyIn: 18€ + 2€ level: 7 - HandId: #3186325598544855107-80-1707424623 - Holdem no limit (70/300/600) - 2024/02/08 20:37:03 UTC
Table: 'AFTER WORK(741874240)#0066' 6-max (real money) Seat #3 is the button
Seat 1: RoC_Marciano (19930, 9€ bounty)
Seat 2: top4ik01 (26820, 9€ bounty)
Seat 3: goontilt88 (33988, 9€ bounty)
Seat 4: torresmo123 (17907, 9€ bounty)
Seat 5: PortyPwassoO (8477, 9€ bounty)
Seat 6: DonKma (104394, 29.25€ bounty)
*** ANTE/BLINDS ***
torresmo123 posts ante 70
PortyPwassoO posts ante 70
RoC_Marciano posts ante 70
top4ik01 posts ante 70
goontilt88 posts ante 70
DonKma posts ante 70
torresmo123 posts small blind 300
PortyPwassoO posts big blind 600
Dealt to torresmo123 [2s 9c]
*** PRE-FLOP *** 
DonKma folds
RoC_Marciano folds
top4ik01 raises 600 to 1200
goontilt88 calls 1200
torresmo123 folds
PortyPwassoO calls 600
*** FLOP *** [4c 7d 5d]
PortyPwassoO checks
top4ik01 bets 2160
goontilt88 calls 2160
PortyPwassoO raises 5047 to 7207 and is all-in
top4ik01 raises 18343 to 25550 and is all-in
goontilt88 calls 23390
*** TURN *** [4c 7d 5d][Ac]
*** RIVER *** [4c 7d 5d Ac][3s]
*** SHOW DOWN ***
goontilt88 shows [8d 8c] (One pair : 8)
top4ik01 shows [7h 6h] (Straight 7 high)
PortyPwassoO shows [6d Ah] (Straight 7 high)
PortyPwassoO collected 12971 from main pot
top4ik01 collected 49656 from side pot 1
*** SUMMARY ***
Total pot 62627 | No rake
Board: [4c 7d 5d Ac 3s]
Seat 2: top4ik01 showed [7h 6h] and won 49656 with Straight 7 high
Seat 3: goontilt88 (button) showed [8d 8c] and lost with One pair : 8
Seat 5: PortyPwassoO (big blind) showed [6d Ah] and won 12971 with Straight 7 high


Winamax Poker - Tournament "AFTER WORK" buyIn: 18€ + 2€ level: 8 - HandId: #3186325598544855107-81-1707424685 - Holdem no limit (80/350/700) - 2024/02/08 20:38:05 UTC
Table: 'AFTER WORK(741874240)#0066' 6-max (real money) Seat #4 is the button
Seat 1: RoC_Marciano (19860, 9€ bounty)
Seat 2: top4ik01 (49656, 9€ bounty)
Seat 3: goontilt88 (7168, 9€ bounty)
Seat 4: torresmo123 (17537, 9€ bounty)
Seat 5: PortyPwassoO (12971, 9€ bounty)
Seat 6: DonKma (104324, 29.25€ bounty)
*** ANTE/BLINDS ***
PortyPwassoO posts ante 80
DonKma posts ante 80
RoC_Marciano posts ante 80
top4ik01 posts ante 80
goontilt88 posts ante 80
torresmo123 posts ante 80
PortyPwassoO posts small blind 350
DonKma posts big blind 700
Dealt to torresmo123 [3s Kc]
*** PRE-FLOP *** 
RoC_Marciano folds
top4ik01 folds
goontilt88 folds
torresmo123 folds
PortyPwassoO calls 350
DonKma checks
*** FLOP *** [7c 6c 7d]
PortyPwassoO bets 700
DonKma calls 700
*** TURN *** [7c 6c 7d][3d]
PortyPwassoO bets 1640
DonKma calls 1640
*** RIVER *** [7c 6c 7d 3d][5c]
PortyPwassoO checks
DonKma bets 101204 and is all-in
PortyPwassoO folds
DonKma collected 107764 from pot
*** SUMMARY ***
Total pot 107764 | No rake
Board: [7c 6c 7d 3d 5c]
Seat 6: DonKma (big blind) won 107764


Winamax Poker - Tournament "AFTER WORK" buyIn: 18€ + 2€ level: 8 - HandId: #3186325598544855107-82-1707424748 - Holdem no limit (80/350/700) - 2024/02/08 20:39:08 UTC
Table: 'AFTER WORK(741874240)#0066' 6-max (real money) Seat #5 is the button
Seat 1: RoC_Marciano (19780, 9€ bounty)
Seat 2: top4ik01 (49576, 9€ bounty)
Seat 3: goontilt88 (7088, 9€ bounty)
Seat 4: torresmo123 (17457, 9€ bounty)
Seat 5: PortyPwassoO (9851, 9€ bounty)
Seat 6: DonKma (107764, 29.25€ bounty)
*** ANTE/BLINDS ***
DonKma posts ante 80
RoC_Marciano posts ante 80
top4ik01 posts ante 80
goontilt88 posts ante 80
torresmo123 posts ante 80
PortyPwassoO posts ante 80
DonKma posts small blind 350
RoC_Marciano posts big blind 700
Dealt to torresmo123 [Ac Ah]
*** PRE-FLOP *** 
top4ik01 raises 700 to 1400
goontilt88 folds
torresmo123 raises 2100 to 3500
PortyPwassoO folds
DonKma folds
RoC_Marciano folds
top4ik01 raises 45996 to 49496 and is all-in
torresmo123 calls 13877 and is all-in
*** FLOP *** [Jd 8s Qc]
*** TURN *** [Jd 8s Qc][Qh]
*** RIVER *** [Jd 8s Qc Qh][Qd]
*** SHOW DOWN ***
torresmo123 shows [Ac Ah] (Full of Queens and Aces)
top4ik01 shows [Qs Ad] (Quads of Queens)
top4ik01 collected 68403 from pot
*** SUMMARY ***
Total pot 68403 | No rake
Board: [Jd 8s Qc Qh Qd]
Seat 2: top4ik01 showed [Qs Ad] and won 68403 with Quads of Queens
Seat 4: torresmo123 showed [Ac Ah] and lost with Full of Queens and Aces


