Winamax Poker - Tournament "TEA TIME - ROAD TO 3 MILLION" buyIn: 18€ + 2€ level: 1 - HandId: #3254445343227510868-23-1708792194 - Holdem no limit (25/100/200) - 2024/02/24 16:29:54 UTC
Table: 'TEA TIME - ROAD TO 3 MILLION(757734604)#0083' 6-max (real money) Seat #3 is the button
Seat 1: vics28 (27124, 12.60€ bounty)
Seat 2: torresmo123 (20000, 7.20€ bounty)
Seat 3: beheritnjoye (10196, 7.20€ bounty)
Seat 4: Lord Panterx (33017, 10.80€ bounty)
Seat 5: La Barre AK (41987, 7.20€ bounty)
Seat 6: Kijji (27801, 7.20€ bounty)
*** ANTE/BLINDS ***
Lord Panterx posts ante 25
La Barre AK posts ante 25
vics28 posts ante 25
torresmo123 posts ante 25
beheritnjoye posts ante 25
Kijji posts ante 25
Lord Panterx posts small blind 100
La Barre AK posts big blind 200
Dealt to torresmo123 [Th Jc]
*** PRE-FLOP *** 
Kijji folds
vics28 raises 300 to 500
torresmo123 folds
beheritnjoye calls 500
Lord Panterx folds
La Barre AK calls 300
*** FLOP *** [As 3c Ac]
La Barre AK checks
vics28 bets 613
beheritnjoye calls 613
La Barre AK folds
*** TURN *** [As 3c Ac][4h]
vics28 bets 1042
beheritnjoye calls 1042
*** RIVER *** [As 3c Ac 4h][5c]
vics28 checks
beheritnjoye checks
*** SHOW DOWN ***
vics28 shows [7d 7c] (Two pairs : Aces and 7)
beheritnjoye shows [9s 9d] (Two pairs : Aces and 9)
beheritnjoye collected 5060 from pot
*** SUMMARY ***
Total pot 5060 | No rake
Board: [As 3c Ac 4h 5c]
Seat 1: vics28 showed [7d 7c] and lost with Two pairs : Aces and 7
Seat 3: beheritnjoye (button) showed [9s 9d] and won 5060 with Two pairs : Aces and 9


Winamax Poker - Tournament "TEA TIME - ROAD TO 3 MILLION" buyIn: 18€ + 2€ level: 1 - HandId: #3254445343227510868-24-1708792309 - Holdem no limit (25/100/200) - 2024/02/24 16:31:49 UTC
Table: 'TEA TIME - ROAD TO 3 MILLION(757734604)#0083' 6-max (real money) Seat #4 is the button
Seat 1: vics28 (24944, 12.60€ bounty)
Seat 2: torresmo123 (19975, 7.20€ bounty)
Seat 3: beheritnjoye (13076, 7.20€ bounty)
Seat 4: Lord Panterx (32892, 10.80€ bounty)
Seat 5: La Barre AK (41462, 7.20€ bounty)
Seat 6: Kijji (27776, 7.20€ bounty)
*** ANTE/BLINDS ***
La Barre AK posts ante 25
Kijji posts ante 25
vics28 posts ante 25
torresmo123 posts ante 25
beheritnjoye posts ante 25
Lord Panterx posts ante 25
La Barre AK posts small blind 100
Kijji posts big blind 200
Dealt to torresmo123 [Th 2c]
*** PRE-FLOP *** 
vics28 folds
torresmo123 folds
beheritnjoye raises 200 to 400
Lord Panterx raises 1250 to 1650
La Barre AK folds
Kijji folds
beheritnjoye calls 1250
*** FLOP *** [6c 8d 7d]
beheritnjoye checks
Lord Panterx bets 3750
beheritnjoye raises 7651 to 11401 and is all-in
Lord Panterx calls 7651
*** TURN *** [6c 8d 7d][Jc]
*** RIVER *** [6c 8d 7d Jc][3s]
*** SHOW DOWN ***
Lord Panterx shows [Qc Qd] (One pair : Queens)
beheritnjoye shows [7h 8h] (Two pairs : 8 and 7)
beheritnjoye collected 26552 from pot
*** SUMMARY ***
Total pot 26552 | No rake
Board: [6c 8d 7d Jc 3s]
Seat 3: beheritnjoye showed [7h 8h] and won 26552 with Two pairs : 8 and 7
Seat 4: Lord Panterx (button) showed [Qc Qd] and lost with One pair : Queens


Winamax Poker - Tournament "TEA TIME - ROAD TO 3 MILLION" buyIn: 18€ + 2€ level: 1 - HandId: #3254445343227510868-25-1708792373 - Holdem no limit (25/100/200) - 2024/02/24 16:32:53 UTC
Table: 'TEA TIME - ROAD TO 3 MILLION(757734604)#0083' 6-max (real money) Seat #5 is the button
Seat 1: vics28 (24919, 12.60€ bounty)
Seat 2: torresmo123 (19950, 7.20€ bounty)
Seat 3: beheritnjoye (26552, 7.20€ bounty)
Seat 4: Lord Panterx (19816, 10.80€ bounty)
Seat 5: La Barre AK (41337, 7.20€ bounty)
Seat 6: Kijji (27551, 7.20€ bounty)
*** ANTE/BLINDS ***
Kijji posts ante 25
vics28 posts ante 25
torresmo123 posts ante 25
beheritnjoye posts ante 25
Lord Panterx posts ante 25
La Barre AK posts ante 25
Kijji posts small blind 100
vics28 posts big blind 200
Dealt to torresmo123 [8h 8d]
*** PRE-FLOP *** 
torresmo123 raises 220 to 420
beheritnjoye folds
Lord Panterx folds
La Barre AK folds
Kijji folds
vics28 folds
torresmo123 collected 870 from pot
*** SUMMARY ***
Total pot 870 | No rake
Seat 2: torresmo123 won 870


Winamax Poker - Tournament "TEA TIME - ROAD TO 3 MILLION" buyIn: 18€ + 2€ level: 1 - HandId: #3254445343227510868-26-1708792430 - Holdem no limit (25/100/200) - 2024/02/24 16:33:50 UTC
Table: 'TEA TIME - ROAD TO 3 MILLION(757734604)#0083' 6-max (real money) Seat #6 is the button
Seat 1: vics28 (24694, 12.60€ bounty)
Seat 2: torresmo123 (20375, 7.20€ bounty)
Seat 3: beheritnjoye (26527, 7.20€ bounty)
Seat 4: Lord Panterx (19791, 10.80€ bounty)
Seat 5: La Barre AK (41312, 7.20€ bounty)
Seat 6: Kijji (27426, 7.20€ bounty)
*** ANTE/BLINDS ***
vics28 posts ante 25
torresmo123 posts ante 25
beheritnjoye posts ante 25
Lord Panterx posts ante 25
La Barre AK posts ante 25
Kijji posts ante 25
vics28 posts small blind 100
torresmo123 posts big blind 200
Dealt to torresmo123 [7d Kh]
*** PRE-FLOP *** 
beheritnjoye raises 200 to 400
Lord Panterx raises 1250 to 1650
La Barre AK folds
Kijji folds
vics28 folds
torresmo123 folds
beheritnjoye calls 1250
*** FLOP *** [8c Ad Jc]
beheritnjoye checks
Lord Panterx bets 1313
beheritnjoye folds
Lord Panterx collected 5063 from pot
*** SUMMARY ***
Total pot 5063 | No rake
Board: [8c Ad Jc]
Seat 4: Lord Panterx won 5063


Winamax Poker - Tournament "TEA TIME - ROAD TO 3 MILLION" buyIn: 18€ + 2€ level: 1 - HandId: #3254445343227510868-27-1708792469 - Holdem no limit (25/100/200) - 2024/02/24 16:34:29 UTC
Table: 'TEA TIME - ROAD TO 3 MILLION(757734604)#0083' 6-max (real money) Seat #1 is the button
Seat 1: vics28 (24569, 12.60€ bounty)
Seat 2: torresmo123 (20150, 7.20€ bounty)
Seat 3: beheritnjoye (24852, 7.20€ bounty)
Seat 4: Lord Panterx (21866, 10.80€ bounty)
Seat 5: La Barre AK (41287, 7.20€ bounty)
Seat 6: Kijji (27401, 7.20€ bounty)
*** ANTE/BLINDS ***
torresmo123 posts ante 25
beheritnjoye posts ante 25
vics28 posts ante 25
Lord Panterx posts ante 25
La Barre AK posts ante 25
Kijji posts ante 25
torresmo123 posts small blind 100
beheritnjoye posts big blind 200
Dealt to torresmo123 [7s 9d]
*** PRE-FLOP *** 
Lord Panterx folds
La Barre AK folds
Kijji raises 200 to 400
vics28 folds
torresmo123 folds
beheritnjoye folds
Kijji collected 850 from pot
*** SUMMARY ***
Total pot 850 | No rake
Seat 6: Kijji won 850


Winamax Poker - Tournament "TEA TIME - ROAD TO 3 MILLION" buyIn: 18€ + 2€ level: 1 - HandId: #3254445343227510868-28-1708792506 - Holdem no limit (25/100/200) - 2024/02/24 16:35:06 UTC
Table: 'TEA TIME - ROAD TO 3 MILLION(757734604)#0083' 6-max (real money) Seat #2 is the button
Seat 1: vics28 (24544, 12.60€ bounty)
Seat 2: torresmo123 (20025, 7.20€ bounty)
Seat 3: beheritnjoye (24627, 7.20€ bounty)
Seat 4: Lord Panterx (21841, 10.80€ bounty)
Seat 5: La Barre AK (41262, 7.20€ bounty)
Seat 6: Kijji (27826, 7.20€ bounty)
*** ANTE/BLINDS ***
beheritnjoye posts ante 25
Lord Panterx posts ante 25
vics28 posts ante 25
torresmo123 posts ante 25
La Barre AK posts ante 25
Kijji posts ante 25
beheritnjoye posts small blind 100
Lord Panterx posts big blind 200
Dealt to torresmo123 [Jd 5h]
*** PRE-FLOP *** 
La Barre AK folds
Kijji folds
vics28 raises 300 to 500
torresmo123 folds
beheritnjoye folds
Lord Panterx calls 300
*** FLOP *** [6s Qs Ks]
Lord Panterx checks
vics28 bets 438
Lord Panterx folds
vics28 collected 1688 from pot
*** SUMMARY ***
Total pot 1688 | No rake
Board: [6s Qs Ks]
Seat 1: vics28 won 1688


Winamax Poker - Tournament "TEA TIME - ROAD TO 3 MILLION" buyIn: 18€ + 2€ level: 1 - HandId: #3254445343227510868-29-1708792547 - Holdem no limit (25/100/200) - 2024/02/24 16:35:47 UTC
Table: 'TEA TIME - ROAD TO 3 MILLION(757734604)#0083' 6-max (real money) Seat #3 is the button
Seat 1: vics28 (25269, 12.60€ bounty)
Seat 2: torresmo123 (20000, 7.20€ bounty)
Seat 3: beheritnjoye (24502, 7.20€ bounty)
Seat 4: Lord Panterx (21316, 10.80€ bounty)
Seat 5: La Barre AK (41237, 7.20€ bounty)
Seat 6: Kijji (27801, 7.20€ bounty)
*** ANTE/BLINDS ***
Lord Panterx posts ante 25
La Barre AK posts ante 25
vics28 posts ante 25
torresmo123 posts ante 25
beheritnjoye posts ante 25
Kijji posts ante 25
Lord Panterx posts small blind 100
La Barre AK posts big blind 200
Dealt to torresmo123 [8h 9d]
*** PRE-FLOP *** 
Kijji folds
vics28 folds
torresmo123 folds
beheritnjoye folds
Lord Panterx folds
La Barre AK collected 450 from pot
*** SUMMARY ***
Total pot 450 | No rake
Seat 5: La Barre AK (big blind) won 450


Winamax Poker - Tournament "TEA TIME - ROAD TO 3 MILLION" buyIn: 18€ + 2€ level: 1 - HandId: #3254445343227510868-30-1708792572 - Holdem no limit (25/100/200) - 2024/02/24 16:36:12 UTC
Table: 'TEA TIME - ROAD TO 3 MILLION(757734604)#0083' 6-max (real money) Seat #4 is the button
Seat 1: vics28 (25244, 12.60€ bounty)
Seat 2: torresmo123 (19975, 7.20€ bounty)
Seat 3: beheritnjoye (24477, 7.20€ bounty)
Seat 4: Lord Panterx (21191, 10.80€ bounty)
Seat 5: La Barre AK (41462, 7.20€ bounty)
Seat 6: Kijji (27776, 7.20€ bounty)
*** ANTE/BLINDS ***
La Barre AK posts ante 25
Kijji posts ante 25
vics28 posts ante 25
torresmo123 posts ante 25
beheritnjoye posts ante 25
Lord Panterx posts ante 25
La Barre AK posts small blind 100
Kijji posts big blind 200
Dealt to torresmo123 [2c 4s]
*** PRE-FLOP *** 
vics28 raises 300 to 500
torresmo123 folds
beheritnjoye folds
Lord Panterx folds
La Barre AK folds
Kijji calls 300
*** FLOP *** [Ts Qh Td]
Kijji checks
vics28 bets 438
Kijji folds
vics28 collected 1688 from pot
*** SUMMARY ***
Total pot 1688 | No rake
Board: [Ts Qh Td]
Seat 1: vics28 won 1688


Winamax Poker - Tournament "TEA TIME - ROAD TO 3 MILLION" buyIn: 18€ + 2€ level: 1 - HandId: #3254445343227510868-31-1708792621 - Holdem no limit (25/100/200) - 2024/02/24 16:37:01 UTC
Table: 'TEA TIME - ROAD TO 3 MILLION(757734604)#0083' 6-max (real money) Seat #5 is the button
Seat 1: vics28 (25969, 12.60€ bounty)
Seat 2: torresmo123 (19950, 7.20€ bounty)
Seat 3: beheritnjoye (24452, 7.20€ bounty)
Seat 4: Lord Panterx (21166, 10.80€ bounty)
Seat 5: La Barre AK (41337, 7.20€ bounty)
Seat 6: Kijji (27251, 7.20€ bounty)
*** ANTE/BLINDS ***
Kijji posts ante 25
vics28 posts ante 25
torresmo123 posts ante 25
beheritnjoye posts ante 25
Lord Panterx posts ante 25
La Barre AK posts ante 25
Kijji posts small blind 100
vics28 posts big blind 200
Dealt to torresmo123 [9d Jh]
*** PRE-FLOP *** 
torresmo123 folds
beheritnjoye folds
Lord Panterx raises 650 to 850
La Barre AK calls 850
Kijji folds
vics28 folds
*** FLOP *** [Ad 5h 8h]
Lord Panterx bets 753
La Barre AK calls 753
*** TURN *** [Ad 5h 8h][3s]
Lord Panterx checks
La Barre AK bets 2000
Lord Panterx folds
La Barre AK collected 5656 from pot
*** SUMMARY ***
Total pot 5656 | No rake
Board: [Ad 5h 8h 3s]
Seat 5: La Barre AK (button) won 5656


Winamax Poker - Tournament "TEA TIME - ROAD TO 3 MILLION" buyIn: 18€ + 2€ level: 1 - HandId: #3254445343227510868-32-1708792711 - Holdem no limit (25/100/200) - 2024/02/24 16:38:31 UTC
Table: 'TEA TIME - ROAD TO 3 MILLION(757734604)#0083' 6-max (real money) Seat #6 is the button
Seat 1: vics28 (25744, 12.60€ bounty)
Seat 2: torresmo123 (19925, 7.20€ bounty)
Seat 3: beheritnjoye (24427, 7.20€ bounty)
Seat 4: Lord Panterx (19538, 10.80€ bounty)
Seat 5: La Barre AK (43365, 7.20€ bounty)
Seat 6: Kijji (27126, 7.20€ bounty)
*** ANTE/BLINDS ***
vics28 posts ante 25
torresmo123 posts ante 25
beheritnjoye posts ante 25
Lord Panterx posts ante 25
La Barre AK posts ante 25
Kijji posts ante 25
vics28 posts small blind 100
torresmo123 posts big blind 200
Dealt to torresmo123 [Ad 3h]
*** PRE-FLOP *** 
beheritnjoye folds
Lord Panterx raises 650 to 850
La Barre AK folds
Kijji folds
vics28 folds
torresmo123 folds
Lord Panterx collected 1300 from pot
*** SUMMARY ***
Total pot 1300 | No rake
Seat 4: Lord Panterx won 1300


Winamax Poker - Tournament "TEA TIME - ROAD TO 3 MILLION" buyIn: 18€ + 2€ level: 1 - HandId: #3254445343227510868-33-1708792734 - Holdem no limit (25/100/200) - 2024/02/24 16:38:54 UTC
Table: 'TEA TIME - ROAD TO 3 MILLION(757734604)#0083' 6-max (real money) Seat #1 is the button
Seat 1: vics28 (25619, 12.60€ bounty)
Seat 2: torresmo123 (19700, 7.20€ bounty)
Seat 3: beheritnjoye (24402, 7.20€ bounty)
Seat 4: Lord Panterx (19963, 10.80€ bounty)
Seat 5: La Barre AK (43340, 7.20€ bounty)
Seat 6: Kijji (27101, 7.20€ bounty)
*** ANTE/BLINDS ***
torresmo123 posts ante 25
beheritnjoye posts ante 25
vics28 posts ante 25
Lord Panterx posts ante 25
La Barre AK posts ante 25
Kijji posts ante 25
torresmo123 posts small blind 100
beheritnjoye posts big blind 200
Dealt to torresmo123 [5h 6h]
*** PRE-FLOP *** 
Lord Panterx folds
La Barre AK folds
Kijji folds
vics28 raises 200 to 400
torresmo123 raises 1200 to 1600
beheritnjoye folds
vics28 folds
torresmo123 collected 2350 from pot
*** SUMMARY ***
Total pot 2350 | No rake
Seat 2: torresmo123 (small blind) won 2350


Winamax Poker - Tournament "TEA TIME - ROAD TO 3 MILLION" buyIn: 18€ + 2€ level: 1 - HandId: #3254445343227510868-34-1708792758 - Holdem no limit (25/100/200) - 2024/02/24 16:39:18 UTC
Table: 'TEA TIME - ROAD TO 3 MILLION(757734604)#0083' 6-max (real money) Seat #2 is the button
Seat 1: vics28 (25194, 12.60€ bounty)
Seat 2: torresmo123 (20425, 7.20€ bounty)
Seat 3: beheritnjoye (24177, 7.20€ bounty)
Seat 4: Lord Panterx (19938, 10.80€ bounty)
Seat 5: La Barre AK (43315, 7.20€ bounty)
Seat 6: Kijji (27076, 7.20€ bounty)
*** ANTE/BLINDS ***
beheritnjoye posts ante 25
Lord Panterx posts ante 25
vics28 posts ante 25
torresmo123 posts ante 25
La Barre AK posts ante 25
Kijji posts ante 25
beheritnjoye posts small blind 100
Lord Panterx posts big blind 200
Dealt to torresmo123 [Th As]
*** PRE-FLOP *** 
La Barre AK folds
Kijji folds
vics28 folds
torresmo123 raises 220 to 420
beheritnjoye calls 320
Lord Panterx calls 220
*** FLOP *** [Ah 3c 3d]
beheritnjoye checks
Lord Panterx checks
torresmo123 checks
*** TURN *** [Ah 3c 3d][7s]
beheritnjoye checks
Lord Panterx checks
torresmo123 bets 1199
beheritnjoye folds
Lord Panterx folds
torresmo123 collected 2609 from pot
*** SUMMARY ***
Total pot 2609 | No rake
Board: [Ah 3c 3d 7s]
Seat 2: torresmo123 (button) won 2609


Winamax Poker - Tournament "TEA TIME - ROAD TO 3 MILLION" buyIn: 18€ + 2€ level: 2 - HandId: #3254445343227510868-35-1708792833 - Holdem no limit (30/125/250) - 2024/02/24 16:40:33 UTC
Table: 'TEA TIME - ROAD TO 3 MILLION(757734604)#0083' 6-max (real money) Seat #3 is the button
Seat 1: vics28 (25169, 12.60€ bounty)
Seat 2: torresmo123 (21390, 7.20€ bounty)
Seat 3: beheritnjoye (23732, 7.20€ bounty)
Seat 4: Lord Panterx (19493, 10.80€ bounty)
Seat 5: La Barre AK (43290, 7.20€ bounty)
Seat 6: Kijji (27051, 7.20€ bounty)
*** ANTE/BLINDS ***
Lord Panterx posts ante 30
La Barre AK posts ante 30
vics28 posts ante 30
torresmo123 posts ante 30
beheritnjoye posts ante 30
Kijji posts ante 30
Lord Panterx posts small blind 125
La Barre AK posts big blind 250
Dealt to torresmo123 [Ac 7s]
*** PRE-FLOP *** 
Kijji folds
vics28 raises 375 to 625
torresmo123 folds
beheritnjoye folds
Lord Panterx raises 1875 to 2500
La Barre AK folds
vics28 calls 1875
*** FLOP *** [Kd 3c 2d]
Lord Panterx bets 1900
vics28 raises 5335 to 7235
Lord Panterx folds
vics28 collected 14565 from pot
*** SUMMARY ***
Total pot 14565 | No rake
Board: [Kd 3c 2d]
Seat 1: vics28 won 14565


Winamax Poker - Tournament "TEA TIME - ROAD TO 3 MILLION" buyIn: 18€ + 2€ level: 2 - HandId: #3254445343227510868-36-1708792905 - Holdem no limit (30/125/250) - 2024/02/24 16:41:45 UTC
Table: 'TEA TIME - ROAD TO 3 MILLION(757734604)#0083' 6-max (real money) Seat #4 is the button
Seat 1: vics28 (29969, 12.60€ bounty)
Seat 2: torresmo123 (21360, 7.20€ bounty)
Seat 3: beheritnjoye (23702, 7.20€ bounty)
Seat 4: Lord Panterx (15063, 10.80€ bounty)
Seat 5: La Barre AK (43010, 7.20€ bounty)
Seat 6: Kijji (27021, 7.20€ bounty)
*** ANTE/BLINDS ***
La Barre AK posts ante 30
Kijji posts ante 30
vics28 posts ante 30
torresmo123 posts ante 30
beheritnjoye posts ante 30
Lord Panterx posts ante 30
La Barre AK posts small blind 125
Kijji posts big blind 250
Dealt to torresmo123 [Ac 3s]
*** PRE-FLOP *** 
vics28 folds
torresmo123 folds
beheritnjoye folds
Lord Panterx folds
La Barre AK calls 125
Kijji raises 680 to 930
La Barre AK folds
Kijji collected 1360 from pot
*** SUMMARY ***
Total pot 1360 | No rake
Seat 6: Kijji (big blind) won 1360


Winamax Poker - Tournament "TEA TIME - ROAD TO 3 MILLION" buyIn: 18€ + 2€ level: 2 - HandId: #3254445343227510868-37-1708792927 - Holdem no limit (30/125/250) - 2024/02/24 16:42:07 UTC
Table: 'TEA TIME - ROAD TO 3 MILLION(757734604)#0083' 6-max (real money) Seat #5 is the button
Seat 1: vics28 (29939, 12.60€ bounty)
Seat 2: torresmo123 (21330, 7.20€ bounty)
Seat 3: beheritnjoye (23672, 7.20€ bounty)
Seat 4: Lord Panterx (15033, 10.80€ bounty)
Seat 5: La Barre AK (42730, 7.20€ bounty)
Seat 6: Kijji (27421, 7.20€ bounty)
*** ANTE/BLINDS ***
Kijji posts ante 30
vics28 posts ante 30
torresmo123 posts ante 30
beheritnjoye posts ante 30
Lord Panterx posts ante 30
La Barre AK posts ante 30
Kijji posts small blind 125
vics28 posts big blind 250
Dealt to torresmo123 [Tc 4d]
*** PRE-FLOP *** 
torresmo123 folds
beheritnjoye folds
Lord Panterx folds
La Barre AK raises 375 to 625
Kijji folds
vics28 folds
La Barre AK collected 1180 from pot
*** SUMMARY ***
Total pot 1180 | No rake
Seat 5: La Barre AK (button) won 1180


Winamax Poker - Tournament "TEA TIME - ROAD TO 3 MILLION" buyIn: 18€ + 2€ level: 2 - HandId: #3254445343227510868-38-1708792958 - Holdem no limit (30/125/250) - 2024/02/24 16:42:38 UTC
Table: 'TEA TIME - ROAD TO 3 MILLION(757734604)#0083' 6-max (real money) Seat #6 is the button
Seat 1: vics28 (29659, 12.60€ bounty)
Seat 2: torresmo123 (21300, 7.20€ bounty)
Seat 3: beheritnjoye (23642, 7.20€ bounty)
Seat 4: Lord Panterx (15003, 10.80€ bounty)
Seat 5: La Barre AK (43255, 7.20€ bounty)
Seat 6: Kijji (27266, 7.20€ bounty)
*** ANTE/BLINDS ***
vics28 posts ante 30
torresmo123 posts ante 30
beheritnjoye posts ante 30
Lord Panterx posts ante 30
La Barre AK posts ante 30
Kijji posts ante 30
vics28 posts small blind 125
torresmo123 posts big blind 250
Dealt to torresmo123 [5s 7c]
*** PRE-FLOP *** 
beheritnjoye folds
Lord Panterx folds
La Barre AK raises 375 to 625
Kijji folds
vics28 folds
torresmo123 calls 375
*** FLOP *** [Ts 5c 3h]
torresmo123 checks
La Barre AK bets 513
torresmo123 calls 513
*** TURN *** [Ts 5c 3h][9s]
torresmo123 checks
La Barre AK checks
*** RIVER *** [Ts 5c 3h 9s][6h]
torresmo123 bets 250
La Barre AK calls 250
*** SHOW DOWN ***
La Barre AK shows [2h 2c] (One pair : 2)
torresmo123 shows [5s 7c] (One pair : 5)
torresmo123 collected 3081 from pot
*** SUMMARY ***
Total pot 3081 | No rake
Board: [Ts 5c 3h 9s 6h]
Seat 2: torresmo123 (big blind) showed [5s 7c] and won 3081 with One pair : 5
Seat 5: La Barre AK showed [2h 2c] and lost with One pair : 2


Winamax Poker - Tournament "TEA TIME - ROAD TO 3 MILLION" buyIn: 18€ + 2€ level: 2 - HandId: #3254445343227510868-39-1708793032 - Holdem no limit (30/125/250) - 2024/02/24 16:43:52 UTC
Table: 'TEA TIME - ROAD TO 3 MILLION(757734604)#0083' 6-max (real money) Seat #1 is the button
Seat 1: vics28 (29504, 12.60€ bounty)
Seat 2: torresmo123 (22963, 7.20€ bounty)
Seat 3: beheritnjoye (23612, 7.20€ bounty)
Seat 4: Lord Panterx (14973, 10.80€ bounty)
Seat 5: La Barre AK (41837, 7.20€ bounty)
Seat 6: Kijji (27236, 7.20€ bounty)
*** ANTE/BLINDS ***
torresmo123 posts ante 30
beheritnjoye posts ante 30
vics28 posts ante 30
Lord Panterx posts ante 30
La Barre AK posts ante 30
Kijji posts ante 30
torresmo123 posts small blind 125
beheritnjoye posts big blind 250
Dealt to torresmo123 [7d 2c]
*** PRE-FLOP *** 
Lord Panterx folds
La Barre AK folds
Kijji raises 250 to 500
vics28 folds
torresmo123 folds
beheritnjoye calls 250
*** FLOP *** [Qs 2s 4h]
beheritnjoye checks
Kijji bets 940
beheritnjoye folds
Kijji collected 2245 from pot
*** SUMMARY ***
Total pot 2245 | No rake
Board: [Qs 2s 4h]
Seat 6: Kijji won 2245


Winamax Poker - Tournament "TEA TIME - ROAD TO 3 MILLION" buyIn: 18€ + 2€ level: 2 - HandId: #3254445343227510868-40-1708793090 - Holdem no limit (30/125/250) - 2024/02/24 16:44:50 UTC
Table: 'TEA TIME - ROAD TO 3 MILLION(757734604)#0083' 6-max (real money) Seat #2 is the button
Seat 1: vics28 (29474, 12.60€ bounty)
Seat 2: torresmo123 (22808, 7.20€ bounty)
Seat 3: beheritnjoye (23082, 7.20€ bounty)
Seat 4: Lord Panterx (14943, 10.80€ bounty)
Seat 5: La Barre AK (41807, 7.20€ bounty)
Seat 6: Kijji (28011, 7.20€ bounty)
*** ANTE/BLINDS ***
beheritnjoye posts ante 30
Lord Panterx posts ante 30
vics28 posts ante 30
torresmo123 posts ante 30
La Barre AK posts ante 30
Kijji posts ante 30
beheritnjoye posts small blind 125
Lord Panterx posts big blind 250
Dealt to torresmo123 [7s 5h]
*** PRE-FLOP *** 
La Barre AK folds
Kijji folds
vics28 folds
torresmo123 folds
beheritnjoye calls 125
Lord Panterx checks
*** FLOP *** [2d Kh 4c]
beheritnjoye bets 250
Lord Panterx folds
beheritnjoye collected 930 from pot
*** SUMMARY ***
Total pot 930 | No rake
Board: [2d Kh 4c]
Seat 3: beheritnjoye (small blind) won 930


Winamax Poker - Tournament "TEA TIME - ROAD TO 3 MILLION" buyIn: 18€ + 2€ level: 2 - HandId: #3254445343227510868-41-1708793110 - Holdem no limit (30/125/250) - 2024/02/24 16:45:10 UTC
Table: 'TEA TIME - ROAD TO 3 MILLION(757734604)#0083' 6-max (real money) Seat #3 is the button
Seat 1: vics28 (29444, 12.60€ bounty)
Seat 2: torresmo123 (22778, 7.20€ bounty)
Seat 3: beheritnjoye (23482, 7.20€ bounty)
Seat 4: Lord Panterx (14663, 10.80€ bounty)
Seat 5: La Barre AK (41777, 7.20€ bounty)
Seat 6: Kijji (27981, 7.20€ bounty)
*** ANTE/BLINDS ***
Lord Panterx posts ante 30
La Barre AK posts ante 30
vics28 posts ante 30
torresmo123 posts ante 30
beheritnjoye posts ante 30
Kijji posts ante 30
Lord Panterx posts small blind 125
La Barre AK posts big blind 250
Dealt to torresmo123 [9c Ah]
*** PRE-FLOP *** 
Kijji folds
vics28 folds
torresmo123 raises 313 to 563
beheritnjoye folds
Lord Panterx folds
La Barre AK folds
torresmo123 collected 1118 from pot
*** SUMMARY ***
Total pot 1118 | No rake
Seat 2: torresmo123 won 1118


Winamax Poker - Tournament "TEA TIME - ROAD TO 3 MILLION" buyIn: 18€ + 2€ level: 2 - HandId: #3254445343227510868-42-1708793143 - Holdem no limit (30/125/250) - 2024/02/24 16:45:43 UTC
Table: 'TEA TIME - ROAD TO 3 MILLION(757734604)#0083' 6-max (real money) Seat #4 is the button
Seat 1: vics28 (29414, 12.60€ bounty)
Seat 2: torresmo123 (23303, 7.20€ bounty)
Seat 3: beheritnjoye (23452, 7.20€ bounty)
Seat 4: Lord Panterx (14508, 10.80€ bounty)
Seat 5: La Barre AK (41497, 7.20€ bounty)
Seat 6: Kijji (27951, 7.20€ bounty)
*** ANTE/BLINDS ***
La Barre AK posts ante 30
Kijji posts ante 30
vics28 posts ante 30
torresmo123 posts ante 30
beheritnjoye posts ante 30
Lord Panterx posts ante 30
La Barre AK posts small blind 125
Kijji posts big blind 250
Dealt to torresmo123 [Kd 6d]
*** PRE-FLOP *** 
vics28 raises 250 to 500
torresmo123 folds
beheritnjoye folds
Lord Panterx folds
La Barre AK folds
Kijji folds
vics28 collected 1055 from pot
*** SUMMARY ***
Total pot 1055 | No rake
Seat 1: vics28 won 1055


Winamax Poker - Tournament "TEA TIME - ROAD TO 3 MILLION" buyIn: 18€ + 2€ level: 2 - HandId: #3254445343227510868-43-1708793172 - Holdem no limit (30/125/250) - 2024/02/24 16:46:12 UTC
Table: 'TEA TIME - ROAD TO 3 MILLION(757734604)#0083' 6-max (real money) Seat #5 is the button
Seat 1: vics28 (29939, 12.60€ bounty)
Seat 2: torresmo123 (23273, 7.20€ bounty)
Seat 3: beheritnjoye (23422, 7.20€ bounty)
Seat 4: Lord Panterx (14478, 10.80€ bounty)
Seat 5: La Barre AK (41342, 7.20€ bounty)
Seat 6: Kijji (27671, 7.20€ bounty)
*** ANTE/BLINDS ***
Kijji posts ante 30
vics28 posts ante 30
torresmo123 posts ante 30
beheritnjoye posts ante 30
Lord Panterx posts ante 30
La Barre AK posts ante 30
Kijji posts small blind 125
vics28 posts big blind 250
Dealt to torresmo123 [Ac Ks]
*** PRE-FLOP *** 
torresmo123 raises 275 to 525
beheritnjoye folds
Lord Panterx folds
La Barre AK folds
Kijji calls 400
vics28 calls 275
*** FLOP *** [9s 5d 2c]
Kijji checks
vics28 checks
torresmo123 checks
*** TURN *** [9s 5d 2c][6c]
Kijji bets 1264
vics28 folds
torresmo123 folds
Kijji collected 3019 from pot
*** SUMMARY ***
Total pot 3019 | No rake
Board: [9s 5d 2c 6c]
Seat 6: Kijji (small blind) won 3019


Winamax Poker - Tournament "TEA TIME - ROAD TO 3 MILLION" buyIn: 18€ + 2€ level: 2 - HandId: #3254445343227510868-44-1708793222 - Holdem no limit (30/125/250) - 2024/02/24 16:47:02 UTC
Table: 'TEA TIME - ROAD TO 3 MILLION(757734604)#0083' 6-max (real money) Seat #6 is the button
Seat 1: vics28 (29384, 12.60€ bounty)
Seat 2: torresmo123 (22718, 7.20€ bounty)
Seat 3: beheritnjoye (23392, 7.20€ bounty)
Seat 4: Lord Panterx (14448, 10.80€ bounty)
Seat 5: La Barre AK (41312, 7.20€ bounty)
Seat 6: Kijji (28871, 7.20€ bounty)
*** ANTE/BLINDS ***
vics28 posts ante 30
torresmo123 posts ante 30
beheritnjoye posts ante 30
Lord Panterx posts ante 30
La Barre AK posts ante 30
Kijji posts ante 30
vics28 posts small blind 125
torresmo123 posts big blind 250
Dealt to torresmo123 [9h Qs]
*** PRE-FLOP *** 
beheritnjoye raises 250 to 500
Lord Panterx raises 1000 to 1500
La Barre AK folds
Kijji folds
vics28 folds
torresmo123 folds
beheritnjoye calls 1000
*** FLOP *** [5h 6s 5s]
beheritnjoye checks
Lord Panterx bets 1244
beheritnjoye folds
Lord Panterx collected 4799 from pot
*** SUMMARY ***
Total pot 4799 | No rake
Board: [5h 6s 5s]
Seat 4: Lord Panterx won 4799


Winamax Poker - Tournament "TEA TIME - ROAD TO 3 MILLION" buyIn: 18€ + 2€ level: 3 - HandId: #3254445343227510868-45-1708793281 - Holdem no limit (35/150/300) - 2024/02/24 16:48:01 UTC
Table: 'TEA TIME - ROAD TO 3 MILLION(757734604)#0083' 6-max (real money) Seat #1 is the button
Seat 1: vics28 (29229, 12.60€ bounty)
Seat 2: torresmo123 (22438, 7.20€ bounty)
Seat 3: beheritnjoye (21862, 7.20€ bounty)
Seat 4: Lord Panterx (16473, 10.80€ bounty)
Seat 5: La Barre AK (41282, 7.20€ bounty)
Seat 6: Kijji (28841, 7.20€ bounty)
*** ANTE/BLINDS ***
torresmo123 posts ante 35
beheritnjoye posts ante 35
vics28 posts ante 35
Lord Panterx posts ante 35
La Barre AK posts ante 35
Kijji posts ante 35
torresmo123 posts small blind 150
beheritnjoye posts big blind 300
Dealt to torresmo123 [2h Kd]
*** PRE-FLOP *** 
Lord Panterx folds
La Barre AK folds
Kijji raises 300 to 600
vics28 folds
torresmo123 folds
beheritnjoye folds
Kijji collected 1260 from pot
*** SUMMARY ***
Total pot 1260 | No rake
Seat 6: Kijji won 1260


Winamax Poker - Tournament "TEA TIME - ROAD TO 3 MILLION" buyIn: 18€ + 2€ level: 3 - HandId: #3254445343227510868-46-1708793310 - Holdem no limit (35/150/300) - 2024/02/24 16:48:30 UTC
Table: 'TEA TIME - ROAD TO 3 MILLION(757734604)#0083' 6-max (real money) Seat #2 is the button
Seat 1: vics28 (29194, 12.60€ bounty)
Seat 2: torresmo123 (22253, 7.20€ bounty)
Seat 3: beheritnjoye (21527, 7.20€ bounty)
Seat 4: Lord Panterx (16438, 10.80€ bounty)
Seat 5: La Barre AK (41247, 7.20€ bounty)
Seat 6: Kijji (29466, 7.20€ bounty)
*** ANTE/BLINDS ***
beheritnjoye posts ante 35
Lord Panterx posts ante 35
vics28 posts ante 35
torresmo123 posts ante 35
La Barre AK posts ante 35
Kijji posts ante 35
beheritnjoye posts small blind 150
Lord Panterx posts big blind 300
Dealt to torresmo123 [7d 3s]
*** PRE-FLOP *** 
La Barre AK folds
Kijji folds
vics28 folds
torresmo123 folds
beheritnjoye calls 150
Lord Panterx raises 1200 to 1500
beheritnjoye folds
Lord Panterx collected 2010 from pot
*** SUMMARY ***
Total pot 2010 | No rake
Seat 4: Lord Panterx (big blind) won 2010


Winamax Poker - Tournament "TEA TIME - ROAD TO 3 MILLION" buyIn: 18€ + 2€ level: 3 - HandId: #3254445343227510868-47-1708793349 - Holdem no limit (35/150/300) - 2024/02/24 16:49:09 UTC
Table: 'TEA TIME - ROAD TO 3 MILLION(757734604)#0083' 6-max (real money) Seat #3 is the button
Seat 1: vics28 (29159, 12.60€ bounty)
Seat 2: torresmo123 (22218, 7.20€ bounty)
Seat 3: beheritnjoye (21192, 7.20€ bounty)
Seat 4: Lord Panterx (16913, 10.80€ bounty)
Seat 5: La Barre AK (41212, 7.20€ bounty)
Seat 6: Kijji (29431, 7.20€ bounty)
*** ANTE/BLINDS ***
Lord Panterx posts ante 35
La Barre AK posts ante 35
vics28 posts ante 35
torresmo123 posts ante 35
beheritnjoye posts ante 35
Kijji posts ante 35
Lord Panterx posts small blind 150
La Barre AK posts big blind 300
Dealt to torresmo123 [3h 9s]
*** PRE-FLOP *** 
Kijji folds
vics28 raises 300 to 600
torresmo123 folds
beheritnjoye calls 600
Lord Panterx calls 450
La Barre AK folds
*** FLOP *** [4h 6c Qh]
Lord Panterx checks
vics28 bets 809
beheritnjoye calls 809
Lord Panterx calls 809
*** TURN *** [4h 6c Qh][Kd]
Lord Panterx checks
vics28 bets 1658
beheritnjoye calls 1658
Lord Panterx calls 1658
*** RIVER *** [4h 6c Qh Kd][4c]
Lord Panterx checks
vics28 checks
beheritnjoye bets 3205
Lord Panterx folds
vics28 calls 3205
*** SHOW DOWN ***
vics28 shows [2c Kc] (Two pairs : Kings and 4)
beheritnjoye shows [Kh 9h] (Two pairs : Kings and 4)
beheritnjoye collected 8061 from pot
vics28 collected 8060 from pot
*** SUMMARY ***
Total pot 16121 | No rake
Board: [4h 6c Qh Kd 4c]
Seat 1: vics28 showed [2c Kc] and won 8060 with Two pairs : Kings and 4
Seat 3: beheritnjoye (button) showed [Kh 9h] and won 8061 with Two pairs : Kings and 4


Winamax Poker - Tournament "TEA TIME - ROAD TO 3 MILLION" buyIn: 18€ + 2€ level: 3 - HandId: #3254445343227510868-48-1708793474 - Holdem no limit (35/150/300) - 2024/02/24 16:51:14 UTC
Table: 'TEA TIME - ROAD TO 3 MILLION(757734604)#0083' 6-max (real money) Seat #4 is the button
Seat 1: vics28 (30912, 12.60€ bounty)
Seat 2: torresmo123 (22183, 7.20€ bounty)
Seat 3: beheritnjoye (22946, 7.20€ bounty)
Seat 4: Lord Panterx (13811, 10.80€ bounty)
Seat 5: La Barre AK (40877, 7.20€ bounty)
Seat 6: Kijji (29396, 7.20€ bounty)
*** ANTE/BLINDS ***
La Barre AK posts ante 35
Kijji posts ante 35
vics28 posts ante 35
torresmo123 posts ante 35
beheritnjoye posts ante 35
Lord Panterx posts ante 35
La Barre AK posts small blind 150
Kijji posts big blind 300
Dealt to torresmo123 [2h Ad]
*** PRE-FLOP *** 
vics28 folds
torresmo123 folds
beheritnjoye raises 300 to 600
Lord Panterx folds
La Barre AK calls 450
Kijji calls 300
*** FLOP *** [Ac 5s 6d]
La Barre AK checks
Kijji bets 704
beheritnjoye calls 704
La Barre AK calls 704
*** TURN *** [Ac 5s 6d][Jd]
La Barre AK checks
Kijji bets 2968
beheritnjoye calls 2968
La Barre AK folds
*** RIVER *** [Ac 5s 6d Jd][8d]
Kijji checks
beheritnjoye bets 5400
Kijji folds
beheritnjoye collected 15458 from pot
*** SUMMARY ***
Total pot 15458 | No rake
Board: [Ac 5s 6d Jd 8d]
Seat 3: beheritnjoye won 15458


Winamax Poker - Tournament "TEA TIME - ROAD TO 3 MILLION" buyIn: 18€ + 2€ level: 3 - HandId: #3254445343227510868-49-1708793573 - Holdem no limit (35/150/300) - 2024/02/24 16:52:53 UTC
Table: 'TEA TIME - ROAD TO 3 MILLION(757734604)#0083' 6-max (real money) Seat #5 is the button
Seat 1: vics28 (30877, 12.60€ bounty)
Seat 2: torresmo123 (22148, 7.20€ bounty)
Seat 3: beheritnjoye (28697, 7.20€ bounty)
Seat 4: Lord Panterx (13776, 10.80€ bounty)
Seat 5: La Barre AK (39538, 7.20€ bounty)
Seat 6: Kijji (25089, 7.20€ bounty)
*** ANTE/BLINDS ***
Kijji posts ante 35
vics28 posts ante 35
torresmo123 posts ante 35
beheritnjoye posts ante 35
Lord Panterx posts ante 35
La Barre AK posts ante 35
Kijji posts small blind 150
vics28 posts big blind 300
Dealt to torresmo123 [7h Jc]
*** PRE-FLOP *** 
torresmo123 folds
beheritnjoye folds
Lord Panterx folds
La Barre AK raises 450 to 750
Kijji folds
vics28 calls 450
*** FLOP *** [8s 9c 2c]
vics28 checks
La Barre AK checks
*** TURN *** [8s 9c 2c][9d]
vics28 bets 651
La Barre AK calls 651
*** RIVER *** [8s 9c 2c 9d][Kc]
vics28 bets 1107
La Barre AK calls 1107
*** SHOW DOWN ***
vics28 shows [5h 5c] (Two pairs : 9 and 5)
La Barre AK shows [2s Ks] (Two pairs : Kings and 9)
La Barre AK collected 5376 from pot
*** SUMMARY ***
Total pot 5376 | No rake
Board: [8s 9c 2c 9d Kc]
Seat 1: vics28 (big blind) showed [5h 5c] and lost with Two pairs : 9 and 5
Seat 5: La Barre AK (button) showed [2s Ks] and won 5376 with Two pairs : Kings and 9


Winamax Poker - Tournament "TEA TIME - ROAD TO 3 MILLION" buyIn: 18€ + 2€ level: 3 - HandId: #3254445343227510868-50-1708793635 - Holdem no limit (35/150/300) - 2024/02/24 16:53:55 UTC
Table: 'TEA TIME - ROAD TO 3 MILLION(757734604)#0083' 6-max (real money) Seat #6 is the button
Seat 1: vics28 (28334, 12.60€ bounty)
Seat 2: torresmo123 (22113, 7.20€ bounty)
Seat 3: beheritnjoye (28662, 7.20€ bounty)
Seat 4: Lord Panterx (13741, 10.80€ bounty)
Seat 5: La Barre AK (42371, 7.20€ bounty)
Seat 6: Kijji (24904, 7.20€ bounty)
*** ANTE/BLINDS ***
vics28 posts ante 35
torresmo123 posts ante 35
beheritnjoye posts ante 35
Lord Panterx posts ante 35
La Barre AK posts ante 35
Kijji posts ante 35
vics28 posts small blind 150
torresmo123 posts big blind 300
Dealt to torresmo123 [9h 8s]
*** PRE-FLOP *** 
beheritnjoye folds
Lord Panterx folds
La Barre AK folds
Kijji folds
vics28 raises 450 to 750
torresmo123 calls 450
*** FLOP *** [Tc Kc 5h]
vics28 bets 599
torresmo123 calls 599
*** TURN *** [Tc Kc 5h][Qs]
vics28 bets 1890
torresmo123 folds
vics28 collected 4798 from pot
*** SUMMARY ***
Total pot 4798 | No rake
Board: [Tc Kc 5h Qs]
Seat 1: vics28 (small blind) won 4798


Winamax Poker - Tournament "TEA TIME - ROAD TO 3 MILLION" buyIn: 18€ + 2€ level: 3 - HandId: #3254445343227510868-51-1708793697 - Holdem no limit (35/150/300) - 2024/02/24 16:54:57 UTC
Table: 'TEA TIME - ROAD TO 3 MILLION(757734604)#0083' 6-max (real money) Seat #1 is the button
Seat 1: vics28 (29858, 12.60€ bounty)
Seat 2: torresmo123 (20729, 7.20€ bounty)
Seat 3: beheritnjoye (28627, 7.20€ bounty)
Seat 4: Lord Panterx (13706, 10.80€ bounty)
Seat 5: La Barre AK (42336, 7.20€ bounty)
Seat 6: Kijji (24869, 7.20€ bounty)
*** ANTE/BLINDS ***
torresmo123 posts ante 35
beheritnjoye posts ante 35
vics28 posts ante 35
Lord Panterx posts ante 35
La Barre AK posts ante 35
Kijji posts ante 35
torresmo123 posts small blind 150
beheritnjoye posts big blind 300
Dealt to torresmo123 [4c 4s]
*** PRE-FLOP *** 
Lord Panterx folds
La Barre AK folds
Kijji folds
vics28 raises 450 to 750
torresmo123 calls 600
beheritnjoye folds
*** FLOP *** [5c 3c 7d]
torresmo123 checks
vics28 bets 704
torresmo123 calls 704
*** TURN *** [5c 3c 7d][Th]
torresmo123 checks
vics28 checks
*** RIVER *** [5c 3c 7d Th][5s]
torresmo123 checks
vics28 checks
*** SHOW DOWN ***
vics28 shows [8s 9c] (One pair : 5)
torresmo123 shows [4c 4s] (Two pairs : 5 and 4)
torresmo123 collected 3418 from pot
*** SUMMARY ***
Total pot 3418 | No rake
Board: [5c 3c 7d Th 5s]
Seat 1: vics28 (button) showed [8s 9c] and lost with One pair : 5
Seat 2: torresmo123 (small blind) showed [4c 4s] and won 3418 with Two pairs : 5 and 4


Winamax Poker - Tournament "TEA TIME - ROAD TO 3 MILLION" buyIn: 18€ + 2€ level: 3 - HandId: #3254445343227510868-52-1708794060 - Holdem no limit (35/150/300) - 2024/02/24 17:01:00 UTC
Table: 'TEA TIME - ROAD TO 3 MILLION(757734604)#0083' 6-max (real money) Seat #2 is the button
Seat 1: vics28 (28369, 12.60€ bounty)
Seat 2: torresmo123 (22658, 7.20€ bounty)
Seat 3: beheritnjoye (28292, 7.20€ bounty)
Seat 4: Lord Panterx (13671, 10.80€ bounty)
Seat 5: La Barre AK (42301, 7.20€ bounty)
Seat 6: Kijji (24834, 7.20€ bounty)
*** ANTE/BLINDS ***
beheritnjoye posts ante 35
Lord Panterx posts ante 35
vics28 posts ante 35
torresmo123 posts ante 35
La Barre AK posts ante 35
Kijji posts ante 35
beheritnjoye posts small blind 150
Lord Panterx posts big blind 300
Dealt to torresmo123 [9c 5c]
*** PRE-FLOP *** 
La Barre AK folds
Kijji folds
vics28 folds
torresmo123 raises 330 to 630
beheritnjoye folds
Lord Panterx folds
torresmo123 collected 1290 from pot
*** SUMMARY ***
Total pot 1290 | No rake
Seat 2: torresmo123 (button) won 1290


Winamax Poker - Tournament "TEA TIME - ROAD TO 3 MILLION" buyIn: 18€ + 2€ level: 4 - HandId: #3254445343227510868-53-1708794126 - Holdem no limit (40/175/350) - 2024/02/24 17:02:06 UTC
Table: 'TEA TIME - ROAD TO 3 MILLION(757734604)#0083' 6-max (real money) Seat #3 is the button
Seat 1: vics28 (28334, 12.60€ bounty)
Seat 2: torresmo123 (23283, 7.20€ bounty)
Seat 3: beheritnjoye (28107, 7.20€ bounty)
Seat 4: Lord Panterx (13336, 10.80€ bounty)
Seat 5: La Barre AK (42266, 7.20€ bounty)
Seat 6: Kijji (24799, 7.20€ bounty)
*** ANTE/BLINDS ***
Lord Panterx posts ante 40
La Barre AK posts ante 40
vics28 posts ante 40
torresmo123 posts ante 40
beheritnjoye posts ante 40
Kijji posts ante 40
Lord Panterx posts small blind 175
La Barre AK posts big blind 350
Dealt to torresmo123 [9d 9s]
*** PRE-FLOP *** 
Kijji raises 350 to 700
vics28 folds
torresmo123 calls 700
beheritnjoye folds
Lord Panterx calls 525
La Barre AK calls 350
*** FLOP *** [2d 9c Th]
Lord Panterx checks
La Barre AK checks
Kijji bets 2189
torresmo123 raises 3061 to 5250
Lord Panterx folds
La Barre AK folds
Kijji raises 18809 to 24059 and is all-in
torresmo123 calls 17293 and is all-in
*** TURN *** [2d 9c Th][3h]
*** RIVER *** [2d 9c Th 3h][Tc]
*** SHOW DOWN ***
torresmo123 shows [9d 9s] (Full of 9 and Tens)
Kijji shows [Qh Qs] (Two pairs : Queens and Tens)
Kijji collected 1516 from side pot 1
torresmo123 collected 48126 from main pot
*** SUMMARY ***
Total pot 49642 | No rake
Board: [2d 9c Th 3h Tc]
Seat 2: torresmo123 showed [9d 9s] and won 48126 with Full of 9 and Tens
Seat 6: Kijji showed [Qh Qs] and won 1516 with Two pairs : Queens and Tens


Winamax Poker - Tournament "TEA TIME - ROAD TO 3 MILLION" buyIn: 18€ + 2€ level: 4 - HandId: #3254445343227510868-54-1708794233 - Holdem no limit (40/175/350) - 2024/02/24 17:03:53 UTC
Table: 'TEA TIME - ROAD TO 3 MILLION(757734604)#0083' 6-max (real money) Seat #4 is the button
Seat 1: vics28 (28294, 12.60€ bounty)
Seat 2: torresmo123 (48126, 7.20€ bounty)
Seat 3: beheritnjoye (28067, 7.20€ bounty)
Seat 4: Lord Panterx (12596, 10.80€ bounty)
Seat 5: La Barre AK (41526, 7.20€ bounty)
Seat 6: Kijji (1516, 7.20€ bounty)
*** ANTE/BLINDS ***
La Barre AK posts ante 40
Kijji posts ante 40
vics28 posts ante 40
torresmo123 posts ante 40
beheritnjoye posts ante 40
Lord Panterx posts ante 40
La Barre AK posts small blind 175
Kijji posts big blind 350
Dealt to torresmo123 [Ks 8c]
*** PRE-FLOP *** 
vics28 folds
torresmo123 raises 350 to 700
beheritnjoye folds
Lord Panterx calls 700
La Barre AK raises 2975 to 3675
Kijji calls 1126 and is all-in
torresmo123 calls 2975
Lord Panterx calls 2975
*** FLOP *** [6c Ts 9h]
La Barre AK bets 8409
torresmo123 folds
Lord Panterx folds
*** TURN *** [6c Ts 9h][Qd]
*** RIVER *** [6c Ts 9h Qd][6d]
*** SHOW DOWN ***
La Barre AK shows [Ah Ad] (Two pairs : Aces and 6)
Kijji shows [6h Td] (Full of 6 and Tens)
Kijji collected 6144 from main pot
La Barre AK collected 15006 from side pot 1
*** SUMMARY ***
Total pot 21150 | No rake
Board: [6c Ts 9h Qd 6d]
Seat 5: La Barre AK (small blind) showed [Ah Ad] and won 15006 with Two pairs : Aces and 6
Seat 6: Kijji (big blind) showed [6h Td] and won 6144 with Full of 6 and Tens


Winamax Poker - Tournament "TEA TIME - ROAD TO 3 MILLION" buyIn: 18€ + 2€ level: 4 - HandId: #3254445343227510868-55-1708794356 - Holdem no limit (40/175/350) - 2024/02/24 17:05:56 UTC
Table: 'TEA TIME - ROAD TO 3 MILLION(757734604)#0083' 6-max (real money) Seat #5 is the button
Seat 1: vics28 (28254, 12.60€ bounty)
Seat 2: torresmo123 (44411, 7.20€ bounty)
Seat 3: beheritnjoye (28027, 7.20€ bounty)
Seat 4: Lord Panterx (8881, 10.80€ bounty)
Seat 5: La Barre AK (44408, 7.20€ bounty)
Seat 6: Kijji (6144, 7.20€ bounty)
*** ANTE/BLINDS ***
Kijji posts ante 40
vics28 posts ante 40
torresmo123 posts ante 40
beheritnjoye posts ante 40
Lord Panterx posts ante 40
La Barre AK posts ante 40
Kijji posts small blind 175
vics28 posts big blind 350
Dealt to torresmo123 [8h 9s]
*** PRE-FLOP *** 
torresmo123 folds
beheritnjoye folds
Lord Panterx calls 350
La Barre AK raises 735 to 1085
Kijji folds
vics28 folds
Lord Panterx folds
La Barre AK collected 2200 from pot
*** SUMMARY ***
Total pot 2200 | No rake
Seat 5: La Barre AK (button) won 2200


Winamax Poker - Tournament "TEA TIME - ROAD TO 3 MILLION" buyIn: 18€ + 2€ level: 4 - HandId: #3254445343227510868-56-1708794396 - Holdem no limit (40/175/350) - 2024/02/24 17:06:36 UTC
Table: 'TEA TIME - ROAD TO 3 MILLION(757734604)#0083' 6-max (real money) Seat #6 is the button
Seat 1: vics28 (27864, 12.60€ bounty)
Seat 2: torresmo123 (44371, 7.20€ bounty)
Seat 3: beheritnjoye (27987, 7.20€ bounty)
Seat 4: Lord Panterx (8491, 10.80€ bounty)
Seat 5: La Barre AK (45483, 7.20€ bounty)
Seat 6: Kijji (5929, 7.20€ bounty)
*** ANTE/BLINDS ***
vics28 posts ante 40
torresmo123 posts ante 40
beheritnjoye posts ante 40
Lord Panterx posts ante 40
La Barre AK posts ante 40
Kijji posts ante 40
vics28 posts small blind 175
torresmo123 posts big blind 350
Dealt to torresmo123 [Td Jd]
*** PRE-FLOP *** 
beheritnjoye folds
Lord Panterx calls 350
La Barre AK raises 735 to 1085
Kijji folds
vics28 folds
torresmo123 calls 735
Lord Panterx calls 735
*** FLOP *** [Ah Kc 8h]
torresmo123 checks
Lord Panterx checks
La Barre AK bets 1211
torresmo123 calls 1211
Lord Panterx raises 6155 to 7366 and is all-in
La Barre AK folds
torresmo123 calls 6155
*** TURN *** [Ah Kc 8h][6s]
*** RIVER *** [Ah Kc 8h 6s][7s]
*** SHOW DOWN ***
torresmo123 shows [Td Jd] (High card : Ace)
Lord Panterx shows [4h 5h] (Straight 8 high)
Lord Panterx collected 19613 from pot
*** SUMMARY ***
Total pot 19613 | No rake
Board: [Ah Kc 8h 6s 7s]
Seat 2: torresmo123 (big blind) showed [Td Jd] and lost with High card : Ace
Seat 4: Lord Panterx showed [4h 5h] and won 19613 with Straight 8 high


Winamax Poker - Tournament "TEA TIME - ROAD TO 3 MILLION" buyIn: 18€ + 2€ level: 4 - HandId: #3254445343227510868-57-1708794542 - Holdem no limit (40/175/350) - 2024/02/24 17:09:02 UTC
Table: 'TEA TIME - ROAD TO 3 MILLION(757734604)#0083' 6-max (real money) Seat #1 is the button
Seat 1: vics28 (27649, 12.60€ bounty)
Seat 2: torresmo123 (35880, 7.20€ bounty)
Seat 3: beheritnjoye (27947, 7.20€ bounty)
Seat 4: Lord Panterx (19613, 10.80€ bounty)
Seat 5: La Barre AK (43147, 7.20€ bounty)
Seat 6: Kijji (5889, 7.20€ bounty)
*** ANTE/BLINDS ***
torresmo123 posts ante 40
beheritnjoye posts ante 40
vics28 posts ante 40
Lord Panterx posts ante 40
La Barre AK posts ante 40
Kijji posts ante 40
torresmo123 posts small blind 175
beheritnjoye posts big blind 350
Dealt to torresmo123 [8s Kh]
*** PRE-FLOP *** 
Lord Panterx folds
La Barre AK folds
Kijji folds
vics28 raises 525 to 875
torresmo123 folds
beheritnjoye folds
vics28 collected 1640 from pot
*** SUMMARY ***
Total pot 1640 | No rake
Seat 1: vics28 (button) won 1640


Winamax Poker - Tournament "TEA TIME - ROAD TO 3 MILLION" buyIn: 18€ + 2€ level: 4 - HandId: #3254445343227510868-58-1708794575 - Holdem no limit (40/175/350) - 2024/02/24 17:09:35 UTC
Table: 'TEA TIME - ROAD TO 3 MILLION(757734604)#0083' 6-max (real money) Seat #2 is the button
Seat 1: vics28 (28374, 12.60€ bounty)
Seat 2: torresmo123 (35665, 7.20€ bounty)
Seat 3: beheritnjoye (27557, 7.20€ bounty)
Seat 4: Lord Panterx (19573, 10.80€ bounty)
Seat 5: La Barre AK (43107, 7.20€ bounty)
Seat 6: Kijji (5849, 7.20€ bounty)
*** ANTE/BLINDS ***
beheritnjoye posts ante 40
Lord Panterx posts ante 40
vics28 posts ante 40
torresmo123 posts ante 40
La Barre AK posts ante 40
Kijji posts ante 40
beheritnjoye posts small blind 175
Lord Panterx posts big blind 350
Dealt to torresmo123 [Qc 8d]
*** PRE-FLOP *** 
La Barre AK folds
Kijji folds
vics28 folds
torresmo123 raises 438 to 788
beheritnjoye folds
Lord Panterx folds
torresmo123 collected 1553 from pot
*** SUMMARY ***
Total pot 1553 | No rake
Seat 2: torresmo123 (button) won 1553


Winamax Poker - Tournament "TEA TIME - ROAD TO 3 MILLION" buyIn: 18€ + 2€ level: 5 - HandId: #3254445343227510868-59-1708794604 - Holdem no limit (50/200/400) - 2024/02/24 17:10:04 UTC
Table: 'TEA TIME - ROAD TO 3 MILLION(757734604)#0083' 6-max (real money) Seat #3 is the button
Seat 1: vics28 (28334, 12.60€ bounty)
Seat 2: torresmo123 (36390, 7.20€ bounty)
Seat 3: beheritnjoye (27342, 7.20€ bounty)
Seat 4: Lord Panterx (19183, 10.80€ bounty)
Seat 5: La Barre AK (43067, 7.20€ bounty)
Seat 6: Kijji (5809, 7.20€ bounty)
*** ANTE/BLINDS ***
Lord Panterx posts ante 50
La Barre AK posts ante 50
vics28 posts ante 50
torresmo123 posts ante 50
beheritnjoye posts ante 50
Kijji posts ante 50
Lord Panterx posts small blind 200
La Barre AK posts big blind 400
Dealt to torresmo123 [As Ks]
*** PRE-FLOP *** 
Kijji folds
vics28 folds
torresmo123 raises 440 to 840
beheritnjoye folds
Lord Panterx folds
La Barre AK raises 2940 to 3780
torresmo123 raises 4620 to 8400
La Barre AK raises 34617 to 43017 and is all-in
torresmo123 calls 27940 and is all-in
*** FLOP *** [7h Ad 4d]
*** TURN *** [7h Ad 4d][9h]
*** RIVER *** [7h Ad 4d 9h][6c]
*** SHOW DOWN ***
torresmo123 shows [As Ks] (One pair : Aces)
La Barre AK shows [Kh Kd] (One pair : Kings)
La Barre AK collected 6677 from side pot 1
torresmo123 collected 73180 from main pot
*** SUMMARY ***
Total pot 79857 | No rake
Board: [7h Ad 4d 9h 6c]
Seat 2: torresmo123 showed [As Ks] and won 73180 with One pair : Aces
Seat 5: La Barre AK (big blind) showed [Kh Kd] and won 6677 with One pair : Kings


Winamax Poker - Tournament "TEA TIME - ROAD TO 3 MILLION" buyIn: 18€ + 2€ level: 5 - HandId: #3254445343227510868-60-1708794687 - Holdem no limit (50/200/400) - 2024/02/24 17:11:27 UTC
Table: 'TEA TIME - ROAD TO 3 MILLION(757734604)#0083' 6-max (real money) Seat #4 is the button
Seat 1: vics28 (28284, 12.60€ bounty)
Seat 2: torresmo123 (73180, 7.20€ bounty)
Seat 3: beheritnjoye (27292, 7.20€ bounty)
Seat 4: Lord Panterx (18933, 10.80€ bounty)
Seat 5: La Barre AK (6677, 7.20€ bounty)
Seat 6: Kijji (5759, 7.20€ bounty)
*** ANTE/BLINDS ***
La Barre AK posts ante 50
Kijji posts ante 50
vics28 posts ante 50
torresmo123 posts ante 50
beheritnjoye posts ante 50
Lord Panterx posts ante 50
La Barre AK posts small blind 200
Kijji posts big blind 400
Dealt to torresmo123 [7h 2d]
*** PRE-FLOP *** 
vics28 folds
torresmo123 folds
beheritnjoye raises 400 to 800
Lord Panterx folds
La Barre AK folds
Kijji raises 4909 to 5709 and is all-in
beheritnjoye calls 4909
*** FLOP *** [3d Kd 4d]
*** TURN *** [3d Kd 4d][Ac]
*** RIVER *** [3d Kd 4d Ac][9d]
*** SHOW DOWN ***
Kijji shows [2s 2c] (One pair : 2)
beheritnjoye shows [6d 8d] (Flush King high)
beheritnjoye collected 11918 from pot
*** SUMMARY ***
Total pot 11918 | No rake
Board: [3d Kd 4d Ac 9d]
Seat 3: beheritnjoye showed [6d 8d] and won 11918 with Flush King high
Seat 6: Kijji (big blind) showed [2s 2c] and lost with One pair : 2


Winamax Poker - Tournament "TEA TIME - ROAD TO 3 MILLION" buyIn: 18€ + 2€ level: 5 - HandId: #3254445343227510868-61-1708794744 - Holdem no limit (50/200/400) - 2024/02/24 17:12:24 UTC
Table: 'TEA TIME - ROAD TO 3 MILLION(757734604)#0083' 6-max (real money) Seat #5 is the button
Seat 1: vics28 (28234, 12.60€ bounty)
Seat 2: torresmo123 (73130, 7.20€ bounty)
Seat 3: beheritnjoye (33451, 10.80€ bounty)
Seat 4: Lord Panterx (18883, 10.80€ bounty)
Seat 5: La Barre AK (6427, 7.20€ bounty)
*** ANTE/BLINDS ***
vics28 posts ante 50
torresmo123 posts ante 50
beheritnjoye posts ante 50
Lord Panterx posts ante 50
La Barre AK posts ante 50
vics28 posts big blind 400
Dealt to torresmo123 [Qd 8c]
*** PRE-FLOP *** 
torresmo123 folds
beheritnjoye folds
Lord Panterx folds
La Barre AK folds
vics28 collected 650 from pot
*** SUMMARY ***
Total pot 650 | No rake
Seat 1: vics28 (big blind) won 650


Winamax Poker - Tournament "TEA TIME - ROAD TO 3 MILLION" buyIn: 18€ + 2€ level: 5 - HandId: #3254445343227510868-62-1708794752 - Holdem no limit (50/200/400) - 2024/02/24 17:12:32 UTC
Table: 'TEA TIME - ROAD TO 3 MILLION(757734604)#0083' 6-max (real money) Seat #6 is the button
Seat 1: vics28 (28434, 12.60€ bounty)
Seat 2: torresmo123 (73080, 7.20€ bounty)
Seat 3: beheritnjoye (33401, 10.80€ bounty)
Seat 4: Lord Panterx (18833, 10.80€ bounty)
Seat 5: La Barre AK (6377, 7.20€ bounty)
*** ANTE/BLINDS ***
vics28 posts ante 50
torresmo123 posts ante 50
beheritnjoye posts ante 50
Lord Panterx posts ante 50
La Barre AK posts ante 50
vics28 posts small blind 200
torresmo123 posts big blind 400
Dealt to torresmo123 [3d 6d]
*** PRE-FLOP *** 
beheritnjoye raises 400 to 800
Lord Panterx folds
La Barre AK folds
vics28 folds
torresmo123 calls 400
*** FLOP *** [7s Qd 4s]
torresmo123 checks
beheritnjoye bets 1538
torresmo123 calls 1538
*** TURN *** [7s Qd 4s][9h]
torresmo123 checks
beheritnjoye bets 2563
torresmo123 folds
beheritnjoye collected 7689 from pot
*** SUMMARY ***
Total pot 7689 | No rake
Board: [7s Qd 4s 9h]
Seat 3: beheritnjoye won 7689


Winamax Poker - Tournament "TEA TIME - ROAD TO 3 MILLION" buyIn: 18€ + 2€ level: 5 - HandId: #3254445343227510868-63-1708794823 - Holdem no limit (50/200/400) - 2024/02/24 17:13:43 UTC
Table: 'TEA TIME - ROAD TO 3 MILLION(757734604)#0083' 6-max (real money) Seat #1 is the button
Seat 1: vics28 (28184, 12.60€ bounty)
Seat 2: torresmo123 (70692, 7.20€ bounty)
Seat 3: beheritnjoye (36139, 10.80€ bounty)
Seat 4: Lord Panterx (18783, 10.80€ bounty)
Seat 5: La Barre AK (6327, 7.20€ bounty)
*** ANTE/BLINDS ***
torresmo123 posts ante 50
beheritnjoye posts ante 50
vics28 posts ante 50
Lord Panterx posts ante 50
La Barre AK posts ante 50
torresmo123 posts small blind 200
beheritnjoye posts big blind 400
Dealt to torresmo123 [4c Jc]
*** PRE-FLOP *** 
Lord Panterx folds
La Barre AK folds
vics28 folds
torresmo123 calls 200
beheritnjoye raises 1000 to 1400
torresmo123 calls 1000
*** FLOP *** [8s 7c 9c]
torresmo123 checks
beheritnjoye bets 1007
torresmo123 raises 2332 to 3339
beheritnjoye folds
torresmo123 collected 7396 from pot
*** SUMMARY ***
Total pot 7396 | No rake
Board: [8s 7c 9c]
Seat 2: torresmo123 (small blind) won 7396


Winamax Poker - Tournament "TEA TIME - ROAD TO 3 MILLION" buyIn: 18€ + 2€ level: 5 - HandId: #3254445343227510868-64-1708794896 - Holdem no limit (50/200/400) - 2024/02/24 17:14:56 UTC
Table: 'TEA TIME - ROAD TO 3 MILLION(757734604)#0083' 6-max (real money) Seat #2 is the button
Seat 1: vics28 (28134, 12.60€ bounty)
Seat 2: torresmo123 (73299, 7.20€ bounty)
Seat 3: beheritnjoye (33682, 10.80€ bounty)
Seat 4: Lord Panterx (18733, 10.80€ bounty)
Seat 5: La Barre AK (6277, 7.20€ bounty)
Seat 6: Psy-kokwak (18191, 10.80€ bounty)
*** ANTE/BLINDS ***
beheritnjoye posts ante 50
Lord Panterx posts ante 50
vics28 posts ante 50
torresmo123 posts ante 50
La Barre AK posts ante 50
Psy-kokwak posts ante 50
beheritnjoye posts small blind 200
Lord Panterx posts big blind 400
Dealt to torresmo123 [Tc Jh]
*** PRE-FLOP *** 
La Barre AK folds
Psy-kokwak folds
vics28 folds
torresmo123 raises 500 to 900
beheritnjoye raises 2500 to 3400
Lord Panterx folds
torresmo123 calls 2500
*** FLOP *** [Td 9d 2d]
beheritnjoye checks
torresmo123 checks
*** TURN *** [Td 9d 2d][Ah]
beheritnjoye checks
torresmo123 checks
*** RIVER *** [Td 9d 2d Ah][7s]
beheritnjoye checks
torresmo123 bets 4125
beheritnjoye calls 4125
*** SHOW DOWN ***
torresmo123 shows [Tc Jh] (One pair : Tens)
beheritnjoye shows [Th Kc] (One pair : Tens)
beheritnjoye collected 15750 from pot
*** SUMMARY ***
Total pot 15750 | No rake
Board: [Td 9d 2d Ah 7s]
Seat 2: torresmo123 (button) showed [Tc Jh] and lost with One pair : Tens
Seat 3: beheritnjoye (small blind) showed [Th Kc] and won 15750 with One pair : Tens


Winamax Poker - Tournament "TEA TIME - ROAD TO 3 MILLION" buyIn: 18€ + 2€ level: 5 - HandId: #3254445343227510868-65-1708795014 - Holdem no limit (50/200/400) - 2024/02/24 17:16:54 UTC
Table: 'TEA TIME - ROAD TO 3 MILLION(757734604)#0083' 6-max (real money) Seat #3 is the button
Seat 1: vics28 (28084, 12.60€ bounty)
Seat 2: torresmo123 (65724, 7.20€ bounty)
Seat 3: beheritnjoye (41857, 10.80€ bounty)
Seat 4: Lord Panterx (18283, 10.80€ bounty)
Seat 5: La Barre AK (6227, 7.20€ bounty)
Seat 6: Psy-kokwak (18141, 10.80€ bounty)
*** ANTE/BLINDS ***
Lord Panterx posts ante 50
La Barre AK posts ante 50
vics28 posts ante 50
torresmo123 posts ante 50
beheritnjoye posts ante 50
Psy-kokwak posts ante 50
Lord Panterx posts small blind 200
La Barre AK posts big blind 400
Dealt to torresmo123 [8d 2d]
*** PRE-FLOP *** 
Psy-kokwak folds
vics28 raises 600 to 1000
torresmo123 folds
beheritnjoye folds
Lord Panterx calls 800
La Barre AK calls 600
*** FLOP *** [As 3s 7c]
Lord Panterx checks
La Barre AK checks
vics28 bets 1155
Lord Panterx folds
La Barre AK folds
vics28 collected 4455 from pot
*** SUMMARY ***
Total pot 4455 | No rake
Board: [As 3s 7c]
Seat 1: vics28 won 4455


Winamax Poker - Tournament "TEA TIME - ROAD TO 3 MILLION" buyIn: 18€ + 2€ level: 5 - HandId: #3254445343227510868-66-1708795063 - Holdem no limit (50/200/400) - 2024/02/24 17:17:43 UTC
Table: 'TEA TIME - ROAD TO 3 MILLION(757734604)#0083' 6-max (real money) Seat #4 is the button
Seat 1: vics28 (30334, 12.60€ bounty)
Seat 2: torresmo123 (65674, 7.20€ bounty)
Seat 3: beheritnjoye (41807, 10.80€ bounty)
Seat 4: Lord Panterx (17233, 10.80€ bounty)
Seat 5: La Barre AK (5177, 7.20€ bounty)
Seat 6: Psy-kokwak (18091, 10.80€ bounty)
*** ANTE/BLINDS ***
La Barre AK posts ante 50
Psy-kokwak posts ante 50
vics28 posts ante 50
torresmo123 posts ante 50
beheritnjoye posts ante 50
Lord Panterx posts ante 50
La Barre AK posts small blind 200
Psy-kokwak posts big blind 400
Dealt to torresmo123 [5d Kc]
*** PRE-FLOP *** 
vics28 folds
torresmo123 folds
beheritnjoye folds
Lord Panterx raises 600 to 1000
La Barre AK raises 4127 to 5127 and is all-in
Psy-kokwak folds
Lord Panterx calls 4127
*** FLOP *** [6d Ks Th]
*** TURN *** [6d Ks Th][4c]
*** RIVER *** [6d Ks Th 4c][9d]
*** SHOW DOWN ***
Lord Panterx shows [5h Ad] (High card : Ace)
La Barre AK shows [3s As] (High card : Ace)
La Barre AK collected 5477 from pot
Lord Panterx collected 5477 from pot
*** SUMMARY ***
Total pot 10954 | No rake
Board: [6d Ks Th 4c 9d]
Seat 4: Lord Panterx (button) showed [5h Ad] and won 5477 with High card : Ace
Seat 5: La Barre AK (small blind) showed [3s As] and won 5477 with High card : Ace


Winamax Poker - Tournament "TEA TIME - ROAD TO 3 MILLION" buyIn: 18€ + 2€ level: 6 - HandId: #3254445343227510868-67-1708795108 - Holdem no limit (60/250/500) - 2024/02/24 17:18:28 UTC
Table: 'TEA TIME - ROAD TO 3 MILLION(757734604)#0083' 6-max (real money) Seat #5 is the button
Seat 1: vics28 (30284, 12.60€ bounty)
Seat 2: torresmo123 (65624, 7.20€ bounty)
Seat 3: beheritnjoye (41757, 10.80€ bounty)
Seat 4: Lord Panterx (17533, 10.80€ bounty)
Seat 5: La Barre AK (5477, 7.20€ bounty)
Seat 6: Psy-kokwak (17641, 10.80€ bounty)
*** ANTE/BLINDS ***
Psy-kokwak posts ante 60
vics28 posts ante 60
torresmo123 posts ante 60
beheritnjoye posts ante 60
Lord Panterx posts ante 60
La Barre AK posts ante 60
Psy-kokwak posts small blind 250
vics28 posts big blind 500
Dealt to torresmo123 [Ac Js]
*** PRE-FLOP *** 
torresmo123 raises 550 to 1050
beheritnjoye folds
Lord Panterx folds
La Barre AK folds
Psy-kokwak folds
vics28 calls 550
*** FLOP *** [9d 8s Jd]
vics28 checks
torresmo123 bets 542
vics28 calls 542
*** TURN *** [9d 8s Jd][Ah]
vics28 checks
torresmo123 bets 3225
vics28 folds
torresmo123 collected 7019 from pot
*** SUMMARY ***
Total pot 7019 | No rake
Board: [9d 8s Jd Ah]
Seat 2: torresmo123 won 7019


Winamax Poker - Tournament "TEA TIME - ROAD TO 3 MILLION" buyIn: 18€ + 2€ level: 6 - HandId: #3254445343227510868-68-1708795167 - Holdem no limit (60/250/500) - 2024/02/24 17:19:27 UTC
Table: 'TEA TIME - ROAD TO 3 MILLION(757734604)#0083' 6-max (real money) Seat #6 is the button
Seat 1: vics28 (28632, 12.60€ bounty)
Seat 2: torresmo123 (67766, 7.20€ bounty)
Seat 3: beheritnjoye (41697, 10.80€ bounty)
Seat 4: Lord Panterx (17473, 10.80€ bounty)
Seat 5: La Barre AK (5417, 7.20€ bounty)
Seat 6: Psy-kokwak (17331, 10.80€ bounty)
*** ANTE/BLINDS ***
vics28 posts ante 60
torresmo123 posts ante 60
beheritnjoye posts ante 60
Lord Panterx posts ante 60
La Barre AK posts ante 60
Psy-kokwak posts ante 60
vics28 posts small blind 250
torresmo123 posts big blind 500
Dealt to torresmo123 [6d 3c]
*** PRE-FLOP *** 
beheritnjoye raises 500 to 1000
Lord Panterx folds
La Barre AK folds
Psy-kokwak folds
vics28 folds
torresmo123 folds
beheritnjoye collected 2110 from pot
*** SUMMARY ***
Total pot 2110 | No rake
Seat 3: beheritnjoye won 2110


Winamax Poker - Tournament "TEA TIME - ROAD TO 3 MILLION" buyIn: 18€ + 2€ level: 6 - HandId: #3254445343227510868-69-1708795180 - Holdem no limit (60/250/500) - 2024/02/24 17:19:40 UTC
Table: 'TEA TIME - ROAD TO 3 MILLION(757734604)#0083' 6-max (real money) Seat #1 is the button
Seat 1: vics28 (28322, 12.60€ bounty)
Seat 2: torresmo123 (67206, 7.20€ bounty)
Seat 3: beheritnjoye (42747, 10.80€ bounty)
Seat 4: Lord Panterx (17413, 10.80€ bounty)
Seat 5: La Barre AK (5357, 7.20€ bounty)
Seat 6: Psy-kokwak (17271, 10.80€ bounty)
*** ANTE/BLINDS ***
torresmo123 posts ante 60
beheritnjoye posts ante 60
vics28 posts ante 60
Lord Panterx posts ante 60
La Barre AK posts ante 60
Psy-kokwak posts ante 60
torresmo123 posts small blind 250
beheritnjoye posts big blind 500
Dealt to torresmo123 [As 8c]
*** PRE-FLOP *** 
Lord Panterx raises 750 to 1250
La Barre AK folds
Psy-kokwak calls 1250
vics28 raises 3250 to 4500
torresmo123 folds
beheritnjoye folds
Lord Panterx folds
Psy-kokwak folds
vics28 collected 8110 from pot
*** SUMMARY ***
Total pot 8110 | No rake
Seat 1: vics28 (button) won 8110


Winamax Poker - Tournament "TEA TIME - ROAD TO 3 MILLION" buyIn: 18€ + 2€ level: 6 - HandId: #3254445343227510868-70-1708795211 - Holdem no limit (60/250/500) - 2024/02/24 17:20:11 UTC
Table: 'TEA TIME - ROAD TO 3 MILLION(757734604)#0083' 6-max (real money) Seat #2 is the button
Seat 1: vics28 (31872, 12.60€ bounty)
Seat 2: torresmo123 (66896, 7.20€ bounty)
Seat 3: beheritnjoye (42187, 10.80€ bounty)
Seat 4: Lord Panterx (16103, 10.80€ bounty)
Seat 5: La Barre AK (5297, 7.20€ bounty)
Seat 6: Psy-kokwak (15961, 10.80€ bounty)
*** ANTE/BLINDS ***
beheritnjoye posts ante 60
Lord Panterx posts ante 60
vics28 posts ante 60
torresmo123 posts ante 60
La Barre AK posts ante 60
Psy-kokwak posts ante 60
beheritnjoye posts small blind 250
Lord Panterx posts big blind 500
Dealt to torresmo123 [5d 2c]
*** PRE-FLOP *** 
La Barre AK folds
Psy-kokwak folds
vics28 raises 625 to 1125
torresmo123 folds
beheritnjoye calls 875
Lord Panterx calls 625
*** FLOP *** [Kd 2d 6d]
beheritnjoye checks
Lord Panterx checks
vics28 bets 1307
beheritnjoye folds
Lord Panterx folds
vics28 collected 5042 from pot
*** SUMMARY ***
Total pot 5042 | No rake
Board: [Kd 2d 6d]
Seat 1: vics28 won 5042


Winamax Poker - Tournament "TEA TIME - ROAD TO 3 MILLION" buyIn: 18€ + 2€ level: 6 - HandId: #3254445343227510868-71-1708795278 - Holdem no limit (60/250/500) - 2024/02/24 17:21:18 UTC
Table: 'TEA TIME - ROAD TO 3 MILLION(757734604)#0083' 6-max (real money) Seat #3 is the button
Seat 1: vics28 (34422, 12.60€ bounty)
Seat 2: torresmo123 (66836, 7.20€ bounty)
Seat 3: beheritnjoye (41002, 10.80€ bounty)
Seat 4: Lord Panterx (14918, 10.80€ bounty)
Seat 5: La Barre AK (5237, 7.20€ bounty)
Seat 6: Psy-kokwak (15901, 10.80€ bounty)
*** ANTE/BLINDS ***
Lord Panterx posts ante 60
La Barre AK posts ante 60
vics28 posts ante 60
torresmo123 posts ante 60
beheritnjoye posts ante 60
Psy-kokwak posts ante 60
Lord Panterx posts small blind 250
La Barre AK posts big blind 500
Dealt to torresmo123 [Qd Tc]
*** PRE-FLOP *** 
Psy-kokwak folds
vics28 folds
torresmo123 raises 550 to 1050
beheritnjoye folds
Lord Panterx folds
La Barre AK calls 550
*** FLOP *** [6h 5c Ad]
La Barre AK checks
torresmo123 bets 894
La Barre AK raises 3233 to 4127 and is all-in
torresmo123 calls 3233
*** TURN *** [6h 5c Ad][5d]
*** RIVER *** [6h 5c Ad 5d][Kd]
*** SHOW DOWN ***
torresmo123 shows [Qd Tc] (One pair : 5)
La Barre AK shows [Qc 6c] (Two pairs : 6 and 5)
La Barre AK collected 10964 from pot
*** SUMMARY ***
Total pot 10964 | No rake
Board: [6h 5c Ad 5d Kd]
Seat 2: torresmo123 showed [Qd Tc] and lost with One pair : 5
Seat 5: La Barre AK (big blind) showed [Qc 6c] and won 10964 with Two pairs : 6 and 5


Winamax Poker - Tournament "TEA TIME - ROAD TO 3 MILLION" buyIn: 18€ + 2€ level: 6 - HandId: #3254445343227510868-72-1708795331 - Holdem no limit (60/250/500) - 2024/02/24 17:22:11 UTC
Table: 'TEA TIME - ROAD TO 3 MILLION(757734604)#0083' 6-max (real money) Seat #4 is the button
Seat 1: vics28 (34362, 12.60€ bounty)
Seat 2: torresmo123 (61599, 7.20€ bounty)
Seat 3: beheritnjoye (40942, 10.80€ bounty)
Seat 4: Lord Panterx (14608, 10.80€ bounty)
Seat 5: La Barre AK (10964, 7.20€ bounty)
Seat 6: Psy-kokwak (15841, 10.80€ bounty)
*** ANTE/BLINDS ***
La Barre AK posts ante 60
Psy-kokwak posts ante 60
vics28 posts ante 60
torresmo123 posts ante 60
beheritnjoye posts ante 60
Lord Panterx posts ante 60
La Barre AK posts small blind 250
Psy-kokwak posts big blind 500
Dealt to torresmo123 [Td 4c]
*** PRE-FLOP *** 
vics28 folds
torresmo123 folds
beheritnjoye raises 500 to 1000
Lord Panterx folds
La Barre AK folds
Psy-kokwak folds
beheritnjoye collected 2110 from pot
*** SUMMARY ***
Total pot 2110 | No rake
Seat 3: beheritnjoye won 2110


Winamax Poker - Tournament "TEA TIME - ROAD TO 3 MILLION" buyIn: 18€ + 2€ level: 6 - HandId: #3254445343227510868-73-1708795347 - Holdem no limit (60/250/500) - 2024/02/24 17:22:27 UTC
Table: 'TEA TIME - ROAD TO 3 MILLION(757734604)#0083' 6-max (real money) Seat #5 is the button
Seat 1: vics28 (34302, 12.60€ bounty)
Seat 2: torresmo123 (61539, 7.20€ bounty)
Seat 3: beheritnjoye (41992, 10.80€ bounty)
Seat 4: Lord Panterx (14548, 10.80€ bounty)
Seat 5: La Barre AK (10654, 7.20€ bounty)
Seat 6: Psy-kokwak (15281, 10.80€ bounty)
*** ANTE/BLINDS ***
Psy-kokwak posts ante 60
vics28 posts ante 60
torresmo123 posts ante 60
beheritnjoye posts ante 60
Lord Panterx posts ante 60
La Barre AK posts ante 60
Psy-kokwak posts small blind 250
vics28 posts big blind 500
Dealt to torresmo123 [As 3h]
*** PRE-FLOP *** 
torresmo123 folds
beheritnjoye folds
Lord Panterx folds
La Barre AK raises 500 to 1000
Psy-kokwak folds
vics28 calls 500
*** FLOP *** [Ad Qh 4s]
vics28 checks
La Barre AK bets 653
vics28 calls 653
*** TURN *** [Ad Qh 4s][8c]
vics28 checks
La Barre AK checks
*** RIVER *** [Ad Qh 4s 8c][6c]
vics28 bets 1958
La Barre AK folds
vics28 collected 5874 from pot
*** SUMMARY ***
Total pot 5874 | No rake
Board: [Ad Qh 4s 8c 6c]
Seat 1: vics28 (big blind) won 5874


Winamax Poker - Tournament "TEA TIME - ROAD TO 3 MILLION" buyIn: 18€ + 2€ level: 6 - HandId: #3254445343227510868-74-1708795384 - Holdem no limit (60/250/500) - 2024/02/24 17:23:04 UTC
Table: 'TEA TIME - ROAD TO 3 MILLION(757734604)#0083' 6-max (real money) Seat #6 is the button
Seat 1: vics28 (36505, 12.60€ bounty)
Seat 2: torresmo123 (61479, 7.20€ bounty)
Seat 3: beheritnjoye (41932, 10.80€ bounty)
Seat 4: Lord Panterx (14488, 10.80€ bounty)
Seat 5: La Barre AK (8941, 7.20€ bounty)
Seat 6: Psy-kokwak (14971, 10.80€ bounty)
*** ANTE/BLINDS ***
vics28 posts ante 60
torresmo123 posts ante 60
beheritnjoye posts ante 60
Lord Panterx posts ante 60
La Barre AK posts ante 60
Psy-kokwak posts ante 60
vics28 posts small blind 250
torresmo123 posts big blind 500
Dealt to torresmo123 [9c 3d]
*** PRE-FLOP *** 
beheritnjoye folds
Lord Panterx folds
La Barre AK raises 500 to 1000
Psy-kokwak folds
vics28 folds
torresmo123 folds
La Barre AK collected 2110 from pot
*** SUMMARY ***
Total pot 2110 | No rake
Seat 5: La Barre AK won 2110


Winamax Poker - Tournament "TEA TIME - ROAD TO 3 MILLION" buyIn: 18€ + 2€ level: 6 - HandId: #3254445343227510868-75-1708795419 - Holdem no limit (60/250/500) - 2024/02/24 17:23:39 UTC
Table: 'TEA TIME - ROAD TO 3 MILLION(757734604)#0083' 6-max (real money) Seat #1 is the button
Seat 1: vics28 (36195, 12.60€ bounty)
Seat 2: torresmo123 (60919, 7.20€ bounty)
Seat 3: beheritnjoye (41872, 10.80€ bounty)
Seat 4: Lord Panterx (14428, 10.80€ bounty)
Seat 5: La Barre AK (9991, 7.20€ bounty)
Seat 6: Psy-kokwak (14911, 10.80€ bounty)
*** ANTE/BLINDS ***
torresmo123 posts ante 60
beheritnjoye posts ante 60
vics28 posts ante 60
Lord Panterx posts ante 60
La Barre AK posts ante 60
Psy-kokwak posts ante 60
torresmo123 posts small blind 250
beheritnjoye posts big blind 500
Dealt to torresmo123 [9h Jh]
*** PRE-FLOP *** 
Lord Panterx folds
La Barre AK folds
Psy-kokwak folds
vics28 raises 750 to 1250
torresmo123 raises 3500 to 4750
beheritnjoye folds
vics28 folds
torresmo123 collected 6860 from pot
*** SUMMARY ***
Total pot 6860 | No rake
Seat 2: torresmo123 (small blind) won 6860


Winamax Poker - Tournament "TEA TIME - ROAD TO 3 MILLION" buyIn: 18€ + 2€ level: 6 - HandId: #3254445343227510868-76-1708795444 - Holdem no limit (60/250/500) - 2024/02/24 17:24:04 UTC
Table: 'TEA TIME - ROAD TO 3 MILLION(757734604)#0083' 6-max (real money) Seat #2 is the button
Seat 1: vics28 (34885, 12.60€ bounty)
Seat 2: torresmo123 (62969, 7.20€ bounty)
Seat 3: beheritnjoye (41312, 10.80€ bounty)
Seat 4: Lord Panterx (14368, 10.80€ bounty)
Seat 5: La Barre AK (9931, 7.20€ bounty)
Seat 6: Psy-kokwak (14851, 10.80€ bounty)
*** ANTE/BLINDS ***
beheritnjoye posts ante 60
Lord Panterx posts ante 60
vics28 posts ante 60
torresmo123 posts ante 60
La Barre AK posts ante 60
Psy-kokwak posts ante 60
beheritnjoye posts small blind 250
Lord Panterx posts big blind 500
Dealt to torresmo123 [5s Qc]
*** PRE-FLOP *** 
La Barre AK folds
Psy-kokwak folds
vics28 raises 625 to 1125
torresmo123 folds
beheritnjoye folds
Lord Panterx calls 625
*** FLOP *** [3c Th 2d]
Lord Panterx checks
vics28 bets 1001
Lord Panterx folds
vics28 collected 3861 from pot
*** SUMMARY ***
Total pot 3861 | No rake
Board: [3c Th 2d]
Seat 1: vics28 won 3861


Winamax Poker - Tournament "TEA TIME - ROAD TO 3 MILLION" buyIn: 18€ + 2€ level: 6 - HandId: #3254445343227510868-77-1708795493 - Holdem no limit (60/250/500) - 2024/02/24 17:24:53 UTC
Table: 'TEA TIME - ROAD TO 3 MILLION(757734604)#0083' 6-max (real money) Seat #3 is the button
Seat 1: vics28 (36560, 12.60€ bounty)
Seat 2: torresmo123 (62909, 7.20€ bounty)
Seat 3: beheritnjoye (41002, 10.80€ bounty)
Seat 4: Lord Panterx (13183, 10.80€ bounty)
Seat 5: La Barre AK (9871, 7.20€ bounty)
Seat 6: Psy-kokwak (14791, 10.80€ bounty)
*** ANTE/BLINDS ***
Lord Panterx posts ante 60
La Barre AK posts ante 60
vics28 posts ante 60
torresmo123 posts ante 60
beheritnjoye posts ante 60
Psy-kokwak posts ante 60
Lord Panterx posts small blind 250
La Barre AK posts big blind 500
Dealt to torresmo123 [7d 9h]
*** PRE-FLOP *** 
Psy-kokwak folds
vics28 folds
torresmo123 folds
beheritnjoye folds
Lord Panterx raises 12623 to 13123 and is all-in
La Barre AK calls 9311 and is all-in
*** FLOP *** [8s Jd 2c]
*** TURN *** [8s Jd 2c][Kh]
*** RIVER *** [8s Jd 2c Kh][9s]
*** SHOW DOWN ***
Lord Panterx shows [Ah 4s] (High card : Ace)
La Barre AK shows [3c 3h] (One pair : 3)
La Barre AK collected 19982 from main pot
Lord Panterx collected 3312 from side pot 1
*** SUMMARY ***
Total pot 23294 | No rake
Board: [8s Jd 2c Kh 9s]
Seat 4: Lord Panterx (small blind) showed [Ah 4s] and won 3312 with High card : Ace
Seat 5: La Barre AK (big blind) showed [3c 3h] and won 19982 with One pair : 3


Winamax Poker - Tournament "TEA TIME - ROAD TO 3 MILLION" buyIn: 18€ + 2€ level: 6 - HandId: #3254445343227510868-78-1708795532 - Holdem no limit (60/250/500) - 2024/02/24 17:25:32 UTC
Table: 'TEA TIME - ROAD TO 3 MILLION(757734604)#0083' 6-max (real money) Seat #4 is the button
Seat 1: vics28 (36500, 12.60€ bounty)
Seat 2: torresmo123 (62849, 7.20€ bounty)
Seat 3: beheritnjoye (40942, 10.80€ bounty)
Seat 4: Lord Panterx (3312, 10.80€ bounty)
Seat 5: La Barre AK (19982, 7.20€ bounty)
Seat 6: Psy-kokwak (14731, 10.80€ bounty)
*** ANTE/BLINDS ***
La Barre AK posts ante 60
Psy-kokwak posts ante 60
vics28 posts ante 60
torresmo123 posts ante 60
beheritnjoye posts ante 60
Lord Panterx posts ante 60
La Barre AK posts small blind 250
Psy-kokwak posts big blind 500
Dealt to torresmo123 [8s 9s]
*** PRE-FLOP *** 
vics28 folds
torresmo123 raises 550 to 1050
beheritnjoye folds
Lord Panterx raises 2202 to 3252 and is all-in
La Barre AK raises 16670 to 19922 and is all-in
Psy-kokwak folds
torresmo123 calls 18872
*** FLOP *** [7c 3d Js]
*** TURN *** [7c 3d Js][8c]
*** RIVER *** [7c 3d Js 8c][5s]
*** SHOW DOWN ***
Lord Panterx shows [5c Ad] (One pair : 5)
La Barre AK shows [As Tc] (High card : Ace)
torresmo123 shows [8s 9s] (One pair : 8)
torresmo123 collected 43956 from pot
*** SUMMARY ***
Total pot 43956 | No rake
Board: [7c 3d Js 8c 5s]
Seat 2: torresmo123 showed [8s 9s] and won 43956 with One pair : 8
Seat 4: Lord Panterx (button) showed [5c Ad] and lost with One pair : 5
Seat 5: La Barre AK (small blind) showed [As Tc] and lost with High card : Ace


Winamax Poker - Tournament "TEA TIME - ROAD TO 3 MILLION" buyIn: 18€ + 2€ level: 7 - HandId: #3254445343227510868-79-1708795594 - Holdem no limit (70/300/600) - 2024/02/24 17:26:34 UTC
Table: 'TEA TIME - ROAD TO 3 MILLION(757734604)#0083' 6-max (real money) Seat #5 is the button
Seat 1: vics28 (36440, 12.60€ bounty)
Seat 2: torresmo123 (86823, 16.20€ bounty)
Seat 3: beheritnjoye (40882, 10.80€ bounty)
Seat 6: Psy-kokwak (14171, 10.80€ bounty)
*** ANTE/BLINDS ***
Psy-kokwak posts ante 70
vics28 posts ante 70
torresmo123 posts ante 70
beheritnjoye posts ante 70
Psy-kokwak posts small blind 300
vics28 posts big blind 600
Dealt to torresmo123 [Qh 8c]
*** PRE-FLOP *** 
torresmo123 folds
beheritnjoye raises 600 to 1200
Psy-kokwak folds
vics28 calls 600
*** FLOP *** [Qs Kc 8h]
vics28 checks
beheritnjoye checks
*** TURN *** [Qs Kc 8h][7h]
vics28 bets 1043
beheritnjoye calls 1043
*** RIVER *** [Qs Kc 8h 7h][2c]
vics28 bets 1773
beheritnjoye calls 1773
*** SHOW DOWN ***
vics28 shows [Tc Ac] (High card : Ace)
beheritnjoye shows [Jd 8d] (One pair : 8)
beheritnjoye collected 8612 from pot
*** SUMMARY ***
Total pot 8612 | No rake
Board: [Qs Kc 8h 7h 2c]
Seat 1: vics28 (big blind) showed [Tc Ac] and lost with High card : Ace
Seat 3: beheritnjoye showed [Jd 8d] and won 8612 with One pair : 8


Winamax Poker - Tournament "TEA TIME - ROAD TO 3 MILLION" buyIn: 18€ + 2€ level: 7 - HandId: #3254445343227510868-80-1708795673 - Holdem no limit (70/300/600) - 2024/02/24 17:27:53 UTC
Table: 'TEA TIME - ROAD TO 3 MILLION(757734604)#0083' 6-max (real money) Seat #6 is the button
Seat 1: vics28 (32354, 12.60€ bounty)
Seat 2: torresmo123 (86753, 16.20€ bounty)
Seat 3: beheritnjoye (45408, 10.80€ bounty)
Seat 4: Lipaloa (54336, 14.40€ bounty)
Seat 5: Bigibagu (29713, 10.80€ bounty)
Seat 6: Psy-kokwak (13801, 10.80€ bounty)
*** ANTE/BLINDS ***
vics28 posts ante 70
torresmo123 posts ante 70
beheritnjoye posts ante 70
Lipaloa posts ante 70
Bigibagu posts ante 70
Psy-kokwak posts ante 70
vics28 posts small blind 300
torresmo123 posts big blind 600
Dealt to torresmo123 [4s Qc]
*** PRE-FLOP *** 
beheritnjoye folds
Lipaloa folds
Bigibagu folds
Psy-kokwak folds
vics28 raises 750 to 1350
torresmo123 calls 750
*** FLOP *** [4d 8d 6d]
vics28 bets 1092
torresmo123 calls 1092
*** TURN *** [4d 8d 6d][6s]
vics28 checks
torresmo123 checks
*** RIVER *** [4d 8d 6d 6s][Qd]
vics28 checks
torresmo123 checks
*** SHOW DOWN ***
vics28 shows [Jc 8s] (Two pairs : 8 and 6)
torresmo123 shows [4s Qc] (Two pairs : Queens and 6)
torresmo123 collected 5304 from pot
*** SUMMARY ***
Total pot 5304 | No rake
Board: [4d 8d 6d 6s Qd]
Seat 1: vics28 (small blind) showed [Jc 8s] and lost with Two pairs : 8 and 6
Seat 2: torresmo123 (big blind) showed [4s Qc] and won 5304 with Two pairs : Queens and 6


Winamax Poker - Tournament "TEA TIME - ROAD TO 3 MILLION" buyIn: 18€ + 2€ level: 7 - HandId: #3254445343227510868-81-1708795758 - Holdem no limit (70/300/600) - 2024/02/24 17:29:18 UTC
Table: 'TEA TIME - ROAD TO 3 MILLION(757734604)#0083' 6-max (real money) Seat #1 is the button
Seat 1: vics28 (29842, 12.60€ bounty)
Seat 2: torresmo123 (89545, 16.20€ bounty)
Seat 3: beheritnjoye (45338, 10.80€ bounty)
Seat 5: Bigibagu (29643, 10.80€ bounty)
Seat 6: Psy-kokwak (13731, 10.80€ bounty)
*** ANTE/BLINDS ***
torresmo123 posts ante 70
beheritnjoye posts ante 70
vics28 posts ante 70
Bigibagu posts ante 70
Psy-kokwak posts ante 70
torresmo123 posts small blind 300
beheritnjoye posts big blind 600
Dealt to torresmo123 [Ks Th]
*** PRE-FLOP *** 
Bigibagu raises 660 to 1260
Psy-kokwak folds
vics28 calls 1260
torresmo123 calls 960
beheritnjoye calls 660
*** FLOP *** [9d Qs 5s]
torresmo123 checks
beheritnjoye checks
Bigibagu checks
vics28 bets 1887
torresmo123 calls 1887
beheritnjoye calls 1887
Bigibagu calls 1887
*** TURN *** [9d Qs 5s][Ac]
torresmo123 checks
beheritnjoye checks
Bigibagu checks
vics28 checks
*** RIVER *** [9d Qs 5s Ac][6h]
torresmo123 checks
beheritnjoye checks
Bigibagu checks
vics28 checks
*** SHOW DOWN ***
vics28 shows [Jh Kc] (High card : Ace)
torresmo123 shows [Ks Th] (High card : Ace)
Bigibagu shows [Kh Ts] (High card : Ace)
beheritnjoye shows [9s 8s] (One pair : 9)
beheritnjoye collected 12938 from pot
*** SUMMARY ***
Total pot 12938 | No rake
Board: [9d Qs 5s Ac 6h]
Seat 1: vics28 (button) showed [Jh Kc] and lost with High card : Ace
Seat 2: torresmo123 (small blind) showed [Ks Th] and lost with High card : Ace
Seat 3: beheritnjoye (big blind) showed [9s 8s] and won 12938 with One pair : 9
Seat 5: Bigibagu showed [Kh Ts] and lost with High card : Ace


Winamax Poker - Tournament "TEA TIME - ROAD TO 3 MILLION" buyIn: 18€ + 2€ level: 7 - HandId: #3254445343227510868-82-1708795885 - Holdem no limit (70/300/600) - 2024/02/24 17:31:25 UTC
Table: 'TEA TIME - ROAD TO 3 MILLION(757734604)#0083' 6-max (real money) Seat #2 is the button
Seat 1: vics28 (26625, 12.60€ bounty)
Seat 2: torresmo123 (86328, 16.20€ bounty)
Seat 3: beheritnjoye (55059, 10.80€ bounty)
Seat 5: Bigibagu (26426, 10.80€ bounty)
Seat 6: Psy-kokwak (13661, 10.80€ bounty)
*** ANTE/BLINDS ***
beheritnjoye posts ante 70
Bigibagu posts ante 70
vics28 posts ante 70
torresmo123 posts ante 70
Psy-kokwak posts ante 70
beheritnjoye posts small blind 300
Bigibagu posts big blind 600
Dealt to torresmo123 [6s Jh]
*** PRE-FLOP *** 
Psy-kokwak folds
vics28 folds
torresmo123 folds
beheritnjoye raises 1500 to 2100
Bigibagu folds
beheritnjoye collected 3050 from pot
*** SUMMARY ***
Total pot 3050 | No rake
Seat 3: beheritnjoye (small blind) won 3050


Winamax Poker - Tournament "TEA TIME - ROAD TO 3 MILLION" buyIn: 18€ + 2€ level: 7 - HandId: #3254445343227510868-83-1708795916 - Holdem no limit (70/300/600) - 2024/02/24 17:31:56 UTC
Table: 'TEA TIME - ROAD TO 3 MILLION(757734604)#0083' 6-max (real money) Seat #3 is the button
Seat 1: vics28 (26555, 12.60€ bounty)
Seat 2: torresmo123 (86258, 16.20€ bounty)
Seat 3: beheritnjoye (55939, 10.80€ bounty)
Seat 4: G-marussia (20000, 7.20€ bounty)
Seat 5: Bigibagu (25756, 10.80€ bounty)
Seat 6: Psy-kokwak (13591, 10.80€ bounty)
*** ANTE/BLINDS ***
Bigibagu posts ante 70
Psy-kokwak posts ante 70
vics28 posts ante 70
torresmo123 posts ante 70
beheritnjoye posts ante 70
Bigibagu posts small blind 300
Psy-kokwak posts big blind 600
Dealt to torresmo123 [Qc 4s]
*** PRE-FLOP *** 
vics28 folds
torresmo123 folds
beheritnjoye raises 600 to 1200
Bigibagu calls 900
Psy-kokwak folds
*** FLOP *** [Td 8c 3d]
Bigibagu checks
beheritnjoye bets 1106
Bigibagu raises 2494 to 3600
beheritnjoye folds
Bigibagu collected 8056 from pot
*** SUMMARY ***
Total pot 8056 | No rake
Board: [Td 8c 3d]
Seat 5: Bigibagu (small blind) won 8056


Winamax Poker - Tournament "TEA TIME - ROAD TO 3 MILLION" buyIn: 18€ + 2€ level: 7 - HandId: #3254445343227510868-84-1708795974 - Holdem no limit (70/300/600) - 2024/02/24 17:32:54 UTC
Table: 'TEA TIME - ROAD TO 3 MILLION(757734604)#0083' 6-max (real money) Seat #5 is the button
Seat 1: vics28 (26485, 12.60€ bounty)
Seat 2: torresmo123 (86188, 16.20€ bounty)
Seat 3: beheritnjoye (53563, 10.80€ bounty)
Seat 4: G-marussia (20000, 7.20€ bounty)
Seat 5: Bigibagu (28942, 10.80€ bounty)
Seat 6: Psy-kokwak (12921, 10.80€ bounty)
*** ANTE/BLINDS ***
Psy-kokwak posts ante 70
vics28 posts ante 70
torresmo123 posts ante 70
beheritnjoye posts ante 70
G-marussia posts ante 70
Bigibagu posts ante 70
Psy-kokwak posts small blind 300
vics28 posts big blind 600
Dealt to torresmo123 [4d 3c]
*** PRE-FLOP *** 
torresmo123 folds
beheritnjoye folds
G-marussia folds
Bigibagu folds
Psy-kokwak calls 300
vics28 checks
*** FLOP *** [Qd Kh Kc]
Psy-kokwak bets 600
vics28 folds
Psy-kokwak collected 2220 from pot
*** SUMMARY ***
Total pot 2220 | No rake
Board: [Qd Kh Kc]
Seat 6: Psy-kokwak (small blind) won 2220


Winamax Poker - Tournament "TEA TIME - ROAD TO 3 MILLION" buyIn: 18€ + 2€ level: 7 - HandId: #3254445343227510868-85-1708796009 - Holdem no limit (70/300/600) - 2024/02/24 17:33:29 UTC
Table: 'TEA TIME - ROAD TO 3 MILLION(757734604)#0083' 6-max (real money) Seat #6 is the button
Seat 1: vics28 (25815, 12.60€ bounty)
Seat 2: torresmo123 (86118, 16.20€ bounty)
Seat 3: beheritnjoye (53493, 10.80€ bounty)
Seat 4: G-marussia (19930, 7.20€ bounty)
Seat 5: Bigibagu (28872, 10.80€ bounty)
Seat 6: Psy-kokwak (13871, 10.80€ bounty)
*** ANTE/BLINDS ***
vics28 posts ante 70
torresmo123 posts ante 70
beheritnjoye posts ante 70
G-marussia posts ante 70
Bigibagu posts ante 70
Psy-kokwak posts ante 70
vics28 posts small blind 300
torresmo123 posts big blind 600
Dealt to torresmo123 [Ac 9s]
*** PRE-FLOP *** 
beheritnjoye raises 600 to 1200
G-marussia folds
Bigibagu folds
Psy-kokwak folds
vics28 folds
torresmo123 calls 600
*** FLOP *** [5c 6d 2s]
torresmo123 checks
beheritnjoye bets 900
torresmo123 calls 900
*** TURN *** [5c 6d 2s][8d]
torresmo123 checks
beheritnjoye bets 2460
torresmo123 calls 2460
*** RIVER *** [5c 6d 2s 8d][Jh]
torresmo123 checks
beheritnjoye bets 9600
torresmo123 folds
beheritnjoye collected 19440 from pot
*** SUMMARY ***
Total pot 19440 | No rake
Board: [5c 6d 2s 8d Jh]
Seat 3: beheritnjoye won 19440


Winamax Poker - Tournament "TEA TIME - ROAD TO 3 MILLION" buyIn: 18€ + 2€ level: 8 - HandId: #3254445343227510868-86-1708796095 - Holdem no limit (80/350/700) - 2024/02/24 17:34:55 UTC
Table: 'TEA TIME - ROAD TO 3 MILLION(757734604)#0083' 6-max (real money) Seat #1 is the button
Seat 1: vics28 (25445, 12.60€ bounty)
Seat 2: torresmo123 (81488, 16.20€ bounty)
Seat 3: beheritnjoye (58703, 10.80€ bounty)
Seat 4: G-marussia (19860, 7.20€ bounty)
Seat 5: Bigibagu (28802, 10.80€ bounty)
Seat 6: Psy-kokwak (13801, 10.80€ bounty)
*** ANTE/BLINDS ***
torresmo123 posts ante 80
beheritnjoye posts ante 80
vics28 posts ante 80
G-marussia posts ante 80
Bigibagu posts ante 80
Psy-kokwak posts ante 80
torresmo123 posts small blind 350
beheritnjoye posts big blind 700
Dealt to torresmo123 [3d 9h]
*** PRE-FLOP *** 
G-marussia folds
Bigibagu folds
Psy-kokwak raises 700 to 1400
vics28 calls 1400
torresmo123 folds
beheritnjoye folds
*** FLOP *** [2d 6c 9s]
Psy-kokwak checks
vics28 bets 2165
Psy-kokwak folds
vics28 collected 6495 from pot
*** SUMMARY ***
Total pot 6495 | No rake
Board: [2d 6c 9s]
Seat 1: vics28 (button) won 6495


Winamax Poker - Tournament "TEA TIME - ROAD TO 3 MILLION" buyIn: 18€ + 2€ level: 8 - HandId: #3254445343227510868-87-1708796138 - Holdem no limit (80/350/700) - 2024/02/24 17:35:38 UTC
Table: 'TEA TIME - ROAD TO 3 MILLION(757734604)#0083' 6-max (real money) Seat #2 is the button
Seat 1: vics28 (28295, 12.60€ bounty)
Seat 2: torresmo123 (81058, 16.20€ bounty)
Seat 3: beheritnjoye (57923, 10.80€ bounty)
Seat 4: G-marussia (19780, 7.20€ bounty)
Seat 5: Bigibagu (28722, 10.80€ bounty)
Seat 6: Psy-kokwak (12321, 10.80€ bounty)
*** ANTE/BLINDS ***
beheritnjoye posts ante 80
G-marussia posts ante 80
vics28 posts ante 80
torresmo123 posts ante 80
Bigibagu posts ante 80
Psy-kokwak posts ante 80
beheritnjoye posts small blind 350
G-marussia posts big blind 700
Dealt to torresmo123 [8d 6s]
*** PRE-FLOP *** 
Bigibagu folds
Psy-kokwak folds
vics28 folds
torresmo123 folds
beheritnjoye raises 1750 to 2450
G-marussia calls 1750
*** FLOP *** [Jc 9c 7d]
beheritnjoye checks
G-marussia checks
*** TURN *** [Jc 9c 7d][Qc]
beheritnjoye bets 4900
G-marussia folds
beheritnjoye collected 10280 from pot
*** SUMMARY ***
Total pot 10280 | No rake
Board: [Jc 9c 7d Qc]
Seat 3: beheritnjoye (small blind) won 10280


Winamax Poker - Tournament "TEA TIME - ROAD TO 3 MILLION" buyIn: 18€ + 2€ level: 8 - HandId: #3254445343227510868-88-1708796205 - Holdem no limit (80/350/700) - 2024/02/24 17:36:45 UTC
Table: 'TEA TIME - ROAD TO 3 MILLION(757734604)#0083' 6-max (real money) Seat #3 is the button
Seat 1: vics28 (28215, 12.60€ bounty)
Seat 2: torresmo123 (80978, 16.20€ bounty)
Seat 3: beheritnjoye (60773, 10.80€ bounty)
Seat 4: G-marussia (17250, 7.20€ bounty)
Seat 5: Bigibagu (28642, 10.80€ bounty)
Seat 6: Psy-kokwak (12241, 10.80€ bounty)
*** ANTE/BLINDS ***
G-marussia posts ante 80
Bigibagu posts ante 80
vics28 posts ante 80
torresmo123 posts ante 80
beheritnjoye posts ante 80
Psy-kokwak posts ante 80
G-marussia posts small blind 350
Bigibagu posts big blind 700
Dealt to torresmo123 [8d Td]
*** PRE-FLOP *** 
Psy-kokwak raises 700 to 1400
vics28 folds
torresmo123 calls 1400
beheritnjoye folds
G-marussia raises 15770 to 17170 and is all-in
Bigibagu folds
Psy-kokwak folds
torresmo123 folds
G-marussia collected 21150 from pot
*** SUMMARY ***
Total pot 21150 | No rake
Seat 4: G-marussia (small blind) won 21150


Winamax Poker - Tournament "TEA TIME - ROAD TO 3 MILLION" buyIn: 18€ + 2€ level: 8 - HandId: #3254445343227510868-89-1708796264 - Holdem no limit (80/350/700) - 2024/02/24 17:37:44 UTC
Table: 'TEA TIME - ROAD TO 3 MILLION(757734604)#0083' 6-max (real money) Seat #4 is the button
Seat 1: vics28 (28135, 12.60€ bounty)
Seat 2: torresmo123 (79498, 16.20€ bounty)
Seat 3: beheritnjoye (60693, 10.80€ bounty)
Seat 4: G-marussia (21150, 7.20€ bounty)
Seat 5: Bigibagu (27862, 10.80€ bounty)
Seat 6: Psy-kokwak (10761, 10.80€ bounty)
*** ANTE/BLINDS ***
Bigibagu posts ante 80
Psy-kokwak posts ante 80
vics28 posts ante 80
torresmo123 posts ante 80
beheritnjoye posts ante 80
G-marussia posts ante 80
Bigibagu posts small blind 350
Psy-kokwak posts big blind 700
Dealt to torresmo123 [Kd 3c]
*** PRE-FLOP *** 
vics28 folds
torresmo123 folds
beheritnjoye raises 700 to 1400
G-marussia folds
Bigibagu folds
Psy-kokwak folds
beheritnjoye collected 2930 from pot
*** SUMMARY ***
Total pot 2930 | No rake
Seat 3: beheritnjoye won 2930


Winamax Poker - Tournament "TEA TIME - ROAD TO 3 MILLION" buyIn: 18€ + 2€ level: 8 - HandId: #3254445343227510868-90-1708796278 - Holdem no limit (80/350/700) - 2024/02/24 17:37:58 UTC
Table: 'TEA TIME - ROAD TO 3 MILLION(757734604)#0083' 6-max (real money) Seat #5 is the button
Seat 1: vics28 (28055, 12.60€ bounty)
Seat 2: torresmo123 (79418, 16.20€ bounty)
Seat 3: beheritnjoye (62143, 10.80€ bounty)
Seat 4: G-marussia (21070, 7.20€ bounty)
Seat 5: Bigibagu (27432, 10.80€ bounty)
Seat 6: Psy-kokwak (9981, 10.80€ bounty)
*** ANTE/BLINDS ***
Psy-kokwak posts ante 80
vics28 posts ante 80
torresmo123 posts ante 80
beheritnjoye posts ante 80
G-marussia posts ante 80
Bigibagu posts ante 80
Psy-kokwak posts small blind 350
vics28 posts big blind 700
Dealt to torresmo123 [5h 9d]
*** PRE-FLOP *** 
torresmo123 folds
beheritnjoye folds
G-marussia raises 1050 to 1750
Bigibagu folds
Psy-kokwak folds
vics28 calls 1050
*** FLOP *** [3s 6h 4d]
vics28 checks
G-marussia bets 19240 and is all-in
vics28 folds
G-marussia collected 23570 from pot
*** SUMMARY ***
Total pot 23570 | No rake
Board: [3s 6h 4d]
Seat 4: G-marussia won 23570


Winamax Poker - Tournament "TEA TIME - ROAD TO 3 MILLION" buyIn: 18€ + 2€ level: 8 - HandId: #3254445343227510868-91-1708796313 - Holdem no limit (80/350/700) - 2024/02/24 17:38:33 UTC
Table: 'TEA TIME - ROAD TO 3 MILLION(757734604)#0083' 6-max (real money) Seat #6 is the button
Seat 1: vics28 (26225, 12.60€ bounty)
Seat 2: torresmo123 (79338, 16.20€ bounty)
Seat 3: beheritnjoye (62063, 10.80€ bounty)
Seat 4: G-marussia (23570, 7.20€ bounty)
Seat 5: Bigibagu (27352, 10.80€ bounty)
Seat 6: Psy-kokwak (9551, 10.80€ bounty)
*** ANTE/BLINDS ***
vics28 posts ante 80
torresmo123 posts ante 80
beheritnjoye posts ante 80
G-marussia posts ante 80
Bigibagu posts ante 80
Psy-kokwak posts ante 80
vics28 posts small blind 350
torresmo123 posts big blind 700
Dealt to torresmo123 [Qs Js]
*** PRE-FLOP *** 
beheritnjoye folds
G-marussia folds
Bigibagu raises 770 to 1470
Psy-kokwak folds
vics28 calls 1120
torresmo123 raises 77788 to 79258 and is all-in
Bigibagu folds
vics28 folds
torresmo123 collected 82678 from pot
*** SUMMARY ***
Total pot 82678 | No rake
Seat 2: torresmo123 (big blind) won 82678


Winamax Poker - Tournament "TEA TIME - ROAD TO 3 MILLION" buyIn: 18€ + 2€ level: 8 - HandId: #3254445343227510868-92-1708796380 - Holdem no limit (80/350/700) - 2024/02/24 17:39:40 UTC
Table: 'TEA TIME - ROAD TO 3 MILLION(757734604)#0083' 6-max (real money) Seat #1 is the button
Seat 1: vics28 (24675, 12.60€ bounty)
Seat 2: torresmo123 (82678, 16.20€ bounty)
Seat 3: beheritnjoye (61983, 10.80€ bounty)
Seat 4: G-marussia (23490, 7.20€ bounty)
Seat 5: Bigibagu (25802, 10.80€ bounty)
Seat 6: Psy-kokwak (9471, 10.80€ bounty)
*** ANTE/BLINDS ***
torresmo123 posts ante 80
beheritnjoye posts ante 80
vics28 posts ante 80
G-marussia posts ante 80
Bigibagu posts ante 80
Psy-kokwak posts ante 80
torresmo123 posts small blind 350
beheritnjoye posts big blind 700
Dealt to torresmo123 [6h 3s]
*** PRE-FLOP *** 
G-marussia folds
Bigibagu folds
Psy-kokwak folds
vics28 folds
torresmo123 calls 350
beheritnjoye raises 1750 to 2450
torresmo123 folds
beheritnjoye collected 3630 from pot
*** SUMMARY ***
Total pot 3630 | No rake
Seat 3: beheritnjoye (big blind) won 3630


Winamax Poker - Tournament "TEA TIME - ROAD TO 3 MILLION" buyIn: 18€ + 2€ level: 8 - HandId: #3254445343227510868-93-1708796429 - Holdem no limit (80/350/700) - 2024/02/24 17:40:29 UTC
Table: 'TEA TIME - ROAD TO 3 MILLION(757734604)#0083' 6-max (real money) Seat #2 is the button
Seat 1: vics28 (24595, 12.60€ bounty)
Seat 2: torresmo123 (81898, 16.20€ bounty)
Seat 3: beheritnjoye (63083, 10.80€ bounty)
Seat 4: G-marussia (23410, 7.20€ bounty)
Seat 5: Bigibagu (25722, 10.80€ bounty)
Seat 6: Psy-kokwak (9391, 10.80€ bounty)
*** ANTE/BLINDS ***
beheritnjoye posts ante 80
G-marussia posts ante 80
vics28 posts ante 80
torresmo123 posts ante 80
Bigibagu posts ante 80
Psy-kokwak posts ante 80
beheritnjoye posts small blind 350
G-marussia posts big blind 700
Dealt to torresmo123 [9d 8h]
*** PRE-FLOP *** 
Bigibagu folds
Psy-kokwak folds
vics28 folds
torresmo123 raises 875 to 1575
beheritnjoye raises 4725 to 6300
G-marussia folds
torresmo123 folds
beheritnjoye collected 9055 from pot
*** SUMMARY ***
Total pot 9055 | No rake
Seat 3: beheritnjoye (small blind) won 9055


Winamax Poker - Tournament "TEA TIME - ROAD TO 3 MILLION" buyIn: 18€ + 2€ level: 8 - HandId: #3254445343227510868-94-1708796477 - Holdem no limit (80/350/700) - 2024/02/24 17:41:17 UTC
Table: 'TEA TIME - ROAD TO 3 MILLION(757734604)#0083' 6-max (real money) Seat #3 is the button
Seat 1: vics28 (24515, 12.60€ bounty)
Seat 2: torresmo123 (80243, 16.20€ bounty)
Seat 3: beheritnjoye (65758, 10.80€ bounty)
Seat 4: G-marussia (22630, 7.20€ bounty)
Seat 5: Bigibagu (25642, 10.80€ bounty)
Seat 6: Psy-kokwak (9311, 10.80€ bounty)
*** ANTE/BLINDS ***
G-marussia posts ante 80
Bigibagu posts ante 80
vics28 posts ante 80
torresmo123 posts ante 80
beheritnjoye posts ante 80
Psy-kokwak posts ante 80
G-marussia posts small blind 350
Bigibagu posts big blind 700
Dealt to torresmo123 [9h 4c]
*** PRE-FLOP *** 
Psy-kokwak folds
vics28 raises 875 to 1575
torresmo123 folds
beheritnjoye folds
G-marussia folds
Bigibagu calls 875
*** FLOP *** [9d 4d 7s]
Bigibagu checks
vics28 bets 1393
Bigibagu folds
vics28 collected 5373 from pot
*** SUMMARY ***
Total pot 5373 | No rake
Board: [9d 4d 7s]
Seat 1: vics28 won 5373


Winamax Poker - Tournament "TEA TIME - ROAD TO 3 MILLION" buyIn: 18€ + 2€ level: 9 - HandId: #3254445343227510868-95-1708796530 - Holdem no limit (100/400/800) - 2024/02/24 17:42:10 UTC
Table: 'TEA TIME - ROAD TO 3 MILLION(757734604)#0083' 6-max (real money) Seat #4 is the button
Seat 1: vics28 (26840, 12.60€ bounty)
Seat 2: torresmo123 (80163, 16.20€ bounty)
Seat 3: beheritnjoye (65678, 10.80€ bounty)
Seat 4: G-marussia (22200, 7.20€ bounty)
Seat 5: Bigibagu (23987, 10.80€ bounty)
Seat 6: Psy-kokwak (9231, 10.80€ bounty)
*** ANTE/BLINDS ***
Bigibagu posts ante 100
Psy-kokwak posts ante 100
vics28 posts ante 100
torresmo123 posts ante 100
beheritnjoye posts ante 100
G-marussia posts ante 100
Bigibagu posts small blind 400
Psy-kokwak posts big blind 800
Dealt to torresmo123 [Jd Js]
*** PRE-FLOP *** 
vics28 folds
torresmo123 raises 880 to 1680
beheritnjoye raises 4720 to 6400
G-marussia folds
Bigibagu raises 17487 to 23887 and is all-in
Psy-kokwak calls 8331 and is all-in
torresmo123 raises 56176 to 80063 and is all-in
beheritnjoye folds
*** FLOP *** [8s 6c As]
*** TURN *** [8s 6c As][2c]
*** RIVER *** [8s 6c As 2c][9c]
*** SHOW DOWN ***
torresmo123 shows [Jd Js] (One pair : Jacks)
Bigibagu shows [Ks Kd] (One pair : Kings)
Psy-kokwak shows [Ac Qs] (One pair : Aces)
Psy-kokwak collected 34393 from main pot
Bigibagu collected 29512 from side pot 1
torresmo123 collected 56176 from side pot 2
*** SUMMARY ***
Total pot 120081 | No rake
Board: [8s 6c As 2c 9c]
Seat 2: torresmo123 showed [Jd Js] and won 56176 with One pair : Jacks
Seat 5: Bigibagu (small blind) showed [Ks Kd] and won 29512 with One pair : Kings
Seat 6: Psy-kokwak (big blind) showed [Ac Qs] and won 34393 with One pair : Aces


Winamax Poker - Tournament "TEA TIME - ROAD TO 3 MILLION" buyIn: 18€ + 2€ level: 9 - HandId: #3254445343227510868-96-1708796587 - Holdem no limit (100/400/800) - 2024/02/24 17:43:07 UTC
Table: 'TEA TIME - ROAD TO 3 MILLION(757734604)#0083' 6-max (real money) Seat #5 is the button
Seat 1: vics28 (26740, 12.60€ bounty)
Seat 2: torresmo123 (56176, 16.20€ bounty)
Seat 3: beheritnjoye (59178, 10.80€ bounty)
Seat 4: G-marussia (22100, 7.20€ bounty)
Seat 5: Bigibagu (29512, 10.80€ bounty)
Seat 6: Psy-kokwak (34393, 10.80€ bounty)
*** ANTE/BLINDS ***
Psy-kokwak posts ante 100
vics28 posts ante 100
torresmo123 posts ante 100
beheritnjoye posts ante 100
G-marussia posts ante 100
Bigibagu posts ante 100
Psy-kokwak posts small blind 400
vics28 posts big blind 800
Dealt to torresmo123 [Td 5c]
*** PRE-FLOP *** 
torresmo123 folds
beheritnjoye folds
G-marussia folds
Bigibagu folds
Psy-kokwak folds
vics28 collected 1800 from pot
*** SUMMARY ***
Total pot 1800 | No rake
Seat 1: vics28 (big blind) won 1800


Winamax Poker - Tournament "TEA TIME - ROAD TO 3 MILLION" buyIn: 18€ + 2€ level: 9 - HandId: #3254445343227510868-97-1708796601 - Holdem no limit (100/400/800) - 2024/02/24 17:43:21 UTC
Table: 'TEA TIME - ROAD TO 3 MILLION(757734604)#0083' 6-max (real money) Seat #6 is the button
Seat 1: vics28 (27640, 12.60€ bounty)
Seat 2: torresmo123 (56076, 16.20€ bounty)
Seat 3: beheritnjoye (59078, 10.80€ bounty)
Seat 4: G-marussia (22000, 7.20€ bounty)
Seat 5: Bigibagu (29412, 10.80€ bounty)
Seat 6: Psy-kokwak (33893, 10.80€ bounty)
*** ANTE/BLINDS ***
vics28 posts ante 100
torresmo123 posts ante 100
beheritnjoye posts ante 100
G-marussia posts ante 100
Bigibagu posts ante 100
Psy-kokwak posts ante 100
vics28 posts small blind 400
torresmo123 posts big blind 800
Dealt to torresmo123 [Kh Qs]
*** PRE-FLOP *** 
beheritnjoye folds
G-marussia folds
Bigibagu folds
Psy-kokwak folds
vics28 folds
torresmo123 collected 1800 from pot
*** SUMMARY ***
Total pot 1800 | No rake
Seat 2: torresmo123 (big blind) won 1800


Winamax Poker - Tournament "TEA TIME - ROAD TO 3 MILLION" buyIn: 18€ + 2€ level: 9 - HandId: #3254445343227510868-98-1708796613 - Holdem no limit (100/400/800) - 2024/02/24 17:43:33 UTC
Table: 'TEA TIME - ROAD TO 3 MILLION(757734604)#0083' 6-max (real money) Seat #1 is the button
Seat 1: vics28 (27140, 12.60€ bounty)
Seat 2: torresmo123 (56976, 16.20€ bounty)
Seat 3: beheritnjoye (58978, 10.80€ bounty)
Seat 4: G-marussia (21900, 7.20€ bounty)
Seat 5: Bigibagu (29312, 10.80€ bounty)
Seat 6: Psy-kokwak (33793, 10.80€ bounty)
*** ANTE/BLINDS ***
torresmo123 posts ante 100
beheritnjoye posts ante 100
vics28 posts ante 100
G-marussia posts ante 100
Bigibagu posts ante 100
Psy-kokwak posts ante 100
torresmo123 posts small blind 400
beheritnjoye posts big blind 800
Dealt to torresmo123 [4h 3h]
*** PRE-FLOP *** 
G-marussia folds
Bigibagu folds
Psy-kokwak folds
vics28 folds
torresmo123 calls 400
beheritnjoye raises 2000 to 2800
torresmo123 calls 2000
*** FLOP *** [Ah Qs 3s]
torresmo123 checks
beheritnjoye bets 2046
torresmo123 calls 2046
*** TURN *** [Ah Qs 3s][8s]
torresmo123 checks
beheritnjoye bets 5146
torresmo123 folds
beheritnjoye collected 15438 from pot
*** SUMMARY ***
Total pot 15438 | No rake
Board: [Ah Qs 3s 8s]
Seat 3: beheritnjoye (big blind) won 15438


Winamax Poker - Tournament "TEA TIME - ROAD TO 3 MILLION" buyIn: 18€ + 2€ level: 9 - HandId: #3254445343227510868-99-1708796709 - Holdem no limit (100/400/800) - 2024/02/24 17:45:09 UTC
Table: 'TEA TIME - ROAD TO 3 MILLION(757734604)#0083' 6-max (real money) Seat #2 is the button
Seat 1: vics28 (27040, 12.60€ bounty)
Seat 2: torresmo123 (52030, 16.20€ bounty)
Seat 3: beheritnjoye (64324, 10.80€ bounty)
Seat 4: G-marussia (21800, 7.20€ bounty)
Seat 5: Bigibagu (29212, 10.80€ bounty)
Seat 6: Psy-kokwak (33693, 10.80€ bounty)
*** ANTE/BLINDS ***
beheritnjoye posts ante 100
G-marussia posts ante 100
vics28 posts ante 100
torresmo123 posts ante 100
Bigibagu posts ante 100
Psy-kokwak posts ante 100
beheritnjoye posts small blind 400
G-marussia posts big blind 800
Dealt to torresmo123 [5h 8c]
*** PRE-FLOP *** 
Bigibagu folds
Psy-kokwak folds
vics28 folds
torresmo123 folds
beheritnjoye raises 2000 to 2800
G-marussia raises 18900 to 21700 and is all-in
beheritnjoye folds
G-marussia collected 25100 from pot
*** SUMMARY ***
Total pot 25100 | No rake
Seat 4: G-marussia (big blind) won 25100


Winamax Poker - Tournament "TEA TIME - ROAD TO 3 MILLION" buyIn: 18€ + 2€ level: 9 - HandId: #3254445343227510868-100-1708796771 - Holdem no limit (100/400/800) - 2024/02/24 17:46:11 UTC
Table: 'TEA TIME - ROAD TO 3 MILLION(757734604)#0083' 6-max (real money) Seat #3 is the button
Seat 1: vics28 (26940, 12.60€ bounty)
Seat 2: torresmo123 (51930, 16.20€ bounty)
Seat 3: beheritnjoye (61424, 10.80€ bounty)
Seat 4: G-marussia (25100, 7.20€ bounty)
Seat 5: Bigibagu (29112, 10.80€ bounty)
Seat 6: Psy-kokwak (33593, 10.80€ bounty)
*** ANTE/BLINDS ***
G-marussia posts ante 100
Bigibagu posts ante 100
vics28 posts ante 100
torresmo123 posts ante 100
beheritnjoye posts ante 100
Psy-kokwak posts ante 100
G-marussia posts small blind 400
Bigibagu posts big blind 800
Dealt to torresmo123 [Jd Kc]
*** PRE-FLOP *** 
Psy-kokwak folds
vics28 raises 1000 to 1800
torresmo123 calls 1800
beheritnjoye folds
G-marussia folds
Bigibagu calls 1000
*** FLOP *** [7d 4d Ks]
Bigibagu checks
vics28 bets 2240
torresmo123 calls 2240
Bigibagu calls 2240
*** TURN *** [7d 4d Ks][5c]
Bigibagu checks
vics28 checks
torresmo123 bets 7216
Bigibagu folds
vics28 folds
torresmo123 collected 20336 from pot
*** SUMMARY ***
Total pot 20336 | No rake
Board: [7d 4d Ks 5c]
Seat 2: torresmo123 won 20336


Winamax Poker - Tournament "TEA TIME - ROAD TO 3 MILLION" buyIn: 18€ + 2€ level: 9 - HandId: #3254445343227510868-101-1708796852 - Holdem no limit (100/400/800) - 2024/02/24 17:47:32 UTC
Table: 'TEA TIME - ROAD TO 3 MILLION(757734604)#0083' 6-max (real money) Seat #4 is the button
Seat 1: vics28 (22800, 12.60€ bounty)
Seat 2: torresmo123 (60910, 16.20€ bounty)
Seat 3: beheritnjoye (61324, 10.80€ bounty)
Seat 4: G-marussia (24600, 7.20€ bounty)
Seat 5: Bigibagu (24972, 10.80€ bounty)
Seat 6: Psy-kokwak (33493, 10.80€ bounty)
*** ANTE/BLINDS ***
Bigibagu posts ante 100
Psy-kokwak posts ante 100
vics28 posts ante 100
torresmo123 posts ante 100
beheritnjoye posts ante 100
G-marussia posts ante 100
Bigibagu posts small blind 400
Psy-kokwak posts big blind 800
Dealt to torresmo123 [Qc 7h]
*** PRE-FLOP *** 
vics28 folds
torresmo123 folds
beheritnjoye folds
G-marussia folds
Bigibagu folds
Psy-kokwak collected 1800 from pot
*** SUMMARY ***
Total pot 1800 | No rake
Seat 6: Psy-kokwak (big blind) won 1800


Winamax Poker - Tournament "TEA TIME - ROAD TO 3 MILLION" buyIn: 18€ + 2€ level: 9 - HandId: #3254445343227510868-102-1708796864 - Holdem no limit (100/400/800) - 2024/02/24 17:47:44 UTC
Table: 'TEA TIME - ROAD TO 3 MILLION(757734604)#0083' 6-max (real money) Seat #5 is the button
Seat 1: vics28 (22700, 12.60€ bounty)
Seat 2: torresmo123 (60810, 16.20€ bounty)
Seat 3: beheritnjoye (61224, 10.80€ bounty)
Seat 4: G-marussia (24500, 7.20€ bounty)
Seat 5: Bigibagu (24472, 10.80€ bounty)
Seat 6: Psy-kokwak (34393, 10.80€ bounty)
*** ANTE/BLINDS ***
Psy-kokwak posts ante 100
vics28 posts ante 100
torresmo123 posts ante 100
beheritnjoye posts ante 100
G-marussia posts ante 100
Bigibagu posts ante 100
Psy-kokwak posts small blind 400
vics28 posts big blind 800
Dealt to torresmo123 [7s Ts]
*** PRE-FLOP *** 
torresmo123 raises 880 to 1680
beheritnjoye folds
G-marussia folds
Bigibagu raises 22692 to 24372 and is all-in
Psy-kokwak folds
vics28 folds
torresmo123 folds
Bigibagu collected 27852 from pot
*** SUMMARY ***
Total pot 27852 | No rake
Seat 5: Bigibagu (button) won 27852


Winamax Poker - Tournament "TEA TIME - ROAD TO 3 MILLION" buyIn: 18€ + 2€ level: 9 - HandId: #3254445343227510868-103-1708796916 - Holdem no limit (100/400/800) - 2024/02/24 17:48:36 UTC
Table: 'TEA TIME - ROAD TO 3 MILLION(757734604)#0083' 6-max (real money) Seat #6 is the button
Seat 1: vics28 (21800, 12.60€ bounty)
Seat 2: torresmo123 (59030, 16.20€ bounty)
Seat 3: beheritnjoye (61124, 10.80€ bounty)
Seat 4: G-marussia (24400, 7.20€ bounty)
Seat 5: Bigibagu (27852, 10.80€ bounty)
Seat 6: Psy-kokwak (33893, 10.80€ bounty)
*** ANTE/BLINDS ***
vics28 posts ante 100
torresmo123 posts ante 100
beheritnjoye posts ante 100
G-marussia posts ante 100
Bigibagu posts ante 100
Psy-kokwak posts ante 100
vics28 posts small blind 400
torresmo123 posts big blind 800
Dealt to torresmo123 [Qd 3d]
*** PRE-FLOP *** 
beheritnjoye folds
G-marussia folds
Bigibagu folds
Psy-kokwak folds
vics28 calls 400
torresmo123 checks
*** FLOP *** [5c 7d Kh]
vics28 bets 1430
torresmo123 folds
vics28 collected 3630 from pot
*** SUMMARY ***
Total pot 3630 | No rake
Board: [5c 7d Kh]
Seat 1: vics28 (small blind) won 3630


Winamax Poker - Tournament "TEA TIME - ROAD TO 3 MILLION" buyIn: 18€ + 2€ level: 9 - HandId: #3254445343227510868-104-1708796990 - Holdem no limit (100/400/800) - 2024/02/24 17:49:50 UTC
Table: 'TEA TIME - ROAD TO 3 MILLION(757734604)#0083' 6-max (real money) Seat #1 is the button
Seat 1: vics28 (23100, 12.60€ bounty)
Seat 2: torresmo123 (58130, 16.20€ bounty)
Seat 3: beheritnjoye (61024, 10.80€ bounty)
Seat 4: G-marussia (24300, 7.20€ bounty)
Seat 5: Bigibagu (27752, 10.80€ bounty)
Seat 6: Psy-kokwak (33793, 10.80€ bounty)
*** ANTE/BLINDS ***
torresmo123 posts ante 100
beheritnjoye posts ante 100
vics28 posts ante 100
G-marussia posts ante 100
Bigibagu posts ante 100
Psy-kokwak posts ante 100
torresmo123 posts small blind 400
beheritnjoye posts big blind 800
Dealt to torresmo123 [4d 2c]
*** PRE-FLOP *** 
G-marussia folds
Bigibagu folds
Psy-kokwak folds
vics28 raises 1000 to 1800
torresmo123 folds
beheritnjoye calls 1000
*** FLOP *** [Tc Kd Kh]
beheritnjoye checks
vics28 bets 1150
beheritnjoye calls 1150
*** TURN *** [Tc Kd Kh][Ah]
beheritnjoye checks
vics28 checks
*** RIVER *** [Tc Kd Kh Ah][4h]
beheritnjoye bets 6900
vics28 calls 6900
*** SHOW DOWN ***
vics28 shows [Ad 7c] (Two pairs : Aces and Kings)
beheritnjoye shows [5c Kc] (Trips of Kings)
beheritnjoye collected 20700 from pot
*** SUMMARY ***
Total pot 20700 | No rake
Board: [Tc Kd Kh Ah 4h]
Seat 1: vics28 (button) showed [Ad 7c] and lost with Two pairs : Aces and Kings
Seat 3: beheritnjoye (big blind) showed [5c Kc] and won 20700 with Trips of Kings


Winamax Poker - Tournament "TEA TIME - ROAD TO 3 MILLION" buyIn: 18€ + 2€ level: 10 - HandId: #3254445343227510868-105-1708797080 - Holdem no limit (120/500/1000) - 2024/02/24 17:51:20 UTC
Table: 'TEA TIME - ROAD TO 3 MILLION(757734604)#0083' 6-max (real money) Seat #2 is the button
Seat 1: vics28 (13150, 12.60€ bounty)
Seat 2: torresmo123 (57630, 16.20€ bounty)
Seat 3: beheritnjoye (71774, 10.80€ bounty)
Seat 4: G-marussia (24200, 7.20€ bounty)
Seat 5: Bigibagu (27652, 10.80€ bounty)
Seat 6: Psy-kokwak (33693, 10.80€ bounty)
*** ANTE/BLINDS ***
beheritnjoye posts ante 120
G-marussia posts ante 120
vics28 posts ante 120
torresmo123 posts ante 120
Bigibagu posts ante 120
Psy-kokwak posts ante 120
beheritnjoye posts small blind 500
G-marussia posts big blind 1000
Dealt to torresmo123 [Qh 9s]
*** PRE-FLOP *** 
Bigibagu folds
Psy-kokwak folds
vics28 raises 12030 to 13030 and is all-in
torresmo123 folds
beheritnjoye folds
G-marussia calls 12030
*** FLOP *** [5s Kh 9d]
*** TURN *** [5s Kh 9d][Th]
*** RIVER *** [5s Kh 9d Th][3c]
*** SHOW DOWN ***
G-marussia shows [7c As] (High card : Ace)
vics28 shows [Qc Ks] (One pair : Kings)
vics28 collected 27280 from pot
*** SUMMARY ***
Total pot 27280 | No rake
Board: [5s Kh 9d Th 3c]
Seat 1: vics28 showed [Qc Ks] and won 27280 with One pair : Kings
Seat 4: G-marussia (big blind) showed [7c As] and lost with High card : Ace


Winamax Poker - Tournament "TEA TIME - ROAD TO 3 MILLION" buyIn: 18€ + 2€ level: 10 - HandId: #3254445343227510868-106-1708797125 - Holdem no limit (120/500/1000) - 2024/02/24 17:52:05 UTC
Table: 'TEA TIME - ROAD TO 3 MILLION(757734604)#0083' 6-max (real money) Seat #3 is the button
Seat 1: vics28 (27280, 12.60€ bounty)
Seat 2: torresmo123 (57510, 16.20€ bounty)
Seat 3: beheritnjoye (71154, 10.80€ bounty)
Seat 4: G-marussia (11050, 7.20€ bounty)
Seat 5: Bigibagu (27532, 10.80€ bounty)
Seat 6: Psy-kokwak (33573, 10.80€ bounty)
*** ANTE/BLINDS ***
G-marussia posts ante 120
Bigibagu posts ante 120
vics28 posts ante 120
torresmo123 posts ante 120
beheritnjoye posts ante 120
Psy-kokwak posts ante 120
G-marussia posts small blind 500
Bigibagu posts big blind 1000
Dealt to torresmo123 [9d 3d]
*** PRE-FLOP *** 
Psy-kokwak folds
vics28 folds
torresmo123 folds
beheritnjoye raises 1000 to 2000
G-marussia raises 8930 to 10930 and is all-in
Bigibagu raises 16482 to 27412 and is all-in
beheritnjoye folds
*** FLOP *** [Jh 2h 4h]
*** TURN *** [Jh 2h 4h][7h]
*** RIVER *** [Jh 2h 4h 7h][Qc]
*** SHOW DOWN ***
G-marussia shows [3c Ah] (Flush Ace high)
Bigibagu shows [9s Ac] (High card : Ace)
Bigibagu collected 16482 from side pot 1
G-marussia collected 24580 from main pot
*** SUMMARY ***
Total pot 41062 | No rake
Board: [Jh 2h 4h 7h Qc]
Seat 4: G-marussia (small blind) showed [3c Ah] and won 24580 with Flush Ace high
Seat 5: Bigibagu (big blind) showed [9s Ac] and won 16482 with High card : Ace


Winamax Poker - Tournament "TEA TIME - ROAD TO 3 MILLION" buyIn: 18€ + 2€ level: 10 - HandId: #3254445343227510868-107-1708797172 - Holdem no limit (120/500/1000) - 2024/02/24 17:52:52 UTC
Table: 'TEA TIME - ROAD TO 3 MILLION(757734604)#0083' 6-max (real money) Seat #4 is the button
Seat 1: vics28 (27160, 12.60€ bounty)
Seat 2: torresmo123 (57390, 16.20€ bounty)
Seat 3: beheritnjoye (69034, 10.80€ bounty)
Seat 4: G-marussia (24580, 7.20€ bounty)
Seat 5: Bigibagu (16482, 10.80€ bounty)
Seat 6: Psy-kokwak (33453, 10.80€ bounty)
*** ANTE/BLINDS ***
Bigibagu posts ante 120
Psy-kokwak posts ante 120
vics28 posts ante 120
torresmo123 posts ante 120
beheritnjoye posts ante 120
G-marussia posts ante 120
Bigibagu posts small blind 500
Psy-kokwak posts big blind 1000
Dealt to torresmo123 [9d Ac]
*** PRE-FLOP *** 
vics28 folds
torresmo123 raises 1100 to 2100
beheritnjoye folds
G-marussia raises 4200 to 6300
Bigibagu folds
Psy-kokwak folds
torresmo123 folds
G-marussia collected 10620 from pot
*** SUMMARY ***
Total pot 10620 | No rake
Seat 4: G-marussia (button) won 10620


Winamax Poker - Tournament "TEA TIME - ROAD TO 3 MILLION" buyIn: 18€ + 2€ level: 10 - HandId: #3254445343227510868-108-1708797217 - Holdem no limit (120/500/1000) - 2024/02/24 17:53:37 UTC
Table: 'TEA TIME - ROAD TO 3 MILLION(757734604)#0083' 6-max (real money) Seat #5 is the button
Seat 1: vics28 (27040, 12.60€ bounty)
Seat 2: torresmo123 (55170, 16.20€ bounty)
Seat 3: beheritnjoye (68914, 10.80€ bounty)
Seat 4: G-marussia (28780, 7.20€ bounty)
Seat 5: Bigibagu (15862, 10.80€ bounty)
Seat 6: Psy-kokwak (32333, 10.80€ bounty)
*** ANTE/BLINDS ***
Psy-kokwak posts ante 120
vics28 posts ante 120
torresmo123 posts ante 120
beheritnjoye posts ante 120
G-marussia posts ante 120
Bigibagu posts ante 120
Psy-kokwak posts small blind 500
vics28 posts big blind 1000
Dealt to torresmo123 [5h Ac]
*** PRE-FLOP *** 
torresmo123 folds
beheritnjoye folds
G-marussia folds
Bigibagu folds
Psy-kokwak folds
vics28 collected 2220 from pot
*** SUMMARY ***
Total pot 2220 | No rake
Seat 1: vics28 (big blind) won 2220


Winamax Poker - Tournament "TEA TIME - ROAD TO 3 MILLION" buyIn: 18€ + 2€ level: 10 - HandId: #3254445343227510868-109-1708797232 - Holdem no limit (120/500/1000) - 2024/02/24 17:53:52 UTC
Table: 'TEA TIME - ROAD TO 3 MILLION(757734604)#0083' 6-max (real money) Seat #6 is the button
Seat 1: vics28 (28140, 12.60€ bounty)
Seat 2: torresmo123 (55050, 16.20€ bounty)
Seat 3: beheritnjoye (68794, 10.80€ bounty)
Seat 4: G-marussia (28660, 7.20€ bounty)
Seat 5: Bigibagu (15742, 10.80€ bounty)
Seat 6: Psy-kokwak (31713, 10.80€ bounty)
*** ANTE/BLINDS ***
vics28 posts ante 120
torresmo123 posts ante 120
beheritnjoye posts ante 120
G-marussia posts ante 120
Bigibagu posts ante 120
Psy-kokwak posts ante 120
vics28 posts small blind 500
torresmo123 posts big blind 1000
Dealt to torresmo123 [2d 6d]
*** PRE-FLOP *** 
beheritnjoye folds
G-marussia raises 1500 to 2500
Bigibagu folds
Psy-kokwak folds
vics28 folds
torresmo123 calls 1500
*** FLOP *** [5d Qc 9c]
torresmo123 checks
G-marussia bets 3500
torresmo123 folds
G-marussia collected 9720 from pot
*** SUMMARY ***
Total pot 9720 | No rake
Board: [5d Qc 9c]
Seat 4: G-marussia won 9720


Winamax Poker - Tournament "TEA TIME - ROAD TO 3 MILLION" buyIn: 18€ + 2€ level: 10 - HandId: #3254445343227510868-110-1708797660 - Holdem no limit (120/500/1000) - 2024/02/24 18:01:00 UTC
Table: 'TEA TIME - ROAD TO 3 MILLION(757734604)#0083' 6-max (real money) Seat #1 is the button
Seat 1: vics28 (27520, 12.60€ bounty)
Seat 2: torresmo123 (52430, 16.20€ bounty)
Seat 3: beheritnjoye (68674, 10.80€ bounty)
Seat 4: G-marussia (32260, 7.20€ bounty)
Seat 5: Bigibagu (15622, 10.80€ bounty)
Seat 6: Psy-kokwak (31593, 10.80€ bounty)
*** ANTE/BLINDS ***
torresmo123 posts ante 120
beheritnjoye posts ante 120
vics28 posts ante 120
G-marussia posts ante 120
Bigibagu posts ante 120
Psy-kokwak posts ante 120
torresmo123 posts small blind 500
beheritnjoye posts big blind 1000
Dealt to torresmo123 [Td Kc]
*** PRE-FLOP *** 
G-marussia folds
Bigibagu folds
Psy-kokwak folds
vics28 folds
torresmo123 raises 2500 to 3500
beheritnjoye calls 2500
*** FLOP *** [Jd Jh 5s]
torresmo123 bets 1544
beheritnjoye calls 1544
*** TURN *** [Jd Jh 5s][7h]
torresmo123 checks
beheritnjoye bets 7500
torresmo123 folds
beheritnjoye collected 18308 from pot
*** SUMMARY ***
Total pot 18308 | No rake
Board: [Jd Jh 5s 7h]
Seat 3: beheritnjoye (big blind) won 18308


Winamax Poker - Tournament "TEA TIME - ROAD TO 3 MILLION" buyIn: 18€ + 2€ level: 10 - HandId: #3254445343227510868-111-1708797768 - Holdem no limit (120/500/1000) - 2024/02/24 18:02:48 UTC
Table: 'TEA TIME - ROAD TO 3 MILLION(757734604)#0083' 6-max (real money) Seat #2 is the button
Seat 1: vics28 (27400, 12.60€ bounty)
Seat 2: torresmo123 (47266, 16.20€ bounty)
Seat 3: beheritnjoye (74318, 10.80€ bounty)
Seat 4: G-marussia (32140, 7.20€ bounty)
Seat 5: Bigibagu (15502, 10.80€ bounty)
Seat 6: Psy-kokwak (31473, 10.80€ bounty)
*** ANTE/BLINDS ***
beheritnjoye posts ante 120
G-marussia posts ante 120
vics28 posts ante 120
torresmo123 posts ante 120
Bigibagu posts ante 120
Psy-kokwak posts ante 120
beheritnjoye posts small blind 500
G-marussia posts big blind 1000
Dealt to torresmo123 [3s 9c]
*** PRE-FLOP *** 
Bigibagu raises 1000 to 2000
Psy-kokwak raises 29353 to 31353 and is all-in
vics28 folds
torresmo123 folds
beheritnjoye calls 30853
G-marussia folds
Bigibagu folds
*** FLOP *** [Ah 5c 8c]
*** TURN *** [Ah 5c 8c][2h]
*** RIVER *** [Ah 5c 8c 2h][2s]
*** SHOW DOWN ***
Psy-kokwak shows [Js Jc] (Two pairs : Jacks and 2)
beheritnjoye shows [Ad Ac] (Full of Aces and 2)
beheritnjoye collected 66426 from pot
*** SUMMARY ***
Total pot 66426 | No rake
Board: [Ah 5c 8c 2h 2s]
Seat 3: beheritnjoye (small blind) showed [Ad Ac] and won 66426 with Full of Aces and 2
Seat 6: Psy-kokwak showed [Js Jc] and lost with Two pairs : Jacks and 2


Winamax Poker - Tournament "TEA TIME - ROAD TO 3 MILLION" buyIn: 18€ + 2€ level: 10 - HandId: #3254445343227510868-112-1708797802 - Holdem no limit (120/500/1000) - 2024/02/24 18:03:22 UTC
Table: 'TEA TIME - ROAD TO 3 MILLION(757734604)#0083' 6-max (real money) Seat #3 is the button
Seat 1: vics28 (27280, 12.60€ bounty)
Seat 2: torresmo123 (47146, 16.20€ bounty)
Seat 3: beheritnjoye (109271, 16.20€ bounty)
Seat 4: G-marussia (31020, 7.20€ bounty)
Seat 5: Bigibagu (13382, 10.80€ bounty)
*** ANTE/BLINDS ***
G-marussia posts ante 120
Bigibagu posts ante 120
vics28 posts ante 120
torresmo123 posts ante 120
beheritnjoye posts ante 120
G-marussia posts small blind 500
Bigibagu posts big blind 1000
Dealt to torresmo123 [3d 2h]
*** PRE-FLOP *** 
vics28 folds
torresmo123 folds
beheritnjoye folds
G-marussia folds
Bigibagu collected 2100 from pot
*** SUMMARY ***
Total pot 2100 | No rake
Seat 5: Bigibagu (big blind) won 2100


Winamax Poker - Tournament "TEA TIME - ROAD TO 3 MILLION" buyIn: 18€ + 2€ level: 11 - HandId: #3254445343227510868-113-1708797936 - Holdem no limit (140/600/1200) - 2024/02/24 18:05:36 UTC
Table: 'TEA TIME - ROAD TO 3 MILLION(757734604)#0083' 6-max (real money) Seat #4 is the button
Seat 1: vics28 (27160, 12.60€ bounty)
Seat 2: torresmo123 (47026, 16.20€ bounty)
Seat 3: beheritnjoye (109151, 16.20€ bounty)
Seat 4: G-marussia (30400, 7.20€ bounty)
Seat 5: Bigibagu (14362, 10.80€ bounty)
Seat 6: Curt_Jock (60690, 14.40€ bounty)
*** ANTE/BLINDS ***
Bigibagu posts ante 140
Curt_Jock posts ante 140
vics28 posts ante 140
torresmo123 posts ante 140
beheritnjoye posts ante 140
G-marussia posts ante 140
Bigibagu posts small blind 600
Curt_Jock posts big blind 1200
Dealt to torresmo123 [7h 9h]
*** PRE-FLOP *** 
vics28 folds
torresmo123 raises 1320 to 2520
beheritnjoye folds
G-marussia folds
Bigibagu folds
Curt_Jock calls 1320
*** FLOP *** [4d Qh 6s]
Curt_Jock checks
torresmo123 bets 1296
Curt_Jock calls 1296
*** TURN *** [4d Qh 6s][Ks]
Curt_Jock checks
torresmo123 bets 9000
Curt_Jock folds
torresmo123 collected 18072 from pot
*** SUMMARY ***
Total pot 18072 | No rake
Board: [4d Qh 6s Ks]
Seat 2: torresmo123 won 18072


Winamax Poker - Tournament "TEA TIME - ROAD TO 3 MILLION" buyIn: 18€ + 2€ level: 11 - HandId: #3254445343227510868-114-1708797988 - Holdem no limit (140/600/1200) - 2024/02/24 18:06:28 UTC
Table: 'TEA TIME - ROAD TO 3 MILLION(757734604)#0083' 6-max (real money) Seat #5 is the button
Seat 1: vics28 (27020, 12.60€ bounty)
Seat 2: torresmo123 (52142, 16.20€ bounty)
Seat 3: beheritnjoye (109011, 16.20€ bounty)
Seat 4: G-marussia (30260, 7.20€ bounty)
Seat 5: Bigibagu (13622, 10.80€ bounty)
Seat 6: Curt_Jock (56734, 14.40€ bounty)
*** ANTE/BLINDS ***
Curt_Jock posts ante 140
vics28 posts ante 140
torresmo123 posts ante 140
beheritnjoye posts ante 140
G-marussia posts ante 140
Bigibagu posts ante 140
Curt_Jock posts small blind 600
vics28 posts big blind 1200
Dealt to torresmo123 [4h Ah]
*** PRE-FLOP *** 
torresmo123 raises 1320 to 2520
beheritnjoye folds
G-marussia folds
Bigibagu folds
Curt_Jock folds
vics28 folds
torresmo123 collected 5160 from pot
*** SUMMARY ***
Total pot 5160 | No rake
Seat 2: torresmo123 won 5160


Winamax Poker - Tournament "TEA TIME - ROAD TO 3 MILLION" buyIn: 18€ + 2€ level: 11 - HandId: #3254445343227510868-115-1708798040 - Holdem no limit (140/600/1200) - 2024/02/24 18:07:20 UTC
Table: 'TEA TIME - ROAD TO 3 MILLION(757734604)#0083' 6-max (real money) Seat #6 is the button
Seat 1: vics28 (25680, 12.60€ bounty)
Seat 2: torresmo123 (54642, 16.20€ bounty)
Seat 3: beheritnjoye (108871, 16.20€ bounty)
Seat 4: G-marussia (30120, 7.20€ bounty)
Seat 5: Bigibagu (13482, 10.80€ bounty)
Seat 6: Curt_Jock (55994, 14.40€ bounty)
*** ANTE/BLINDS ***
vics28 posts ante 140
torresmo123 posts ante 140
beheritnjoye posts ante 140
G-marussia posts ante 140
Bigibagu posts ante 140
Curt_Jock posts ante 140
vics28 posts small blind 600
torresmo123 posts big blind 1200
Dealt to torresmo123 [Qs 2c]
*** PRE-FLOP *** 
beheritnjoye folds
G-marussia raises 28780 to 29980 and is all-in
Bigibagu folds
Curt_Jock folds
vics28 folds
torresmo123 folds
G-marussia collected 32620 from pot
*** SUMMARY ***
Total pot 32620 | No rake
Seat 4: G-marussia won 32620


Winamax Poker - Tournament "TEA TIME - ROAD TO 3 MILLION" buyIn: 18€ + 2€ level: 11 - HandId: #3254445343227510868-116-1708798071 - Holdem no limit (140/600/1200) - 2024/02/24 18:07:51 UTC
Table: 'TEA TIME - ROAD TO 3 MILLION(757734604)#0083' 6-max (real money) Seat #1 is the button
Seat 1: vics28 (24940, 12.60€ bounty)
Seat 2: torresmo123 (53302, 16.20€ bounty)
Seat 3: beheritnjoye (108731, 16.20€ bounty)
Seat 4: G-marussia (32620, 7.20€ bounty)
Seat 5: Bigibagu (13342, 10.80€ bounty)
Seat 6: Curt_Jock (55854, 14.40€ bounty)
*** ANTE/BLINDS ***
torresmo123 posts ante 140
beheritnjoye posts ante 140
vics28 posts ante 140
G-marussia posts ante 140
Bigibagu posts ante 140
Curt_Jock posts ante 140
torresmo123 posts small blind 600
beheritnjoye posts big blind 1200
Dealt to torresmo123 [Ad Qc]
*** PRE-FLOP *** 
G-marussia folds
Bigibagu folds
Curt_Jock raises 1200 to 2400
vics28 folds
torresmo123 raises 6840 to 9240
beheritnjoye folds
Curt_Jock folds
torresmo123 collected 13680 from pot
*** SUMMARY ***
Total pot 13680 | No rake
Seat 2: torresmo123 (small blind) won 13680


Winamax Poker - Tournament "TEA TIME - ROAD TO 3 MILLION" buyIn: 18€ + 2€ level: 11 - HandId: #3254445343227510868-117-1708798105 - Holdem no limit (140/600/1200) - 2024/02/24 18:08:25 UTC
Table: 'TEA TIME - ROAD TO 3 MILLION(757734604)#0083' 6-max (real money) Seat #2 is the button
Seat 1: vics28 (24800, 12.60€ bounty)
Seat 2: torresmo123 (57602, 16.20€ bounty)
Seat 3: beheritnjoye (107391, 16.20€ bounty)
Seat 4: G-marussia (32480, 7.20€ bounty)
Seat 5: Bigibagu (13202, 10.80€ bounty)
Seat 6: Curt_Jock (53314, 14.40€ bounty)
*** ANTE/BLINDS ***
beheritnjoye posts ante 140
G-marussia posts ante 140
vics28 posts ante 140
torresmo123 posts ante 140
Bigibagu posts ante 140
Curt_Jock posts ante 140
beheritnjoye posts small blind 600
G-marussia posts big blind 1200
Dealt to torresmo123 [Qs Jc]
*** PRE-FLOP *** 
Bigibagu folds
Curt_Jock raises 1200 to 2400
vics28 folds
torresmo123 raises 4800 to 7200
beheritnjoye folds
G-marussia folds
Curt_Jock calls 4800
*** FLOP *** [9d 7s 2h]
Curt_Jock checks
torresmo123 bets 4260
Curt_Jock calls 4260
*** TURN *** [9d 7s 2h][4h]
Curt_Jock checks
torresmo123 bets 14058
Curt_Jock folds
torresmo123 collected 39618 from pot
*** SUMMARY ***
Total pot 39618 | No rake
Board: [9d 7s 2h 4h]
Seat 2: torresmo123 (button) won 39618


Winamax Poker - Tournament "TEA TIME - ROAD TO 3 MILLION" buyIn: 18€ + 2€ level: 11 - HandId: #3254445343227510868-118-1708798174 - Holdem no limit (140/600/1200) - 2024/02/24 18:09:34 UTC
Table: 'TEA TIME - ROAD TO 3 MILLION(757734604)#0083' 6-max (real money) Seat #3 is the button
Seat 1: vics28 (24660, 12.60€ bounty)
Seat 2: torresmo123 (71562, 16.20€ bounty)
Seat 3: beheritnjoye (106651, 16.20€ bounty)
Seat 4: G-marussia (31140, 7.20€ bounty)
Seat 5: Bigibagu (13062, 10.80€ bounty)
Seat 6: Curt_Jock (41714, 14.40€ bounty)
*** ANTE/BLINDS ***
G-marussia posts ante 140
Bigibagu posts ante 140
vics28 posts ante 140
torresmo123 posts ante 140
beheritnjoye posts ante 140
Curt_Jock posts ante 140
G-marussia posts small blind 600
Bigibagu posts big blind 1200
Dealt to torresmo123 [2s 9s]
*** PRE-FLOP *** 
Curt_Jock raises 1200 to 2400
vics28 folds
torresmo123 folds
beheritnjoye folds
G-marussia folds
Bigibagu calls 1200
*** FLOP *** [3h 7s 5d]
Bigibagu checks
Curt_Jock bets 2059
Bigibagu raises 8463 to 10522 and is all-in
Curt_Jock calls 8463
*** TURN *** [3h 7s 5d][9c]
*** RIVER *** [3h 7s 5d 9c][Js]
*** SHOW DOWN ***
Bigibagu shows [5s Ah] (One pair : 5)
Curt_Jock shows [8h 8d] (One pair : 8)
Curt_Jock collected 27284 from pot
*** SUMMARY ***
Total pot 27284 | No rake
Board: [3h 7s 5d 9c Js]
Seat 5: Bigibagu (big blind) showed [5s Ah] and lost with One pair : 5
Seat 6: Curt_Jock showed [8h 8d] and won 27284 with One pair : 8


Winamax Poker - Tournament "TEA TIME - ROAD TO 3 MILLION" buyIn: 18€ + 2€ level: 11 - HandId: #3254445343227510868-119-1708798230 - Holdem no limit (140/600/1200) - 2024/02/24 18:10:30 UTC
Table: 'TEA TIME - ROAD TO 3 MILLION(757734604)#0083' 6-max (real money) Seat #4 is the button
Seat 1: vics28 (24520, 12.60€ bounty)
Seat 2: torresmo123 (71422, 16.20€ bounty)
Seat 3: beheritnjoye (106511, 16.20€ bounty)
Seat 4: G-marussia (30400, 7.20€ bounty)
Seat 6: Curt_Jock (55936, 19.80€ bounty)
*** ANTE/BLINDS ***
Curt_Jock posts ante 140
vics28 posts ante 140
torresmo123 posts ante 140
beheritnjoye posts ante 140
G-marussia posts ante 140
Curt_Jock posts big blind 1200
Dealt to torresmo123 [5d 3h]
*** PRE-FLOP *** 
vics28 folds
torresmo123 folds
beheritnjoye raises 1200 to 2400
G-marussia calls 2400
Curt_Jock folds
*** FLOP *** [8d 8c Kh]
beheritnjoye checks
G-marussia checks
*** TURN *** [8d 8c Kh][Th]
beheritnjoye checks
G-marussia bets 2345
beheritnjoye calls 2345
*** RIVER *** [8d 8c Kh Th][2c]
beheritnjoye checks
G-marussia bets 11390
beheritnjoye calls 11390
*** SHOW DOWN ***
G-marussia shows [7h Ah] (One pair : 8)
beheritnjoye shows [3s 3d] (Two pairs : 8 and 3)
beheritnjoye collected 34170 from pot
*** SUMMARY ***
Total pot 34170 | No rake
Board: [8d 8c Kh Th 2c]
Seat 3: beheritnjoye showed [3s 3d] and won 34170 with Two pairs : 8 and 3
Seat 4: G-marussia (button) showed [7h Ah] and lost with One pair : 8


Winamax Poker - Tournament "TEA TIME - ROAD TO 3 MILLION" buyIn: 18€ + 2€ level: 11 - HandId: #3254445343227510868-120-1708798308 - Holdem no limit (140/600/1200) - 2024/02/24 18:11:48 UTC
Table: 'TEA TIME - ROAD TO 3 MILLION(757734604)#0083' 6-max (real money) Seat #5 is the button
Seat 1: vics28 (24380, 12.60€ bounty)
Seat 2: torresmo123 (71282, 16.20€ bounty)
Seat 3: beheritnjoye (124406, 16.20€ bounty)
Seat 4: G-marussia (14125, 7.20€ bounty)
Seat 6: Curt_Jock (54596, 19.80€ bounty)
*** ANTE/BLINDS ***
Curt_Jock posts ante 140
vics28 posts ante 140
torresmo123 posts ante 140
beheritnjoye posts ante 140
G-marussia posts ante 140
Curt_Jock posts small blind 600
vics28 posts big blind 1200
Dealt to torresmo123 [3h 7c]
*** PRE-FLOP *** 
torresmo123 folds
beheritnjoye raises 1200 to 2400
G-marussia folds
Curt_Jock folds
vics28 folds
beheritnjoye collected 4900 from pot
*** SUMMARY ***
Total pot 4900 | No rake
Seat 3: beheritnjoye won 4900


Winamax Poker - Tournament "TEA TIME - ROAD TO 3 MILLION" buyIn: 18€ + 2€ level: 12 - HandId: #3254445343227510868-121-1708798332 - Holdem no limit (160/700/1400) - 2024/02/24 18:12:12 UTC
Table: 'TEA TIME - ROAD TO 3 MILLION(757734604)#0083' 6-max (real money) Seat #6 is the button
Seat 1: vics28 (23040, 12.60€ bounty)
Seat 2: torresmo123 (71142, 16.20€ bounty)
Seat 3: beheritnjoye (126766, 16.20€ bounty)
Seat 4: G-marussia (13985, 7.20€ bounty)
Seat 6: Curt_Jock (53856, 19.80€ bounty)
*** ANTE/BLINDS ***
vics28 posts ante 160
torresmo123 posts ante 160
beheritnjoye posts ante 160
G-marussia posts ante 160
Curt_Jock posts ante 160
vics28 posts small blind 700
torresmo123 posts big blind 1400
Dealt to torresmo123 [2h 3c]
*** PRE-FLOP *** 
beheritnjoye raises 1400 to 2800
G-marussia raises 11025 to 13825 and is all-in
Curt_Jock folds
vics28 raises 9055 to 22880 and is all-in
torresmo123 folds
beheritnjoye calls 20080
*** FLOP *** [9s 4d 4c]
*** TURN *** [9s 4d 4c][7s]
*** RIVER *** [9s 4d 4c 7s][3h]
*** SHOW DOWN ***
vics28 shows [Ac Td] (One pair : 4)
beheritnjoye shows [Ad Qc] (One pair : 4)
G-marussia shows [9h Kd] (Two pairs : 9 and 4)
G-marussia collected 43675 from main pot
beheritnjoye collected 18110 from side pot 1
*** SUMMARY ***
Total pot 61785 | No rake
Board: [9s 4d 4c 7s 3h]
Seat 1: vics28 (small blind) showed [Ac Td] and lost with One pair : 4
Seat 3: beheritnjoye showed [Ad Qc] and won 18110 with One pair : 4
Seat 4: G-marussia showed [9h Kd] and won 43675 with Two pairs : 9 and 4


Winamax Poker - Tournament "TEA TIME - ROAD TO 3 MILLION" buyIn: 18€ + 2€ level: 12 - HandId: #3254445343227510868-122-1708798363 - Holdem no limit (160/700/1400) - 2024/02/24 18:12:43 UTC
Table: 'TEA TIME - ROAD TO 3 MILLION(757734604)#0083' 6-max (real money) Seat #1 is the button
Seat 2: torresmo123 (69582, 16.20€ bounty)
Seat 3: beheritnjoye (121836, 22.50€ bounty)
Seat 4: G-marussia (43675, 7.20€ bounty)
Seat 5: maouiiiiiii (13889, 7.20€ bounty)
Seat 6: Curt_Jock (53696, 19.80€ bounty)
*** ANTE/BLINDS ***
torresmo123 posts ante 160
beheritnjoye posts ante 160
G-marussia posts ante 160
maouiiiiiii posts ante 160
Curt_Jock posts ante 160
torresmo123 posts small blind 700
beheritnjoye posts big blind 1400
Dealt to torresmo123 [6h 8c]
*** PRE-FLOP *** 
G-marussia raises 2800 to 4200
maouiiiiiii folds
Curt_Jock folds
torresmo123 folds
beheritnjoye calls 2800
*** FLOP *** [As 6s Ad]
beheritnjoye checks
G-marussia bets 3465
beheritnjoye calls 3465
*** TURN *** [As 6s Ad][Ks]
beheritnjoye checks
G-marussia bets 5891
beheritnjoye calls 5891
*** RIVER *** [As 6s Ad Ks][5h]
beheritnjoye checks
G-marussia bets 29959 and is all-in
beheritnjoye calls 29959
*** SHOW DOWN ***
beheritnjoye shows [Ah 2h] (Trips of Aces)
G-marussia shows [Ac Kh] (Full of Aces and Kings)
G-marussia collected 88530 from pot
*** SUMMARY ***
Total pot 88530 | No rake
Board: [As 6s Ad Ks 5h]
Seat 3: beheritnjoye (big blind) showed [Ah 2h] and lost with Trips of Aces
Seat 4: G-marussia showed [Ac Kh] and won 88530 with Full of Aces and Kings


Winamax Poker - Tournament "TEA TIME - ROAD TO 3 MILLION" buyIn: 18€ + 2€ level: 12 - HandId: #3254445343227510868-123-1708798452 - Holdem no limit (160/700/1400) - 2024/02/24 18:14:12 UTC
Table: 'TEA TIME - ROAD TO 3 MILLION(757734604)#0083' 6-max (real money) Seat #2 is the button
Seat 1: REGiment 588 (18305, 7.20€ bounty)
Seat 2: torresmo123 (68722, 16.20€ bounty)
Seat 3: beheritnjoye (78161, 22.50€ bounty)
Seat 4: G-marussia (88530, 7.20€ bounty)
Seat 5: maouiiiiiii (13729, 7.20€ bounty)
Seat 6: Curt_Jock (53536, 19.80€ bounty)
*** ANTE/BLINDS ***
beheritnjoye posts ante 160
G-marussia posts ante 160
REGiment 588 posts ante 160
torresmo123 posts ante 160
maouiiiiiii posts ante 160
Curt_Jock posts ante 160
beheritnjoye posts small blind 700
G-marussia posts big blind 1400
Dealt to torresmo123 [3s 8d]
*** PRE-FLOP *** 
maouiiiiiii folds
Curt_Jock raises 1400 to 2800
REGiment 588 folds
torresmo123 folds
beheritnjoye folds
G-marussia calls 1400
*** FLOP *** [4s 2d 4c]
G-marussia checks
Curt_Jock bets 2396
G-marussia folds
Curt_Jock collected 9656 from pot
*** SUMMARY ***
Total pot 9656 | No rake
Board: [4s 2d 4c]
Seat 6: Curt_Jock won 9656


Winamax Poker - Tournament "TEA TIME - ROAD TO 3 MILLION" buyIn: 18€ + 2€ level: 12 - HandId: #3254445343227510868-124-1708798506 - Holdem no limit (160/700/1400) - 2024/02/24 18:15:06 UTC
Table: 'TEA TIME - ROAD TO 3 MILLION(757734604)#0083' 6-max (real money) Seat #3 is the button
Seat 1: REGiment 588 (18145, 7.20€ bounty)
Seat 2: torresmo123 (68562, 16.20€ bounty)
Seat 3: beheritnjoye (77301, 22.50€ bounty)
Seat 4: G-marussia (85570, 7.20€ bounty)
Seat 5: maouiiiiiii (13569, 7.20€ bounty)
Seat 6: Curt_Jock (57836, 19.80€ bounty)
*** ANTE/BLINDS ***
G-marussia posts ante 160
maouiiiiiii posts ante 160
REGiment 588 posts ante 160
torresmo123 posts ante 160
beheritnjoye posts ante 160
Curt_Jock posts ante 160
G-marussia posts small blind 700
maouiiiiiii posts big blind 1400
Dealt to torresmo123 [Ts Kc]
*** PRE-FLOP *** 
Curt_Jock raises 1400 to 2800
REGiment 588 folds
torresmo123 calls 2800
beheritnjoye folds
G-marussia folds
maouiiiiiii calls 1400
*** FLOP *** [7c 2h 7s]
maouiiiiiii checks
Curt_Jock bets 3320
torresmo123 folds
maouiiiiiii calls 3320
*** TURN *** [7c 2h 7s][Td]
maouiiiiiii checks
Curt_Jock bets 11523
maouiiiiiii calls 7289 and is all-in
*** RIVER *** [7c 2h 7s Td][Kd]
*** SHOW DOWN ***
maouiiiiiii shows [Qs 7h] (Trips of 7)
Curt_Jock shows [7d Jd] (Trips of 7)
Curt_Jock collected 4234 from side pot 1
maouiiiiiii collected 31278 from main pot
*** SUMMARY ***
Total pot 35512 | No rake
Board: [7c 2h 7s Td Kd]
Seat 5: maouiiiiiii (big blind) showed [Qs 7h] and won 31278 with Trips of 7
Seat 6: Curt_Jock showed [7d Jd] and won 4234 with Trips of 7


Winamax Poker - Tournament "TEA TIME - ROAD TO 3 MILLION" buyIn: 18€ + 2€ level: 12 - HandId: #3254445343227510868-125-1708798558 - Holdem no limit (160/700/1400) - 2024/02/24 18:15:58 UTC
Table: 'TEA TIME - ROAD TO 3 MILLION(757734604)#0083' 6-max (real money) Seat #4 is the button
Seat 1: REGiment 588 (17985, 7.20€ bounty)
Seat 2: torresmo123 (65602, 16.20€ bounty)
Seat 3: beheritnjoye (77141, 22.50€ bounty)
Seat 4: G-marussia (84710, 7.20€ bounty)
Seat 5: maouiiiiiii (31278, 7.20€ bounty)
Seat 6: Curt_Jock (44267, 19.80€ bounty)
*** ANTE/BLINDS ***
maouiiiiiii posts ante 160
Curt_Jock posts ante 160
REGiment 588 posts ante 160
torresmo123 posts ante 160
beheritnjoye posts ante 160
G-marussia posts ante 160
maouiiiiiii posts small blind 700
Curt_Jock posts big blind 1400
Dealt to torresmo123 [Td Qc]
*** PRE-FLOP *** 
REGiment 588 folds
torresmo123 raises 1540 to 2940
beheritnjoye folds
G-marussia folds
maouiiiiiii folds
Curt_Jock calls 1540
*** FLOP *** [Ks 3d 6d]
Curt_Jock checks
torresmo123 bets 1885
Curt_Jock raises 5115 to 7000
torresmo123 calls 5115
*** TURN *** [Ks 3d 6d][5s]
Curt_Jock bets 7108
torresmo123 folds
Curt_Jock collected 28648 from pot
*** SUMMARY ***
Total pot 28648 | No rake
Board: [Ks 3d 6d 5s]
Seat 6: Curt_Jock (big blind) won 28648


Winamax Poker - Tournament "TEA TIME - ROAD TO 3 MILLION" buyIn: 18€ + 2€ level: 12 - HandId: #3254445343227510868-126-1708798633 - Holdem no limit (160/700/1400) - 2024/02/24 18:17:13 UTC
Table: 'TEA TIME - ROAD TO 3 MILLION(757734604)#0083' 6-max (real money) Seat #5 is the button
Seat 1: REGiment 588 (17825, 7.20€ bounty)
Seat 2: torresmo123 (55502, 16.20€ bounty)
Seat 3: beheritnjoye (76981, 22.50€ bounty)
Seat 4: G-marussia (84550, 7.20€ bounty)
Seat 5: maouiiiiiii (30418, 7.20€ bounty)
Seat 6: Curt_Jock (55707, 19.80€ bounty)
*** ANTE/BLINDS ***
Curt_Jock posts ante 160
REGiment 588 posts ante 160
torresmo123 posts ante 160
beheritnjoye posts ante 160
G-marussia posts ante 160
maouiiiiiii posts ante 160
Curt_Jock posts small blind 700
REGiment 588 posts big blind 1400
Dealt to torresmo123 [2d 3d]
*** PRE-FLOP *** 
torresmo123 folds
beheritnjoye raises 1400 to 2800
G-marussia folds
maouiiiiiii folds
Curt_Jock folds
REGiment 588 calls 1400
*** FLOP *** [8d Ks 5d]
REGiment 588 checks
beheritnjoye bets 1400
REGiment 588 folds
beheritnjoye collected 8660 from pot
*** SUMMARY ***
Total pot 8660 | No rake
Board: [8d Ks 5d]
Seat 3: beheritnjoye won 8660


Winamax Poker - Tournament "TEA TIME - ROAD TO 3 MILLION" buyIn: 18€ + 2€ level: 12 - HandId: #3254445343227510868-127-1708798665 - Holdem no limit (160/700/1400) - 2024/02/24 18:17:45 UTC
Table: 'TEA TIME - ROAD TO 3 MILLION(757734604)#0083' 6-max (real money) Seat #6 is the button
Seat 1: REGiment 588 (14865, 7.20€ bounty)
Seat 2: torresmo123 (55342, 16.20€ bounty)
Seat 3: beheritnjoye (81281, 22.50€ bounty)
Seat 4: G-marussia (84390, 7.20€ bounty)
Seat 5: maouiiiiiii (30258, 7.20€ bounty)
Seat 6: Curt_Jock (54847, 19.80€ bounty)
*** ANTE/BLINDS ***
REGiment 588 posts ante 160
torresmo123 posts ante 160
beheritnjoye posts ante 160
G-marussia posts ante 160
maouiiiiiii posts ante 160
Curt_Jock posts ante 160
REGiment 588 posts small blind 700
torresmo123 posts big blind 1400
Dealt to torresmo123 [8d 2c]
*** PRE-FLOP *** 
beheritnjoye folds
G-marussia folds
maouiiiiiii folds
Curt_Jock folds
REGiment 588 folds
torresmo123 collected 3060 from pot
*** SUMMARY ***
Total pot 3060 | No rake
Seat 2: torresmo123 (big blind) won 3060


Winamax Poker - Tournament "TEA TIME - ROAD TO 3 MILLION" buyIn: 18€ + 2€ level: 12 - HandId: #3254445343227510868-128-1708798708 - Holdem no limit (160/700/1400) - 2024/02/24 18:18:28 UTC
Table: 'TEA TIME - ROAD TO 3 MILLION(757734604)#0083' 6-max (real money) Seat #1 is the button
Seat 1: REGiment 588 (14005, 7.20€ bounty)
Seat 2: torresmo123 (56842, 16.20€ bounty)
Seat 3: beheritnjoye (81121, 22.50€ bounty)
Seat 4: G-marussia (84230, 7.20€ bounty)
Seat 5: maouiiiiiii (30098, 7.20€ bounty)
Seat 6: Curt_Jock (54687, 19.80€ bounty)
*** ANTE/BLINDS ***
torresmo123 posts ante 160
beheritnjoye posts ante 160
REGiment 588 posts ante 160
G-marussia posts ante 160
maouiiiiiii posts ante 160
Curt_Jock posts ante 160
torresmo123 posts small blind 700
beheritnjoye posts big blind 1400
Dealt to torresmo123 [5s 6h]
*** PRE-FLOP *** 
G-marussia raises 2100 to 3500
maouiiiiiii folds
Curt_Jock folds
REGiment 588 folds
torresmo123 folds
beheritnjoye folds
G-marussia collected 6560 from pot
*** SUMMARY ***
Total pot 6560 | No rake
Seat 4: G-marussia won 6560


Winamax Poker - Tournament "TEA TIME - ROAD TO 3 MILLION" buyIn: 18€ + 2€ level: 12 - HandId: #3254445343227510787-134-1708798757 - Holdem no limit (160/700/1400) - 2024/02/24 18:19:17 UTC
Table: 'TEA TIME - ROAD TO 3 MILLION(757734604)#0002' 6-max (real money) Seat #4 is the button
Seat 1: Enjoybro (91923, 12.60€ bounty)
Seat 2: kiskisbitch (185412, 40.50€ bounty)
Seat 3: torresmo123 (55982, 16.20€ bounty)
Seat 4: M.JASONLR (31232, 19.80€ bounty)
Seat 5: Viachaslau (34078, 7.20€ bounty)
Seat 6: MrPepperwood (65954, 10.80€ bounty)
*** ANTE/BLINDS ***
Viachaslau posts ante 160
MrPepperwood posts ante 160
Enjoybro posts ante 160
kiskisbitch posts ante 160
torresmo123 posts ante 160
M.JASONLR posts ante 160
Viachaslau posts small blind 700
MrPepperwood posts big blind 1400
Dealt to torresmo123 [2d 5d]
*** PRE-FLOP *** 
Enjoybro folds
kiskisbitch folds
torresmo123 folds
M.JASONLR folds
Viachaslau raises 2100 to 3500
MrPepperwood calls 2100
*** FLOP *** [3h Jd 3s]
Viachaslau bets 2100
MrPepperwood raises 4200 to 6300
Viachaslau calls 4200
*** TURN *** [3h Jd 3s][Qs]
Viachaslau bets 5140
MrPepperwood calls 5140
*** RIVER *** [3h Jd 3s Qs][Qd]
Viachaslau bets 18978 and is all-in
MrPepperwood folds
Viachaslau collected 49818 from pot
*** SUMMARY ***
Total pot 49818 | No rake
Board: [3h Jd 3s Qs Qd]
Seat 5: Viachaslau (small blind) won 49818


Winamax Poker - Tournament "TEA TIME - ROAD TO 3 MILLION" buyIn: 18€ + 2€ level: 13 - HandId: #3254445343227510787-135-1708798842 - Holdem no limit (200/800/1600) - 2024/02/24 18:20:42 UTC
Table: 'TEA TIME - ROAD TO 3 MILLION(757734604)#0002' 6-max (real money) Seat #5 is the button
Seat 1: Enjoybro (91763, 12.60€ bounty)
Seat 2: kiskisbitch (185252, 40.50€ bounty)
Seat 3: torresmo123 (55822, 16.20€ bounty)
Seat 4: M.JASONLR (31072, 19.80€ bounty)
Seat 5: Viachaslau (49818, 7.20€ bounty)
Seat 6: MrPepperwood (50854, 10.80€ bounty)
*** ANTE/BLINDS ***
MrPepperwood posts ante 200
Enjoybro posts ante 200
kiskisbitch posts ante 200
torresmo123 posts ante 200
M.JASONLR posts ante 200
Viachaslau posts ante 200
MrPepperwood posts small blind 800
Enjoybro posts big blind 1600
Dealt to torresmo123 [Kh 7h]
*** PRE-FLOP *** 
kiskisbitch folds
torresmo123 raises 1760 to 3360
M.JASONLR folds
Viachaslau folds
MrPepperwood folds
Enjoybro folds
torresmo123 collected 6960 from pot
*** SUMMARY ***
Total pot 6960 | No rake
Seat 3: torresmo123 won 6960


Winamax Poker - Tournament "TEA TIME - ROAD TO 3 MILLION" buyIn: 18€ + 2€ level: 13 - HandId: #3254445343227510787-136-1708798875 - Holdem no limit (200/800/1600) - 2024/02/24 18:21:15 UTC
Table: 'TEA TIME - ROAD TO 3 MILLION(757734604)#0002' 6-max (real money) Seat #6 is the button
Seat 1: Enjoybro (89963, 12.60€ bounty)
Seat 2: kiskisbitch (185052, 40.50€ bounty)
Seat 3: torresmo123 (59222, 16.20€ bounty)
Seat 4: M.JASONLR (30872, 19.80€ bounty)
Seat 5: Viachaslau (49618, 7.20€ bounty)
Seat 6: MrPepperwood (49854, 10.80€ bounty)
*** ANTE/BLINDS ***
Enjoybro posts ante 200
kiskisbitch posts ante 200
torresmo123 posts ante 200
M.JASONLR posts ante 200
Viachaslau posts ante 200
MrPepperwood posts ante 200
Enjoybro posts small blind 800
kiskisbitch posts big blind 1600
Dealt to torresmo123 [4s 8c]
*** PRE-FLOP *** 
torresmo123 folds
M.JASONLR folds
Viachaslau folds
MrPepperwood raises 1600 to 3200
Enjoybro raises 10800 to 14000
kiskisbitch folds
MrPepperwood folds
Enjoybro collected 20000 from pot
*** SUMMARY ***
Total pot 20000 | No rake
Seat 1: Enjoybro (small blind) won 20000


Winamax Poker - Tournament "TEA TIME - ROAD TO 3 MILLION" buyIn: 18€ + 2€ level: 13 - HandId: #3254445343227510787-137-1708798905 - Holdem no limit (200/800/1600) - 2024/02/24 18:21:45 UTC
Table: 'TEA TIME - ROAD TO 3 MILLION(757734604)#0002' 6-max (real money) Seat #1 is the button
Seat 1: Enjoybro (95763, 12.60€ bounty)
Seat 2: kiskisbitch (183252, 40.50€ bounty)
Seat 3: torresmo123 (59022, 16.20€ bounty)
Seat 4: M.JASONLR (30672, 19.80€ bounty)
Seat 5: Viachaslau (49418, 7.20€ bounty)
Seat 6: MrPepperwood (46454, 10.80€ bounty)
*** ANTE/BLINDS ***
kiskisbitch posts ante 200
torresmo123 posts ante 200
Enjoybro posts ante 200
M.JASONLR posts ante 200
Viachaslau posts ante 200
MrPepperwood posts ante 200
kiskisbitch posts small blind 800
torresmo123 posts big blind 1600
Dealt to torresmo123 [5s 9h]
*** PRE-FLOP *** 
M.JASONLR folds
Viachaslau folds
MrPepperwood raises 1600 to 3200
Enjoybro folds
kiskisbitch folds
torresmo123 calls 1600
*** FLOP *** [Ac 6d 6c]
torresmo123 checks
MrPepperwood bets 2100
torresmo123 folds
MrPepperwood collected 10500 from pot
*** SUMMARY ***
Total pot 10500 | No rake
Board: [Ac 6d 6c]
Seat 6: MrPepperwood won 10500


Winamax Poker - Tournament "TEA TIME - ROAD TO 3 MILLION" buyIn: 18€ + 2€ level: 13 - HandId: #3254445343227510787-138-1708798962 - Holdem no limit (200/800/1600) - 2024/02/24 18:22:42 UTC
Table: 'TEA TIME - ROAD TO 3 MILLION(757734604)#0002' 6-max (real money) Seat #2 is the button
Seat 1: Enjoybro (95563, 12.60€ bounty)
Seat 2: kiskisbitch (182252, 40.50€ bounty)
Seat 3: torresmo123 (55622, 16.20€ bounty)
Seat 4: M.JASONLR (30472, 19.80€ bounty)
Seat 5: Viachaslau (49218, 7.20€ bounty)
Seat 6: MrPepperwood (51454, 10.80€ bounty)
*** ANTE/BLINDS ***
torresmo123 posts ante 200
M.JASONLR posts ante 200
Enjoybro posts ante 200
kiskisbitch posts ante 200
Viachaslau posts ante 200
MrPepperwood posts ante 200
torresmo123 posts small blind 800
M.JASONLR posts big blind 1600
Dealt to torresmo123 [Qc As]
*** PRE-FLOP *** 
Viachaslau folds
MrPepperwood folds
Enjoybro folds
kiskisbitch raises 180452 to 182052 and is all-in
torresmo123 calls 54622 and is all-in
M.JASONLR folds
*** FLOP *** [5s 5h 4d]
*** TURN *** [5s 5h 4d][7s]
*** RIVER *** [5s 5h 4d 7s][Kd]
*** SHOW DOWN ***
torresmo123 shows [Qc As] (One pair : 5)
kiskisbitch shows [7d Ac] (Two pairs : 7 and 5)
kiskisbitch collected 240274 from pot
*** SUMMARY ***
Total pot 240274 | No rake
Board: [5s 5h 4d 7s Kd]
Seat 2: kiskisbitch (button) showed [7d Ac] and won 240274 with Two pairs : 7 and 5
Seat 3: torresmo123 (small blind) showed [Qc As] and lost with One pair : 5


