Game Hand #2445558602 - Tournament #33478139 - Holdem (No Limit) - Level 30 (30000.00/60000.00) - 2025/05/02 22:17:44 UTC
Table '29' 9-max Seat #1 is the button
Seat 1: blkw (1040422.00)
Seat 2: Tunicaterror1 (3899827.00)
Seat 3: DrCheck (413208.00)
Seat 4: ChronicTrauma (4091848.00)
blkw posts ante 7500.00
Tunicaterror1 posts ante 7500.00
DrCheck posts ante 7500.00
ChronicTrauma posts ante 7500.00
Tunicaterror1 posts the small blind 30000.00
DrCheck posts the big blind 60000.00
*** HOLE CARDS ***
Main pot 30000.00
Dealt to ChronicTrauma [5c 3s]
ChronicTrauma folds
blkw folds
Tunicaterror1 raises 300000.00 to 330000.00
DrCheck raises 345708.00 to 405708.00 and is all-in
Tunicaterror1 calls 75708.00
*** FLOP *** [3d 2d 6s]
Main pot 841416.00
*** TURN *** [3d 2d 6s] [2c]
Main pot 841416.00
*** RIVER *** [3d 2d 6s 2c] [8s]
Main pot 841416.00
*** SHOW DOWN ***
Main pot 841416.00
Tunicaterror1 shows [9h Jc] (a pair of Deuces [2d 2c Jc 9h 8s])
DrCheck shows [As Ts] (a pair of Deuces [2d 2c As Ts 8s])
DrCheck collected 841416.00 from main pot
*** SUMMARY ***
Total pot 841416.00
Board [3d 2d 6s 2c 8s]
Seat 1: blkw (button) folded on the Pre-Flop
Seat 2: Tunicaterror1 (small blind) showed [9h Jc] and lost with a pair of Deuces [2d 2c Jc 9h 8s]
Seat 3: DrCheck (big blind) showed [As Ts] and won 841416.00 with a pair of Deuces [2d 2c As Ts 8s] with the kicker Ace
Seat 4: ChronicTrauma folded on the Pre-Flop and did not bet

Game Hand #2445559046 - Tournament #33478139 - Holdem (No Limit) - Level 30 (30000.00/60000.00) - 2025/05/02 22:18:19 UTC
Table '29' 9-max Seat #2 is the button
Seat 1: blkw (1032922.00)
Seat 2: Tunicaterror1 (3486619.00)
Seat 3: DrCheck (841416.00)
Seat 4: ChronicTrauma (4084348.00)
Seat 5: AKA3NEY (2619926.00)
Seat 6: Zachaboom (1312599.00)
Seat 7: BrunoPinto (1539565.00)
Seat 8: PACTUALL (1042759.00)
Seat 9: est5am (1639846.00)
blkw posts ante 7500.00
Tunicaterror1 posts ante 7500.00
DrCheck posts ante 7500.00
ChronicTrauma posts ante 7500.00
AKA3NEY posts ante 7500.00
Zachaboom posts ante 7500.00
BrunoPinto posts ante 7500.00
PACTUALL posts ante 7500.00
est5am posts ante 7500.00
DrCheck posts the small blind 30000.00
ChronicTrauma posts the big blind 60000.00
*** HOLE CARDS ***
Main pot 67500.00
Dealt to ChronicTrauma [Jh 8h]
AKA3NEY folds
Zachaboom folds
BrunoPinto folds
PACTUALL folds
est5am folds
blkw raises 1025422.00 to 1025422.00 and is all-in
Tunicaterror1 raises 3479119.00 to 3479119.00 and is all-in
DrCheck folds
ChronicTrauma folds
Uncalled bet (2453697.00) returned to Tunicaterror1
*** FLOP *** [5h Qs Qc]
Main pot 2208344.00
*** TURN *** [5h Qs Qc] [Qd]
Main pot 2208344.00
*** RIVER *** [5h Qs Qc Qd] [7h]
Main pot 2208344.00
*** SHOW DOWN ***
Main pot 2208344.00
blkw shows [Td Ts] (a full house, Queens full of Tens [Qs Qd Qc Ts Td])
Tunicaterror1 shows [9s Ah] (three of a kind, Set of Queens [Qs Qd Qc Ah 9s])
blkw collected 2208344.00 from main pot
*** SUMMARY ***
Total pot 2208344.00
Board [5h Qs Qc Qd 7h]
Seat 1: blkw showed [Td Ts] and won 2208344.00 with a full house, Queens full of Tens [Qs Qd Qc Ts Td]
Seat 2: Tunicaterror1 (button) showed [9s Ah] and lost with three of a kind, Set of Queens [Qs Qd Qc Ah 9s]
Seat 3: DrCheck (small blind) folded on the Pre-Flop
Seat 4: ChronicTrauma (big blind) folded on the Pre-Flop
Seat 5: AKA3NEY folded on the Pre-Flop and did not bet
Seat 6: Zachaboom folded on the Pre-Flop and did not bet
Seat 7: BrunoPinto folded on the Pre-Flop and did not bet
Seat 8: PACTUALL folded on the Pre-Flop and did not bet
Seat 9: est5am folded on the Pre-Flop and did not bet

Game Hand #2445559693 - Tournament #33478139 - Holdem (No Limit) - Level 30 (30000.00/60000.00) - 2025/05/02 22:19:09 UTC
Table '29' 9-max Seat #3 is the button
Seat 1: blkw (2208344.00)
Seat 2: Tunicaterror1 (2453697.00)
Seat 3: DrCheck (803916.00)
Seat 4: ChronicTrauma (4016848.00)
Seat 5: AKA3NEY (2612426.00)
Seat 6: Zachaboom (1305099.00)
Seat 7: BrunoPinto (1532065.00)
Seat 8: PACTUALL (1035259.00)
Seat 9: est5am (1632346.00)
blkw posts ante 7500.00
Tunicaterror1 posts ante 7500.00
DrCheck posts ante 7500.00
ChronicTrauma posts ante 7500.00
AKA3NEY posts ante 7500.00
Zachaboom posts ante 7500.00
BrunoPinto posts ante 7500.00
PACTUALL posts ante 7500.00
est5am posts ante 7500.00
ChronicTrauma posts the small blind 30000.00
AKA3NEY posts the big blind 60000.00
*** HOLE CARDS ***
Main pot 67500.00
Dealt to ChronicTrauma [Tc 2d]
Zachaboom folds
BrunoPinto folds
PACTUALL folds
est5am folds
blkw folds
Tunicaterror1 folds
DrCheck folds
ChronicTrauma folds
AKA3NEY does not show
*** SUMMARY ***
Total pot 157500.00
Seat 1: blkw folded on the Pre-Flop and did not bet
Seat 2: Tunicaterror1 folded on the Pre-Flop and did not bet
Seat 3: DrCheck (button) folded on the Pre-Flop
Seat 4: ChronicTrauma (small blind) folded on the Pre-Flop
Seat 5: AKA3NEY did not show and won 157500.00
Seat 6: Zachaboom folded on the Pre-Flop and did not bet
Seat 7: BrunoPinto folded on the Pre-Flop and did not bet
Seat 8: PACTUALL folded on the Pre-Flop and did not bet
Seat 9: est5am folded on the Pre-Flop and did not bet

Game Hand #2445560239 - Tournament #33478139 - Holdem (No Limit) - Level 30 (30000.00/60000.00) - 2025/05/02 22:19:50 UTC
Table '29' 9-max Seat #4 is the button
Seat 1: blkw (2200844.00)
Seat 2: Tunicaterror1 (2446197.00)
Seat 3: DrCheck (796416.00)
Seat 4: ChronicTrauma (3979348.00)
Seat 5: AKA3NEY (2702426.00)
Seat 6: Zachaboom (1297599.00)
Seat 7: BrunoPinto (1524565.00)
Seat 8: PACTUALL (1027759.00)
Seat 9: est5am (1624846.00)
blkw posts ante 7500.00
Tunicaterror1 posts ante 7500.00
DrCheck posts ante 7500.00
ChronicTrauma posts ante 7500.00
AKA3NEY posts ante 7500.00
Zachaboom posts ante 7500.00
BrunoPinto posts ante 7500.00
PACTUALL posts ante 7500.00
est5am posts ante 7500.00
AKA3NEY posts the small blind 30000.00
Zachaboom posts the big blind 60000.00
*** HOLE CARDS ***
Main pot 67500.00
Dealt to ChronicTrauma [4h 5d]
BrunoPinto folds
PACTUALL folds
est5am raises 120000.00 to 120000.00
blkw folds
Tunicaterror1 folds
DrCheck folds
ChronicTrauma folds
AKA3NEY folds
Zachaboom folds
Zachaboom shows [2s 7d]
Uncalled bet (60000.00) returned to est5am
est5am does not show
*** SUMMARY ***
Total pot 217500.00
Seat 1: blkw folded on the Pre-Flop and did not bet
Seat 2: Tunicaterror1 folded on the Pre-Flop and did not bet
Seat 3: DrCheck folded on the Pre-Flop and did not bet
Seat 4: ChronicTrauma (button) folded on the Pre-Flop
Seat 5: AKA3NEY (small blind) folded on the Pre-Flop
Seat 6: Zachaboom (big blind) showed [2s 7d] and folded on the Pre-Flop
Seat 7: BrunoPinto folded on the Pre-Flop and did not bet
Seat 8: PACTUALL folded on the Pre-Flop and did not bet
Seat 9: est5am did not show and won 217500.00

Game Hand #2445560868 - Tournament #33478139 - Holdem (No Limit) - Level 30 (30000.00/60000.00) - 2025/05/02 22:20:37 UTC
Table '29' 9-max Seat #5 is the button
Seat 1: blkw (2193344.00)
Seat 2: Tunicaterror1 (2438697.00)
Seat 3: DrCheck (788916.00)
Seat 4: ChronicTrauma (3971848.00)
Seat 5: AKA3NEY (2664926.00)
Seat 6: Zachaboom (1230099.00)
Seat 7: BrunoPinto (1517065.00)
Seat 8: PACTUALL (1020259.00)
Seat 9: est5am (1774846.00)
blkw posts ante 7500.00
Tunicaterror1 posts ante 7500.00
DrCheck posts ante 7500.00
ChronicTrauma posts ante 7500.00
AKA3NEY posts ante 7500.00
Zachaboom posts ante 7500.00
BrunoPinto posts ante 7500.00
PACTUALL posts ante 7500.00
est5am posts ante 7500.00
Zachaboom posts the small blind 30000.00
BrunoPinto posts the big blind 60000.00
*** HOLE CARDS ***
Main pot 67500.00
Dealt to ChronicTrauma [5h 7s]
PACTUALL folds
est5am folds
blkw folds
Tunicaterror1 folds
DrCheck folds
ChronicTrauma folds
AKA3NEY folds
Zachaboom calls 30000.00
BrunoPinto raises 138000.00 to 198000.00
Zachaboom calls 138000.00
*** FLOP *** [3d 3h 3s]
Main pot 463500.00
Zachaboom checks
BrunoPinto bets 122955.00
Zachaboom folds
Uncalled bet (122955.00) returned to BrunoPinto
BrunoPinto does not show
*** SUMMARY ***
Total pot 463500.00
Board [3d 3h 3s]
Seat 1: blkw folded on the Pre-Flop and did not bet
Seat 2: Tunicaterror1 folded on the Pre-Flop and did not bet
Seat 3: DrCheck folded on the Pre-Flop and did not bet
Seat 4: ChronicTrauma folded on the Pre-Flop and did not bet
Seat 5: AKA3NEY (button) folded on the Pre-Flop
Seat 6: Zachaboom (small blind) folded on the Flop
Seat 7: BrunoPinto did not show and won 463500.00
Seat 8: PACTUALL folded on the Pre-Flop and did not bet
Seat 9: est5am folded on the Pre-Flop and did not bet

Game Hand #2445561953 - Tournament #33478139 - Holdem (No Limit) - Level 30 (30000.00/60000.00) - 2025/05/02 22:22:01 UTC
Table '29' 9-max Seat #6 is the button
Seat 1: blkw (2185844.00)
Seat 2: Tunicaterror1 (2431197.00)
Seat 3: DrCheck (781416.00)
Seat 4: ChronicTrauma (3964348.00)
Seat 5: AKA3NEY (2657426.00)
Seat 6: Zachaboom (1024599.00)
Seat 7: BrunoPinto (1775065.00)
Seat 8: PACTUALL (1012759.00)
Seat 9: est5am (1767346.00)
blkw posts ante 7500.00
Tunicaterror1 posts ante 7500.00
DrCheck posts ante 7500.00
ChronicTrauma posts ante 7500.00
AKA3NEY posts ante 7500.00
Zachaboom posts ante 7500.00
BrunoPinto posts ante 7500.00
PACTUALL posts ante 7500.00
est5am posts ante 7500.00
BrunoPinto posts the small blind 30000.00
PACTUALL posts the big blind 60000.00
*** HOLE CARDS ***
Main pot 67500.00
Dealt to ChronicTrauma [Th 3c]
est5am folds
blkw folds
Tunicaterror1 folds
DrCheck folds
ChronicTrauma folds
AKA3NEY folds
Zachaboom folds
BrunoPinto raises 1737565.00 to 1767565.00 and is all-in
PACTUALL folds
Uncalled bet (1707565.00) returned to BrunoPinto
BrunoPinto does not show
*** SUMMARY ***
Total pot 187500.00
Seat 1: blkw folded on the Pre-Flop and did not bet
Seat 2: Tunicaterror1 folded on the Pre-Flop and did not bet
Seat 3: DrCheck folded on the Pre-Flop and did not bet
Seat 4: ChronicTrauma folded on the Pre-Flop and did not bet
Seat 5: AKA3NEY folded on the Pre-Flop and did not bet
Seat 6: Zachaboom (button) folded on the Pre-Flop
Seat 7: BrunoPinto did not show and won 187500.00
Seat 8: PACTUALL (big blind) folded on the Pre-Flop
Seat 9: est5am folded on the Pre-Flop and did not bet

Game Hand #2445562424 - Tournament #33478139 - Holdem (No Limit) - Level 30 (30000.00/60000.00) - 2025/05/02 22:22:38 UTC
Table '29' 9-max Seat #7 is the button
Seat 1: blkw (2178344.00)
Seat 2: Tunicaterror1 (2423697.00)
Seat 3: DrCheck (773916.00)
Seat 4: ChronicTrauma (3956848.00)
Seat 5: AKA3NEY (2649926.00)
Seat 6: Zachaboom (1017099.00)
Seat 7: BrunoPinto (1895065.00)
Seat 8: PACTUALL (945259.00)
Seat 9: est5am (1759846.00)
blkw posts ante 7500.00
Tunicaterror1 posts ante 7500.00
DrCheck posts ante 7500.00
ChronicTrauma posts ante 7500.00
AKA3NEY posts ante 7500.00
Zachaboom posts ante 7500.00
BrunoPinto posts ante 7500.00
PACTUALL posts ante 7500.00
est5am posts ante 7500.00
PACTUALL posts the small blind 30000.00
est5am posts the big blind 60000.00
*** HOLE CARDS ***
Main pot 67500.00
Dealt to ChronicTrauma [4d Js]
blkw folds
Tunicaterror1 folds
DrCheck folds
ChronicTrauma folds
AKA3NEY folds
Zachaboom folds
BrunoPinto raises 120000.00 to 120000.00
PACTUALL folds
est5am folds
Uncalled bet (60000.00) returned to BrunoPinto
BrunoPinto does not show
*** SUMMARY ***
Total pot 217500.00
Seat 1: blkw folded on the Pre-Flop and did not bet
Seat 2: Tunicaterror1 folded on the Pre-Flop and did not bet
Seat 3: DrCheck folded on the Pre-Flop and did not bet
Seat 4: ChronicTrauma folded on the Pre-Flop and did not bet
Seat 5: AKA3NEY folded on the Pre-Flop and did not bet
Seat 6: Zachaboom folded on the Pre-Flop and did not bet
Seat 7: BrunoPinto did not show and won 217500.00
Seat 8: PACTUALL (small blind) folded on the Pre-Flop
Seat 9: est5am (big blind) folded on the Pre-Flop

Game Hand #2445562919 - Tournament #33478139 - Holdem (No Limit) - Level 30 (30000.00/60000.00) - 2025/05/02 22:23:15 UTC
Table '29' 9-max Seat #8 is the button
Seat 1: blkw (2170844.00)
Seat 2: Tunicaterror1 (2416197.00)
Seat 3: DrCheck (766416.00)
Seat 4: ChronicTrauma (3949348.00)
Seat 5: AKA3NEY (2642426.00)
Seat 6: Zachaboom (1009599.00)
Seat 7: BrunoPinto (2045065.00)
Seat 8: PACTUALL (907759.00)
Seat 9: est5am (1692346.00)
blkw posts ante 7500.00
Tunicaterror1 posts ante 7500.00
DrCheck posts ante 7500.00
ChronicTrauma posts ante 7500.00
AKA3NEY posts ante 7500.00
Zachaboom posts ante 7500.00
BrunoPinto posts ante 7500.00
PACTUALL posts ante 7500.00
est5am posts ante 7500.00
est5am posts the small blind 30000.00
blkw posts the big blind 60000.00
*** HOLE CARDS ***
Main pot 67500.00
Dealt to ChronicTrauma [8s 8d]
Tunicaterror1 folds
DrCheck folds
ChronicTrauma raises 120000.00 to 120000.00
AKA3NEY raises 390000.00 to 390000.00
Zachaboom folds
BrunoPinto folds
PACTUALL folds
est5am folds
blkw folds
ChronicTrauma calls 270000.00
*** FLOP *** [5d Qs Qh]
Main pot 937500.00
ChronicTrauma checks
AKA3NEY checks
*** TURN *** [5d Qs Qh] [Tc]
Main pot 937500.00
ChronicTrauma bets 558750.00
AKA3NEY folds
Uncalled bet (558750.00) returned to ChronicTrauma
ChronicTrauma does not show
*** SUMMARY ***
Total pot 937500.00
Board [5d Qs Qh Tc]
Seat 1: blkw (big blind) folded on the Pre-Flop
Seat 2: Tunicaterror1 folded on the Pre-Flop and did not bet
Seat 3: DrCheck folded on the Pre-Flop and did not bet
Seat 4: ChronicTrauma did not show and won 937500.00
Seat 5: AKA3NEY folded on the Turn
Seat 6: Zachaboom folded on the Pre-Flop and did not bet
Seat 7: BrunoPinto folded on the Pre-Flop and did not bet
Seat 8: PACTUALL (button) folded on the Pre-Flop
Seat 9: est5am (small blind) folded on the Pre-Flop

Game Hand #2445564068 - Tournament #33478139 - Holdem (No Limit) - Level 30 (30000.00/60000.00) - 2025/05/02 22:24:47 UTC
Table '29' 9-max Seat #9 is the button
Seat 1: blkw (2103344.00)
Seat 2: Tunicaterror1 (2408697.00)
Seat 3: DrCheck (758916.00)
Seat 4: ChronicTrauma (4489348.00)
Seat 5: AKA3NEY (2244926.00)
Seat 6: Zachaboom (1002099.00)
Seat 7: BrunoPinto (2037565.00)
Seat 8: PACTUALL (900259.00)
Seat 9: est5am (1654846.00)
blkw posts ante 7500.00
Tunicaterror1 posts ante 7500.00
DrCheck posts ante 7500.00
ChronicTrauma posts ante 7500.00
AKA3NEY posts ante 7500.00
Zachaboom posts ante 7500.00
BrunoPinto posts ante 7500.00
PACTUALL posts ante 7500.00
est5am posts ante 7500.00
blkw posts the small blind 30000.00
Tunicaterror1 posts the big blind 60000.00
*** HOLE CARDS ***
Main pot 67500.00
Dealt to ChronicTrauma [6c Ac]
DrCheck folds
ChronicTrauma raises 120000.00 to 120000.00
AKA3NEY folds
Zachaboom folds
BrunoPinto folds
PACTUALL folds
est5am folds
blkw folds
Tunicaterror1 calls 60000.00
*** FLOP *** [3h 8d As]
Main pot 337500.00
Tunicaterror1 checks
ChronicTrauma bets 84375.00
Tunicaterror1 calls 84375.00
*** TURN *** [3h 8d As] [4h]
Main pot 506250.00
Tunicaterror1 checks
ChronicTrauma bets 334125.00
Tunicaterror1 raises 998250.00 to 998250.00
ChronicTrauma folds
Uncalled bet (664125.00) returned to Tunicaterror1
Tunicaterror1 does not show
*** SUMMARY ***
Total pot 1174500.00
Board [3h 8d As 4h]
Seat 1: blkw (small blind) folded on the Pre-Flop
Seat 2: Tunicaterror1 did not show and won 1174500.00
Seat 3: DrCheck folded on the Pre-Flop and did not bet
Seat 4: ChronicTrauma folded on the Turn
Seat 5: AKA3NEY folded on the Pre-Flop and did not bet
Seat 6: Zachaboom folded on the Pre-Flop and did not bet
Seat 7: BrunoPinto folded on the Pre-Flop and did not bet
Seat 8: PACTUALL folded on the Pre-Flop and did not bet
Seat 9: est5am (button) folded on the Pre-Flop

Game Hand #2445565177 - Tournament #33478139 - Holdem (No Limit) - Level 30 (30000.00/60000.00) - 2025/05/02 22:26:17 UTC
Table '29' 9-max Seat #1 is the button
Seat 1: blkw (2065844.00)
Seat 2: Tunicaterror1 (3037197.00)
Seat 3: DrCheck (751416.00)
Seat 4: ChronicTrauma (3943348.00)
Seat 5: AKA3NEY (2237426.00)
Seat 6: Zachaboom (994599.00)
Seat 7: BrunoPinto (2030065.00)
Seat 8: PACTUALL (892759.00)
Seat 9: est5am (1647346.00)
blkw posts ante 7500.00
Tunicaterror1 posts ante 7500.00
DrCheck posts ante 7500.00
ChronicTrauma posts ante 7500.00
AKA3NEY posts ante 7500.00
Zachaboom posts ante 7500.00
BrunoPinto posts ante 7500.00
PACTUALL posts ante 7500.00
est5am posts ante 7500.00
Tunicaterror1 posts the small blind 30000.00
DrCheck posts the big blind 60000.00
*** HOLE CARDS ***
Main pot 67500.00
Dealt to ChronicTrauma [Ah 2s]
ChronicTrauma raises 120000.00 to 120000.00
AKA3NEY folds
Zachaboom folds
BrunoPinto folds
PACTUALL folds
est5am raises 330000.00 to 330000.00
blkw folds
Tunicaterror1 folds
DrCheck folds
ChronicTrauma folds
Uncalled bet (210000.00) returned to est5am
est5am does not show
*** SUMMARY ***
Total pot 397500.00
Seat 1: blkw (button) folded on the Pre-Flop
Seat 2: Tunicaterror1 (small blind) folded on the Pre-Flop
Seat 3: DrCheck (big blind) folded on the Pre-Flop
Seat 4: ChronicTrauma folded on the Pre-Flop and did not bet
Seat 5: AKA3NEY folded on the Pre-Flop and did not bet
Seat 6: Zachaboom folded on the Pre-Flop and did not bet
Seat 7: BrunoPinto folded on the Pre-Flop and did not bet
Seat 8: PACTUALL folded on the Pre-Flop and did not bet
Seat 9: est5am did not show and won 397500.00

Game Hand #2445566106 - Tournament #33478139 - Holdem (No Limit) - Level 30 (30000.00/60000.00) - 2025/05/02 22:27:28 UTC
Table '29' 9-max Seat #2 is the button
Seat 1: blkw (2058344.00)
Seat 2: Tunicaterror1 (2999697.00)
Seat 3: DrCheck (683916.00)
Seat 4: ChronicTrauma (3815848.00)
Seat 5: AKA3NEY (2229926.00)
Seat 6: Zachaboom (987099.00)
Seat 7: BrunoPinto (2022565.00)
Seat 8: PACTUALL (885259.00)
Seat 9: est5am (1917346.00)
blkw posts ante 7500.00
Tunicaterror1 posts ante 7500.00
DrCheck posts ante 7500.00
ChronicTrauma posts ante 7500.00
AKA3NEY posts ante 7500.00
Zachaboom posts ante 7500.00
BrunoPinto posts ante 7500.00
PACTUALL posts ante 7500.00
est5am posts ante 7500.00
DrCheck posts the small blind 30000.00
ChronicTrauma posts the big blind 60000.00
*** HOLE CARDS ***
Main pot 67500.00
Dealt to ChronicTrauma [7h Qd]
AKA3NEY folds
Zachaboom folds
BrunoPinto raises 120000.00 to 120000.00
PACTUALL folds
est5am folds
blkw calls 120000.00
Tunicaterror1 calls 120000.00
DrCheck calls 90000.00
ChronicTrauma folds
*** FLOP *** [5s Kc 2h]
Main pot 607500.00
DrCheck checks
BrunoPinto checks
blkw bets 200475.00
Tunicaterror1 raises 794700.00 to 794700.00
DrCheck folds
BrunoPinto folds
blkw calls 594225.00
*** TURN *** [5s Kc 2h] [Ad]
Main pot 2196900.00
blkw checks
Tunicaterror1 bets 2077497.00 and is all-in
blkw folds
Uncalled bet (2077497.00) returned to Tunicaterror1
Tunicaterror1 does not show
*** SUMMARY ***
Total pot 2196900.00
Board [5s Kc 2h Ad]
Seat 1: blkw folded on the Turn
Seat 2: Tunicaterror1 did not show and won 2196900.00
Seat 3: DrCheck (small blind) folded on the Flop
Seat 4: ChronicTrauma (big blind) folded on the Pre-Flop
Seat 5: AKA3NEY folded on the Pre-Flop and did not bet
Seat 6: Zachaboom folded on the Pre-Flop and did not bet
Seat 7: BrunoPinto folded on the Flop
Seat 8: PACTUALL folded on the Pre-Flop and did not bet
Seat 9: est5am folded on the Pre-Flop and did not bet

Game Hand #2445568161 - Tournament #33478139 - Holdem (No Limit) - Level 31 (35000.00/70000.00) - 2025/05/02 22:30:08 UTC
Table '29' 9-max Seat #3 is the button
Seat 1: blkw (1136144.00)
Seat 2: Tunicaterror1 (4274397.00)
Seat 3: DrCheck (556416.00)
Seat 4: ChronicTrauma (3748348.00)
Seat 5: AKA3NEY (2222426.00)
Seat 6: Zachaboom (979599.00)
Seat 7: BrunoPinto (1895065.00)
Seat 8: PACTUALL (877759.00)
Seat 9: est5am (1909846.00)
blkw posts ante 9000.00
Tunicaterror1 posts ante 9000.00
DrCheck posts ante 9000.00
ChronicTrauma posts ante 9000.00
AKA3NEY posts ante 9000.00
Zachaboom posts ante 9000.00
BrunoPinto posts ante 9000.00
PACTUALL posts ante 9000.00
est5am posts ante 9000.00
ChronicTrauma posts the small blind 35000.00
AKA3NEY posts the big blind 70000.00
*** HOLE CARDS ***
Main pot 81000.00
Dealt to ChronicTrauma [4s 6c]
Zachaboom raises 140000.00 to 140000.00
BrunoPinto folds
PACTUALL folds
est5am folds
blkw folds
Tunicaterror1 folds
DrCheck folds
ChronicTrauma folds
AKA3NEY raises 2143426.00 to 2213426.00 and is all-in
Zachaboom folds
Uncalled bet (2073426.00) returned to AKA3NEY
AKA3NEY does not show
*** SUMMARY ***
Total pot 396000.00
Seat 1: blkw folded on the Pre-Flop and did not bet
Seat 2: Tunicaterror1 folded on the Pre-Flop and did not bet
Seat 3: DrCheck (button) folded on the Pre-Flop
Seat 4: ChronicTrauma (small blind) folded on the Pre-Flop
Seat 5: AKA3NEY did not show and won 396000.00
Seat 6: Zachaboom folded on the Pre-Flop and did not bet
Seat 7: BrunoPinto folded on the Pre-Flop and did not bet
Seat 8: PACTUALL folded on the Pre-Flop and did not bet
Seat 9: est5am folded on the Pre-Flop and did not bet

Game Hand #2445568931 - Tournament #33478139 - Holdem (No Limit) - Level 31 (35000.00/70000.00) - 2025/05/02 22:31:07 UTC
Table '29' 9-max Seat #4 is the button
Seat 1: blkw (1127144.00)
Seat 2: Tunicaterror1 (4265397.00)
Seat 3: DrCheck (547416.00)
Seat 4: ChronicTrauma (3704348.00)
Seat 5: AKA3NEY (2469426.00)
Seat 6: Zachaboom (830599.00)
Seat 7: BrunoPinto (1886065.00)
Seat 8: PACTUALL (868759.00)
Seat 9: est5am (1900846.00)
blkw posts ante 9000.00
Tunicaterror1 posts ante 9000.00
DrCheck posts ante 9000.00
ChronicTrauma posts ante 9000.00
AKA3NEY posts ante 9000.00
Zachaboom posts ante 9000.00
BrunoPinto posts ante 9000.00
PACTUALL posts ante 9000.00
est5am posts ante 9000.00
AKA3NEY posts the small blind 35000.00
Zachaboom posts the big blind 70000.00
*** HOLE CARDS ***
Main pot 81000.00
Dealt to ChronicTrauma [3s 2c]
BrunoPinto folds
PACTUALL folds
est5am folds
blkw folds
Tunicaterror1 folds
DrCheck folds
ChronicTrauma folds
AKA3NEY raises 2425426.00 to 2460426.00 and is all-in
Zachaboom folds
Uncalled bet (2390426.00) returned to AKA3NEY
AKA3NEY does not show
*** SUMMARY ***
Total pot 221000.00
Seat 1: blkw folded on the Pre-Flop and did not bet
Seat 2: Tunicaterror1 folded on the Pre-Flop and did not bet
Seat 3: DrCheck folded on the Pre-Flop and did not bet
Seat 4: ChronicTrauma (button) folded on the Pre-Flop
Seat 5: AKA3NEY did not show and won 221000.00
Seat 6: Zachaboom (big blind) folded on the Pre-Flop
Seat 7: BrunoPinto folded on the Pre-Flop and did not bet
Seat 8: PACTUALL folded on the Pre-Flop and did not bet
Seat 9: est5am folded on the Pre-Flop and did not bet

Game Hand #2445569521 - Tournament #33478139 - Holdem (No Limit) - Level 31 (35000.00/70000.00) - 2025/05/02 22:31:53 UTC
Table '29' 9-max Seat #5 is the button
Seat 1: blkw (1118144.00)
Seat 2: Tunicaterror1 (4256397.00)
Seat 3: DrCheck (538416.00)
Seat 4: ChronicTrauma (3695348.00)
Seat 5: AKA3NEY (2611426.00)
Seat 6: Zachaboom (751599.00)
Seat 7: BrunoPinto (1877065.00)
Seat 8: PACTUALL (859759.00)
Seat 9: est5am (1891846.00)
blkw posts ante 9000.00
Tunicaterror1 posts ante 9000.00
DrCheck posts ante 9000.00
ChronicTrauma posts ante 9000.00
AKA3NEY posts ante 9000.00
Zachaboom posts ante 9000.00
BrunoPinto posts ante 9000.00
PACTUALL posts ante 9000.00
est5am posts ante 9000.00
Zachaboom posts the small blind 35000.00
BrunoPinto posts the big blind 70000.00
*** HOLE CARDS ***
Main pot 81000.00
Dealt to ChronicTrauma [7s 9c]
PACTUALL folds
est5am folds
blkw folds
Tunicaterror1 folds
DrCheck folds
ChronicTrauma folds
AKA3NEY folds
Zachaboom calls 35000.00
BrunoPinto checks
*** FLOP *** [6d Tc Kd]
Main pot 221000.00
Zachaboom checks
BrunoPinto bets 70000.00
Zachaboom folds
Uncalled bet (70000.00) returned to BrunoPinto
BrunoPinto does not show
*** SUMMARY ***
Total pot 221000.00
Board [6d Tc Kd]
Seat 1: blkw folded on the Pre-Flop and did not bet
Seat 2: Tunicaterror1 folded on the Pre-Flop and did not bet
Seat 3: DrCheck folded on the Pre-Flop and did not bet
Seat 4: ChronicTrauma folded on the Pre-Flop and did not bet
Seat 5: AKA3NEY (button) folded on the Pre-Flop
Seat 6: Zachaboom (small blind) folded on the Flop
Seat 7: BrunoPinto did not show and won 221000.00
Seat 8: PACTUALL folded on the Pre-Flop and did not bet
Seat 9: est5am folded on the Pre-Flop and did not bet

Game Hand #2445570374 - Tournament #33478139 - Holdem (No Limit) - Level 31 (35000.00/70000.00) - 2025/05/02 22:32:57 UTC
Table '29' 9-max Seat #6 is the button
Seat 1: blkw (1109144.00)
Seat 2: Tunicaterror1 (4247397.00)
Seat 3: DrCheck (529416.00)
Seat 4: ChronicTrauma (3686348.00)
Seat 5: AKA3NEY (2602426.00)
Seat 6: Zachaboom (672599.00)
Seat 7: BrunoPinto (2019065.00)
Seat 8: PACTUALL (850759.00)
Seat 9: est5am (1882846.00)
blkw posts ante 9000.00
Tunicaterror1 posts ante 9000.00
DrCheck posts ante 9000.00
ChronicTrauma posts ante 9000.00
AKA3NEY posts ante 9000.00
Zachaboom posts ante 9000.00
BrunoPinto posts ante 9000.00
PACTUALL posts ante 9000.00
est5am posts ante 9000.00
BrunoPinto posts the small blind 35000.00
PACTUALL posts the big blind 70000.00
*** HOLE CARDS ***
Main pot 81000.00
Dealt to ChronicTrauma [9h 7s]
est5am folds
blkw folds
Tunicaterror1 folds
DrCheck folds
ChronicTrauma folds
AKA3NEY folds
Zachaboom folds
BrunoPinto raises 1975065.00 to 2010065.00 and is all-in
PACTUALL calls 771759.00 and is all-in
Uncalled bet (1168306.00) returned to BrunoPinto
*** FLOP *** [Jc 7h 3s]
Main pot 1764518.00
*** TURN *** [Jc 7h 3s] [2h]
Main pot 1764518.00
*** RIVER *** [Jc 7h 3s 2h] [Kd]
Main pot 1764518.00
*** SHOW DOWN ***
Main pot 1764518.00
BrunoPinto shows [Td 7d] (a pair of Sevens [7h 7d Kd Jc Td])
PACTUALL shows [Ah Ts] (a high card, Ace high [Ah Kd Jc Ts 7h])
BrunoPinto collected 1764518.00 from main pot
*** SUMMARY ***
Total pot 1764518.00
Board [Jc 7h 3s 2h Kd]
Seat 1: blkw folded on the Pre-Flop and did not bet
Seat 2: Tunicaterror1 folded on the Pre-Flop and did not bet
Seat 3: DrCheck folded on the Pre-Flop and did not bet
Seat 4: ChronicTrauma folded on the Pre-Flop and did not bet
Seat 5: AKA3NEY folded on the Pre-Flop and did not bet
Seat 6: Zachaboom (button) folded on the Pre-Flop
Seat 7: BrunoPinto (small blind) showed [Td 7d] and won 1764518.00 with a pair of Sevens [7h 7d Kd Jc Td]
Seat 8: PACTUALL (big blind) showed [Ah Ts] and lost with a high card, Ace high [Ah Kd Jc Ts 7h]
Seat 9: est5am folded on the Pre-Flop and did not bet

Game Hand #2445571003 - Tournament #33478139 - Holdem (No Limit) - Level 31 (35000.00/70000.00) - 2025/05/02 22:33:48 UTC
Table '29' 9-max Seat #7 is the button
Seat 1: blkw (1100144.00)
Seat 2: Tunicaterror1 (4238397.00)
Seat 3: DrCheck (520416.00)
Seat 4: ChronicTrauma (3677348.00)
Seat 5: AKA3NEY (2593426.00)
Seat 6: Zachaboom (663599.00)
Seat 7: BrunoPinto (2932824.00)
Seat 9: est5am (1873846.00)
blkw posts ante 9000.00
Tunicaterror1 posts ante 9000.00
DrCheck posts ante 9000.00
ChronicTrauma posts ante 9000.00
AKA3NEY posts ante 9000.00
Zachaboom posts ante 9000.00
BrunoPinto posts ante 9000.00
est5am posts ante 9000.00
est5am posts the big blind 70000.00
*** HOLE CARDS ***
Main pot 72000.00
Dealt to ChronicTrauma [4s As]
blkw folds
Tunicaterror1 folds
DrCheck folds
ChronicTrauma raises 147000.00 to 147000.00
AKA3NEY folds
Zachaboom folds
BrunoPinto calls 147000.00
est5am calls 77000.00
*** FLOP *** [Jc 3c 6h]
Main pot 513000.00
est5am checks
ChronicTrauma checks
BrunoPinto checks
*** TURN *** [Jc 3c 6h] [4h]
Main pot 513000.00
est5am checks
ChronicTrauma checks
BrunoPinto bets 349750.00
est5am folds
ChronicTrauma folds
Uncalled bet (349750.00) returned to BrunoPinto
BrunoPinto does not show
*** SUMMARY ***
Total pot 513000.00
Board [Jc 3c 6h 4h]
Seat 1: blkw folded on the Pre-Flop and did not bet
Seat 2: Tunicaterror1 folded on the Pre-Flop and did not bet
Seat 3: DrCheck folded on the Pre-Flop and did not bet
Seat 4: ChronicTrauma folded on the Turn
Seat 5: AKA3NEY folded on the Pre-Flop and did not bet
Seat 6: Zachaboom folded on the Pre-Flop and did not bet
Seat 7: BrunoPinto did not show and won 513000.00
Seat 9: est5am (big blind) folded on the Turn

Game Hand #2445572421 - Tournament #33478139 - Holdem (No Limit) - Level 31 (35000.00/70000.00) - 2025/05/02 22:35:38 UTC
Table '29' 9-max Seat #8 is the button
Seat 1: blkw (1091144.00)
Seat 2: Tunicaterror1 (4229397.00)
Seat 3: DrCheck (511416.00)
Seat 4: ChronicTrauma (3521348.00)
Seat 5: AKA3NEY (2584426.00)
Seat 6: Zachaboom (654599.00)
Seat 7: BrunoPinto (3289824.00)
Seat 9: est5am (1717846.00)
blkw posts ante 9000.00
Tunicaterror1 posts ante 9000.00
DrCheck posts ante 9000.00
ChronicTrauma posts ante 9000.00
AKA3NEY posts ante 9000.00
Zachaboom posts ante 9000.00
BrunoPinto posts ante 9000.00
est5am posts ante 9000.00
est5am posts the small blind 35000.00
blkw posts the big blind 70000.00
*** HOLE CARDS ***
Main pot 72000.00
Dealt to ChronicTrauma [8h 9d]
Tunicaterror1 folds
DrCheck raises 215555.00 to 215555.00
ChronicTrauma folds
AKA3NEY folds
Zachaboom folds
BrunoPinto folds
est5am folds
blkw raises 1012144.00 to 1082144.00 and is all-in
DrCheck calls 286861.00 and is all-in
Uncalled bet (579728.00) returned to blkw
*** FLOP *** [8s Qc 5d]
Main pot 1111832.00
*** TURN *** [8s Qc 5d] [6h]
Main pot 1111832.00
*** RIVER *** [8s Qc 5d 6h] [4c]
Main pot 1111832.00
*** SHOW DOWN ***
Main pot 1111832.00
blkw shows [8c 8d] (three of a kind, Set of Eights [8s 8d 8c Qc 6h])
DrCheck shows [Kc Ks] (a pair of Kings [Ks Kc Qc 8s 6h])
blkw collected 1111832.00 from main pot
*** SUMMARY ***
Total pot 1111832.00
Board [8s Qc 5d 6h 4c]
Seat 1: blkw (big blind) showed [8c 8d] and won 1111832.00 with three of a kind, Set of Eights [8s 8d 8c Qc 6h]
Seat 2: Tunicaterror1 folded on the Pre-Flop and did not bet
Seat 3: DrCheck showed [Kc Ks] and lost with a pair of Kings [Ks Kc Qc 8s 6h]
Seat 4: ChronicTrauma folded on the Pre-Flop and did not bet
Seat 5: AKA3NEY folded on the Pre-Flop and did not bet
Seat 6: Zachaboom folded on the Pre-Flop and did not bet
Seat 7: BrunoPinto folded on the Pre-Flop and did not bet
Seat 9: est5am (small blind) folded on the Pre-Flop

Game Hand #2445572982 - Tournament #33478139 - Holdem (No Limit) - Level 31 (35000.00/70000.00) - 2025/05/02 22:36:24 UTC
Table '29' 9-max Seat #9 is the button
Seat 1: blkw (1691560.00)
Seat 2: Tunicaterror1 (4220397.00)
Seat 4: ChronicTrauma (3512348.00)
Seat 5: AKA3NEY (2575426.00)
Seat 6: Zachaboom (645599.00)
Seat 7: BrunoPinto (3280824.00)
Seat 9: est5am (1673846.00)
blkw posts ante 9000.00
Tunicaterror1 posts ante 9000.00
ChronicTrauma posts ante 9000.00
AKA3NEY posts ante 9000.00
Zachaboom posts ante 9000.00
BrunoPinto posts ante 9000.00
est5am posts ante 9000.00
blkw posts the small blind 35000.00
Tunicaterror1 posts the big blind 70000.00
*** HOLE CARDS ***
Main pot 63000.00
Dealt to ChronicTrauma [2d Td]
ChronicTrauma folds
AKA3NEY folds
Zachaboom folds
BrunoPinto raises 140000.00 to 140000.00
est5am folds
blkw calls 105000.00
Tunicaterror1 calls 70000.00
*** FLOP *** [Qd Jc 5c]
Main pot 483000.00
blkw checks
Tunicaterror1 bets 140000.00
BrunoPinto calls 140000.00
blkw folds
*** TURN *** [Qd Jc 5c] [7c]
Main pot 763000.00
Tunicaterror1 bets 350000.00
BrunoPinto folds
Uncalled bet (350000.00) returned to Tunicaterror1
Tunicaterror1 does not show
*** SUMMARY ***
Total pot 763000.00
Board [Qd Jc 5c 7c]
Seat 1: blkw (small blind) folded on the Flop
Seat 2: Tunicaterror1 did not show and won 763000.00
Seat 4: ChronicTrauma folded on the Pre-Flop and did not bet
Seat 5: AKA3NEY folded on the Pre-Flop and did not bet
Seat 6: Zachaboom folded on the Pre-Flop and did not bet
Seat 7: BrunoPinto folded on the Turn
Seat 9: est5am (button) folded on the Pre-Flop

Game Hand #2445573803 - Tournament #33478139 - Holdem (No Limit) - Level 31 (35000.00/70000.00) - 2025/05/02 22:37:26 UTC
Table '29' 9-max Seat #1 is the button
Seat 1: blkw (1542560.00)
Seat 2: Tunicaterror1 (4694397.00)
Seat 4: ChronicTrauma (3503348.00)
Seat 5: AKA3NEY (2566426.00)
Seat 6: Zachaboom (636599.00)
Seat 7: BrunoPinto (2991824.00)
Seat 9: est5am (1664846.00)
blkw posts ante 9000.00
Tunicaterror1 posts ante 9000.00
ChronicTrauma posts ante 9000.00
AKA3NEY posts ante 9000.00
Zachaboom posts ante 9000.00
BrunoPinto posts ante 9000.00
est5am posts ante 9000.00
Tunicaterror1 posts the small blind 35000.00
ChronicTrauma posts the big blind 70000.00
*** HOLE CARDS ***
Main pot 63000.00
Dealt to ChronicTrauma [7d Ac]
AKA3NEY folds
Zachaboom raises 627599.00 to 627599.00 and is all-in
BrunoPinto folds
est5am folds
blkw folds
Tunicaterror1 folds
ChronicTrauma folds
Uncalled bet (557599.00) returned to Zachaboom
Zachaboom does not show
*** SUMMARY ***
Total pot 238000.00
Seat 1: blkw (button) folded on the Pre-Flop
Seat 2: Tunicaterror1 (small blind) folded on the Pre-Flop
Seat 4: ChronicTrauma (big blind) folded on the Pre-Flop
Seat 5: AKA3NEY folded on the Pre-Flop and did not bet
Seat 6: Zachaboom did not show and won 238000.00
Seat 7: BrunoPinto folded on the Pre-Flop and did not bet
Seat 9: est5am folded on the Pre-Flop and did not bet

Game Hand #2445574087 - Tournament #33478139 - Holdem (No Limit) - Level 31 (35000.00/70000.00) - 2025/05/02 22:37:47 UTC
Table '29' 9-max Seat #2 is the button
Seat 1: blkw (1533560.00)
Seat 2: Tunicaterror1 (4650397.00)
Seat 4: ChronicTrauma (3424348.00)
Seat 5: AKA3NEY (2557426.00)
Seat 6: Zachaboom (795599.00)
Seat 7: BrunoPinto (2982824.00)
Seat 9: est5am (1655846.00)
blkw posts ante 9000.00
Tunicaterror1 posts ante 9000.00
ChronicTrauma posts ante 9000.00
AKA3NEY posts ante 9000.00
Zachaboom posts ante 9000.00
BrunoPinto posts ante 9000.00
est5am posts ante 9000.00
ChronicTrauma posts the small blind 35000.00
AKA3NEY posts the big blind 70000.00
*** HOLE CARDS ***
Main pot 63000.00
Dealt to ChronicTrauma [Ad 5c]
Zachaboom folds
BrunoPinto folds
est5am raises 140000.00 to 140000.00
blkw folds
Tunicaterror1 folds
ChronicTrauma raises 385000.00 to 420000.00
AKA3NEY folds
est5am raises 1506846.00 to 1646846.00 and is all-in
ChronicTrauma folds
Uncalled bet (1226846.00) returned to est5am
est5am does not show
*** SUMMARY ***
Total pot 973000.00
Seat 1: blkw folded on the Pre-Flop and did not bet
Seat 2: Tunicaterror1 (button) folded on the Pre-Flop
Seat 4: ChronicTrauma (small blind) folded on the Pre-Flop
Seat 5: AKA3NEY (big blind) folded on the Pre-Flop
Seat 6: Zachaboom folded on the Pre-Flop and did not bet
Seat 7: BrunoPinto folded on the Pre-Flop and did not bet
Seat 9: est5am did not show and won 973000.00

Game Hand #2445574758 - Tournament #33478139 - Holdem (No Limit) - Level 31 (35000.00/70000.00) - 2025/05/02 22:38:43 UTC
Table '29' 9-max Seat #4 is the button
Seat 1: blkw (1524560.00)
Seat 2: Tunicaterror1 (4641397.00)
Seat 4: ChronicTrauma (2995348.00)
Seat 5: AKA3NEY (2478426.00)
Seat 6: Zachaboom (786599.00)
Seat 7: BrunoPinto (2973824.00)
Seat 9: est5am (2199846.00)
blkw posts ante 9000.00
Tunicaterror1 posts ante 9000.00
ChronicTrauma posts ante 9000.00
AKA3NEY posts ante 9000.00
Zachaboom posts ante 9000.00
BrunoPinto posts ante 9000.00
est5am posts ante 9000.00
AKA3NEY posts the small blind 35000.00
Zachaboom posts the big blind 70000.00
*** HOLE CARDS ***
Main pot 63000.00
Dealt to ChronicTrauma [Jh Ad]
BrunoPinto folds
est5am folds
blkw folds
Tunicaterror1 raises 161000.00 to 161000.00
ChronicTrauma calls 161000.00
AKA3NEY folds
Zachaboom folds
*** FLOP *** [8h Ah 5c]
Main pot 490000.00
Tunicaterror1 bets 245000.00
ChronicTrauma calls 245000.00
*** TURN *** [8h Ah 5c] [Ks]
Main pot 980000.00
Tunicaterror1 bets 245000.00
ChronicTrauma calls 245000.00
*** RIVER *** [8h Ah 5c Ks] [2d]
Main pot 1470000.00
Tunicaterror1 bets 787500.00
ChronicTrauma calls 787500.00
*** SHOW DOWN ***
Main pot 3045000.00
Tunicaterror1 shows [5s Ac] (two pair, Aces and Fives [Ah Ac 5s 5c Ks])
ChronicTrauma shows [Jh Ad] (a pair of Aces [Ah Ad Ks Jh 8h])
Tunicaterror1 collected 3045000.00 from main pot
*** SUMMARY ***
Total pot 3045000.00
Board [8h Ah 5c Ks 2d]
Seat 1: blkw folded on the Pre-Flop and did not bet
Seat 2: Tunicaterror1 showed [5s Ac] and won 3045000.00 with two pair, Aces and Fives [Ah Ac 5s 5c Ks]
Seat 4: ChronicTrauma (button) showed [Jh Ad] and lost with a pair of Aces [Ah Ad Ks Jh 8h]
Seat 5: AKA3NEY (small blind) folded on the Pre-Flop
Seat 6: Zachaboom (big blind) folded on the Pre-Flop
Seat 7: BrunoPinto folded on the Pre-Flop and did not bet
Seat 9: est5am folded on the Pre-Flop and did not bet

Game Hand #2445575970 - Tournament #33478139 - Holdem (No Limit) - Level 31 (35000.00/70000.00) - 2025/05/02 22:40:20 UTC
Table '29' 9-max Seat #5 is the button
Seat 1: blkw (1515560.00)
Seat 2: Tunicaterror1 (6238897.00)
Seat 4: ChronicTrauma (1547848.00)
Seat 5: AKA3NEY (2434426.00)
Seat 6: Zachaboom (707599.00)
Seat 7: BrunoPinto (2964824.00)
Seat 9: est5am (2190846.00)
blkw posts ante 9000.00
Tunicaterror1 posts ante 9000.00
ChronicTrauma posts ante 9000.00
AKA3NEY posts ante 9000.00
Zachaboom posts ante 9000.00
BrunoPinto posts ante 9000.00
est5am posts ante 9000.00
Zachaboom posts the small blind 35000.00
BrunoPinto posts the big blind 70000.00
*** HOLE CARDS ***
Main pot 63000.00
Dealt to ChronicTrauma [8s 9s]
est5am folds
blkw folds
Tunicaterror1 folds
ChronicTrauma folds
AKA3NEY folds
Zachaboom calls 35000.00
BrunoPinto checks
*** FLOP *** [Ac 7d Jh]
Main pot 203000.00
Zachaboom checks
BrunoPinto checks
*** TURN *** [Ac 7d Jh] [Kh]
Main pot 203000.00
Zachaboom bets 70000.00
BrunoPinto folds
Uncalled bet (70000.00) returned to Zachaboom
Zachaboom does not show
*** SUMMARY ***
Total pot 203000.00
Board [Ac 7d Jh Kh]
Seat 1: blkw folded on the Pre-Flop and did not bet
Seat 2: Tunicaterror1 folded on the Pre-Flop and did not bet
Seat 4: ChronicTrauma folded on the Pre-Flop and did not bet
Seat 5: AKA3NEY (button) folded on the Pre-Flop
Seat 6: Zachaboom did not show and won 203000.00
Seat 7: BrunoPinto (big blind) folded on the Turn
Seat 9: est5am folded on the Pre-Flop and did not bet

Game Hand #2445576631 - Tournament #33478139 - Holdem (No Limit) - Level 32 (40000.00/80000.00) - 2025/05/02 22:41:14 UTC
Table '29' 9-max Seat #6 is the button
Seat 1: blkw (1506560.00)
Seat 2: Tunicaterror1 (6229897.00)
Seat 4: ChronicTrauma (1538848.00)
Seat 5: AKA3NEY (2425426.00)
Seat 6: Zachaboom (831599.00)
Seat 7: BrunoPinto (2885824.00)
Seat 9: est5am (2181846.00)
blkw posts ante 10000.00
Tunicaterror1 posts ante 10000.00
ChronicTrauma posts ante 10000.00
AKA3NEY posts ante 10000.00
Zachaboom posts ante 10000.00
BrunoPinto posts ante 10000.00
est5am posts ante 10000.00
BrunoPinto posts the small blind 40000.00
est5am posts the big blind 80000.00
*** HOLE CARDS ***
Main pot 70000.00
Dealt to ChronicTrauma [Kd Jc]
blkw folds
Tunicaterror1 raises 184000.00 to 184000.00
ChronicTrauma folds
AKA3NEY folds
Zachaboom folds
BrunoPinto calls 144000.00
est5am folds
*** FLOP *** [2h 3h 5d]
Main pot 518000.00
BrunoPinto checks
Tunicaterror1 bets 209500.00
BrunoPinto calls 209500.00
*** TURN *** [2h 3h 5d] [Ah]
Main pot 937000.00
BrunoPinto checks
Tunicaterror1 checks
*** RIVER *** [2h 3h 5d Ah] [7c]
Main pot 937000.00
BrunoPinto checks
Tunicaterror1 checks
*** SHOW DOWN ***
Main pot 937000.00
Tunicaterror1 shows [3c 6c] (a pair of Threes [3h 3c Ah 7c 6c])
BrunoPinto shows [Qd Ad] (a pair of Aces [Ah Ad Qd 7c 5d])
BrunoPinto collected 937000.00 from main pot
*** SUMMARY ***
Total pot 937000.00
Board [2h 3h 5d Ah 7c]
Seat 1: blkw folded on the Pre-Flop and did not bet
Seat 2: Tunicaterror1 showed [3c 6c] and lost with a pair of Threes [3h 3c Ah 7c 6c]
Seat 4: ChronicTrauma folded on the Pre-Flop and did not bet
Seat 5: AKA3NEY folded on the Pre-Flop and did not bet
Seat 6: Zachaboom (button) folded on the Pre-Flop
Seat 7: BrunoPinto (small blind) showed [Qd Ad] and won 937000.00 with a pair of Aces [Ah Ad Qd 7c 5d]
Seat 9: est5am (big blind) folded on the Pre-Flop

Game Hand #2445577336 - Tournament #33478139 - Holdem (No Limit) - Level 32 (40000.00/80000.00) - 2025/05/02 22:42:10 UTC
Table '29' 9-max Seat #7 is the button
Seat 1: blkw (1496560.00)
Seat 2: Tunicaterror1 (5826397.00)
Seat 4: ChronicTrauma (1528848.00)
Seat 5: AKA3NEY (2415426.00)
Seat 6: Zachaboom (821599.00)
Seat 7: BrunoPinto (3419324.00)
Seat 9: est5am (2091846.00)
blkw posts ante 10000.00
Tunicaterror1 posts ante 10000.00
ChronicTrauma posts ante 10000.00
AKA3NEY posts ante 10000.00
Zachaboom posts ante 10000.00
BrunoPinto posts ante 10000.00
est5am posts ante 10000.00
est5am posts the small blind 40000.00
blkw posts the big blind 80000.00
*** HOLE CARDS ***
Main pot 70000.00
Dealt to ChronicTrauma [5c 3s]
Tunicaterror1 raises 184000.00 to 184000.00
ChronicTrauma folds
AKA3NEY folds
Zachaboom folds
BrunoPinto folds
est5am calls 144000.00
blkw folds
*** FLOP *** [4s Jc 8h]
Main pot 518000.00
est5am checks
Tunicaterror1 bets 259000.00
est5am folds
Uncalled bet (259000.00) returned to Tunicaterror1
Tunicaterror1 does not show
*** SUMMARY ***
Total pot 518000.00
Board [4s Jc 8h]
Seat 1: blkw (big blind) folded on the Pre-Flop
Seat 2: Tunicaterror1 did not show and won 518000.00
Seat 4: ChronicTrauma folded on the Pre-Flop and did not bet
Seat 5: AKA3NEY folded on the Pre-Flop and did not bet
Seat 6: Zachaboom folded on the Pre-Flop and did not bet
Seat 7: BrunoPinto (button) folded on the Pre-Flop
Seat 9: est5am (small blind) folded on the Flop

Game Hand #2445578012 - Tournament #33478139 - Holdem (No Limit) - Level 32 (40000.00/80000.00) - 2025/05/02 22:43:03 UTC
Table '29' 9-max Seat #9 is the button
Seat 1: blkw (1406560.00)
Seat 2: Tunicaterror1 (6150397.00)
Seat 4: ChronicTrauma (1518848.00)
Seat 5: AKA3NEY (2405426.00)
Seat 6: Zachaboom (811599.00)
Seat 7: BrunoPinto (3409324.00)
Seat 9: est5am (1897846.00)
blkw posts ante 10000.00
Tunicaterror1 posts ante 10000.00
ChronicTrauma posts ante 10000.00
AKA3NEY posts ante 10000.00
Zachaboom posts ante 10000.00
BrunoPinto posts ante 10000.00
est5am posts ante 10000.00
blkw posts the small blind 40000.00
Tunicaterror1 posts the big blind 80000.00
*** HOLE CARDS ***
Main pot 70000.00
Dealt to ChronicTrauma [Ts Ac]
ChronicTrauma raises 160000.00 to 160000.00
AKA3NEY folds
Zachaboom raises 801599.00 to 801599.00 and is all-in
BrunoPinto folds
est5am folds
blkw folds
Tunicaterror1 folds
ChronicTrauma folds
Uncalled bet (641599.00) returned to Zachaboom
Zachaboom does not show
*** SUMMARY ***
Total pot 510000.00
Seat 1: blkw (small blind) folded on the Pre-Flop
Seat 2: Tunicaterror1 (big blind) folded on the Pre-Flop
Seat 4: ChronicTrauma folded on the Pre-Flop and did not bet
Seat 5: AKA3NEY folded on the Pre-Flop and did not bet
Seat 6: Zachaboom did not show and won 510000.00
Seat 7: BrunoPinto folded on the Pre-Flop and did not bet
Seat 9: est5am (button) folded on the Pre-Flop

Game Hand #2445578397 - Tournament #33478139 - Holdem (No Limit) - Level 32 (40000.00/80000.00) - 2025/05/02 22:43:34 UTC
Table '29' 9-max Seat #1 is the button
Seat 1: blkw (1356560.00)
Seat 2: Tunicaterror1 (6060397.00)
Seat 4: ChronicTrauma (1348848.00)
Seat 5: AKA3NEY (2395426.00)
Seat 6: Zachaboom (1151599.00)
Seat 7: BrunoPinto (3399324.00)
Seat 9: est5am (1887846.00)
blkw posts ante 10000.00
Tunicaterror1 posts ante 10000.00
ChronicTrauma posts ante 10000.00
AKA3NEY posts ante 10000.00
Zachaboom posts ante 10000.00
BrunoPinto posts ante 10000.00
est5am posts ante 10000.00
Tunicaterror1 posts the small blind 40000.00
ChronicTrauma posts the big blind 80000.00
*** HOLE CARDS ***
Main pot 70000.00
Dealt to ChronicTrauma [3s 2s]
AKA3NEY folds
Zachaboom folds
BrunoPinto folds
est5am folds
blkw raises 1346560.00 to 1346560.00 and is all-in
Tunicaterror1 folds
ChronicTrauma folds
Uncalled bet (1266560.00) returned to blkw
blkw does not show
*** SUMMARY ***
Total pot 270000.00
Seat 1: blkw did not show and won 270000.00
Seat 2: Tunicaterror1 (small blind) folded on the Pre-Flop
Seat 4: ChronicTrauma (big blind) folded on the Pre-Flop
Seat 5: AKA3NEY folded on the Pre-Flop and did not bet
Seat 6: Zachaboom folded on the Pre-Flop and did not bet
Seat 7: BrunoPinto folded on the Pre-Flop and did not bet
Seat 9: est5am folded on the Pre-Flop and did not bet

Game Hand #2445578843 - Tournament #33478139 - Holdem (No Limit) - Level 32 (40000.00/80000.00) - 2025/05/02 22:44:09 UTC
Table '29' 9-max Seat #2 is the button
Seat 1: blkw (1536560.00)
Seat 2: Tunicaterror1 (6010397.00)
Seat 4: ChronicTrauma (1258848.00)
Seat 5: AKA3NEY (2385426.00)
Seat 6: Zachaboom (1141599.00)
Seat 7: BrunoPinto (3389324.00)
Seat 9: est5am (1877846.00)
blkw posts ante 10000.00
Tunicaterror1 posts ante 10000.00
ChronicTrauma posts ante 10000.00
AKA3NEY posts ante 10000.00
Zachaboom posts ante 10000.00
BrunoPinto posts ante 10000.00
est5am posts ante 10000.00
ChronicTrauma posts the small blind 40000.00
AKA3NEY posts the big blind 80000.00
*** HOLE CARDS ***
Main pot 70000.00
Dealt to ChronicTrauma [Qs 2h]
Zachaboom folds
BrunoPinto folds
est5am folds
blkw raises 1526560.00 to 1526560.00 and is all-in
Tunicaterror1 calls 1526560.00
ChronicTrauma folds
AKA3NEY folds
*** FLOP *** [Ah 8d Ad]
Main pot 3243120.00
*** TURN *** [Ah 8d Ad] [3s]
Main pot 3243120.00
*** RIVER *** [Ah 8d Ad 3s] [9h]
Main pot 3243120.00
*** SHOW DOWN ***
Main pot 3243120.00
blkw shows [Ts Td] (two pair, Aces and Tens [Ah Ad Ts Td 9h])
Tunicaterror1 shows [2c Kc] (a pair of Aces [Ah Ad Kc 9h 8d])
blkw collected 3243120.00 from main pot
*** SUMMARY ***
Total pot 3243120.00
Board [Ah 8d Ad 3s 9h]
Seat 1: blkw showed [Ts Td] and won 3243120.00 with two pair, Aces and Tens [Ah Ad Ts Td 9h]
Seat 2: Tunicaterror1 (button) showed [2c Kc] and lost with a pair of Aces [Ah Ad Kc 9h 8d]
Seat 4: ChronicTrauma (small blind) folded on the Pre-Flop
Seat 5: AKA3NEY (big blind) folded on the Pre-Flop
Seat 6: Zachaboom folded on the Pre-Flop and did not bet
Seat 7: BrunoPinto folded on the Pre-Flop and did not bet
Seat 9: est5am folded on the Pre-Flop and did not bet

Game Hand #2445579504 - Tournament #33478139 - Holdem (No Limit) - Level 32 (40000.00/80000.00) - 2025/05/02 22:44:59 UTC
Table '29' 9-max Seat #4 is the button
Seat 1: blkw (3243120.00)
Seat 2: Tunicaterror1 (4473837.00)
Seat 4: ChronicTrauma (1208848.00)
Seat 5: AKA3NEY (2295426.00)
Seat 6: Zachaboom (1131599.00)
Seat 7: BrunoPinto (3379324.00)
Seat 9: est5am (1867846.00)
blkw posts ante 10000.00
Tunicaterror1 posts ante 10000.00
ChronicTrauma posts ante 10000.00
AKA3NEY posts ante 10000.00
Zachaboom posts ante 10000.00
BrunoPinto posts ante 10000.00
est5am posts ante 10000.00
AKA3NEY posts the small blind 40000.00
Zachaboom posts the big blind 80000.00
*** HOLE CARDS ***
Main pot 70000.00
Dealt to ChronicTrauma [7d 4s]
BrunoPinto folds
est5am folds
blkw folds
Tunicaterror1 folds
ChronicTrauma folds
AKA3NEY folds
Zachaboom does not show
*** SUMMARY ***
Total pot 190000.00
Seat 1: blkw folded on the Pre-Flop and did not bet
Seat 2: Tunicaterror1 folded on the Pre-Flop and did not bet
Seat 4: ChronicTrauma (button) folded on the Pre-Flop
Seat 5: AKA3NEY (small blind) folded on the Pre-Flop
Seat 6: Zachaboom did not show and won 190000.00
Seat 7: BrunoPinto folded on the Pre-Flop and did not bet
Seat 9: est5am folded on the Pre-Flop and did not bet

Game Hand #2445579833 - Tournament #33478139 - Holdem (No Limit) - Level 32 (40000.00/80000.00) - 2025/05/02 22:45:26 UTC
Table '29' 9-max Seat #5 is the button
Seat 1: blkw (3233120.00)
Seat 2: Tunicaterror1 (4463837.00)
Seat 4: ChronicTrauma (1198848.00)
Seat 5: AKA3NEY (2245426.00)
Seat 6: Zachaboom (1231599.00)
Seat 7: BrunoPinto (3369324.00)
Seat 9: est5am (1857846.00)
blkw posts ante 10000.00
Tunicaterror1 posts ante 10000.00
ChronicTrauma posts ante 10000.00
AKA3NEY posts ante 10000.00
Zachaboom posts ante 10000.00
BrunoPinto posts ante 10000.00
est5am posts ante 10000.00
Zachaboom posts the small blind 40000.00
BrunoPinto posts the big blind 80000.00
*** HOLE CARDS ***
Main pot 70000.00
Dealt to ChronicTrauma [Ad 8h]
est5am folds
blkw folds
Tunicaterror1 raises 184000.00 to 184000.00
ChronicTrauma folds
AKA3NEY folds
Zachaboom folds
BrunoPinto raises 560000.00 to 640000.00
Tunicaterror1 calls 456000.00
*** FLOP *** [Qd Th 5d]
Main pot 1390000.00
BrunoPinto bets 458700.00
Tunicaterror1 raises 2766100.00 to 2766100.00
BrunoPinto calls 2260624.00 and is all-in
Uncalled bet (46776.00) returned to Tunicaterror1
*** TURN *** [Qd Th 5d] [8d]
Main pot 6828648.00
*** RIVER *** [Qd Th 5d 8d] [3c]
Main pot 6828648.00
*** SHOW DOWN ***
Main pot 6828648.00
Tunicaterror1 shows [9s Qh] (a pair of Queens [Qh Qd Th 9s 8d])
BrunoPinto shows [Ks Kd] (a pair of Kings [Ks Kd Qd Th 8d])
BrunoPinto collected 6828648.00 from main pot
*** SUMMARY ***
Total pot 6828648.00
Board [Qd Th 5d 8d 3c]
Seat 1: blkw folded on the Pre-Flop and did not bet
Seat 2: Tunicaterror1 showed [9s Qh] and lost with a pair of Queens [Qh Qd Th 9s 8d]
Seat 4: ChronicTrauma folded on the Pre-Flop and did not bet
Seat 5: AKA3NEY (button) folded on the Pre-Flop
Seat 6: Zachaboom (small blind) folded on the Pre-Flop
Seat 7: BrunoPinto (big blind) showed [Ks Kd] and won 6828648.00 with a pair of Kings [Ks Kd Qd Th 8d]
Seat 9: est5am folded on the Pre-Flop and did not bet

Game Hand #2445580750 - Tournament #33478139 - Holdem (No Limit) - Level 32 (40000.00/80000.00) - 2025/05/02 22:46:37 UTC
Table '29' 9-max Seat #6 is the button
Seat 1: blkw (3223120.00)
Seat 2: Tunicaterror1 (1094513.00)
Seat 4: ChronicTrauma (1188848.00)
Seat 5: AKA3NEY (2235426.00)
Seat 6: Zachaboom (1181599.00)
Seat 7: BrunoPinto (6828648.00)
Seat 9: est5am (1847846.00)
blkw posts ante 10000.00
Tunicaterror1 posts ante 10000.00
ChronicTrauma posts ante 10000.00
AKA3NEY posts ante 10000.00
Zachaboom posts ante 10000.00
BrunoPinto posts ante 10000.00
est5am posts ante 10000.00
BrunoPinto posts the small blind 40000.00
est5am posts the big blind 80000.00
*** HOLE CARDS ***
Main pot 70000.00
Dealt to ChronicTrauma [9d 2h]
blkw folds
Tunicaterror1 raises 1084513.00 to 1084513.00 and is all-in
ChronicTrauma folds
AKA3NEY folds
Zachaboom folds
BrunoPinto folds
est5am folds
Uncalled bet (1004513.00) returned to Tunicaterror1
Tunicaterror1 does not show
*** SUMMARY ***
Total pot 270000.00
Seat 1: blkw folded on the Pre-Flop and did not bet
Seat 2: Tunicaterror1 did not show and won 270000.00
Seat 4: ChronicTrauma folded on the Pre-Flop and did not bet
Seat 5: AKA3NEY folded on the Pre-Flop and did not bet
Seat 6: Zachaboom (button) folded on the Pre-Flop
Seat 7: BrunoPinto (small blind) folded on the Pre-Flop
Seat 9: est5am (big blind) folded on the Pre-Flop

Game Hand #2445581080 - Tournament #33478139 - Holdem (No Limit) - Level 32 (40000.00/80000.00) - 2025/05/02 22:47:03 UTC
Table '29' 9-max Seat #7 is the button
Seat 1: blkw (3213120.00)
Seat 2: Tunicaterror1 (1274513.00)
Seat 4: ChronicTrauma (1178848.00)
Seat 5: AKA3NEY (2225426.00)
Seat 6: Zachaboom (1171599.00)
Seat 7: BrunoPinto (6778648.00)
Seat 9: est5am (1757846.00)
blkw posts ante 10000.00
Tunicaterror1 posts ante 10000.00
ChronicTrauma posts ante 10000.00
AKA3NEY posts ante 10000.00
Zachaboom posts ante 10000.00
BrunoPinto posts ante 10000.00
est5am posts ante 10000.00
est5am posts the small blind 40000.00
blkw posts the big blind 80000.00
*** HOLE CARDS ***
Main pot 70000.00
Dealt to ChronicTrauma [6c 8c]
Tunicaterror1 raises 1264513.00 to 1264513.00 and is all-in
ChronicTrauma folds
AKA3NEY folds
Zachaboom folds
BrunoPinto folds
est5am folds
blkw calls 1184513.00
*** FLOP *** [2h 9d Qh]
Main pot 2639026.00
*** TURN *** [2h 9d Qh] [Td]
Main pot 2639026.00
*** RIVER *** [2h 9d Qh Td] [2d]
Main pot 2639026.00
*** SHOW DOWN ***
Main pot 2639026.00
blkw shows [Ad Kc] (a pair of Deuces [2h 2d Ad Kc Qh])
Tunicaterror1 shows [9s Js] (two pair, Nines and Deuces [9s 9d 2h 2d Qh])
Tunicaterror1 collected 2639026.00 from main pot
*** SUMMARY ***
Total pot 2639026.00
Board [2h 9d Qh Td 2d]
Seat 1: blkw (big blind) showed [Ad Kc] and lost with a pair of Deuces [2h 2d Ad Kc Qh]
Seat 2: Tunicaterror1 showed [9s Js] and won 2639026.00 with two pair, Nines and Deuces [9s 9d 2h 2d Qh]
Seat 4: ChronicTrauma folded on the Pre-Flop and did not bet
Seat 5: AKA3NEY folded on the Pre-Flop and did not bet
Seat 6: Zachaboom folded on the Pre-Flop and did not bet
Seat 7: BrunoPinto (button) folded on the Pre-Flop
Seat 9: est5am (small blind) folded on the Pre-Flop

Game Hand #2445581687 - Tournament #33478139 - Holdem (No Limit) - Level 32 (40000.00/80000.00) - 2025/05/02 22:47:51 UTC
Table '29' 9-max Seat #9 is the button
Seat 1: blkw (1938607.00)
Seat 2: Tunicaterror1 (2639026.00)
Seat 4: ChronicTrauma (1168848.00)
Seat 5: AKA3NEY (2215426.00)
Seat 6: Zachaboom (1161599.00)
Seat 7: BrunoPinto (6768648.00)
Seat 9: est5am (1707846.00)
blkw posts ante 10000.00
Tunicaterror1 posts ante 10000.00
ChronicTrauma posts ante 10000.00
AKA3NEY posts ante 10000.00
Zachaboom posts ante 10000.00
BrunoPinto posts ante 10000.00
est5am posts ante 10000.00
blkw posts the small blind 40000.00
Tunicaterror1 posts the big blind 80000.00
*** HOLE CARDS ***
Main pot 70000.00
Dealt to ChronicTrauma [2s Jh]
ChronicTrauma folds
AKA3NEY folds
Zachaboom folds
BrunoPinto folds
est5am folds
blkw folds
Tunicaterror1 does not show
*** SUMMARY ***
Total pot 190000.00
Seat 1: blkw (small blind) folded on the Pre-Flop
Seat 2: Tunicaterror1 did not show and won 190000.00
Seat 4: ChronicTrauma folded on the Pre-Flop and did not bet
Seat 5: AKA3NEY folded on the Pre-Flop and did not bet
Seat 6: Zachaboom folded on the Pre-Flop and did not bet
Seat 7: BrunoPinto folded on the Pre-Flop and did not bet
Seat 9: est5am (button) folded on the Pre-Flop

Game Hand #2445581984 - Tournament #33478139 - Holdem (No Limit) - Level 32 (40000.00/80000.00) - 2025/05/02 22:48:14 UTC
Table '29' 9-max Seat #1 is the button
Seat 1: blkw (1888607.00)
Seat 2: Tunicaterror1 (2739026.00)
Seat 4: ChronicTrauma (1158848.00)
Seat 5: AKA3NEY (2205426.00)
Seat 6: Zachaboom (1151599.00)
Seat 7: BrunoPinto (6758648.00)
Seat 9: est5am (1697846.00)
blkw posts ante 10000.00
Tunicaterror1 posts ante 10000.00
ChronicTrauma posts ante 10000.00
AKA3NEY posts ante 10000.00
Zachaboom posts ante 10000.00
BrunoPinto posts ante 10000.00
est5am posts ante 10000.00
Tunicaterror1 posts the small blind 40000.00
ChronicTrauma posts the big blind 80000.00
*** HOLE CARDS ***
Main pot 70000.00
Dealt to ChronicTrauma [7h As]
AKA3NEY folds
Zachaboom folds
BrunoPinto folds
est5am folds
blkw folds
Tunicaterror1 raises 2689026.00 to 2729026.00 and is all-in
ChronicTrauma calls 1068848.00 and is all-in
Uncalled bet (1580178.00) returned to Tunicaterror1
*** FLOP *** [Qs Jd Qh]
Main pot 2367696.00
*** TURN *** [Qs Jd Qh] [2c]
Main pot 2367696.00
*** RIVER *** [Qs Jd Qh 2c] [Ah]
Main pot 2367696.00
*** SHOW DOWN ***
Main pot 2367696.00
Tunicaterror1 shows [Kc Kh] (two pair, Kings and Queens [Kh Kc Qs Qh Ah])
ChronicTrauma shows [7h As] (two pair, Aces and Queens [As Ah Qs Qh Jd])
ChronicTrauma collected 2367696.00 from main pot
*** SUMMARY ***
Total pot 2367696.00
Board [Qs Jd Qh 2c Ah]
Seat 1: blkw (button) folded on the Pre-Flop
Seat 2: Tunicaterror1 (small blind) showed [Kc Kh] and lost with two pair, Kings and Queens [Kh Kc Qs Qh Ah]
Seat 4: ChronicTrauma (big blind) showed [7h As] and won 2367696.00 with two pair, Aces and Queens [As Ah Qs Qh Jd]
Seat 5: AKA3NEY folded on the Pre-Flop and did not bet
Seat 6: Zachaboom folded on the Pre-Flop and did not bet
Seat 7: BrunoPinto folded on the Pre-Flop and did not bet
Seat 9: est5am folded on the Pre-Flop and did not bet

Game Hand #2445582408 - Tournament #33478139 - Holdem (No Limit) - Level 32 (40000.00/80000.00) - 2025/05/02 22:48:48 UTC
Table '29' 9-max Seat #2 is the button
Seat 1: blkw (1878607.00)
Seat 2: Tunicaterror1 (1580178.00)
Seat 4: ChronicTrauma (2367696.00)
Seat 5: AKA3NEY (2195426.00)
Seat 6: Zachaboom (1141599.00)
Seat 7: BrunoPinto (6748648.00)
Seat 9: est5am (1687846.00)
blkw posts ante 10000.00
Tunicaterror1 posts ante 10000.00
ChronicTrauma posts ante 10000.00
AKA3NEY posts ante 10000.00
Zachaboom posts ante 10000.00
BrunoPinto posts ante 10000.00
est5am posts ante 10000.00
ChronicTrauma posts the small blind 40000.00
AKA3NEY posts the big blind 80000.00
*** HOLE CARDS ***
Main pot 70000.00
Dealt to ChronicTrauma [8d 7d]
Zachaboom folds
BrunoPinto folds
est5am raises 160000.00 to 160000.00
blkw folds
Tunicaterror1 folds
ChronicTrauma folds
AKA3NEY folds
Uncalled bet (80000.00) returned to est5am
est5am does not show
*** SUMMARY ***
Total pot 270000.00
Seat 1: blkw folded on the Pre-Flop and did not bet
Seat 2: Tunicaterror1 (button) folded on the Pre-Flop
Seat 4: ChronicTrauma (small blind) folded on the Pre-Flop
Seat 5: AKA3NEY (big blind) folded on the Pre-Flop
Seat 6: Zachaboom folded on the Pre-Flop and did not bet
Seat 7: BrunoPinto folded on the Pre-Flop and did not bet
Seat 9: est5am did not show and won 270000.00

Game Hand #2445582673 - Tournament #33478139 - Holdem (No Limit) - Level 32 (40000.00/80000.00) - 2025/05/02 22:49:10 UTC
Table '29' 9-max Seat #4 is the button
Seat 1: blkw (1868607.00)
Seat 2: Tunicaterror1 (1570178.00)
Seat 4: ChronicTrauma (2317696.00)
Seat 5: AKA3NEY (2105426.00)
Seat 6: Zachaboom (1131599.00)
Seat 7: BrunoPinto (6738648.00)
Seat 9: est5am (1867846.00)
blkw posts ante 10000.00
Tunicaterror1 posts ante 10000.00
ChronicTrauma posts ante 10000.00
AKA3NEY posts ante 10000.00
Zachaboom posts ante 10000.00
BrunoPinto posts ante 10000.00
est5am posts ante 10000.00
AKA3NEY posts the small blind 40000.00
Zachaboom posts the big blind 80000.00
*** HOLE CARDS ***
Main pot 70000.00
Dealt to ChronicTrauma [Ac 3c]
BrunoPinto folds
est5am raises 160000.00 to 160000.00
blkw folds
Tunicaterror1 folds
ChronicTrauma folds
AKA3NEY folds
Zachaboom folds
Uncalled bet (80000.00) returned to est5am
est5am does not show
*** SUMMARY ***
Total pot 270000.00
Seat 1: blkw folded on the Pre-Flop and did not bet
Seat 2: Tunicaterror1 folded on the Pre-Flop and did not bet
Seat 4: ChronicTrauma (button) folded on the Pre-Flop
Seat 5: AKA3NEY (small blind) folded on the Pre-Flop
Seat 6: Zachaboom (big blind) folded on the Pre-Flop
Seat 7: BrunoPinto folded on the Pre-Flop and did not bet
Seat 9: est5am did not show and won 270000.00

Game Hand #2445583111 - Tournament #33478139 - Holdem (No Limit) - Level 32 (40000.00/80000.00) - 2025/05/02 22:49:44 UTC
Table '29' 9-max Seat #5 is the button
Seat 1: blkw (1858607.00)
Seat 2: Tunicaterror1 (1560178.00)
Seat 4: ChronicTrauma (2307696.00)
Seat 5: AKA3NEY (2055426.00)
Seat 6: Zachaboom (1041599.00)
Seat 7: BrunoPinto (6728648.00)
Seat 9: est5am (2047846.00)
blkw posts ante 10000.00
Tunicaterror1 posts ante 10000.00
ChronicTrauma posts ante 10000.00
AKA3NEY posts ante 10000.00
Zachaboom posts ante 10000.00
BrunoPinto posts ante 10000.00
est5am posts ante 10000.00
Zachaboom posts the small blind 40000.00
BrunoPinto posts the big blind 80000.00
*** HOLE CARDS ***
Main pot 70000.00
Dealt to ChronicTrauma [5c 2d]
est5am folds
blkw folds
Tunicaterror1 folds
ChronicTrauma folds
AKA3NEY folds
Zachaboom calls 40000.00
BrunoPinto checks
*** FLOP *** [6d Js Th]
Main pot 230000.00
Zachaboom checks
BrunoPinto checks
*** TURN *** [6d Js Th] [Ts]
Main pot 230000.00
Zachaboom bets 80000.00
BrunoPinto calls 80000.00
*** RIVER *** [6d Js Th Ts] [6h]
Main pot 390000.00
Zachaboom bets 80000.00
BrunoPinto raises 435000.00 to 435000.00
Zachaboom folds
Uncalled bet (355000.00) returned to BrunoPinto
BrunoPinto does not show
*** SUMMARY ***
Total pot 550000.00
Board [6d Js Th Ts 6h]
Seat 1: blkw folded on the Pre-Flop and did not bet
Seat 2: Tunicaterror1 folded on the Pre-Flop and did not bet
Seat 4: ChronicTrauma folded on the Pre-Flop and did not bet
Seat 5: AKA3NEY (button) folded on the Pre-Flop
Seat 6: Zachaboom (small blind) folded on the River
Seat 7: BrunoPinto did not show and won 550000.00
Seat 9: est5am folded on the Pre-Flop and did not bet

Game Hand #2445584662 - Tournament #33478139 - Holdem (No Limit) - Level 32 (40000.00/80000.00) - 2025/05/02 22:51:29 UTC
Table '29' 9-max Seat #6 is the button
Seat 1: blkw (1848607.00)
Seat 2: Tunicaterror1 (1550178.00)
Seat 4: ChronicTrauma (2297696.00)
Seat 5: AKA3NEY (2045426.00)
Seat 6: Zachaboom (791599.00)
Seat 7: BrunoPinto (7028648.00)
Seat 9: est5am (2037846.00)
blkw posts ante 10000.00
Tunicaterror1 posts ante 10000.00
ChronicTrauma posts ante 10000.00
AKA3NEY posts ante 10000.00
Zachaboom posts ante 10000.00
BrunoPinto posts ante 10000.00
est5am posts ante 10000.00
BrunoPinto posts the small blind 40000.00
est5am posts the big blind 80000.00
*** HOLE CARDS ***
Main pot 70000.00
Dealt to ChronicTrauma [Qc Kc]
blkw folds
Tunicaterror1 folds
ChronicTrauma raises 160000.00 to 160000.00
AKA3NEY folds
Zachaboom folds
BrunoPinto raises 440000.00 to 480000.00
est5am folds
ChronicTrauma raises 2127696.00 to 2287696.00 and is all-in
BrunoPinto folds
Uncalled bet (1807696.00) returned to ChronicTrauma
ChronicTrauma does not show
*** SUMMARY ***
Total pot 1110000.00
Seat 1: blkw folded on the Pre-Flop and did not bet
Seat 2: Tunicaterror1 folded on the Pre-Flop and did not bet
Seat 4: ChronicTrauma did not show and won 1110000.00
Seat 5: AKA3NEY folded on the Pre-Flop and did not bet
Seat 6: Zachaboom (button) folded on the Pre-Flop
Seat 7: BrunoPinto (small blind) folded on the Pre-Flop
Seat 9: est5am (big blind) folded on the Pre-Flop

Game Hand #2445585340 - Tournament #33478139 - Holdem (No Limit) - Level 32 (40000.00/80000.00) - 2025/05/02 22:52:14 UTC
Table '29' 9-max Seat #7 is the button
Seat 1: blkw (1838607.00)
Seat 2: Tunicaterror1 (1540178.00)
Seat 4: ChronicTrauma (2917696.00)
Seat 5: AKA3NEY (2035426.00)
Seat 6: Zachaboom (781599.00)
Seat 7: BrunoPinto (6538648.00)
Seat 9: est5am (1947846.00)
blkw posts ante 10000.00
Tunicaterror1 posts ante 10000.00
ChronicTrauma posts ante 10000.00
AKA3NEY posts ante 10000.00
Zachaboom posts ante 10000.00
BrunoPinto posts ante 10000.00
est5am posts ante 10000.00
est5am posts the small blind 40000.00
blkw posts the big blind 80000.00
*** HOLE CARDS ***
Main pot 70000.00
Dealt to ChronicTrauma [Qc Ks]
Tunicaterror1 raises 160000.00 to 160000.00
ChronicTrauma folds
AKA3NEY folds
Zachaboom folds
BrunoPinto folds
est5am folds
blkw folds
Uncalled bet (80000.00) returned to Tunicaterror1
Tunicaterror1 does not show
*** SUMMARY ***
Total pot 270000.00
Seat 1: blkw (big blind) folded on the Pre-Flop
Seat 2: Tunicaterror1 did not show and won 270000.00
Seat 4: ChronicTrauma folded on the Pre-Flop and did not bet
Seat 5: AKA3NEY folded on the Pre-Flop and did not bet
Seat 6: Zachaboom folded on the Pre-Flop and did not bet
Seat 7: BrunoPinto (button) folded on the Pre-Flop
Seat 9: est5am (small blind) folded on the Pre-Flop

Game Hand #2445585907 - Tournament #33478139 - Holdem (No Limit) - Level 33 (50000.00/100000.00) - 2025/05/02 22:52:50 UTC
Table '29' 9-max Seat #9 is the button
Seat 1: blkw (1748607.00)
Seat 2: Tunicaterror1 (1720178.00)
Seat 4: ChronicTrauma (2907696.00)
Seat 5: AKA3NEY (2025426.00)
Seat 6: Zachaboom (771599.00)
Seat 7: BrunoPinto (6528648.00)
Seat 9: est5am (1897846.00)
blkw posts ante 12500.00
Tunicaterror1 posts ante 12500.00
ChronicTrauma posts ante 12500.00
AKA3NEY posts ante 12500.00
Zachaboom posts ante 12500.00
BrunoPinto posts ante 12500.00
est5am posts ante 12500.00
blkw posts the small blind 50000.00
Tunicaterror1 posts the big blind 100000.00
*** HOLE CARDS ***
Main pot 87500.00
Dealt to ChronicTrauma [4s Td]
ChronicTrauma folds
AKA3NEY folds
Zachaboom folds
BrunoPinto folds
est5am folds
blkw folds
Tunicaterror1 does not show
*** SUMMARY ***
Total pot 237500.00
Seat 1: blkw (small blind) folded on the Pre-Flop
Seat 2: Tunicaterror1 did not show and won 237500.00
Seat 4: ChronicTrauma folded on the Pre-Flop and did not bet
Seat 5: AKA3NEY folded on the Pre-Flop and did not bet
Seat 6: Zachaboom folded on the Pre-Flop and did not bet
Seat 7: BrunoPinto folded on the Pre-Flop and did not bet
Seat 9: est5am (button) folded on the Pre-Flop

Game Hand #2445586188 - Tournament #33478139 - Holdem (No Limit) - Level 33 (50000.00/100000.00) - 2025/05/02 22:53:10 UTC
Table '29' 9-max Seat #1 is the button
Seat 1: blkw (1686107.00)
Seat 2: Tunicaterror1 (1845178.00)
Seat 4: ChronicTrauma (2895196.00)
Seat 5: AKA3NEY (2012926.00)
Seat 6: Zachaboom (759099.00)
Seat 7: BrunoPinto (6516148.00)
Seat 9: est5am (1885346.00)
blkw posts ante 12500.00
Tunicaterror1 posts ante 12500.00
ChronicTrauma posts ante 12500.00
AKA3NEY posts ante 12500.00
Zachaboom posts ante 12500.00
BrunoPinto posts ante 12500.00
est5am posts ante 12500.00
Tunicaterror1 posts the small blind 50000.00
ChronicTrauma posts the big blind 100000.00
*** HOLE CARDS ***
Main pot 87500.00
Dealt to ChronicTrauma [9h Qc]
AKA3NEY folds
Zachaboom folds
BrunoPinto raises 200000.00 to 200000.00
est5am folds
blkw folds
Tunicaterror1 raises 1782678.00 to 1832678.00 and is all-in
ChronicTrauma folds
BrunoPinto folds
Uncalled bet (1632678.00) returned to Tunicaterror1
Tunicaterror1 does not show
*** SUMMARY ***
Total pot 587500.00
Seat 1: blkw (button) folded on the Pre-Flop
Seat 2: Tunicaterror1 did not show and won 587500.00
Seat 4: ChronicTrauma (big blind) folded on the Pre-Flop
Seat 5: AKA3NEY folded on the Pre-Flop and did not bet
Seat 6: Zachaboom folded on the Pre-Flop and did not bet
Seat 7: BrunoPinto folded on the Pre-Flop and did not bet
Seat 9: est5am folded on the Pre-Flop and did not bet

