Game Hand #2020370645 - Tournament #31155788 - Holdem (No Limit) - Level 15 (1500.00/3000.00)- 2024/02/07 19:37:41 UTC
Table '66' 8-max Seat #5 is the button
Seat 1: LesGrossman52 (80751.00)
Seat 2: luckboxerrl (47912.00)
Seat 3: lipesticky (35000.00)
Seat 4: PaiDoSeuNenem (133059.00)
Seat 5: Hauki (84416.00)
Seat 6: kkdelsimkk (105958.00)
Seat 7: once_ (102136.00)
Seat 8: Juvituu (39130.00)
LesGrossman52 posts ante 375.00
luckboxerrl posts ante 375.00
lipesticky posts ante 375.00
PaiDoSeuNenem posts ante 375.00
Hauki posts ante 375.00
kkdelsimkk posts ante 375.00
once_ posts ante 375.00
Juvituu posts ante 375.00
kkdelsimkk posts the small blind 1500.00
once_ posts the big blind 3000.00
*** HOLE CARDS ***
Main pot 3000.00
Dealt to lipesticky [4h Jd]
Juvituu folds
LesGrossman52 folds
luckboxerrl folds
lipesticky folds
PaiDoSeuNenem folds
Hauki raises 6300.00 to 6300.00
kkdelsimkk folds
once_ calls 3300.00
*** FLOP *** [5c Qd Th]
Main pot 17100.00
once_ checks
Hauki bets 4275.00
once_ calls 4275.00
*** TURN *** [5c Qd Th] [Qh]
Main pot 25650.00
once_ checks
Hauki checks
*** RIVER *** [5c Qd Th Qh] [9h]
Main pot 25650.00
once_ bets 17108.00
Hauki folds
Uncalled bet (17108.00) returned to once_
once_ does not show
*** SUMMARY ***
Total pot 25650.00
Board [5c Qd Th Qh 9h]
Seat 1: LesGrossman52 folded on the Pre-Flop and did not bet
Seat 2: luckboxerrl folded on the Pre-Flop and did not bet
Seat 3: lipesticky folded on the Pre-Flop and did not bet
Seat 4: PaiDoSeuNenem folded on the Pre-Flop and did not bet
Seat 5: Hauki (button) folded on the River
Seat 6: kkdelsimkk (small blind) folded on the Pre-Flop
Seat 7: once_ did not show and won 25650.00
Seat 8: Juvituu folded on the Pre-Flop and did not bet

Game Hand #2020372069 - Tournament #31155788 - Holdem (No Limit) - Level 15 (1500.00/3000.00)- 2024/02/07 19:39:18 UTC
Table '66' 8-max Seat #6 is the button
Seat 1: LesGrossman52 (80376.00)
Seat 2: luckboxerrl (47537.00)
Seat 3: lipesticky (34625.00)
Seat 4: PaiDoSeuNenem (132684.00)
Seat 5: Hauki (73466.00)
Seat 6: kkdelsimkk (104083.00)
Seat 7: once_ (116836.00)
Seat 8: Juvituu (38755.00)
LesGrossman52 posts ante 375.00
luckboxerrl posts ante 375.00
lipesticky posts ante 375.00
PaiDoSeuNenem posts ante 375.00
Hauki posts ante 375.00
kkdelsimkk posts ante 375.00
once_ posts ante 375.00
Juvituu posts ante 375.00
once_ posts the small blind 1500.00
Juvituu posts the big blind 3000.00
*** HOLE CARDS ***
Main pot 3000.00
Dealt to lipesticky [7h 2d]
LesGrossman52 raises 8250.00 to 8250.00
luckboxerrl raises 47162.00 to 47162.00 and is all-in
lipesticky folds
PaiDoSeuNenem folds
Hauki folds
kkdelsimkk folds
once_ folds
Juvituu folds
LesGrossman52 calls 38912.00
*** FLOP *** [3c As 6s]
Main pot 101824.00
*** TURN *** [3c As 6s] [7s]
Main pot 101824.00
*** RIVER *** [3c As 6s 7s] [4d]
Main pot 101824.00
*** SHOW DOWN ***
Main pot 101824.00
LesGrossman52 shows [Ts Ah] (a pair of Aces [As Ah Ts 7s 6s])
luckboxerrl shows [Ac Js] (a pair of Aces [As Ac Js 7s 6s])
luckboxerrl collected 101824.00 from main pot
*** SUMMARY ***
Total pot 101824.00
Board [3c As 6s 7s 4d]
Seat 1: LesGrossman52 showed [Ts Ah] and lost with a pair of Aces [As Ah Ts 7s 6s]
Seat 2: luckboxerrl showed [Ac Js] and won 101824.00 with a pair of Aces [As Ac Js 7s 6s] with the kicker Jack
Seat 3: lipesticky folded on the Pre-Flop and did not bet
Seat 4: PaiDoSeuNenem folded on the Pre-Flop and did not bet
Seat 5: Hauki folded on the Pre-Flop and did not bet
Seat 6: kkdelsimkk (button) folded on the Pre-Flop
Seat 7: once_ (small blind) folded on the Pre-Flop
Seat 8: Juvituu (big blind) folded on the Pre-Flop

Game Hand #2020372903 - Tournament #31155788 - Holdem (No Limit) - Level 15 (1500.00/3000.00)- 2024/02/07 19:40:17 UTC
Table '66' 8-max Seat #7 is the button
Seat 1: LesGrossman52 (32839.00)
Seat 2: luckboxerrl (101824.00)
Seat 3: lipesticky (34250.00)
Seat 4: PaiDoSeuNenem (132309.00)
Seat 5: Hauki (73091.00)
Seat 6: kkdelsimkk (103708.00)
Seat 7: once_ (114961.00)
Seat 8: Juvituu (35380.00)
LesGrossman52 posts ante 375.00
luckboxerrl posts ante 375.00
lipesticky posts ante 375.00
PaiDoSeuNenem posts ante 375.00
Hauki posts ante 375.00
kkdelsimkk posts ante 375.00
once_ posts ante 375.00
Juvituu posts ante 375.00
Juvituu posts the small blind 1500.00
LesGrossman52 posts the big blind 3000.00
*** HOLE CARDS ***
Main pot 3000.00
Dealt to lipesticky [3d Qh]
luckboxerrl raises 6600.00 to 6600.00
lipesticky folds
PaiDoSeuNenem folds
Hauki folds
kkdelsimkk folds
once_ folds
Juvituu folds
LesGrossman52 folds
Uncalled bet (3600.00) returned to luckboxerrl
luckboxerrl does not show
*** SUMMARY ***
Total pot 10500.00
Seat 1: LesGrossman52 (big blind) folded on the Pre-Flop
Seat 2: luckboxerrl did not show and won 10500.00
Seat 3: lipesticky folded on the Pre-Flop and did not bet
Seat 4: PaiDoSeuNenem folded on the Pre-Flop and did not bet
Seat 5: Hauki folded on the Pre-Flop and did not bet
Seat 6: kkdelsimkk folded on the Pre-Flop and did not bet
Seat 7: once_ (button) folded on the Pre-Flop
Seat 8: Juvituu (small blind) folded on the Pre-Flop

Game Hand #2020373352 - Tournament #31155788 - Holdem (No Limit) - Level 16 (1750.00/3500.00)- 2024/02/07 19:40:49 UTC
Table '66' 8-max Seat #8 is the button
Seat 1: LesGrossman52 (29464.00)
Seat 2: luckboxerrl (108949.00)
Seat 3: lipesticky (33875.00)
Seat 4: PaiDoSeuNenem (131934.00)
Seat 5: Hauki (72716.00)
Seat 6: kkdelsimkk (103333.00)
Seat 7: once_ (114586.00)
Seat 8: Juvituu (33505.00)
LesGrossman52 posts ante 450.00
luckboxerrl posts ante 450.00
lipesticky posts ante 450.00
PaiDoSeuNenem posts ante 450.00
Hauki posts ante 450.00
kkdelsimkk posts ante 450.00
once_ posts ante 450.00
Juvituu posts ante 450.00
LesGrossman52 posts the small blind 1750.00
luckboxerrl posts the big blind 3500.00
*** HOLE CARDS ***
Main pot 3600.00
Dealt to lipesticky [Th 8d]
lipesticky folds
PaiDoSeuNenem folds
Hauki folds
kkdelsimkk raises 7000.00 to 7000.00
once_ folds
Juvituu folds
LesGrossman52 calls 5250.00
luckboxerrl calls 3500.00
*** FLOP *** [Jc 5c 4s]
Main pot 24600.00
LesGrossman52 bets 12300.00
luckboxerrl calls 12300.00
kkdelsimkk folds
*** TURN *** [Jc 5c 4s] [Qs]
Main pot 49200.00
LesGrossman52 bets 9714.00 and is all-in
luckboxerrl calls 9714.00
*** RIVER *** [Jc 5c 4s Qs] [7d]
Main pot 68628.00
*** SHOW DOWN ***
Main pot 68628.00
LesGrossman52 shows [Qc Jd] (two pair, Queens and Jacks [Qs Qc Jd Jc 7d])
luckboxerrl shows [3c 4c] (a pair of Fours [4s 4c Qs Jc 7d])
LesGrossman52 collected 68628.00 from main pot
*** SUMMARY ***
Total pot 68628.00
Board [Jc 5c 4s Qs 7d]
Seat 1: LesGrossman52 (small blind) showed [Qc Jd] and won 68628.00 with two pair, Queens and Jacks [Qs Qc Jd Jc 7d]
Seat 2: luckboxerrl (big blind) showed [3c 4c] and lost with a pair of Fours [4s 4c Qs Jc 7d]
Seat 3: lipesticky folded on the Pre-Flop and did not bet
Seat 4: PaiDoSeuNenem folded on the Pre-Flop and did not bet
Seat 5: Hauki folded on the Pre-Flop and did not bet
Seat 6: kkdelsimkk folded on the Flop
Seat 7: once_ folded on the Pre-Flop and did not bet
Seat 8: Juvituu (button) folded on the Pre-Flop

Game Hand #2020374849 - Tournament #31155788 - Holdem (No Limit) - Level 16 (1750.00/3500.00)- 2024/02/07 19:42:38 UTC
Table '66' 8-max Seat #1 is the button
Seat 1: LesGrossman52 (68628.00)
Seat 2: luckboxerrl (79485.00)
Seat 3: lipesticky (33425.00)
Seat 4: PaiDoSeuNenem (131484.00)
Seat 5: Hauki (72266.00)
Seat 6: kkdelsimkk (95883.00)
Seat 7: once_ (114136.00)
Seat 8: Juvituu (33055.00)
LesGrossman52 posts ante 450.00
luckboxerrl posts ante 450.00
lipesticky posts ante 450.00
PaiDoSeuNenem posts ante 450.00
Hauki posts ante 450.00
kkdelsimkk posts ante 450.00
once_ posts ante 450.00
Juvituu posts ante 450.00
luckboxerrl posts the small blind 1750.00
lipesticky posts the big blind 3500.00
*** HOLE CARDS ***
Main pot 3600.00
Dealt to lipesticky [4s Ah]
PaiDoSeuNenem folds
Hauki folds
kkdelsimkk raises 7000.00 to 7000.00
once_ folds
Juvituu folds
LesGrossman52 folds
luckboxerrl folds
lipesticky calls 3500.00
*** FLOP *** [6c 4d 7c]
Main pot 19350.00
lipesticky bets 25975.00 and is all-in
kkdelsimkk folds
Uncalled bet (25975.00) returned to lipesticky
lipesticky does not show
*** SUMMARY ***
Total pot 19350.00
Board [6c 4d 7c]
Seat 1: LesGrossman52 (button) folded on the Pre-Flop
Seat 2: luckboxerrl (small blind) folded on the Pre-Flop
Seat 3: lipesticky did not show and won 19350.00
Seat 4: PaiDoSeuNenem folded on the Pre-Flop and did not bet
Seat 5: Hauki folded on the Pre-Flop and did not bet
Seat 6: kkdelsimkk folded on the Flop
Seat 7: once_ folded on the Pre-Flop and did not bet
Seat 8: Juvituu folded on the Pre-Flop and did not bet

Game Hand #2020375705 - Tournament #31155788 - Holdem (No Limit) - Level 16 (1750.00/3500.00)- 2024/02/07 19:43:41 UTC
Table '66' 8-max Seat #2 is the button
Seat 1: LesGrossman52 (68178.00)
Seat 2: luckboxerrl (77285.00)
Seat 3: lipesticky (45325.00)
Seat 4: PaiDoSeuNenem (131034.00)
Seat 5: Hauki (71816.00)
Seat 6: kkdelsimkk (88433.00)
Seat 7: once_ (113686.00)
Seat 8: Juvituu (32605.00)
LesGrossman52 posts ante 450.00
luckboxerrl posts ante 450.00
lipesticky posts ante 450.00
PaiDoSeuNenem posts ante 450.00
Hauki posts ante 450.00
kkdelsimkk posts ante 450.00
once_ posts ante 450.00
Juvituu posts ante 450.00
lipesticky posts the small blind 1750.00
PaiDoSeuNenem posts the big blind 3500.00
*** HOLE CARDS ***
Main pot 3600.00
Dealt to lipesticky [8s 7c]
Hauki folds
kkdelsimkk folds
once_ folds
Juvituu raises 32155.00 to 32155.00 and is all-in
LesGrossman52 folds
luckboxerrl folds
lipesticky folds
PaiDoSeuNenem folds
Uncalled bet (28655.00) returned to Juvituu
Juvituu does not show
*** SUMMARY ***
Total pot 12350.00
Seat 1: LesGrossman52 folded on the Pre-Flop and did not bet
Seat 2: luckboxerrl (button) folded on the Pre-Flop
Seat 3: lipesticky (small blind) folded on the Pre-Flop
Seat 4: PaiDoSeuNenem (big blind) folded on the Pre-Flop
Seat 5: Hauki folded on the Pre-Flop and did not bet
Seat 6: kkdelsimkk folded on the Pre-Flop and did not bet
Seat 7: once_ folded on the Pre-Flop and did not bet
Seat 8: Juvituu did not show and won 12350.00

Game Hand #2020376380 - Tournament #31155788 - Holdem (No Limit) - Level 16 (1750.00/3500.00)- 2024/02/07 19:44:26 UTC
Table '66' 8-max Seat #3 is the button
Seat 1: LesGrossman52 (67728.00)
Seat 2: luckboxerrl (76835.00)
Seat 3: lipesticky (43125.00)
Seat 4: PaiDoSeuNenem (127084.00)
Seat 5: Hauki (71366.00)
Seat 6: kkdelsimkk (87983.00)
Seat 7: once_ (113236.00)
Seat 8: Juvituu (41005.00)
LesGrossman52 posts ante 450.00
luckboxerrl posts ante 450.00
lipesticky posts ante 450.00
PaiDoSeuNenem posts ante 450.00
Hauki posts ante 450.00
kkdelsimkk posts ante 450.00
once_ posts ante 450.00
Juvituu posts ante 450.00
PaiDoSeuNenem posts the small blind 1750.00
Hauki posts the big blind 3500.00
*** HOLE CARDS ***
Main pot 3600.00
Dealt to lipesticky [5d 4d]
kkdelsimkk folds
once_ raises 7000.00 to 7000.00
Juvituu folds
LesGrossman52 folds
luckboxerrl folds
lipesticky folds
PaiDoSeuNenem folds
Hauki folds
Uncalled bet (3500.00) returned to once_
once_ does not show
*** SUMMARY ***
Total pot 12350.00
Seat 1: LesGrossman52 folded on the Pre-Flop and did not bet
Seat 2: luckboxerrl folded on the Pre-Flop and did not bet
Seat 3: lipesticky (button) folded on the Pre-Flop
Seat 4: PaiDoSeuNenem (small blind) folded on the Pre-Flop
Seat 5: Hauki (big blind) folded on the Pre-Flop
Seat 6: kkdelsimkk folded on the Pre-Flop and did not bet
Seat 7: once_ did not show and won 12350.00
Seat 8: Juvituu folded on the Pre-Flop and did not bet

Game Hand #2020377055 - Tournament #31155788 - Holdem (No Limit) - Level 16 (1750.00/3500.00)- 2024/02/07 19:45:13 UTC
Table '66' 8-max Seat #4 is the button
Seat 1: LesGrossman52 (67278.00)
Seat 2: luckboxerrl (76385.00)
Seat 3: lipesticky (42675.00)
Seat 4: PaiDoSeuNenem (124884.00)
Seat 5: Hauki (67416.00)
Seat 6: kkdelsimkk (87533.00)
Seat 7: once_ (121636.00)
Seat 8: Juvituu (40555.00)
LesGrossman52 posts ante 450.00
luckboxerrl posts ante 450.00
lipesticky posts ante 450.00
PaiDoSeuNenem posts ante 450.00
Hauki posts ante 450.00
kkdelsimkk posts ante 450.00
once_ posts ante 450.00
Juvituu posts ante 450.00
Hauki posts the small blind 1750.00
kkdelsimkk posts the big blind 3500.00
*** HOLE CARDS ***
Main pot 3600.00
Dealt to lipesticky [4d 6h]
once_ folds
Juvituu folds
LesGrossman52 folds
luckboxerrl folds
lipesticky folds
PaiDoSeuNenem raises 7000.00 to 7000.00
Hauki folds
kkdelsimkk folds
Uncalled bet (3500.00) returned to PaiDoSeuNenem
PaiDoSeuNenem does not show
*** SUMMARY ***
Total pot 12350.00
Seat 1: LesGrossman52 folded on the Pre-Flop and did not bet
Seat 2: luckboxerrl folded on the Pre-Flop and did not bet
Seat 3: lipesticky folded on the Pre-Flop and did not bet
Seat 4: PaiDoSeuNenem did not show and won 12350.00
Seat 5: Hauki (small blind) folded on the Pre-Flop
Seat 6: kkdelsimkk (big blind) folded on the Pre-Flop
Seat 7: once_ folded on the Pre-Flop and did not bet
Seat 8: Juvituu folded on the Pre-Flop and did not bet

Game Hand #2020377637 - Tournament #31155788 - Holdem (No Limit) - Level 16 (1750.00/3500.00)- 2024/02/07 19:45:57 UTC
Table '66' 8-max Seat #5 is the button
Seat 1: LesGrossman52 (66828.00)
Seat 2: luckboxerrl (75935.00)
Seat 3: lipesticky (42225.00)
Seat 4: PaiDoSeuNenem (133284.00)
Seat 5: Hauki (65216.00)
Seat 6: kkdelsimkk (83583.00)
Seat 7: once_ (121186.00)
Seat 8: Juvituu (40105.00)
LesGrossman52 posts ante 450.00
luckboxerrl posts ante 450.00
lipesticky posts ante 450.00
PaiDoSeuNenem posts ante 450.00
Hauki posts ante 450.00
kkdelsimkk posts ante 450.00
once_ posts ante 450.00
Juvituu posts ante 450.00
kkdelsimkk posts the small blind 1750.00
once_ posts the big blind 3500.00
*** HOLE CARDS ***
Main pot 3600.00
Dealt to lipesticky [8s Kd]
Juvituu raises 39655.00 to 39655.00 and is all-in
LesGrossman52 folds
luckboxerrl folds
lipesticky folds
PaiDoSeuNenem folds
Hauki folds
kkdelsimkk folds
once_ folds
Uncalled bet (36155.00) returned to Juvituu
Juvituu does not show
*** SUMMARY ***
Total pot 12350.00
Seat 1: LesGrossman52 folded on the Pre-Flop and did not bet
Seat 2: luckboxerrl folded on the Pre-Flop and did not bet
Seat 3: lipesticky folded on the Pre-Flop and did not bet
Seat 4: PaiDoSeuNenem folded on the Pre-Flop and did not bet
Seat 5: Hauki (button) folded on the Pre-Flop
Seat 6: kkdelsimkk (small blind) folded on the Pre-Flop
Seat 7: once_ (big blind) folded on the Pre-Flop
Seat 8: Juvituu did not show and won 12350.00

Game Hand #2020378172 - Tournament #31155788 - Holdem (No Limit) - Level 16 (1750.00/3500.00)- 2024/02/07 19:46:37 UTC
Table '66' 8-max Seat #6 is the button
Seat 1: LesGrossman52 (66378.00)
Seat 2: luckboxerrl (75485.00)
Seat 3: lipesticky (41775.00)
Seat 4: PaiDoSeuNenem (132834.00)
Seat 5: Hauki (64766.00)
Seat 6: kkdelsimkk (81383.00) is sitting out
Seat 7: once_ (117236.00)
Seat 8: Juvituu (48505.00)
LesGrossman52 posts ante 450.00
luckboxerrl posts ante 450.00
lipesticky posts ante 450.00
PaiDoSeuNenem posts ante 450.00
Hauki posts ante 450.00
kkdelsimkk posts ante 450.00
once_ posts ante 450.00
Juvituu posts ante 450.00
once_ posts the small blind 1750.00
Juvituu posts the big blind 3500.00
*** HOLE CARDS ***
Main pot 3600.00
Dealt to lipesticky [5c Td]
LesGrossman52 folds
luckboxerrl folds
lipesticky folds
PaiDoSeuNenem folds
Hauki raises 7000.00 to 7000.00
kkdelsimkk folds
once_ folds
Juvituu raises 44555.00 to 48055.00 and is all-in
Hauki folds
Uncalled bet (41055.00) returned to Juvituu
Juvituu does not show
*** SUMMARY ***
Total pot 19350.00
Seat 1: LesGrossman52 folded on the Pre-Flop and did not bet
Seat 2: luckboxerrl folded on the Pre-Flop and did not bet
Seat 3: lipesticky folded on the Pre-Flop and did not bet
Seat 4: PaiDoSeuNenem folded on the Pre-Flop and did not bet
Seat 5: Hauki folded on the Pre-Flop and did not bet
Seat 6: kkdelsimkk (button) folded on the Pre-Flop
Seat 7: once_ (small blind) folded on the Pre-Flop
Seat 8: Juvituu did not show and won 19350.00

Game Hand #2020378775 - Tournament #31155788 - Holdem (No Limit) - Level 16 (1750.00/3500.00)- 2024/02/07 19:47:23 UTC
Table '66' 8-max Seat #7 is the button
Seat 1: LesGrossman52 (65928.00)
Seat 2: luckboxerrl (75035.00)
Seat 3: lipesticky (41325.00)
Seat 4: PaiDoSeuNenem (132384.00)
Seat 5: Hauki (57316.00)
Seat 6: kkdelsimkk (80933.00)
Seat 7: once_ (115036.00)
Seat 8: Juvituu (60405.00)
LesGrossman52 posts ante 450.00
luckboxerrl posts ante 450.00
lipesticky posts ante 450.00
PaiDoSeuNenem posts ante 450.00
Hauki posts ante 450.00
kkdelsimkk posts ante 450.00
once_ posts ante 450.00
Juvituu posts ante 450.00
Juvituu posts the small blind 1750.00
LesGrossman52 posts the big blind 3500.00
*** HOLE CARDS ***
Main pot 3600.00
Dealt to lipesticky [4s 7h]
luckboxerrl folds
lipesticky folds
PaiDoSeuNenem folds
Hauki folds
kkdelsimkk folds
once_ raises 7000.00 to 7000.00
Juvituu folds
LesGrossman52 raises 18013.00 to 21513.00
once_ folds
Uncalled bet (14513.00) returned to LesGrossman52
LesGrossman52 does not show
*** SUMMARY ***
Total pot 19350.00
Seat 1: LesGrossman52 did not show and won 19350.00
Seat 2: luckboxerrl folded on the Pre-Flop and did not bet
Seat 3: lipesticky folded on the Pre-Flop and did not bet
Seat 4: PaiDoSeuNenem folded on the Pre-Flop and did not bet
Seat 5: Hauki folded on the Pre-Flop and did not bet
Seat 6: kkdelsimkk folded on the Pre-Flop and did not bet
Seat 7: once_ (button) folded on the Pre-Flop
Seat 8: Juvituu (small blind) folded on the Pre-Flop

Game Hand #2020379691 - Tournament #31155788 - Holdem (No Limit) - Level 16 (1750.00/3500.00)- 2024/02/07 19:48:30 UTC
Table '66' 8-max Seat #8 is the button
Seat 1: LesGrossman52 (77828.00)
Seat 2: luckboxerrl (74585.00)
Seat 3: lipesticky (40875.00)
Seat 4: PaiDoSeuNenem (131934.00)
Seat 5: Hauki (56866.00)
Seat 6: kkdelsimkk (80483.00)
Seat 7: once_ (107586.00)
LesGrossman52 posts ante 450.00
luckboxerrl posts ante 450.00
lipesticky posts ante 450.00
PaiDoSeuNenem posts ante 450.00
Hauki posts ante 450.00
kkdelsimkk posts ante 450.00
once_ posts ante 450.00
LesGrossman52 posts the small blind 1750.00
luckboxerrl posts the big blind 3500.00
*** HOLE CARDS ***
Main pot 3150.00
Dealt to lipesticky [7s Qh]
lipesticky folds
PaiDoSeuNenem folds
Hauki raises 7000.00 to 7000.00
kkdelsimkk folds
once_ calls 7000.00
LesGrossman52 folds
luckboxerrl folds
*** FLOP *** [7h Kd Td]
Main pot 22400.00
Hauki checks
once_ bets 7392.00
Hauki calls 7392.00
*** TURN *** [7h Kd Td] [8d]
Main pot 37184.00
Hauki checks
once_ bets 92744.00 and is all-in
Hauki folds
Uncalled bet (92744.00) returned to once_
once_ does not show
*** SUMMARY ***
Total pot 37184.00
Board [7h Kd Td 8d]
Seat 1: LesGrossman52 (small blind) folded on the Pre-Flop
Seat 2: luckboxerrl (big blind) folded on the Pre-Flop
Seat 3: lipesticky folded on the Pre-Flop and did not bet
Seat 4: PaiDoSeuNenem folded on the Pre-Flop and did not bet
Seat 5: Hauki folded on the Turn
Seat 6: kkdelsimkk folded on the Pre-Flop and did not bet
Seat 7: once_ did not show and won 37184.00

Game Hand #2020380889 - Tournament #31155788 - Holdem (No Limit) - Level 16 (1750.00/3500.00)- 2024/02/07 19:49:59 UTC
Table '66' 8-max Seat #1 is the button
Seat 1: LesGrossman52 (75628.00)
Seat 2: luckboxerrl (70635.00)
Seat 3: lipesticky (40425.00)
Seat 4: PaiDoSeuNenem (131484.00)
Seat 5: Hauki (42024.00)
Seat 6: kkdelsimkk (80033.00)
Seat 7: once_ (129928.00)
LesGrossman52 posts ante 450.00
luckboxerrl posts ante 450.00
lipesticky posts ante 450.00
PaiDoSeuNenem posts ante 450.00
Hauki posts ante 450.00
kkdelsimkk posts ante 450.00
once_ posts ante 450.00
luckboxerrl posts the small blind 1750.00
lipesticky posts the big blind 3500.00
*** HOLE CARDS ***
Main pot 3150.00
Dealt to lipesticky [6d 4h]
PaiDoSeuNenem raises 7700.00 to 7700.00
Hauki folds
kkdelsimkk folds
once_ calls 7700.00
LesGrossman52 folds
luckboxerrl folds
lipesticky calls 4200.00
*** FLOP *** [Qd 2c 7h]
Main pot 28000.00
lipesticky checks
PaiDoSeuNenem checks
once_ bets 7000.00
lipesticky folds
PaiDoSeuNenem calls 7000.00
*** TURN *** [Qd 2c 7h] [Kd]
Main pot 42000.00
PaiDoSeuNenem bets 18200.00
once_ folds
Uncalled bet (18200.00) returned to PaiDoSeuNenem
PaiDoSeuNenem does not show
*** SUMMARY ***
Total pot 42000.00
Board [Qd 2c 7h Kd]
Seat 1: LesGrossman52 (button) folded on the Pre-Flop
Seat 2: luckboxerrl (small blind) folded on the Pre-Flop
Seat 3: lipesticky (big blind) folded on the Flop
Seat 4: PaiDoSeuNenem did not show and won 42000.00
Seat 5: Hauki folded on the Pre-Flop and did not bet
Seat 6: kkdelsimkk folded on the Pre-Flop and did not bet
Seat 7: once_ folded on the Turn

Game Hand #2020382622 - Tournament #31155788 - Holdem (No Limit) - Level 16 (1750.00/3500.00)- 2024/02/07 19:51:50 UTC
Table '66' 8-max Seat #2 is the button
Seat 1: LesGrossman52 (75178.00)
Seat 2: luckboxerrl (68435.00)
Seat 3: lipesticky (32275.00)
Seat 4: PaiDoSeuNenem (158334.00)
Seat 5: Hauki (41574.00)
Seat 6: kkdelsimkk (79583.00)
Seat 7: once_ (114778.00)
Seat 8: JOLIEPOKER (35000.00)
LesGrossman52 posts ante 450.00
luckboxerrl posts ante 450.00
lipesticky posts ante 450.00
PaiDoSeuNenem posts ante 450.00
Hauki posts ante 450.00
kkdelsimkk posts ante 450.00
once_ posts ante 450.00
JOLIEPOKER posts ante 450.00
lipesticky posts the small blind 1750.00
PaiDoSeuNenem posts the big blind 3500.00
*** HOLE CARDS ***
Main pot 3600.00
Dealt to lipesticky [Jh 5h]
Hauki raises 41124.00 to 41124.00 and is all-in
kkdelsimkk folds
once_ folds
JOLIEPOKER folds
LesGrossman52 folds
luckboxerrl folds
lipesticky folds
PaiDoSeuNenem calls 37624.00
*** FLOP *** [Th Ks 8h]
Main pot 87598.00
*** TURN *** [Th Ks 8h] [2d]
Main pot 87598.00
*** RIVER *** [Th Ks 8h 2d] [4s]
Main pot 87598.00
*** SHOW DOWN ***
Main pot 87598.00
PaiDoSeuNenem shows [Jd Ad] (a high card, Ace high [Ad Ks Jd Th 8h])
Hauki shows [7s 7h] (a pair of Sevens [7s 7h Ks Th 8h])
Hauki collected 87598.00 from main pot
*** SUMMARY ***
Total pot 87598.00
Board [Th Ks 8h 2d 4s]
Seat 1: LesGrossman52 folded on the Pre-Flop and did not bet
Seat 2: luckboxerrl (button) folded on the Pre-Flop
Seat 3: lipesticky (small blind) folded on the Pre-Flop
Seat 4: PaiDoSeuNenem (big blind) showed [Jd Ad] and lost with a high card, Ace high [Ad Ks Jd Th 8h]
Seat 5: Hauki showed [7s 7h] and won 87598.00 with a pair of Sevens [7s 7h Ks Th 8h]
Seat 6: kkdelsimkk folded on the Pre-Flop and did not bet
Seat 7: once_ folded on the Pre-Flop and did not bet
Seat 8: JOLIEPOKER folded on the Pre-Flop and did not bet

Game Hand #2020383537 - Tournament #31155788 - Holdem (No Limit) - Level 16 (1750.00/3500.00)- 2024/02/07 19:52:49 UTC
Table '66' 8-max Seat #3 is the button
Seat 1: LesGrossman52 (74728.00)
Seat 2: luckboxerrl (67985.00)
Seat 3: lipesticky (30075.00)
Seat 4: PaiDoSeuNenem (116760.00)
Seat 5: Hauki (87598.00)
Seat 6: kkdelsimkk (79133.00)
Seat 7: once_ (114328.00)
Seat 8: JOLIEPOKER (34550.00)
LesGrossman52 posts ante 450.00
luckboxerrl posts ante 450.00
lipesticky posts ante 450.00
PaiDoSeuNenem posts ante 450.00
Hauki posts ante 450.00
kkdelsimkk posts ante 450.00
once_ posts ante 450.00
JOLIEPOKER posts ante 450.00
PaiDoSeuNenem posts the small blind 1750.00
Hauki posts the big blind 3500.00
*** HOLE CARDS ***
Main pot 3600.00
Dealt to lipesticky [2c 5h]
kkdelsimkk folds
once_ folds
JOLIEPOKER folds
LesGrossman52 raises 9675.00 to 9675.00
luckboxerrl folds
lipesticky folds
PaiDoSeuNenem folds
Hauki folds
Uncalled bet (6175.00) returned to LesGrossman52
LesGrossman52 does not show
*** SUMMARY ***
Total pot 12350.00
Seat 1: LesGrossman52 did not show and won 12350.00
Seat 2: luckboxerrl folded on the Pre-Flop and did not bet
Seat 3: lipesticky (button) folded on the Pre-Flop
Seat 4: PaiDoSeuNenem (small blind) folded on the Pre-Flop
Seat 5: Hauki (big blind) folded on the Pre-Flop
Seat 6: kkdelsimkk folded on the Pre-Flop and did not bet
Seat 7: once_ folded on the Pre-Flop and did not bet
Seat 8: JOLIEPOKER folded on the Pre-Flop and did not bet

Game Hand #2020384011 - Tournament #31155788 - Holdem (No Limit) - Level 16 (1750.00/3500.00)- 2024/02/07 19:53:20 UTC
Table '66' 8-max Seat #4 is the button
Seat 1: LesGrossman52 (83128.00)
Seat 2: luckboxerrl (67535.00)
Seat 3: lipesticky (29625.00)
Seat 4: PaiDoSeuNenem (114560.00)
Seat 5: Hauki (83648.00)
Seat 6: kkdelsimkk (78683.00)
Seat 7: once_ (113878.00)
Seat 8: JOLIEPOKER (34100.00)
LesGrossman52 posts ante 450.00
luckboxerrl posts ante 450.00
lipesticky posts ante 450.00
PaiDoSeuNenem posts ante 450.00
Hauki posts ante 450.00
kkdelsimkk posts ante 450.00
once_ posts ante 450.00
JOLIEPOKER posts ante 450.00
Hauki posts the small blind 1750.00
kkdelsimkk posts the big blind 3500.00
*** HOLE CARDS ***
Main pot 3600.00
Dealt to lipesticky [3s Jc]
once_ folds
JOLIEPOKER folds
LesGrossman52 raises 9675.00 to 9675.00
luckboxerrl folds
lipesticky folds
PaiDoSeuNenem folds
Hauki folds
kkdelsimkk calls 6175.00
*** FLOP *** [3h 4c 8s]
Main pot 24700.00
kkdelsimkk checks
LesGrossman52 bets 12350.00
kkdelsimkk folds
Uncalled bet (12350.00) returned to LesGrossman52
LesGrossman52 does not show
*** SUMMARY ***
Total pot 24700.00
Board [3h 4c 8s]
Seat 1: LesGrossman52 did not show and won 24700.00
Seat 2: luckboxerrl folded on the Pre-Flop and did not bet
Seat 3: lipesticky folded on the Pre-Flop and did not bet
Seat 4: PaiDoSeuNenem (button) folded on the Pre-Flop
Seat 5: Hauki (small blind) folded on the Pre-Flop
Seat 6: kkdelsimkk (big blind) folded on the Flop
Seat 7: once_ folded on the Pre-Flop and did not bet
Seat 8: JOLIEPOKER folded on the Pre-Flop and did not bet

Game Hand #2020385049 - Tournament #31155788 - Holdem (No Limit) - Level 16 (1750.00/3500.00)- 2024/02/07 19:54:28 UTC
Table '66' 8-max Seat #5 is the button
Seat 1: LesGrossman52 (97703.00)
Seat 2: luckboxerrl (67085.00)
Seat 3: lipesticky (29175.00)
Seat 4: PaiDoSeuNenem (114110.00)
Seat 5: Hauki (81448.00)
Seat 6: kkdelsimkk (68558.00)
Seat 7: once_ (113428.00)
Seat 8: JOLIEPOKER (33650.00)
LesGrossman52 posts ante 450.00
luckboxerrl posts ante 450.00
lipesticky posts ante 450.00
PaiDoSeuNenem posts ante 450.00
Hauki posts ante 450.00
kkdelsimkk posts ante 450.00
once_ posts ante 450.00
JOLIEPOKER posts ante 450.00
kkdelsimkk posts the small blind 1750.00
once_ posts the big blind 3500.00
*** HOLE CARDS ***
Main pot 3600.00
Dealt to lipesticky [9s Td]
JOLIEPOKER folds
LesGrossman52 folds
luckboxerrl folds
lipesticky folds
PaiDoSeuNenem raises 7000.00 to 7000.00
Hauki raises 80998.00 to 80998.00 and is all-in
kkdelsimkk folds
once_ folds
PaiDoSeuNenem folds
Uncalled bet (73998.00) returned to Hauki
Hauki does not show
*** SUMMARY ***
Total pot 22850.00
Seat 1: LesGrossman52 folded on the Pre-Flop and did not bet
Seat 2: luckboxerrl folded on the Pre-Flop and did not bet
Seat 3: lipesticky folded on the Pre-Flop and did not bet
Seat 4: PaiDoSeuNenem folded on the Pre-Flop and did not bet
Seat 5: Hauki did not show and won 22850.00
Seat 6: kkdelsimkk (small blind) folded on the Pre-Flop
Seat 7: once_ (big blind) folded on the Pre-Flop
Seat 8: JOLIEPOKER folded on the Pre-Flop and did not bet

Game Hand #2020389710 - Tournament #31155788 - Holdem (No Limit) - Level 16 (1750.00/3500.00)- 2024/02/07 20:03:05 UTC
Table '66' 8-max Seat #6 is the button
Seat 1: LesGrossman52 (97253.00)
Seat 2: luckboxerrl (66635.00)
Seat 3: lipesticky (28725.00)
Seat 4: PaiDoSeuNenem (106660.00)
Seat 5: Hauki (96848.00)
Seat 6: kkdelsimkk (66358.00)
Seat 7: once_ (109478.00)
Seat 8: JOLIEPOKER (33200.00)
LesGrossman52 posts ante 450.00
luckboxerrl posts ante 450.00
lipesticky posts ante 450.00
PaiDoSeuNenem posts ante 450.00
Hauki posts ante 450.00
kkdelsimkk posts ante 450.00
once_ posts ante 450.00
JOLIEPOKER posts ante 450.00
once_ posts the small blind 1750.00
JOLIEPOKER posts the big blind 3500.00
*** HOLE CARDS ***
Main pot 3600.00
Dealt to lipesticky [5h 8d]
LesGrossman52 folds
luckboxerrl raises 66185.00 to 66185.00 and is all-in
lipesticky folds
PaiDoSeuNenem folds
Hauki folds
kkdelsimkk calls 65908.00 and is all-in
once_ folds
JOLIEPOKER folds
Uncalled bet (277.00) returned to luckboxerrl
*** FLOP *** [Ah Td 8s]
Main pot 140666.00
*** TURN *** [Ah Td 8s] [Jh]
Main pot 140666.00
*** RIVER *** [Ah Td 8s Jh] [8c]
Main pot 140666.00
*** SHOW DOWN ***
Main pot 140666.00
luckboxerrl shows [As Kh] (two pair, Aces and Eights [As Ah 8s 8c Kh])
kkdelsimkk shows [Qs Ad] (two pair, Aces and Eights [Ah Ad 8s 8c Qs])
luckboxerrl collected 140666.00 from main pot
*** SUMMARY ***
Total pot 140666.00
Board [Ah Td 8s Jh 8c]
Seat 1: LesGrossman52 folded on the Pre-Flop and did not bet
Seat 2: luckboxerrl showed [As Kh] and won 140666.00 with two pair, Aces and Eights [As Ah 8s 8c Kh] with the kicker King
Seat 3: lipesticky folded on the Pre-Flop and did not bet
Seat 4: PaiDoSeuNenem folded on the Pre-Flop and did not bet
Seat 5: Hauki folded on the Pre-Flop and did not bet
Seat 6: kkdelsimkk (button) showed [Qs Ad] and lost with two pair, Aces and Eights [Ah Ad 8s 8c Qs]
Seat 7: once_ (small blind) folded on the Pre-Flop
Seat 8: JOLIEPOKER (big blind) folded on the Pre-Flop

Game Hand #2020391184 - Tournament #31155788 - Holdem (No Limit) - Level 17 (2000.00/4000.00)- 2024/02/07 20:04:45 UTC
Table '66' 8-max Seat #7 is the button
Seat 1: LesGrossman52 (96803.00)
Seat 2: luckboxerrl (140943.00)
Seat 3: lipesticky (28275.00)
Seat 4: PaiDoSeuNenem (106210.00)
Seat 5: Hauki (96398.00)
Seat 7: once_ (107278.00)
Seat 8: JOLIEPOKER (29250.00)
LesGrossman52 posts ante 500.00
luckboxerrl posts ante 500.00
lipesticky posts ante 500.00
PaiDoSeuNenem posts ante 500.00
Hauki posts ante 500.00
once_ posts ante 500.00
JOLIEPOKER posts ante 500.00
JOLIEPOKER posts the small blind 2000.00
LesGrossman52 posts the big blind 4000.00
*** HOLE CARDS ***
Main pot 3500.00
Dealt to lipesticky [8d Ad]
luckboxerrl folds
lipesticky raises 27775.00 to 27775.00 and is all-in
PaiDoSeuNenem folds
Hauki folds
once_ folds
JOLIEPOKER folds
LesGrossman52 folds
Uncalled bet (23775.00) returned to lipesticky
lipesticky does not show
*** SUMMARY ***
Total pot 13500.00
Seat 1: LesGrossman52 (big blind) folded on the Pre-Flop
Seat 2: luckboxerrl folded on the Pre-Flop and did not bet
Seat 3: lipesticky did not show and won 13500.00
Seat 4: PaiDoSeuNenem folded on the Pre-Flop and did not bet
Seat 5: Hauki folded on the Pre-Flop and did not bet
Seat 7: once_ (button) folded on the Pre-Flop
Seat 8: JOLIEPOKER (small blind) folded on the Pre-Flop

Game Hand #2020391633 - Tournament #31155788 - Holdem (No Limit) - Level 17 (2000.00/4000.00)- 2024/02/07 20:05:15 UTC
Table '66' 8-max Seat #8 is the button
Seat 2: luckboxerrl (140443.00)
Seat 3: lipesticky (37275.00)
Seat 4: PaiDoSeuNenem (105710.00)
Seat 5: Hauki (95898.00)
Seat 6: Goldeneye996 (286961.00)
Seat 7: once_ (106778.00)
Seat 8: JOLIEPOKER (26750.00)
luckboxerrl posts ante 500.00
lipesticky posts ante 500.00
PaiDoSeuNenem posts ante 500.00
Hauki posts ante 500.00
Goldeneye996 posts ante 500.00
once_ posts ante 500.00
JOLIEPOKER posts ante 500.00
luckboxerrl posts the big blind 4000.00
*** HOLE CARDS ***
Main pot 3500.00
Dealt to lipesticky [Kc 4c]
lipesticky folds
PaiDoSeuNenem folds
Hauki folds
Goldeneye996 raises 8000.00 to 8000.00
once_ folds
JOLIEPOKER folds
luckboxerrl calls 4000.00
*** FLOP *** [Qc 8c 9c]
Main pot 19500.00
luckboxerrl checks
Goldeneye996 bets 9750.00
luckboxerrl calls 9750.00
*** TURN *** [Qc 8c 9c] [6s]
Main pot 39000.00
luckboxerrl checks
Goldeneye996 checks
*** RIVER *** [Qc 8c 9c 6s] [3c]
Main pot 39000.00
luckboxerrl bets 29250.00
Goldeneye996 folds
Uncalled bet (29250.00) returned to luckboxerrl
luckboxerrl does not show
*** SUMMARY ***
Total pot 39000.00
Board [Qc 8c 9c 6s 3c]
Seat 2: luckboxerrl did not show and won 39000.00
Seat 3: lipesticky folded on the Pre-Flop and did not bet
Seat 4: PaiDoSeuNenem folded on the Pre-Flop and did not bet
Seat 5: Hauki folded on the Pre-Flop and did not bet
Seat 6: Goldeneye996 folded on the River
Seat 7: once_ folded on the Pre-Flop and did not bet
Seat 8: JOLIEPOKER (button) folded on the Pre-Flop

Game Hand #2020392640 - Tournament #31155788 - Holdem (No Limit) - Level 17 (2000.00/4000.00)- 2024/02/07 20:06:13 UTC
Table '66' 8-max Seat #1 is the button
Seat 2: luckboxerrl (161193.00)
Seat 3: lipesticky (36775.00)
Seat 4: PaiDoSeuNenem (105210.00)
Seat 5: Hauki (95398.00)
Seat 6: Goldeneye996 (268711.00)
Seat 7: once_ (106278.00)
Seat 8: JOLIEPOKER (26250.00)
luckboxerrl posts ante 500.00
lipesticky posts ante 500.00
PaiDoSeuNenem posts ante 500.00
Hauki posts ante 500.00
Goldeneye996 posts ante 500.00
once_ posts ante 500.00
JOLIEPOKER posts ante 500.00
luckboxerrl posts the small blind 2000.00
lipesticky posts the big blind 4000.00
*** HOLE CARDS ***
Main pot 3500.00
Dealt to lipesticky [Ks Qs]
PaiDoSeuNenem raises 8800.00 to 8800.00
Hauki folds
Goldeneye996 folds
once_ folds
JOLIEPOKER folds
luckboxerrl folds
lipesticky raises 32275.00 to 36275.00 and is all-in
PaiDoSeuNenem calls 27475.00
*** FLOP *** [3c 2c Td]
Main pot 78050.00
*** TURN *** [3c 2c Td] [5h]
Main pot 78050.00
*** RIVER *** [3c 2c Td 5h] [As]
Main pot 78050.00
*** SHOW DOWN ***
Main pot 78050.00
lipesticky shows [Ks Qs] (a high card, Ace high [As Ks Qs Td 5h])
PaiDoSeuNenem shows [Jh Ad] (a pair of Aces [As Ad Jh Td 5h])
PaiDoSeuNenem collected 78050.00 from main pot
*** SUMMARY ***
Total pot 78050.00
Board [3c 2c Td 5h As]
Seat 2: luckboxerrl (small blind) folded on the Pre-Flop
Seat 3: lipesticky (big blind) showed [Ks Qs] and lost with a high card, Ace high [As Ks Qs Td 5h]
Seat 4: PaiDoSeuNenem showed [Jh Ad] and won 78050.00 with a pair of Aces [As Ad Jh Td 5h]
Seat 5: Hauki folded on the Pre-Flop and did not bet
Seat 6: Goldeneye996 folded on the Pre-Flop and did not bet
Seat 7: once_ folded on the Pre-Flop and did not bet
Seat 8: JOLIEPOKER folded on the Pre-Flop and did not bet

