Game Hand #2020375168 - Tournament #31155963 - Holdem (No Limit) - Level 11 (1000.00/2000.00)- 2024/02/07 19:43:03 UTC
Table '4' 6-max Seat #2 is the button
Seat 1: raygao17 (91034.00)
Seat 2: LasVague (84266.00)
Seat 3: lipesticky will be allowed to play after the button
Seat 4: Soulblighter (111120.00)
Seat 5: Driezzziii (236208.00)
Seat 6: Ahamoment93o (24750.00)
raygao17 posts ante 250.00
LasVague posts ante 250.00
Soulblighter posts ante 250.00
Driezzziii posts ante 250.00
Ahamoment93o posts ante 250.00
Soulblighter posts the small blind 1000.00
Driezzziii posts the big blind 2000.00
*** HOLE CARDS ***
Main pot 1250.00
Ahamoment93o raises 4000.00 to 4000.00
raygao17 folds
LasVague folds
Soulblighter folds
Driezzziii folds
Uncalled bet (2000.00) returned to Ahamoment93o
Ahamoment93o does not show
*** SUMMARY ***
Total pot 6250.00
Seat 1: raygao17 folded on the Pre-Flop and did not bet
Seat 2: LasVague (button) folded on the Pre-Flop
Seat 4: Soulblighter (small blind) folded on the Pre-Flop
Seat 5: Driezzziii (big blind) folded on the Pre-Flop
Seat 6: Ahamoment93o did not show and won 6250.00

Game Hand #2020375502 - Tournament #31155963 - Holdem (No Limit) - Level 11 (1000.00/2000.00)- 2024/02/07 19:43:25 UTC
Table '4' 6-max Seat #4 is the button
Seat 1: raygao17 (90784.00)
Seat 2: LasVague (84016.00)
Seat 3: lipesticky (25000.00)
Seat 4: Soulblighter (109870.00)
Seat 5: Driezzziii (233958.00)
Seat 6: Ahamoment93o (28750.00)
raygao17 posts ante 250.00
LasVague posts ante 250.00
lipesticky posts ante 250.00
Soulblighter posts ante 250.00
Driezzziii posts ante 250.00
Ahamoment93o posts ante 250.00
Driezzziii posts the small blind 1000.00
Ahamoment93o posts the big blind 2000.00
*** HOLE CARDS ***
Main pot 1500.00
Dealt to lipesticky [9s 2s]
raygao17 folds
LasVague raises 4000.00 to 4000.00
lipesticky folds
Soulblighter folds
Driezzziii folds
Ahamoment93o calls 2000.00
*** FLOP *** [Jh 7s 8h]
Main pot 10500.00
Ahamoment93o checks
LasVague bets 2100.00
Ahamoment93o calls 2100.00
*** TURN *** [Jh 7s 8h] [8s]
Main pot 14700.00
Ahamoment93o checks
LasVague bets 7360.00
Ahamoment93o raises 22400.00 to 22400.00 and is all-in
LasVague calls 15040.00
*** RIVER *** [Jh 7s 8h 8s] [2h]
Main pot 59500.00
*** SHOW DOWN ***
Main pot 59500.00
LasVague shows [8c Kc] (three of a kind, Set of Eights [8s 8h 8c Kc Jh])
Ahamoment93o shows [8d 9d] (three of a kind, Set of Eights [8s 8h 8d Jh 9d])
LasVague collected 59500.00 from main pot
*** SUMMARY ***
Total pot 59500.00
Board [Jh 7s 8h 8s 2h]
Seat 1: raygao17 folded on the Pre-Flop and did not bet
Seat 2: LasVague showed [8c Kc] and won 59500.00 with three of a kind, Set of Eights [8s 8h 8c Kc Jh] with the kicker King
Seat 3: lipesticky folded on the Pre-Flop and did not bet
Seat 4: Soulblighter (button) folded on the Pre-Flop
Seat 5: Driezzziii (small blind) folded on the Pre-Flop
Seat 6: Ahamoment93o (big blind) showed [8d 9d] and lost with three of a kind, Set of Eights [8s 8h 8d Jh 9d]

Game Hand #2020376353 - Tournament #31155963 - Holdem (No Limit) - Level 11 (1000.00/2000.00)- 2024/02/07 19:44:24 UTC
Table '4' 6-max Seat #5 is the button
Seat 1: raygao17 (90534.00)
Seat 2: LasVague (114766.00)
Seat 3: lipesticky (24750.00)
Seat 4: Soulblighter (109620.00)
Seat 5: Driezzziii (232708.00)
raygao17 posts ante 250.00
LasVague posts ante 250.00
lipesticky posts ante 250.00
Soulblighter posts ante 250.00
Driezzziii posts ante 250.00
raygao17 posts the big blind 2000.00
*** HOLE CARDS ***
Main pot 1250.00
Dealt to lipesticky [Ks Jd]
LasVague raises 4000.00 to 4000.00
lipesticky folds
Soulblighter folds
Driezzziii raises 13000.00 to 13000.00
raygao17 folds
LasVague calls 9000.00
*** FLOP *** [Qd 6c 8s]
Main pot 29250.00
LasVague checks
Driezzziii bets 14313.00
LasVague calls 14313.00
*** TURN *** [Qd 6c 8s] [As]
Main pot 57876.00
LasVague checks
Driezzziii checks
*** RIVER *** [Qd 6c 8s As] [8c]
Main pot 57876.00
LasVague checks
Driezzziii checks
*** SHOW DOWN ***
Main pot 57876.00
LasVague shows [Jh Th] (a pair of Eights [8s 8c As Qd Jh])
Driezzziii shows [Kd Ah] (two pair, Aces and Eights [As Ah 8s 8c Kd])
Driezzziii collected 57876.00 from main pot
*** SUMMARY ***
Total pot 57876.00
Board [Qd 6c 8s As 8c]
Seat 1: raygao17 (big blind) folded on the Pre-Flop
Seat 2: LasVague showed [Jh Th] and lost with a pair of Eights [8s 8c As Qd Jh]
Seat 3: lipesticky folded on the Pre-Flop and did not bet
Seat 4: Soulblighter folded on the Pre-Flop and did not bet
Seat 5: Driezzziii (button) showed [Kd Ah] and won 57876.00 with two pair, Aces and Eights [As Ah 8s 8c Kd]

Game Hand #2020378141 - Tournament #31155963 - Holdem (No Limit) - Level 11 (1000.00/2000.00)- 2024/02/07 19:46:34 UTC
Table '4' 6-max Seat #6 is the button
Seat 1: raygao17 (88284.00)
Seat 3: lipesticky (24500.00)
Seat 4: Soulblighter (109370.00)
Seat 5: Driezzziii (263021.00)
Seat 6: OTPcamille will be allowed to play after the button
raygao17 posts ante 250.00
lipesticky posts ante 250.00
Soulblighter posts ante 250.00
Driezzziii posts ante 250.00
raygao17 posts the small blind 1000.00
lipesticky posts the big blind 2000.00
*** HOLE CARDS ***
Main pot 1000.00
Dealt to lipesticky [5h Kd]
Soulblighter folds
Driezzziii folds
raygao17 folds
lipesticky does not show
*** SUMMARY ***
Total pot 4000.00
Seat 1: raygao17 (small blind) folded on the Pre-Flop
Seat 3: lipesticky did not show and won 4000.00
Seat 4: Soulblighter folded on the Pre-Flop and did not bet
Seat 5: Driezzziii folded on the Pre-Flop and did not bet

Game Hand #2020378409 - Tournament #31155963 - Holdem (No Limit) - Level 11 (1000.00/2000.00)- 2024/02/07 19:46:53 UTC
Table '4' 6-max Seat #1 is the button
Seat 1: raygao17 (87034.00)
Seat 3: lipesticky (26250.00)
Seat 4: Soulblighter (109120.00)
Seat 5: Driezzziii (262771.00)
Seat 6: OTPcamille (25000.00)
raygao17 posts ante 250.00
lipesticky posts ante 250.00
Soulblighter posts ante 250.00
Driezzziii posts ante 250.00
OTPcamille posts ante 250.00
lipesticky posts the small blind 1000.00
Soulblighter posts the big blind 2000.00
*** HOLE CARDS ***
Main pot 1250.00
Dealt to lipesticky [2d Ah]
Driezzziii folds
OTPcamille folds
raygao17 folds
lipesticky raises 25000.00 to 26000.00 and is all-in
Soulblighter folds
Uncalled bet (24000.00) returned to lipesticky
lipesticky does not show
*** SUMMARY ***
Total pot 5250.00
Seat 1: raygao17 (button) folded on the Pre-Flop
Seat 3: lipesticky did not show and won 5250.00
Seat 4: Soulblighter (big blind) folded on the Pre-Flop
Seat 5: Driezzziii folded on the Pre-Flop and did not bet
Seat 6: OTPcamille folded on the Pre-Flop and did not bet

Game Hand #2020378987 - Tournament #31155963 - Holdem (No Limit) - Level 11 (1000.00/2000.00)- 2024/02/07 19:47:38 UTC
Table '4' 6-max Seat #3 is the button
Seat 1: raygao17 (86784.00)
Seat 3: lipesticky (29250.00)
Seat 4: Soulblighter (106870.00)
Seat 5: Driezzziii (262521.00)
Seat 6: OTPcamille (24750.00)
raygao17 posts ante 250.00
lipesticky posts ante 250.00
Soulblighter posts ante 250.00
Driezzziii posts ante 250.00
OTPcamille posts ante 250.00
Soulblighter posts the small blind 1000.00
Driezzziii posts the big blind 2000.00
*** HOLE CARDS ***
Main pot 1250.00
Dealt to lipesticky [3c Kh]
OTPcamille raises 24500.00 to 24500.00 and is all-in
raygao17 folds
lipesticky folds
Soulblighter folds
Driezzziii folds
Uncalled bet (22500.00) returned to OTPcamille
OTPcamille does not show
*** SUMMARY ***
Total pot 6250.00
Seat 1: raygao17 folded on the Pre-Flop and did not bet
Seat 3: lipesticky (button) folded on the Pre-Flop
Seat 4: Soulblighter (small blind) folded on the Pre-Flop
Seat 5: Driezzziii (big blind) folded on the Pre-Flop
Seat 6: OTPcamille did not show and won 6250.00

Game Hand #2020379351 - Tournament #31155963 - Holdem (No Limit) - Level 11 (1000.00/2000.00)- 2024/02/07 19:48:03 UTC
Table '4' 6-max Seat #4 is the button
Seat 1: raygao17 (86534.00)
Seat 3: lipesticky (29000.00)
Seat 4: Soulblighter (105620.00)
Seat 5: Driezzziii (260271.00)
Seat 6: OTPcamille (28750.00)
raygao17 posts ante 250.00
lipesticky posts ante 250.00
Soulblighter posts ante 250.00
Driezzziii posts ante 250.00
OTPcamille posts ante 250.00
Driezzziii posts the small blind 1000.00
OTPcamille posts the big blind 2000.00
*** HOLE CARDS ***
Main pot 1250.00
Dealt to lipesticky [7h 4c]
raygao17 raises 4400.00 to 4400.00
lipesticky folds
Soulblighter folds
Driezzziii folds
OTPcamille folds
Uncalled bet (2400.00) returned to raygao17
raygao17 does not show
*** SUMMARY ***
Total pot 6250.00
Seat 1: raygao17 did not show and won 6250.00
Seat 3: lipesticky folded on the Pre-Flop and did not bet
Seat 4: Soulblighter (button) folded on the Pre-Flop
Seat 5: Driezzziii (small blind) folded on the Pre-Flop
Seat 6: OTPcamille (big blind) folded on the Pre-Flop

Game Hand #2020379699 - Tournament #31155963 - Holdem (No Limit) - Level 11 (1000.00/2000.00)- 2024/02/07 19:48:31 UTC
Table '4' 6-max Seat #5 is the button
Seat 1: raygao17 (90534.00)
Seat 2: Macirisher (40713.00)
Seat 3: lipesticky (28750.00)
Seat 4: Soulblighter (105370.00)
Seat 5: Driezzziii (259021.00)
Seat 6: OTPcamille (26500.00)
raygao17 posts ante 250.00
Macirisher posts ante 250.00
lipesticky posts ante 250.00
Soulblighter posts ante 250.00
Driezzziii posts ante 250.00
OTPcamille posts ante 250.00
OTPcamille posts the small blind 1000.00
raygao17 posts the big blind 2000.00
*** HOLE CARDS ***
Main pot 1500.00
Dealt to lipesticky [8c 4c]
Macirisher calls 2000.00
lipesticky folds
Soulblighter folds
Driezzziii folds
OTPcamille folds
raygao17 checks
*** FLOP *** [6c 5s 2h]
Main pot 6500.00
raygao17 checks
Macirisher checks
*** TURN *** [6c 5s 2h] [6d]
Main pot 6500.00
raygao17 bets 4550.00
Macirisher folds
Uncalled bet (4550.00) returned to raygao17
raygao17 does not show
*** SUMMARY ***
Total pot 6500.00
Board [6c 5s 2h 6d]
Seat 1: raygao17 did not show and won 6500.00
Seat 2: Macirisher folded on the Turn
Seat 3: lipesticky folded on the Pre-Flop and did not bet
Seat 4: Soulblighter folded on the Pre-Flop and did not bet
Seat 5: Driezzziii (button) folded on the Pre-Flop
Seat 6: OTPcamille (small blind) folded on the Pre-Flop

Game Hand #2020380621 - Tournament #31155963 - Holdem (No Limit) - Level 12 (1250.00/2500.00)- 2024/02/07 19:49:39 UTC
Table '4' 6-max Seat #6 is the button
Seat 2: Macirisher (38463.00) is sitting out
Seat 3: lipesticky (28500.00)
Seat 4: Soulblighter (105120.00)
Seat 6: OTPcamille (25250.00)
Macirisher posts ante 300.00
lipesticky posts ante 300.00
Soulblighter posts ante 300.00
OTPcamille posts ante 300.00
Macirisher posts the big blind 2500.00
*** HOLE CARDS ***
Main pot 1200.00
Dealt to lipesticky [9h Qh]
lipesticky raises 28200.00 to 28200.00 and is all-in
Soulblighter folds
OTPcamille folds
Macirisher folds
Uncalled bet (25700.00) returned to lipesticky
lipesticky does not show
*** SUMMARY ***
Total pot 6200.00
Seat 2: Macirisher (big blind) folded on the Pre-Flop
Seat 3: lipesticky did not show and won 6200.00
Seat 4: Soulblighter folded on the Pre-Flop and did not bet
Seat 6: OTPcamille (button) folded on the Pre-Flop

Game Hand #2020380939 - Tournament #31155963 - Holdem (No Limit) - Level 12 (1250.00/2500.00)- 2024/02/07 19:50:02 UTC
Table '4' 6-max Seat #1 is the button
Seat 2: Macirisher (35663.00) is sitting out
Seat 3: lipesticky (31900.00)
Seat 4: Soulblighter (104820.00)
Seat 6: OTPcamille (24950.00)
Macirisher posts ante 300.00
lipesticky posts ante 300.00
Soulblighter posts ante 300.00
OTPcamille posts ante 300.00
Macirisher posts the small blind 1250.00
lipesticky posts the big blind 2500.00
*** HOLE CARDS ***
Main pot 1200.00
Dealt to lipesticky [Ah 3h]
Soulblighter raises 5500.00 to 5500.00
OTPcamille folds
Macirisher folds
lipesticky calls 3000.00
*** FLOP *** [6s 6c 2c]
Main pot 13450.00
lipesticky checks
Soulblighter bets 3363.00
lipesticky folds
Uncalled bet (3363.00) returned to Soulblighter
Soulblighter does not show
*** SUMMARY ***
Total pot 13450.00
Board [6s 6c 2c]
Seat 2: Macirisher (small blind) folded on the Pre-Flop
Seat 3: lipesticky (big blind) folded on the Flop
Seat 4: Soulblighter did not show and won 13450.00
Seat 6: OTPcamille folded on the Pre-Flop and did not bet

Game Hand #2020381616 - Tournament #31155963 - Holdem (No Limit) - Level 12 (1250.00/2500.00)- 2024/02/07 19:50:46 UTC
Table '4' 6-max Seat #2 is the button
Seat 1: NegativeIncome (25000.00)
Seat 2: Macirisher (34113.00) is sitting out
Seat 3: lipesticky (26100.00)
Seat 4: Soulblighter (112470.00)
Seat 6: OTPcamille (24650.00)
NegativeIncome posts ante 300.00
Macirisher posts ante 300.00
lipesticky posts ante 300.00
Soulblighter posts ante 300.00
OTPcamille posts ante 300.00
lipesticky posts the small blind 1250.00
Soulblighter posts the big blind 2500.00
*** HOLE CARDS ***
Main pot 1500.00
Dealt to lipesticky [Td 4s]
OTPcamille folds
NegativeIncome folds
Macirisher folds
lipesticky folds
Soulblighter does not show
*** SUMMARY ***
Total pot 5250.00
Seat 1: NegativeIncome folded on the Pre-Flop and did not bet
Seat 2: Macirisher (button) folded on the Pre-Flop
Seat 3: lipesticky (small blind) folded on the Pre-Flop
Seat 4: Soulblighter did not show and won 5250.00
Seat 6: OTPcamille folded on the Pre-Flop and did not bet

Game Hand #2020381939 - Tournament #31155963 - Holdem (No Limit) - Level 12 (1250.00/2500.00)- 2024/02/07 19:51:07 UTC
Table '4' 6-max Seat #3 is the button
Seat 1: NegativeIncome (24700.00)
Seat 2: Macirisher (33813.00) is sitting out
Seat 3: lipesticky (24550.00)
Seat 4: Soulblighter (114920.00)
Seat 6: OTPcamille (24350.00)
NegativeIncome posts ante 300.00
Macirisher posts ante 300.00
lipesticky posts ante 300.00
Soulblighter posts ante 300.00
OTPcamille posts ante 300.00
Soulblighter posts the small blind 1250.00
OTPcamille posts the big blind 2500.00
*** HOLE CARDS ***
Main pot 1500.00
Dealt to lipesticky [5c As]
NegativeIncome folds
Macirisher folds
lipesticky raises 24250.00 to 24250.00 and is all-in
Soulblighter folds
OTPcamille folds
Uncalled bet (21750.00) returned to lipesticky
lipesticky does not show
*** SUMMARY ***
Total pot 7750.00
Seat 1: NegativeIncome folded on the Pre-Flop and did not bet
Seat 2: Macirisher folded on the Pre-Flop and did not bet
Seat 3: lipesticky did not show and won 7750.00
Seat 4: Soulblighter (small blind) folded on the Pre-Flop
Seat 6: OTPcamille (big blind) folded on the Pre-Flop

Game Hand #2020382412 - Tournament #31155963 - Holdem (No Limit) - Level 12 (1250.00/2500.00)- 2024/02/07 19:51:38 UTC
Table '4' 6-max Seat #4 is the button
Seat 1: NegativeIncome (24400.00)
Seat 2: Macirisher (33513.00) is sitting out
Seat 3: lipesticky (29500.00)
Seat 4: Soulblighter (113370.00)
Seat 6: OTPcamille (21550.00)
NegativeIncome posts ante 300.00
Macirisher posts ante 300.00
lipesticky posts ante 300.00
Soulblighter posts ante 300.00
OTPcamille posts ante 300.00
OTPcamille posts the small blind 1250.00
NegativeIncome posts the big blind 2500.00
*** HOLE CARDS ***
Main pot 1500.00
Dealt to lipesticky [3c 8h]
Macirisher folds
lipesticky folds
Soulblighter folds
OTPcamille raises 20000.00 to 21250.00 and is all-in
NegativeIncome folds
Uncalled bet (18750.00) returned to OTPcamille
OTPcamille does not show
*** SUMMARY ***
Total pot 6500.00
Seat 1: NegativeIncome (big blind) folded on the Pre-Flop
Seat 2: Macirisher folded on the Pre-Flop and did not bet
Seat 3: lipesticky folded on the Pre-Flop and did not bet
Seat 4: Soulblighter (button) folded on the Pre-Flop
Seat 6: OTPcamille did not show and won 6500.00

Game Hand #2020382992 - Tournament #31155963 - Holdem (No Limit) - Level 12 (1250.00/2500.00)- 2024/02/07 19:52:14 UTC
Table '4' 6-max Seat #6 is the button
Seat 1: NegativeIncome (21600.00)
Seat 2: Macirisher (33213.00)
Seat 3: lipesticky (29200.00)
Seat 4: Soulblighter (113070.00)
Seat 6: OTPcamille (25250.00)
NegativeIncome posts ante 300.00
Macirisher posts ante 300.00
lipesticky posts ante 300.00
Soulblighter posts ante 300.00
OTPcamille posts ante 300.00
NegativeIncome posts the small blind 1250.00
Macirisher posts the big blind 2500.00
*** HOLE CARDS ***
Main pot 1500.00
Dealt to lipesticky [4d Th]
lipesticky folds
Soulblighter raises 5000.00 to 5000.00
OTPcamille folds
NegativeIncome folds
Macirisher folds
Uncalled bet (2500.00) returned to Soulblighter
Soulblighter does not show
*** SUMMARY ***
Total pot 7750.00
Seat 1: NegativeIncome (small blind) folded on the Pre-Flop
Seat 2: Macirisher (big blind) folded on the Pre-Flop
Seat 3: lipesticky folded on the Pre-Flop and did not bet
Seat 4: Soulblighter did not show and won 7750.00
Seat 6: OTPcamille (button) folded on the Pre-Flop

Game Hand #2020383567 - Tournament #31155963 - Holdem (No Limit) - Level 12 (1250.00/2500.00)- 2024/02/07 19:52:51 UTC
Table '4' 6-max Seat #1 is the button
Seat 1: NegativeIncome (20050.00)
Seat 2: Macirisher (30413.00)
Seat 3: lipesticky (28900.00)
Seat 4: Soulblighter (118020.00)
Seat 6: OTPcamille (24950.00)
NegativeIncome posts ante 300.00
Macirisher posts ante 300.00
lipesticky posts ante 300.00
Soulblighter posts ante 300.00
OTPcamille posts ante 300.00
Macirisher posts the small blind 1250.00
lipesticky posts the big blind 2500.00
*** HOLE CARDS ***
Main pot 1500.00
Dealt to lipesticky [3h 2d]
Soulblighter folds
OTPcamille folds
NegativeIncome raises 19750.00 to 19750.00 and is all-in
Macirisher folds
lipesticky folds
Uncalled bet (17250.00) returned to NegativeIncome
NegativeIncome does not show
*** SUMMARY ***
Total pot 7750.00
Seat 1: NegativeIncome did not show and won 7750.00
Seat 2: Macirisher (small blind) folded on the Pre-Flop
Seat 3: lipesticky (big blind) folded on the Pre-Flop
Seat 4: Soulblighter folded on the Pre-Flop and did not bet
Seat 6: OTPcamille folded on the Pre-Flop and did not bet

Game Hand #2020384160 - Tournament #31155963 - Holdem (No Limit) - Level 12 (1250.00/2500.00)- 2024/02/07 19:53:31 UTC
Table '4' 6-max Seat #2 is the button
Seat 1: NegativeIncome (25000.00)
Seat 2: Macirisher (28863.00)
Seat 3: lipesticky (26100.00)
Seat 4: Soulblighter (117720.00)
Seat 6: OTPcamille (24650.00)
NegativeIncome posts ante 300.00
Macirisher posts ante 300.00
lipesticky posts ante 300.00
Soulblighter posts ante 300.00
OTPcamille posts ante 300.00
lipesticky posts the small blind 1250.00
Soulblighter posts the big blind 2500.00
*** HOLE CARDS ***
Main pot 1500.00
Dealt to lipesticky [6h 8d]
OTPcamille folds
NegativeIncome raises 24700.00 to 24700.00 and is all-in
Macirisher raises 28563.00 to 28563.00 and is all-in
lipesticky folds
Soulblighter calls 26063.00
*** FLOP *** [Ad 8h 6s]
Main pot 76850.00
Side pot(1) 7726.00
*** TURN *** [Ad 8h 6s] [Th]
Main pot 76850.00
Side pot(1) 7726.00
*** RIVER *** [Ad 8h 6s Th] [8s]
Main pot 76850.00
Side pot(1) 7726.00
*** SHOW DOWN ***
Main pot 76850.00
Side pot(1) 7726.00
NegativeIncome shows [9d 9s] (two pair, Nines and Eights [9s 9d 8s 8h Ad])
Macirisher shows [4d Qd] (a pair of Eights [8s 8h Ad Qd Th])
Soulblighter shows [Jc Ah] (two pair, Aces and Eights [Ah Ad 8s 8h Jc])
Soulblighter collected 76850.00 from main pot
Soulblighter collected 7726.00 from side pot-1
*** SUMMARY ***
Total pot 84576.00
Board [Ad 8h 6s Th 8s]
Seat 1: NegativeIncome showed [9d 9s] and lost with two pair, Nines and Eights [9s 9d 8s 8h Ad]
Seat 2: Macirisher (button) showed [4d Qd] and lost with a pair of Eights [8s 8h Ad Qd Th]
Seat 3: lipesticky (small blind) folded on the Pre-Flop
Seat 4: Soulblighter (big blind) showed [Jc Ah] and won 84576.00 with two pair, Aces and Eights [Ah Ad 8s 8h Jc]
Seat 6: OTPcamille folded on the Pre-Flop and did not bet

Game Hand #2020384954 - Tournament #31155963 - Holdem (No Limit) - Level 12 (1250.00/2500.00)- 2024/02/07 19:54:22 UTC
Table '4' 6-max Seat #3 is the button
Seat 3: lipesticky (24550.00)
Seat 4: Soulblighter (173433.00)
Seat 6: OTPcamille (24350.00)
lipesticky posts ante 300.00
Soulblighter posts ante 300.00
OTPcamille posts ante 300.00
Soulblighter posts the small blind 1250.00
OTPcamille posts the big blind 2500.00
*** HOLE CARDS ***
Main pot 900.00
Dealt to lipesticky [8h Tc]
lipesticky folds
Soulblighter raises 171883.00 to 173133.00 and is all-in
OTPcamille folds
Uncalled bet (170633.00) returned to Soulblighter
Soulblighter does not show
*** SUMMARY ***
Total pot 5900.00
Seat 3: lipesticky (button) folded on the Pre-Flop
Seat 4: Soulblighter did not show and won 5900.00
Seat 6: OTPcamille (big blind) folded on the Pre-Flop

Game Hand #2020385267 - Tournament #31155963 - Holdem (No Limit) - Level 12 (1250.00/2500.00)- 2024/02/07 19:54:43 UTC
Table '4' 6-max Seat #4 is the button
Seat 1: NegativeIncome (25000.00)
Seat 2: ZippyGold (294451.00)
Seat 3: lipesticky (24250.00)
Seat 4: Soulblighter (176533.00)
Seat 6: OTPcamille (21550.00)
NegativeIncome posts ante 300.00
ZippyGold posts ante 300.00
lipesticky posts ante 300.00
Soulblighter posts ante 300.00
OTPcamille posts ante 300.00
OTPcamille posts the small blind 1250.00
NegativeIncome posts the big blind 2500.00
*** HOLE CARDS ***
Main pot 1500.00
Dealt to lipesticky [4d Qs]
ZippyGold folds
lipesticky folds
Soulblighter folds
OTPcamille raises 20000.00 to 21250.00 and is all-in
NegativeIncome folds
Uncalled bet (18750.00) returned to OTPcamille
OTPcamille does not show
*** SUMMARY ***
Total pot 6500.00
Seat 1: NegativeIncome (big blind) folded on the Pre-Flop
Seat 2: ZippyGold folded on the Pre-Flop and did not bet
Seat 3: lipesticky folded on the Pre-Flop and did not bet
Seat 4: Soulblighter (button) folded on the Pre-Flop
Seat 6: OTPcamille did not show and won 6500.00

Game Hand #2020388045 - Tournament #31155963 - Holdem (No Limit) - Level 12 (1250.00/2500.00)- 2024/02/07 20:01:08 UTC
Table '4' 6-max Seat #6 is the button
Seat 1: NegativeIncome (22200.00)
Seat 2: ZippyGold (294151.00)
Seat 3: lipesticky (23950.00)
Seat 4: Soulblighter (176233.00)
Seat 5: 03ARCE (25000.00)
Seat 6: OTPcamille (25250.00)
NegativeIncome posts ante 300.00
ZippyGold posts ante 300.00
lipesticky posts ante 300.00
Soulblighter posts ante 300.00
03ARCE posts ante 300.00
OTPcamille posts ante 300.00
NegativeIncome posts the small blind 1250.00
ZippyGold posts the big blind 2500.00
*** HOLE CARDS ***
Main pot 1800.00
Dealt to lipesticky [8s 9h]
lipesticky folds
Soulblighter folds
03ARCE folds
OTPcamille folds
NegativeIncome raises 20650.00 to 21900.00 and is all-in
ZippyGold calls 19400.00
*** FLOP *** [5h Td 2c]
Main pot 45600.00
*** TURN *** [5h Td 2c] [3h]
Main pot 45600.00
*** RIVER *** [5h Td 2c 3h] [Jc]
Main pot 45600.00
*** SHOW DOWN ***
Main pot 45600.00
NegativeIncome shows [Kh 7s] (a high card, King high [Kh Jc Td 7s 5h])
ZippyGold shows [Tc Kc] (a pair of Tens [Td Tc Kc Jc 5h])
ZippyGold collected 45600.00 from main pot
*** SUMMARY ***
Total pot 45600.00
Board [5h Td 2c 3h Jc]
Seat 1: NegativeIncome (small blind) showed [Kh 7s] and lost with a high card, King high [Kh Jc Td 7s 5h]
Seat 2: ZippyGold (big blind) showed [Tc Kc] and won 45600.00 with a pair of Tens [Td Tc Kc Jc 5h]
Seat 3: lipesticky folded on the Pre-Flop and did not bet
Seat 4: Soulblighter folded on the Pre-Flop and did not bet
Seat 5: 03ARCE folded on the Pre-Flop and did not bet
Seat 6: OTPcamille (button) folded on the Pre-Flop

Game Hand #2020388676 - Tournament #31155963 - Holdem (No Limit) - Level 12 (1250.00/2500.00)- 2024/02/07 20:01:53 UTC
Table '4' 6-max Seat #1 is the button
Seat 2: ZippyGold (317551.00)
Seat 3: lipesticky (23650.00)
Seat 4: Soulblighter (175933.00)
Seat 5: 03ARCE (24700.00)
Seat 6: OTPcamille (24950.00)
ZippyGold posts ante 300.00
lipesticky posts ante 300.00
Soulblighter posts ante 300.00
03ARCE posts ante 300.00
OTPcamille posts ante 300.00
ZippyGold posts the small blind 1250.00
lipesticky posts the big blind 2500.00
*** HOLE CARDS ***
Main pot 1500.00
Dealt to lipesticky [4d 8s]
Soulblighter folds
03ARCE raises 24400.00 to 24400.00 and is all-in
OTPcamille folds
ZippyGold raises 45050.00 to 46300.00
lipesticky folds
Uncalled bet (21900.00) returned to ZippyGold
*** FLOP *** [3d 7h Kd]
Main pot 52800.00
*** TURN *** [3d 7h Kd] [Jc]
Main pot 52800.00
*** RIVER *** [3d 7h Kd Jc] [5d]
Main pot 52800.00
*** SHOW DOWN ***
Main pot 52800.00
ZippyGold shows [As Ac] (a pair of Aces [As Ac Kd Jc 7h])
03ARCE shows [Ah Kh] (a pair of Kings [Kh Kd Ah Jc 7h])
ZippyGold collected 52800.00 from main pot
*** SUMMARY ***
Total pot 52800.00
Board [3d 7h Kd Jc 5d]
Seat 2: ZippyGold (small blind) showed [As Ac] and won 52800.00 with a pair of Aces [As Ac Kd Jc 7h]
Seat 3: lipesticky (big blind) folded on the Pre-Flop
Seat 4: Soulblighter folded on the Pre-Flop and did not bet
Seat 5: 03ARCE showed [Ah Kh] and lost with a pair of Kings [Kh Kd Ah Jc 7h]
Seat 6: OTPcamille folded on the Pre-Flop and did not bet

Game Hand #2020389106 - Tournament #31155963 - Holdem (No Limit) - Level 12 (1250.00/2500.00)- 2024/02/07 20:02:23 UTC
Table '4' 6-max Seat #2 is the button
Seat 2: ZippyGold (345651.00)
Seat 3: lipesticky (20850.00)
Seat 4: Soulblighter (175633.00)
Seat 6: OTPcamille (24650.00)
ZippyGold posts ante 300.00
lipesticky posts ante 300.00
Soulblighter posts ante 300.00
OTPcamille posts ante 300.00
lipesticky posts the small blind 1250.00
Soulblighter posts the big blind 2500.00
*** HOLE CARDS ***
Main pot 1200.00
Dealt to lipesticky [4c 9h]
OTPcamille folds
ZippyGold raises 5500.00 to 5500.00
lipesticky folds
Soulblighter raises 17500.00 to 20000.00
ZippyGold folds
Uncalled bet (14500.00) returned to Soulblighter
Soulblighter does not show
*** SUMMARY ***
Total pot 13450.00
Seat 2: ZippyGold (button) folded on the Pre-Flop
Seat 3: lipesticky (small blind) folded on the Pre-Flop
Seat 4: Soulblighter did not show and won 13450.00
Seat 6: OTPcamille folded on the Pre-Flop and did not bet

Game Hand #2020389508 - Tournament #31155963 - Holdem (No Limit) - Level 12 (1250.00/2500.00)- 2024/02/07 20:02:52 UTC
Table '4' 6-max Seat #3 is the button
Seat 1: QuimEmpeno (222709.00)
Seat 2: ZippyGold (339851.00)
Seat 3: lipesticky (19300.00)
Seat 4: Soulblighter (183283.00)
Seat 6: OTPcamille (24350.00)
QuimEmpeno posts ante 300.00
ZippyGold posts ante 300.00
lipesticky posts ante 300.00
Soulblighter posts ante 300.00
OTPcamille posts ante 300.00
Soulblighter posts the small blind 1250.00
OTPcamille posts the big blind 2500.00
*** HOLE CARDS ***
Main pot 1500.00
Dealt to lipesticky [Kh 9d]
QuimEmpeno folds
ZippyGold raises 5250.00 to 5250.00
lipesticky folds
Soulblighter folds
OTPcamille calls 2750.00
*** FLOP *** [Kd Qc 5c]
Main pot 13250.00
OTPcamille checks
ZippyGold bets 3750.00
OTPcamille raises 18800.00 to 18800.00 and is all-in
ZippyGold folds
ZippyGold shows [Tc Td]
Uncalled bet (15050.00) returned to OTPcamille
OTPcamille does not show
*** SUMMARY ***
Total pot 20750.00
Board [Kd Qc 5c]
Seat 1: QuimEmpeno folded on the Pre-Flop and did not bet
Seat 2: ZippyGold showed [Tc Td] and folded on the Flop
Seat 3: lipesticky (button) folded on the Pre-Flop
Seat 4: Soulblighter (small blind) folded on the Pre-Flop
Seat 6: OTPcamille did not show and won 20750.00

Game Hand #2020390166 - Tournament #31155963 - Holdem (No Limit) - Level 12 (1250.00/2500.00)- 2024/02/07 20:03:35 UTC
Table '4' 6-max Seat #4 is the button
Seat 1: QuimEmpeno (222409.00)
Seat 2: ZippyGold (330551.00)
Seat 3: lipesticky (19000.00)
Seat 4: Soulblighter (181733.00)
Seat 6: OTPcamille (35800.00)
QuimEmpeno posts ante 300.00
ZippyGold posts ante 300.00
lipesticky posts ante 300.00
Soulblighter posts ante 300.00
OTPcamille posts ante 300.00
OTPcamille posts the small blind 1250.00
QuimEmpeno posts the big blind 2500.00
*** HOLE CARDS ***
Main pot 1500.00
Dealt to lipesticky [5s 2d]
ZippyGold folds
lipesticky folds
Soulblighter raises 5500.00 to 5500.00
OTPcamille folds
QuimEmpeno folds
Uncalled bet (3000.00) returned to Soulblighter
Soulblighter does not show
*** SUMMARY ***
Total pot 7750.00
Seat 1: QuimEmpeno (big blind) folded on the Pre-Flop
Seat 2: ZippyGold folded on the Pre-Flop and did not bet
Seat 3: lipesticky folded on the Pre-Flop and did not bet
Seat 4: Soulblighter did not show and won 7750.00
Seat 6: OTPcamille (small blind) folded on the Pre-Flop

Game Hand #2020390653 - Tournament #31155963 - Holdem (No Limit) - Level 12 (1250.00/2500.00)- 2024/02/07 20:04:09 UTC
Table '4' 6-max Seat #6 is the button
Seat 1: QuimEmpeno (219609.00)
Seat 2: ZippyGold (330251.00)
Seat 3: lipesticky (18700.00)
Seat 4: Soulblighter (186683.00)
Seat 6: OTPcamille (34250.00)
QuimEmpeno posts ante 300.00
ZippyGold posts ante 300.00
lipesticky posts ante 300.00
Soulblighter posts ante 300.00
OTPcamille posts ante 300.00
QuimEmpeno posts the small blind 1250.00
ZippyGold posts the big blind 2500.00
*** HOLE CARDS ***
Main pot 1500.00
Dealt to lipesticky [Qc 6s]
lipesticky folds
Soulblighter folds
OTPcamille folds
QuimEmpeno folds
ZippyGold does not show
*** SUMMARY ***
Total pot 5250.00
Seat 1: QuimEmpeno (small blind) folded on the Pre-Flop
Seat 2: ZippyGold did not show and won 5250.00
Seat 3: lipesticky folded on the Pre-Flop and did not bet
Seat 4: Soulblighter folded on the Pre-Flop and did not bet
Seat 6: OTPcamille (button) folded on the Pre-Flop

Game Hand #2020391182 - Tournament #31155963 - Holdem (No Limit) - Level 12 (1250.00/2500.00)- 2024/02/07 20:04:45 UTC
Table '4' 6-max Seat #1 is the button
Seat 1: QuimEmpeno (218059.00)
Seat 2: ZippyGold (332701.00)
Seat 3: lipesticky (18400.00)
Seat 4: Soulblighter (186383.00)
Seat 6: OTPcamille (33950.00)
QuimEmpeno posts ante 300.00
ZippyGold posts ante 300.00
lipesticky posts ante 300.00
Soulblighter posts ante 300.00
OTPcamille posts ante 300.00
ZippyGold posts the small blind 1250.00
lipesticky posts the big blind 2500.00
*** HOLE CARDS ***
Main pot 1500.00
Dealt to lipesticky [4s 7h]
Soulblighter raises 5000.00 to 5000.00
OTPcamille folds
QuimEmpeno folds
ZippyGold raises 18750.00 to 20000.00
lipesticky folds
Soulblighter calls 15000.00
*** FLOP *** [Qd 7s 2c]
Main pot 44000.00
ZippyGold bets 12500.00
Soulblighter calls 12500.00
*** TURN *** [Qd 7s 2c] [Th]
Main pot 69000.00
ZippyGold checks
Soulblighter bets 43730.00
ZippyGold calls 43730.00
*** RIVER *** [Qd 7s 2c Th] [5h]
Main pot 156460.00
ZippyGold checks
Soulblighter bets 109853.00 and is all-in
ZippyGold folds
Uncalled bet (109853.00) returned to Soulblighter
Soulblighter shows [Kc Jc]
*** SUMMARY ***
Total pot 156460.00
Board [Qd 7s 2c Th 5h]
Seat 1: QuimEmpeno (button) folded on the Pre-Flop
Seat 2: ZippyGold (small blind) folded on the River
Seat 3: lipesticky (big blind) folded on the Pre-Flop
Seat 4: Soulblighter showed [Kc Jc] and won 156460.00
Seat 6: OTPcamille folded on the Pre-Flop and did not bet

Game Hand #2020393152 - Tournament #31155963 - Holdem (No Limit) - Level 12 (1250.00/2500.00)- 2024/02/07 20:06:45 UTC
Table '4' 6-max Seat #2 is the button
Seat 1: QuimEmpeno (217759.00)
Seat 2: ZippyGold (256171.00)
Seat 3: lipesticky (15600.00)
Seat 4: Soulblighter (266313.00)
Seat 5: Nemastiovas (25000.00)
Seat 6: OTPcamille (33650.00)
QuimEmpeno posts ante 300.00
ZippyGold posts ante 300.00
lipesticky posts ante 300.00
Soulblighter posts ante 300.00
Nemastiovas posts ante 300.00
OTPcamille posts ante 300.00
lipesticky posts the small blind 1250.00
Soulblighter posts the big blind 2500.00
*** HOLE CARDS ***
Main pot 1800.00
Dealt to lipesticky [7s 8d]
Nemastiovas folds
OTPcamille raises 33350.00 to 33350.00 and is all-in
QuimEmpeno folds
ZippyGold folds
lipesticky folds
Soulblighter folds
Uncalled bet (30850.00) returned to OTPcamille
OTPcamille does not show
*** SUMMARY ***
Total pot 8050.00
Seat 1: QuimEmpeno folded on the Pre-Flop and did not bet
Seat 2: ZippyGold (button) folded on the Pre-Flop
Seat 3: lipesticky (small blind) folded on the Pre-Flop
Seat 4: Soulblighter (big blind) folded on the Pre-Flop
Seat 5: Nemastiovas folded on the Pre-Flop and did not bet
Seat 6: OTPcamille did not show and won 8050.00

