Game Hand #2025399899 - Tournament #31183734 - Holdem (No Limit) - Level 14 (1250.00/2500.00)- 2024/02/12 19:24:16 UTC
Table '64' 8-max Seat #2 is the button
Seat 1: Ironsoul37 (34675.00)
Seat 2: HearMeRoar (151795.00)
Seat 3: va1 (22180.00)
Seat 4: Jmann99 (70773.00)
Seat 5: persianduck (53302.00)
Seat 6: dowggabrie471 (309265.00)
Seat 7: Possitive (100256.00)
Seat 8: lipesticky (35000.00)
Ironsoul37 posts ante 325.00
HearMeRoar posts ante 325.00
va1 posts ante 325.00
Jmann99 posts ante 325.00
persianduck posts ante 325.00
dowggabrie471 posts ante 325.00
Possitive posts ante 325.00
lipesticky posts ante 325.00
va1 posts the small blind 1250.00
Jmann99 posts the big blind 2500.00
*** HOLE CARDS ***
Main pot 2600.00
Dealt to lipesticky [3d 4s]
persianduck folds
dowggabrie471 raises 5000.00 to 5000.00
Possitive calls 5000.00
lipesticky folds
Ironsoul37 raises 34350.00 to 34350.00 and is all-in
HearMeRoar folds
va1 folds
Jmann99 folds
dowggabrie471 folds
Possitive calls 29350.00
*** FLOP *** [Tc 6s 2c]
Main pot 80050.00
*** TURN *** [Tc 6s 2c] [4d]
Main pot 80050.00
*** RIVER *** [Tc 6s 2c 4d] [Jd]
Main pot 80050.00
*** SHOW DOWN ***
Main pot 80050.00
Ironsoul37 shows [Qh Kh] (a high card, King high [Kh Qh Jd Tc 6s])
Possitive shows [Ad Qd] (a high card, Ace high [Ad Qd Jd Tc 6s])
Possitive collected 80050.00 from main pot
*** SUMMARY ***
Total pot 80050.00
Board [Tc 6s 2c 4d Jd]
Seat 1: Ironsoul37 showed [Qh Kh] and lost with a high card, King high [Kh Qh Jd Tc 6s]
Seat 2: HearMeRoar (button) folded on the Pre-Flop
Seat 3: va1 (small blind) folded on the Pre-Flop
Seat 4: Jmann99 (big blind) folded on the Pre-Flop
Seat 5: persianduck folded on the Pre-Flop and did not bet
Seat 6: dowggabrie471 folded on the Pre-Flop and did not bet
Seat 7: Possitive showed [Ad Qd] and won 80050.00 with a high card, Ace high [Ad Qd Jd Tc 6s]
Seat 8: lipesticky folded on the Pre-Flop and did not bet

Game Hand #2025401063 - Tournament #31183734 - Holdem (No Limit) - Level 14 (1250.00/2500.00)- 2024/02/12 19:25:31 UTC
Table '64' 8-max Seat #3 is the button
Seat 2: HearMeRoar (151470.00)
Seat 3: va1 (20605.00)
Seat 4: Jmann99 (67948.00)
Seat 5: persianduck (52977.00)
Seat 6: dowggabrie471 (303940.00)
Seat 7: Possitive (145631.00)
Seat 8: lipesticky (34675.00)
HearMeRoar posts ante 325.00
va1 posts ante 325.00
Jmann99 posts ante 325.00
persianduck posts ante 325.00
dowggabrie471 posts ante 325.00
Possitive posts ante 325.00
lipesticky posts ante 325.00
Jmann99 posts the small blind 1250.00
persianduck posts the big blind 2500.00
*** HOLE CARDS ***
Main pot 2275.00
Dealt to lipesticky [Jd Kd]
dowggabrie471 folds
Possitive folds
lipesticky raises 34350.00 to 34350.00 and is all-in
HearMeRoar folds
va1 folds
Jmann99 folds
persianduck folds
Uncalled bet (31850.00) returned to lipesticky
lipesticky does not show
*** SUMMARY ***
Total pot 8525.00
Seat 2: HearMeRoar folded on the Pre-Flop and did not bet
Seat 3: va1 (button) folded on the Pre-Flop
Seat 4: Jmann99 (small blind) folded on the Pre-Flop
Seat 5: persianduck (big blind) folded on the Pre-Flop
Seat 6: dowggabrie471 folded on the Pre-Flop and did not bet
Seat 7: Possitive folded on the Pre-Flop and did not bet
Seat 8: lipesticky did not show and won 8525.00

Game Hand #2025401730 - Tournament #31183734 - Holdem (No Limit) - Level 14 (1250.00/2500.00)- 2024/02/12 19:26:14 UTC
Table '64' 8-max Seat #4 is the button
Seat 1: TomiLahrenLover (35000.00)
Seat 2: HearMeRoar (151145.00)
Seat 3: va1 (20280.00)
Seat 4: Jmann99 (66373.00)
Seat 5: persianduck (50152.00)
Seat 6: dowggabrie471 (303615.00)
Seat 7: Possitive (145306.00)
Seat 8: lipesticky (40375.00)
TomiLahrenLover posts ante 325.00
HearMeRoar posts ante 325.00
va1 posts ante 325.00
Jmann99 posts ante 325.00
persianduck posts ante 325.00
dowggabrie471 posts ante 325.00
Possitive posts ante 325.00
lipesticky posts ante 325.00
persianduck posts the small blind 1250.00
dowggabrie471 posts the big blind 2500.00
*** HOLE CARDS ***
Main pot 2600.00
Dealt to lipesticky [2c 3h]
Possitive folds
lipesticky folds
TomiLahrenLover folds
HearMeRoar folds
va1 raises 19955.00 to 19955.00 and is all-in
Jmann99 folds
persianduck folds
dowggabrie471 calls 17455.00
*** FLOP *** [6d 2d 6c]
Main pot 43760.00
*** TURN *** [6d 2d 6c] [8s]
Main pot 43760.00
*** RIVER *** [6d 2d 6c 8s] [9d]
Main pot 43760.00
*** SHOW DOWN ***
Main pot 43760.00
va1 shows [Qh Ks] (a pair of Sixs [6d 6c Ks Qh 9d])
dowggabrie471 shows [Jc Kd] (a pair of Sixs [6d 6c Kd Jc 9d])
va1 collected 43760.00 from main pot
*** SUMMARY ***
Total pot 43760.00
Board [6d 2d 6c 8s 9d]
Seat 1: TomiLahrenLover folded on the Pre-Flop and did not bet
Seat 2: HearMeRoar folded on the Pre-Flop and did not bet
Seat 3: va1 showed [Qh Ks] and won 43760.00 with a pair of Sixs [6d 6c Ks Qh 9d] with the kicker Queen
Seat 4: Jmann99 (button) folded on the Pre-Flop
Seat 5: persianduck (small blind) folded on the Pre-Flop
Seat 6: dowggabrie471 (big blind) showed [Jc Kd] and lost with a pair of Sixs [6d 6c Kd Jc 9d]
Seat 7: Possitive folded on the Pre-Flop and did not bet
Seat 8: lipesticky folded on the Pre-Flop and did not bet

Game Hand #2025402436 - Tournament #31183734 - Holdem (No Limit) - Level 15 (1500.00/3000.00)- 2024/02/12 19:26:59 UTC
Table '64' 8-max Seat #5 is the button
Seat 1: TomiLahrenLover (34675.00)
Seat 2: HearMeRoar (150820.00)
Seat 3: va1 (43760.00)
Seat 4: Jmann99 (66048.00)
Seat 5: persianduck (48577.00)
Seat 6: dowggabrie471 (283335.00)
Seat 7: Possitive (144981.00)
Seat 8: lipesticky (40050.00)
TomiLahrenLover posts ante 375.00
HearMeRoar posts ante 375.00
va1 posts ante 375.00
Jmann99 posts ante 375.00
persianduck posts ante 375.00
dowggabrie471 posts ante 375.00
Possitive posts ante 375.00
lipesticky posts ante 375.00
dowggabrie471 posts the small blind 1500.00
Possitive posts the big blind 3000.00
*** HOLE CARDS ***
Main pot 3000.00
Dealt to lipesticky [5d Qd]
lipesticky folds
TomiLahrenLover folds
HearMeRoar folds
va1 folds
Jmann99 folds
persianduck folds
dowggabrie471 calls 1500.00
Possitive raises 7500.00 to 10500.00
dowggabrie471 folds
Uncalled bet (7500.00) returned to Possitive
Possitive does not show
*** SUMMARY ***
Total pot 9000.00
Seat 1: TomiLahrenLover folded on the Pre-Flop and did not bet
Seat 2: HearMeRoar folded on the Pre-Flop and did not bet
Seat 3: va1 folded on the Pre-Flop and did not bet
Seat 4: Jmann99 folded on the Pre-Flop and did not bet
Seat 5: persianduck (button) folded on the Pre-Flop
Seat 6: dowggabrie471 (small blind) folded on the Pre-Flop
Seat 7: Possitive did not show and won 9000.00
Seat 8: lipesticky folded on the Pre-Flop and did not bet

Game Hand #2025403205 - Tournament #31183734 - Holdem (No Limit) - Level 15 (1500.00/3000.00)- 2024/02/12 19:27:50 UTC
Table '64' 8-max Seat #6 is the button
Seat 1: TomiLahrenLover (34300.00)
Seat 2: HearMeRoar (150445.00)
Seat 3: va1 (43385.00)
Seat 4: Jmann99 (65673.00)
Seat 5: persianduck (48202.00)
Seat 6: dowggabrie471 (279960.00)
Seat 7: Possitive (150606.00)
Seat 8: lipesticky (39675.00)
TomiLahrenLover posts ante 375.00
HearMeRoar posts ante 375.00
va1 posts ante 375.00
Jmann99 posts ante 375.00
persianduck posts ante 375.00
dowggabrie471 posts ante 375.00
Possitive posts ante 375.00
lipesticky posts ante 375.00
Possitive posts the small blind 1500.00
lipesticky posts the big blind 3000.00
*** HOLE CARDS ***
Main pot 3000.00
Dealt to lipesticky [Jh 9s]
TomiLahrenLover folds
HearMeRoar folds
va1 raises 6000.00 to 6000.00
Jmann99 folds
persianduck folds
dowggabrie471 folds
Possitive calls 4500.00
lipesticky folds
*** FLOP *** [5c 9d Kd]
Main pot 18000.00
Possitive checks
va1 checks
*** TURN *** [5c 9d Kd] [Qh]
Main pot 18000.00
Possitive checks
va1 bets 5400.00
Possitive calls 5400.00
*** RIVER *** [5c 9d Kd Qh] [4h]
Main pot 28800.00
Possitive checks
va1 bets 14400.00
Possitive folds
Uncalled bet (14400.00) returned to va1
va1 does not show
*** SUMMARY ***
Total pot 28800.00
Board [5c 9d Kd Qh 4h]
Seat 1: TomiLahrenLover folded on the Pre-Flop and did not bet
Seat 2: HearMeRoar folded on the Pre-Flop and did not bet
Seat 3: va1 did not show and won 28800.00
Seat 4: Jmann99 folded on the Pre-Flop and did not bet
Seat 5: persianduck folded on the Pre-Flop and did not bet
Seat 6: dowggabrie471 (button) folded on the Pre-Flop
Seat 7: Possitive (small blind) folded on the River
Seat 8: lipesticky (big blind) folded on the Pre-Flop

Game Hand #2025405027 - Tournament #31183734 - Holdem (No Limit) - Level 15 (1500.00/3000.00)- 2024/02/12 19:29:46 UTC
Table '64' 8-max Seat #7 is the button
Seat 1: TomiLahrenLover (33925.00)
Seat 2: HearMeRoar (150070.00)
Seat 3: va1 (60410.00)
Seat 4: Jmann99 (65298.00)
Seat 5: persianduck (47827.00)
Seat 6: dowggabrie471 (279585.00)
Seat 7: Possitive (138831.00)
Seat 8: lipesticky (36300.00)
TomiLahrenLover posts ante 375.00
HearMeRoar posts ante 375.00
va1 posts ante 375.00
Jmann99 posts ante 375.00
persianduck posts ante 375.00
dowggabrie471 posts ante 375.00
Possitive posts ante 375.00
lipesticky posts ante 375.00
lipesticky posts the small blind 1500.00
TomiLahrenLover posts the big blind 3000.00
*** HOLE CARDS ***
Main pot 3000.00
Dealt to lipesticky [Jc Jh]
HearMeRoar folds
va1 folds
Jmann99 folds
persianduck folds
dowggabrie471 folds
Possitive folds
lipesticky calls 1500.00
TomiLahrenLover checks
*** FLOP *** [Qd Qh 9s]
Main pot 9000.00
lipesticky bets 3000.00
TomiLahrenLover folds
Uncalled bet (3000.00) returned to lipesticky
lipesticky does not show
*** SUMMARY ***
Total pot 9000.00
Board [Qd Qh 9s]
Seat 1: TomiLahrenLover (big blind) folded on the Flop
Seat 2: HearMeRoar folded on the Pre-Flop and did not bet
Seat 3: va1 folded on the Pre-Flop and did not bet
Seat 4: Jmann99 folded on the Pre-Flop and did not bet
Seat 5: persianduck folded on the Pre-Flop and did not bet
Seat 6: dowggabrie471 folded on the Pre-Flop and did not bet
Seat 7: Possitive (button) folded on the Pre-Flop
Seat 8: lipesticky did not show and won 9000.00

Game Hand #2025406284 - Tournament #31183734 - Holdem (No Limit) - Level 15 (1500.00/3000.00)- 2024/02/12 19:31:03 UTC
Table '64' 8-max Seat #8 is the button
Seat 1: TomiLahrenLover (30550.00)
Seat 2: HearMeRoar (149695.00)
Seat 3: va1 (60035.00)
Seat 4: Jmann99 (64923.00)
Seat 5: persianduck (47452.00)
Seat 6: dowggabrie471 (279210.00)
Seat 7: Possitive (138456.00)
Seat 8: lipesticky (41925.00)
TomiLahrenLover posts ante 375.00
HearMeRoar posts ante 375.00
va1 posts ante 375.00
Jmann99 posts ante 375.00
persianduck posts ante 375.00
dowggabrie471 posts ante 375.00
Possitive posts ante 375.00
lipesticky posts ante 375.00
TomiLahrenLover posts the small blind 1500.00
HearMeRoar posts the big blind 3000.00
*** HOLE CARDS ***
Main pot 3000.00
Dealt to lipesticky [5c 5s]
va1 folds
Jmann99 folds
persianduck raises 6300.00 to 6300.00
dowggabrie471 folds
Possitive calls 6300.00
lipesticky folds
TomiLahrenLover folds
HearMeRoar folds
*** FLOP *** [9d Ks Kd]
Main pot 20100.00
persianduck bets 6633.00
Possitive calls 6633.00
*** TURN *** [9d Ks Kd] [Js]
Main pot 33366.00
persianduck checks
Possitive bets 8342.00
persianduck folds
Uncalled bet (8342.00) returned to Possitive
Possitive does not show
*** SUMMARY ***
Total pot 33366.00
Board [9d Ks Kd Js]
Seat 1: TomiLahrenLover (small blind) folded on the Pre-Flop
Seat 2: HearMeRoar (big blind) folded on the Pre-Flop
Seat 3: va1 folded on the Pre-Flop and did not bet
Seat 4: Jmann99 folded on the Pre-Flop and did not bet
Seat 5: persianduck folded on the Turn
Seat 6: dowggabrie471 folded on the Pre-Flop and did not bet
Seat 7: Possitive did not show and won 33366.00
Seat 8: lipesticky (button) folded on the Pre-Flop

Game Hand #2025407921 - Tournament #31183734 - Holdem (No Limit) - Level 15 (1500.00/3000.00)- 2024/02/12 19:32:41 UTC
Table '64' 8-max Seat #1 is the button
Seat 1: TomiLahrenLover (28675.00)
Seat 2: HearMeRoar (146320.00)
Seat 3: va1 (59660.00)
Seat 4: Jmann99 (64548.00)
Seat 5: persianduck (34144.00)
Seat 6: dowggabrie471 (278835.00)
Seat 7: Possitive (158514.00)
Seat 8: lipesticky (41550.00)
TomiLahrenLover posts ante 375.00
HearMeRoar posts ante 375.00
va1 posts ante 375.00
Jmann99 posts ante 375.00
persianduck posts ante 375.00
dowggabrie471 posts ante 375.00
Possitive posts ante 375.00
lipesticky posts ante 375.00
HearMeRoar posts the small blind 1500.00
va1 posts the big blind 3000.00
*** HOLE CARDS ***
Main pot 3000.00
Dealt to lipesticky [Kc Qh]
Jmann99 folds
persianduck folds
dowggabrie471 folds
Possitive folds
lipesticky raises 41175.00 to 41175.00 and is all-in
TomiLahrenLover folds
HearMeRoar folds
va1 folds
Uncalled bet (38175.00) returned to lipesticky
lipesticky does not show
*** SUMMARY ***
Total pot 10500.00
Seat 1: TomiLahrenLover (button) folded on the Pre-Flop
Seat 2: HearMeRoar (small blind) folded on the Pre-Flop
Seat 3: va1 (big blind) folded on the Pre-Flop
Seat 4: Jmann99 folded on the Pre-Flop and did not bet
Seat 5: persianduck folded on the Pre-Flop and did not bet
Seat 6: dowggabrie471 folded on the Pre-Flop and did not bet
Seat 7: Possitive folded on the Pre-Flop and did not bet
Seat 8: lipesticky did not show and won 10500.00

Game Hand #2025408616 - Tournament #31183734 - Holdem (No Limit) - Level 15 (1500.00/3000.00)- 2024/02/12 19:33:24 UTC
Table '64' 8-max Seat #2 is the button
Seat 1: TomiLahrenLover (28300.00)
Seat 2: HearMeRoar (144445.00)
Seat 3: va1 (56285.00)
Seat 4: Jmann99 (64173.00)
Seat 5: persianduck (33769.00)
Seat 6: dowggabrie471 (278460.00)
Seat 7: Possitive (158139.00)
Seat 8: lipesticky (48675.00)
TomiLahrenLover posts ante 375.00
HearMeRoar posts ante 375.00
va1 posts ante 375.00
Jmann99 posts ante 375.00
persianduck posts ante 375.00
dowggabrie471 posts ante 375.00
Possitive posts ante 375.00
lipesticky posts ante 375.00
va1 posts the small blind 1500.00
Jmann99 posts the big blind 3000.00
*** HOLE CARDS ***
Main pot 3000.00
Dealt to lipesticky [Jc Ah]
persianduck folds
dowggabrie471 folds
Possitive folds
lipesticky raises 48300.00 to 48300.00 and is all-in
TomiLahrenLover folds
HearMeRoar folds
va1 folds
Jmann99 folds
Uncalled bet (45300.00) returned to lipesticky
lipesticky does not show
*** SUMMARY ***
Total pot 10500.00
Seat 1: TomiLahrenLover folded on the Pre-Flop and did not bet
Seat 2: HearMeRoar (button) folded on the Pre-Flop
Seat 3: va1 (small blind) folded on the Pre-Flop
Seat 4: Jmann99 (big blind) folded on the Pre-Flop
Seat 5: persianduck folded on the Pre-Flop and did not bet
Seat 6: dowggabrie471 folded on the Pre-Flop and did not bet
Seat 7: Possitive folded on the Pre-Flop and did not bet
Seat 8: lipesticky did not show and won 10500.00

Game Hand #2025409439 - Tournament #31183734 - Holdem (No Limit) - Level 15 (1500.00/3000.00)- 2024/02/12 19:34:14 UTC
Table '64' 8-max Seat #3 is the button
Seat 1: TomiLahrenLover (27925.00)
Seat 2: HearMeRoar (144070.00)
Seat 3: va1 (54410.00)
Seat 4: Jmann99 (60798.00)
Seat 5: persianduck (33394.00)
Seat 6: dowggabrie471 (278085.00)
Seat 7: Possitive (157764.00)
Seat 8: lipesticky (55800.00)
TomiLahrenLover posts ante 375.00
HearMeRoar posts ante 375.00
va1 posts ante 375.00
Jmann99 posts ante 375.00
persianduck posts ante 375.00
dowggabrie471 posts ante 375.00
Possitive posts ante 375.00
lipesticky posts ante 375.00
Jmann99 posts the small blind 1500.00
persianduck posts the big blind 3000.00
*** HOLE CARDS ***
Main pot 3000.00
Dealt to lipesticky [Ad Jd]
dowggabrie471 folds
Possitive folds
lipesticky raises 6300.00 to 6300.00
TomiLahrenLover folds
HearMeRoar folds
va1 folds
Jmann99 folds
persianduck calls 3300.00
*** FLOP *** [Qc 5c Js]
Main pot 17100.00
persianduck checks
lipesticky bets 3000.00
persianduck calls 3000.00
*** TURN *** [Qc 5c Js] [6c]
Main pot 23100.00
persianduck checks
lipesticky bets 7623.00
persianduck folds
Uncalled bet (7623.00) returned to lipesticky
lipesticky does not show
*** SUMMARY ***
Total pot 23100.00
Board [Qc 5c Js 6c]
Seat 1: TomiLahrenLover folded on the Pre-Flop and did not bet
Seat 2: HearMeRoar folded on the Pre-Flop and did not bet
Seat 3: va1 (button) folded on the Pre-Flop
Seat 4: Jmann99 (small blind) folded on the Pre-Flop
Seat 5: persianduck (big blind) folded on the Turn
Seat 6: dowggabrie471 folded on the Pre-Flop and did not bet
Seat 7: Possitive folded on the Pre-Flop and did not bet
Seat 8: lipesticky did not show and won 23100.00

Game Hand #2025410905 - Tournament #31183734 - Holdem (No Limit) - Level 15 (1500.00/3000.00)- 2024/02/12 19:35:43 UTC
Table '64' 8-max Seat #4 is the button
Seat 1: TomiLahrenLover (27550.00)
Seat 3: va1 (54035.00)
Seat 4: Jmann99 (58923.00)
Seat 5: persianduck (23719.00)
Seat 6: dowggabrie471 (277710.00)
Seat 7: Possitive (157389.00)
Seat 8: lipesticky (69225.00)
TomiLahrenLover posts ante 375.00
va1 posts ante 375.00
Jmann99 posts ante 375.00
persianduck posts ante 375.00
dowggabrie471 posts ante 375.00
Possitive posts ante 375.00
lipesticky posts ante 375.00
persianduck posts the small blind 1500.00
dowggabrie471 posts the big blind 3000.00
*** HOLE CARDS ***
Main pot 2625.00
Dealt to lipesticky [3c Ac]
Possitive folds
lipesticky raises 6300.00 to 6300.00
TomiLahrenLover raises 27175.00 to 27175.00 and is all-in
va1 folds
Jmann99 folds
persianduck folds
dowggabrie471 folds
lipesticky folds
Uncalled bet (20875.00) returned to TomiLahrenLover
TomiLahrenLover does not show
*** SUMMARY ***
Total pot 19725.00
Seat 1: TomiLahrenLover did not show and won 19725.00
Seat 3: va1 folded on the Pre-Flop and did not bet
Seat 4: Jmann99 (button) folded on the Pre-Flop
Seat 5: persianduck (small blind) folded on the Pre-Flop
Seat 6: dowggabrie471 (big blind) folded on the Pre-Flop
Seat 7: Possitive folded on the Pre-Flop and did not bet
Seat 8: lipesticky folded on the Pre-Flop and did not bet

Game Hand #2025411596 - Tournament #31183734 - Holdem (No Limit) - Level 15 (1500.00/3000.00)- 2024/02/12 19:36:25 UTC
Table '64' 8-max Seat #5 is the button
Seat 1: TomiLahrenLover (40600.00)
Seat 3: va1 (53660.00)
Seat 4: Jmann99 (58548.00)
Seat 5: persianduck (21844.00)
Seat 6: dowggabrie471 (274335.00)
Seat 7: Possitive (157014.00)
Seat 8: lipesticky (62550.00)
TomiLahrenLover posts ante 375.00
va1 posts ante 375.00
Jmann99 posts ante 375.00
persianduck posts ante 375.00
dowggabrie471 posts ante 375.00
Possitive posts ante 375.00
lipesticky posts ante 375.00
dowggabrie471 posts the small blind 1500.00
Possitive posts the big blind 3000.00
*** HOLE CARDS ***
Main pot 2625.00
Dealt to lipesticky [3s Td]
lipesticky folds
TomiLahrenLover folds
va1 folds
Jmann99 folds
persianduck folds
dowggabrie471 folds
Possitive does not show
*** SUMMARY ***
Total pot 7125.00
Seat 1: TomiLahrenLover folded on the Pre-Flop and did not bet
Seat 3: va1 folded on the Pre-Flop and did not bet
Seat 4: Jmann99 folded on the Pre-Flop and did not bet
Seat 5: persianduck (button) folded on the Pre-Flop
Seat 6: dowggabrie471 (small blind) folded on the Pre-Flop
Seat 7: Possitive did not show and won 7125.00
Seat 8: lipesticky folded on the Pre-Flop and did not bet

Game Hand #2025412064 - Tournament #31183734 - Holdem (No Limit) - Level 15 (1500.00/3000.00)- 2024/02/12 19:36:54 UTC
Table '64' 8-max Seat #6 is the button
Seat 1: TomiLahrenLover (40225.00)
Seat 2: TheNit808 (35000.00)
Seat 3: va1 (53285.00)
Seat 4: Jmann99 (58173.00)
Seat 5: persianduck (21469.00)
Seat 6: dowggabrie471 (272460.00)
Seat 7: Possitive (160764.00)
Seat 8: lipesticky (62175.00)
TomiLahrenLover posts ante 375.00
TheNit808 posts ante 375.00
va1 posts ante 375.00
Jmann99 posts ante 375.00
persianduck posts ante 375.00
dowggabrie471 posts ante 375.00
Possitive posts ante 375.00
lipesticky posts ante 375.00
Possitive posts the small blind 1500.00
lipesticky posts the big blind 3000.00
*** HOLE CARDS ***
Main pot 3000.00
Dealt to lipesticky [Ad As]
TomiLahrenLover folds
TheNit808 folds
va1 folds
Jmann99 folds
persianduck folds
dowggabrie471 folds
Possitive raises 158889.00 to 160389.00 and is all-in
lipesticky calls 58800.00 and is all-in
Uncalled bet (98589.00) returned to Possitive
*** FLOP *** [2s 3c Tc]
Main pot 126600.00
*** TURN *** [2s 3c Tc] [6c]
Main pot 126600.00
*** RIVER *** [2s 3c Tc 6c] [3h]
Main pot 126600.00
*** SHOW DOWN ***
Main pot 126600.00
Possitive shows [Ts Ac] (two pair, Tens and Threes [Ts Tc 3h 3c Ac])
lipesticky shows [Ad As] (two pair, Aces and Threes [As Ad 3h 3c Tc])
lipesticky collected 126600.00 from main pot
*** SUMMARY ***
Total pot 126600.00
Board [2s 3c Tc 6c 3h]
Seat 1: TomiLahrenLover folded on the Pre-Flop and did not bet
Seat 2: TheNit808 folded on the Pre-Flop and did not bet
Seat 3: va1 folded on the Pre-Flop and did not bet
Seat 4: Jmann99 folded on the Pre-Flop and did not bet
Seat 5: persianduck folded on the Pre-Flop and did not bet
Seat 6: dowggabrie471 (button) folded on the Pre-Flop
Seat 7: Possitive (small blind) showed [Ts Ac] and lost with two pair, Tens and Threes [Ts Tc 3h 3c Ac]
Seat 8: lipesticky (big blind) showed [Ad As] and won 126600.00 with two pair, Aces and Threes [As Ad 3h 3c Tc]

Game Hand #2025413150 - Tournament #31183734 - Holdem (No Limit) - Level 15 (1500.00/3000.00)- 2024/02/12 19:37:59 UTC
Table '64' 8-max Seat #7 is the button
Seat 1: TomiLahrenLover (39850.00)
Seat 2: TheNit808 (34625.00)
Seat 3: va1 (52910.00)
Seat 4: Jmann99 (57798.00)
Seat 5: persianduck (21094.00)
Seat 6: dowggabrie471 (272085.00)
Seat 7: Possitive (98589.00)
Seat 8: lipesticky (126600.00)
TomiLahrenLover posts ante 375.00
TheNit808 posts ante 375.00
va1 posts ante 375.00
Jmann99 posts ante 375.00
persianduck posts ante 375.00
dowggabrie471 posts ante 375.00
Possitive posts ante 375.00
lipesticky posts ante 375.00
lipesticky posts the small blind 1500.00
TomiLahrenLover posts the big blind 3000.00
*** HOLE CARDS ***
Main pot 3000.00
Dealt to lipesticky [Jc 2h]
TheNit808 raises 6600.00 to 6600.00
va1 folds
Jmann99 folds
persianduck folds
dowggabrie471 folds
Possitive folds
lipesticky folds
TomiLahrenLover calls 3600.00
*** FLOP *** [5d Ts As]
Main pot 17700.00
TomiLahrenLover checks
TheNit808 bets 7500.00
TomiLahrenLover raises 32875.00 to 32875.00 and is all-in
TheNit808 calls 20150.00 and is all-in
Uncalled bet (5225.00) returned to TomiLahrenLover
*** TURN *** [5d Ts As] [Kh]
Main pot 73000.00
*** RIVER *** [5d Ts As Kh] [3c]
Main pot 73000.00
*** SHOW DOWN ***
Main pot 73000.00
TomiLahrenLover shows [6s Ks] (a pair of Kings [Ks Kh As Ts 6s])
TheNit808 shows [Th Qs] (a pair of Tens [Ts Th As Kh Qs])
TomiLahrenLover collected 73000.00 from main pot
*** SUMMARY ***
Total pot 73000.00
Board [5d Ts As Kh 3c]
Seat 1: TomiLahrenLover (big blind) showed [6s Ks] and won 73000.00 with a pair of Kings [Ks Kh As Ts 6s]
Seat 2: TheNit808 showed [Th Qs] and lost with a pair of Tens [Ts Th As Kh Qs]
Seat 3: va1 folded on the Pre-Flop and did not bet
Seat 4: Jmann99 folded on the Pre-Flop and did not bet
Seat 5: persianduck folded on the Pre-Flop and did not bet
Seat 6: dowggabrie471 folded on the Pre-Flop and did not bet
Seat 7: Possitive (button) folded on the Pre-Flop
Seat 8: lipesticky (small blind) folded on the Pre-Flop

Game Hand #2025414565 - Tournament #31183734 - Holdem (No Limit) - Level 15 (1500.00/3000.00)- 2024/02/12 19:39:24 UTC
Table '64' 8-max Seat #8 is the button
Seat 1: TomiLahrenLover (78225.00)
Seat 3: va1 (52535.00)
Seat 4: Jmann99 (57423.00)
Seat 5: persianduck (20719.00)
Seat 6: dowggabrie471 (271710.00)
Seat 7: Possitive (98214.00)
Seat 8: lipesticky (124725.00)
TomiLahrenLover posts ante 375.00
va1 posts ante 375.00
Jmann99 posts ante 375.00
persianduck posts ante 375.00
dowggabrie471 posts ante 375.00
Possitive posts ante 375.00
lipesticky posts ante 375.00
TomiLahrenLover posts the small blind 1500.00
va1 posts the big blind 3000.00
*** HOLE CARDS ***
Main pot 2625.00
Dealt to lipesticky [5d 7h]
Jmann99 folds
persianduck raises 20344.00 to 20344.00 and is all-in
dowggabrie471 folds
Possitive folds
lipesticky folds
TomiLahrenLover folds
va1 folds
Uncalled bet (17344.00) returned to persianduck
persianduck does not show
*** SUMMARY ***
Total pot 10125.00
Seat 1: TomiLahrenLover (small blind) folded on the Pre-Flop
Seat 3: va1 (big blind) folded on the Pre-Flop
Seat 4: Jmann99 folded on the Pre-Flop and did not bet
Seat 5: persianduck did not show and won 10125.00
Seat 6: dowggabrie471 folded on the Pre-Flop and did not bet
Seat 7: Possitive folded on the Pre-Flop and did not bet
Seat 8: lipesticky (button) folded on the Pre-Flop

Game Hand #2025415014 - Tournament #31183734 - Holdem (No Limit) - Level 15 (1500.00/3000.00)- 2024/02/12 19:39:51 UTC
Table '64' 8-max Seat #1 is the button
Seat 1: TomiLahrenLover (76350.00)
Seat 2: TheNit808 will be allowed to play after the button
Seat 3: va1 (49160.00)
Seat 4: Jmann99 (57048.00)
Seat 5: persianduck (27469.00)
Seat 6: dowggabrie471 (271335.00)
Seat 7: Possitive (97839.00)
Seat 8: lipesticky (124350.00)
TomiLahrenLover posts ante 375.00
va1 posts ante 375.00
Jmann99 posts ante 375.00
persianduck posts ante 375.00
dowggabrie471 posts ante 375.00
Possitive posts ante 375.00
lipesticky posts ante 375.00
va1 posts the small blind 1500.00
Jmann99 posts the big blind 3000.00
*** HOLE CARDS ***
Main pot 2625.00
Dealt to lipesticky [6c 6s]
persianduck raises 27094.00 to 27094.00 and is all-in
dowggabrie471 folds
Possitive folds
lipesticky folds
TomiLahrenLover folds
va1 folds
Jmann99 folds
Uncalled bet (24094.00) returned to persianduck
persianduck does not show
*** SUMMARY ***
Total pot 10125.00
Seat 1: TomiLahrenLover (button) folded on the Pre-Flop
Seat 3: va1 (small blind) folded on the Pre-Flop
Seat 4: Jmann99 (big blind) folded on the Pre-Flop
Seat 5: persianduck did not show and won 10125.00
Seat 6: dowggabrie471 folded on the Pre-Flop and did not bet
Seat 7: Possitive folded on the Pre-Flop and did not bet
Seat 8: lipesticky folded on the Pre-Flop and did not bet

Game Hand #2025415872 - Tournament #31183734 - Holdem (No Limit) - Level 15 (1500.00/3000.00)- 2024/02/12 19:40:43 UTC
Table '64' 8-max Seat #3 is the button
Seat 1: TomiLahrenLover (75975.00)
Seat 2: TheNit808 (35000.00)
Seat 3: va1 (47285.00)
Seat 4: Jmann99 (53673.00)
Seat 5: persianduck (34219.00)
Seat 6: dowggabrie471 (270960.00)
Seat 7: Possitive (97464.00)
Seat 8: lipesticky (123975.00)
TomiLahrenLover posts ante 375.00
TheNit808 posts ante 375.00
va1 posts ante 375.00
Jmann99 posts ante 375.00
persianduck posts ante 375.00
dowggabrie471 posts ante 375.00
Possitive posts ante 375.00
lipesticky posts ante 375.00
Jmann99 posts the small blind 1500.00
persianduck posts the big blind 3000.00
*** HOLE CARDS ***
Main pot 3000.00
Dealt to lipesticky [Jh Kc]
dowggabrie471 folds
Possitive folds
lipesticky raises 6300.00 to 6300.00
TomiLahrenLover folds
TheNit808 folds
va1 folds
Jmann99 folds
persianduck folds
Uncalled bet (3300.00) returned to lipesticky
lipesticky does not show
*** SUMMARY ***
Total pot 10500.00
Seat 1: TomiLahrenLover folded on the Pre-Flop and did not bet
Seat 2: TheNit808 folded on the Pre-Flop and did not bet
Seat 3: va1 (button) folded on the Pre-Flop
Seat 4: Jmann99 (small blind) folded on the Pre-Flop
Seat 5: persianduck (big blind) folded on the Pre-Flop
Seat 6: dowggabrie471 folded on the Pre-Flop and did not bet
Seat 7: Possitive folded on the Pre-Flop and did not bet
Seat 8: lipesticky did not show and won 10500.00

Game Hand #2025416644 - Tournament #31183734 - Holdem (No Limit) - Level 16 (1750.00/3500.00)- 2024/02/12 19:41:31 UTC
Table '64' 8-max Seat #4 is the button
Seat 1: TomiLahrenLover (75600.00)
Seat 2: TheNit808 (34625.00)
Seat 3: va1 (46910.00)
Seat 4: Jmann99 (51798.00)
Seat 5: persianduck (30844.00)
Seat 6: dowggabrie471 (270585.00)
Seat 7: Possitive (97089.00)
Seat 8: lipesticky (131100.00)
TomiLahrenLover posts ante 450.00
TheNit808 posts ante 450.00
va1 posts ante 450.00
Jmann99 posts ante 450.00
persianduck posts ante 450.00
dowggabrie471 posts ante 450.00
Possitive posts ante 450.00
lipesticky posts ante 450.00
persianduck posts the small blind 1750.00
dowggabrie471 posts the big blind 3500.00
*** HOLE CARDS ***
Main pot 3600.00
Dealt to lipesticky [6s 2d]
Possitive folds
lipesticky folds
TomiLahrenLover folds
TheNit808 folds
va1 raises 7000.00 to 7000.00
Jmann99 folds
persianduck folds
dowggabrie471 folds
Uncalled bet (3500.00) returned to va1
va1 does not show
*** SUMMARY ***
Total pot 12350.00
Seat 1: TomiLahrenLover folded on the Pre-Flop and did not bet
Seat 2: TheNit808 folded on the Pre-Flop and did not bet
Seat 3: va1 did not show and won 12350.00
Seat 4: Jmann99 (button) folded on the Pre-Flop
Seat 5: persianduck (small blind) folded on the Pre-Flop
Seat 6: dowggabrie471 (big blind) folded on the Pre-Flop
Seat 7: Possitive folded on the Pre-Flop and did not bet
Seat 8: lipesticky folded on the Pre-Flop and did not bet

Game Hand #2025417559 - Tournament #31183734 - Holdem (No Limit) - Level 16 (1750.00/3500.00)- 2024/02/12 19:42:28 UTC
Table '64' 8-max Seat #5 is the button
Seat 1: TomiLahrenLover (75150.00)
Seat 2: TheNit808 (34175.00)
Seat 3: va1 (55310.00)
Seat 4: Jmann99 (51348.00)
Seat 5: persianduck (28644.00)
Seat 6: dowggabrie471 (266635.00)
Seat 7: Possitive (96639.00)
Seat 8: lipesticky (130650.00)
TomiLahrenLover posts ante 450.00
TheNit808 posts ante 450.00
va1 posts ante 450.00
Jmann99 posts ante 450.00
persianduck posts ante 450.00
dowggabrie471 posts ante 450.00
Possitive posts ante 450.00
lipesticky posts ante 450.00
dowggabrie471 posts the small blind 1750.00
Possitive posts the big blind 3500.00
*** HOLE CARDS ***
Main pot 3600.00
Dealt to lipesticky [Kc 7c]
lipesticky folds
TomiLahrenLover folds
TheNit808 folds
va1 folds
Jmann99 folds
persianduck raises 28194.00 to 28194.00 and is all-in
dowggabrie471 folds
Possitive calls 24694.00
*** FLOP *** [Kh 2h Ad]
Main pot 61738.00
*** TURN *** [Kh 2h Ad] [2c]
Main pot 61738.00
*** RIVER *** [Kh 2h Ad 2c] [Kd]
Main pot 61738.00
*** SHOW DOWN ***
Main pot 61738.00
persianduck shows [Ks Qh] (a full house, Kings full of Deuces [Ks Kh Kd 2h 2c])
Possitive shows [7d 7s] (two pair, Kings and Sevens [Kh Kd 7s 7d Ad])
persianduck collected 61738.00 from main pot
*** SUMMARY ***
Total pot 61738.00
Board [Kh 2h Ad 2c Kd]
Seat 1: TomiLahrenLover folded on the Pre-Flop and did not bet
Seat 2: TheNit808 folded on the Pre-Flop and did not bet
Seat 3: va1 folded on the Pre-Flop and did not bet
Seat 4: Jmann99 folded on the Pre-Flop and did not bet
Seat 5: persianduck (button) showed [Ks Qh] and won 61738.00 with a full house, Kings full of Deuces [Ks Kh Kd 2h 2c]
Seat 6: dowggabrie471 (small blind) folded on the Pre-Flop
Seat 7: Possitive (big blind) showed [7d 7s] and lost with two pair, Kings and Sevens [Kh Kd 7s 7d Ad]
Seat 8: lipesticky folded on the Pre-Flop and did not bet

Game Hand #2025418587 - Tournament #31183734 - Holdem (No Limit) - Level 16 (1750.00/3500.00)- 2024/02/12 19:43:30 UTC
Table '64' 8-max Seat #6 is the button
Seat 1: TomiLahrenLover (74700.00)
Seat 2: TheNit808 (33725.00)
Seat 3: va1 (54860.00)
Seat 4: Jmann99 (50898.00)
Seat 5: persianduck (61738.00)
Seat 6: dowggabrie471 (264435.00)
Seat 7: Possitive (67995.00)
Seat 8: lipesticky (130200.00)
TomiLahrenLover posts ante 450.00
TheNit808 posts ante 450.00
va1 posts ante 450.00
Jmann99 posts ante 450.00
persianduck posts ante 450.00
dowggabrie471 posts ante 450.00
Possitive posts ante 450.00
lipesticky posts ante 450.00
Possitive posts the small blind 1750.00
lipesticky posts the big blind 3500.00
*** HOLE CARDS ***
Main pot 3600.00
Dealt to lipesticky [Th 7h]
TomiLahrenLover folds
TheNit808 folds
va1 folds
Jmann99 folds
persianduck folds
dowggabrie471 folds
Possitive raises 65795.00 to 67545.00 and is all-in
lipesticky folds
Uncalled bet (64045.00) returned to Possitive
Possitive does not show
*** SUMMARY ***
Total pot 10600.00
Seat 1: TomiLahrenLover folded on the Pre-Flop and did not bet
Seat 2: TheNit808 folded on the Pre-Flop and did not bet
Seat 3: va1 folded on the Pre-Flop and did not bet
Seat 4: Jmann99 folded on the Pre-Flop and did not bet
Seat 5: persianduck folded on the Pre-Flop and did not bet
Seat 6: dowggabrie471 (button) folded on the Pre-Flop
Seat 7: Possitive did not show and won 10600.00
Seat 8: lipesticky (big blind) folded on the Pre-Flop

Game Hand #2025419438 - Tournament #31183734 - Holdem (No Limit) - Level 16 (1750.00/3500.00)- 2024/02/12 19:44:22 UTC
Table '64' 8-max Seat #7 is the button
Seat 1: TomiLahrenLover (74250.00)
Seat 2: TheNit808 (33275.00)
Seat 3: va1 (54410.00)
Seat 4: Jmann99 (50448.00)
Seat 5: persianduck (61288.00)
Seat 6: dowggabrie471 (263985.00)
Seat 7: Possitive (74645.00)
Seat 8: lipesticky (126250.00)
TomiLahrenLover posts ante 450.00
TheNit808 posts ante 450.00
va1 posts ante 450.00
Jmann99 posts ante 450.00
persianduck posts ante 450.00
dowggabrie471 posts ante 450.00
Possitive posts ante 450.00
lipesticky posts ante 450.00
lipesticky posts the small blind 1750.00
TomiLahrenLover posts the big blind 3500.00
*** HOLE CARDS ***
Main pot 3600.00
Dealt to lipesticky [Qs 8c]
TheNit808 raises 32825.00 to 32825.00 and is all-in
va1 folds
Jmann99 folds
persianduck folds
dowggabrie471 folds
Possitive folds
lipesticky folds
TomiLahrenLover folds
Uncalled bet (29325.00) returned to TheNit808
TheNit808 shows [- Ad]
*** SUMMARY ***
Total pot 12350.00
Seat 1: TomiLahrenLover (big blind) folded on the Pre-Flop
Seat 2: TheNit808 showed [- Ad] and won 12350.00
Seat 3: va1 folded on the Pre-Flop and did not bet
Seat 4: Jmann99 folded on the Pre-Flop and did not bet
Seat 5: persianduck folded on the Pre-Flop and did not bet
Seat 6: dowggabrie471 folded on the Pre-Flop and did not bet
Seat 7: Possitive (button) folded on the Pre-Flop
Seat 8: lipesticky (small blind) folded on the Pre-Flop

Game Hand #2025420104 - Tournament #31183734 - Holdem (No Limit) - Level 16 (1750.00/3500.00)- 2024/02/12 19:45:02 UTC
Table '64' 8-max Seat #8 is the button
Seat 1: TomiLahrenLover (70300.00)
Seat 2: TheNit808 (41675.00)
Seat 3: va1 (53960.00)
Seat 4: Jmann99 (49998.00)
Seat 5: persianduck (60838.00)
Seat 6: dowggabrie471 (263535.00)
Seat 7: Possitive (74195.00)
Seat 8: lipesticky (124050.00)
TomiLahrenLover posts ante 450.00
TheNit808 posts ante 450.00
va1 posts ante 450.00
Jmann99 posts ante 450.00
persianduck posts ante 450.00
dowggabrie471 posts ante 450.00
Possitive posts ante 450.00
lipesticky posts ante 450.00
TomiLahrenLover posts the small blind 1750.00
TheNit808 posts the big blind 3500.00
*** HOLE CARDS ***
Main pot 3600.00
Dealt to lipesticky [Jh 6s]
va1 folds
Jmann99 raises 7000.00 to 7000.00
persianduck folds
dowggabrie471 folds
Possitive folds
lipesticky folds
TomiLahrenLover folds
TheNit808 folds
Uncalled bet (3500.00) returned to Jmann99
Jmann99 does not show
*** SUMMARY ***
Total pot 12350.00
Seat 1: TomiLahrenLover (small blind) folded on the Pre-Flop
Seat 2: TheNit808 (big blind) folded on the Pre-Flop
Seat 3: va1 folded on the Pre-Flop and did not bet
Seat 4: Jmann99 did not show and won 12350.00
Seat 5: persianduck folded on the Pre-Flop and did not bet
Seat 6: dowggabrie471 folded on the Pre-Flop and did not bet
Seat 7: Possitive folded on the Pre-Flop and did not bet
Seat 8: lipesticky (button) folded on the Pre-Flop

Game Hand #2025420803 - Tournament #31183734 - Holdem (No Limit) - Level 16 (1750.00/3500.00)- 2024/02/12 19:45:43 UTC
Table '64' 8-max Seat #1 is the button
Seat 1: TomiLahrenLover (68100.00)
Seat 2: TheNit808 (37725.00)
Seat 3: va1 (53510.00)
Seat 4: Jmann99 (58398.00)
Seat 5: persianduck (60388.00)
Seat 6: dowggabrie471 (263085.00)
Seat 7: Possitive (73745.00)
Seat 8: lipesticky (123600.00)
TomiLahrenLover posts ante 450.00
TheNit808 posts ante 450.00
va1 posts ante 450.00
Jmann99 posts ante 450.00
persianduck posts ante 450.00
dowggabrie471 posts ante 450.00
Possitive posts ante 450.00
lipesticky posts ante 450.00
TheNit808 posts the small blind 1750.00
va1 posts the big blind 3500.00
*** HOLE CARDS ***
Main pot 3600.00
Dealt to lipesticky [4s 7d]
Jmann99 folds
persianduck raises 7350.00 to 7350.00
dowggabrie471 folds
Possitive folds
lipesticky folds
TomiLahrenLover calls 7350.00
TheNit808 calls 5600.00
va1 folds
*** FLOP *** [9h 2c Qh]
Main pot 29150.00
TheNit808 checks
persianduck checks
TomiLahrenLover checks
*** TURN *** [9h 2c Qh] [Qd]
Main pot 29150.00
TheNit808 bets 8750.00
persianduck folds
TomiLahrenLover calls 8750.00
*** RIVER *** [9h 2c Qh Qd] [9d]
Main pot 46650.00
TheNit808 bets 21175.00 and is all-in
TomiLahrenLover folds
Uncalled bet (21175.00) returned to TheNit808
TheNit808 does not show
*** SUMMARY ***
Total pot 46650.00
Board [9h 2c Qh Qd 9d]
Seat 1: TomiLahrenLover (button) folded on the River
Seat 2: TheNit808 did not show and won 46650.00
Seat 3: va1 (big blind) folded on the Pre-Flop
Seat 4: Jmann99 folded on the Pre-Flop and did not bet
Seat 5: persianduck folded on the Turn
Seat 6: dowggabrie471 folded on the Pre-Flop and did not bet
Seat 7: Possitive folded on the Pre-Flop and did not bet
Seat 8: lipesticky folded on the Pre-Flop and did not bet

Game Hand #2025422424 - Tournament #31183734 - Holdem (No Limit) - Level 16 (1750.00/3500.00)- 2024/02/12 19:47:23 UTC
Table '64' 8-max Seat #2 is the button
Seat 1: TomiLahrenLover (51550.00)
Seat 2: TheNit808 (67825.00)
Seat 3: va1 (49560.00)
Seat 4: Jmann99 (57948.00)
Seat 5: persianduck (52588.00)
Seat 6: dowggabrie471 (262635.00)
Seat 7: Possitive (73295.00)
Seat 8: lipesticky (123150.00)
TomiLahrenLover posts ante 450.00
TheNit808 posts ante 450.00
va1 posts ante 450.00
Jmann99 posts ante 450.00
persianduck posts ante 450.00
dowggabrie471 posts ante 450.00
Possitive posts ante 450.00
lipesticky posts ante 450.00
va1 posts the small blind 1750.00
Jmann99 posts the big blind 3500.00
*** HOLE CARDS ***
Main pot 3600.00
Dealt to lipesticky [Qc 4c]
persianduck raises 7350.00 to 7350.00
dowggabrie471 folds
Possitive folds
lipesticky folds
TomiLahrenLover folds
TheNit808 folds
va1 folds
Jmann99 folds
Uncalled bet (3850.00) returned to persianduck
persianduck does not show
*** SUMMARY ***
Total pot 12350.00
Seat 1: TomiLahrenLover folded on the Pre-Flop and did not bet
Seat 2: TheNit808 (button) folded on the Pre-Flop
Seat 3: va1 (small blind) folded on the Pre-Flop
Seat 4: Jmann99 (big blind) folded on the Pre-Flop
Seat 5: persianduck did not show and won 12350.00
Seat 6: dowggabrie471 folded on the Pre-Flop and did not bet
Seat 7: Possitive folded on the Pre-Flop and did not bet
Seat 8: lipesticky folded on the Pre-Flop and did not bet

Game Hand #2025423254 - Tournament #31183734 - Holdem (No Limit) - Level 16 (1750.00/3500.00)- 2024/02/12 19:48:13 UTC
Table '64' 8-max Seat #3 is the button
Seat 1: TomiLahrenLover (51100.00)
Seat 2: TheNit808 (67375.00)
Seat 3: va1 (47360.00)
Seat 4: Jmann99 (53998.00)
Seat 5: persianduck (60988.00)
Seat 6: dowggabrie471 (262185.00)
Seat 7: Possitive (72845.00)
Seat 8: lipesticky (122700.00)
TomiLahrenLover posts ante 450.00
TheNit808 posts ante 450.00
va1 posts ante 450.00
Jmann99 posts ante 450.00
persianduck posts ante 450.00
dowggabrie471 posts ante 450.00
Possitive posts ante 450.00
lipesticky posts ante 450.00
Jmann99 posts the small blind 1750.00
persianduck posts the big blind 3500.00
*** HOLE CARDS ***
Main pot 3600.00
Dealt to lipesticky [5c 9c]
dowggabrie471 folds
Possitive folds
lipesticky folds
TomiLahrenLover folds
TheNit808 raises 7700.00 to 7700.00
va1 folds
Jmann99 folds
persianduck folds
Uncalled bet (4200.00) returned to TheNit808
TheNit808 does not show
*** SUMMARY ***
Total pot 12350.00
Seat 1: TomiLahrenLover folded on the Pre-Flop and did not bet
Seat 2: TheNit808 did not show and won 12350.00
Seat 3: va1 (button) folded on the Pre-Flop
Seat 4: Jmann99 (small blind) folded on the Pre-Flop
Seat 5: persianduck (big blind) folded on the Pre-Flop
Seat 6: dowggabrie471 folded on the Pre-Flop and did not bet
Seat 7: Possitive folded on the Pre-Flop and did not bet
Seat 8: lipesticky folded on the Pre-Flop and did not bet

Game Hand #2025424039 - Tournament #31183734 - Holdem (No Limit) - Level 16 (1750.00/3500.00)- 2024/02/12 19:49:01 UTC
Table '64' 8-max Seat #4 is the button
Seat 1: TomiLahrenLover (50650.00)
Seat 2: TheNit808 (75775.00)
Seat 3: va1 (46910.00)
Seat 4: Jmann99 (51798.00)
Seat 5: persianduck (57038.00)
Seat 6: dowggabrie471 (261735.00)
Seat 7: Possitive (72395.00)
Seat 8: lipesticky (122250.00)
TomiLahrenLover posts ante 450.00
TheNit808 posts ante 450.00
va1 posts ante 450.00
Jmann99 posts ante 450.00
persianduck posts ante 450.00
dowggabrie471 posts ante 450.00
Possitive posts ante 450.00
lipesticky posts ante 450.00
persianduck posts the small blind 1750.00
dowggabrie471 posts the big blind 3500.00
*** HOLE CARDS ***
Main pot 3600.00
Dealt to lipesticky [Jd 5s]
Possitive folds
lipesticky folds
TomiLahrenLover folds
TheNit808 folds
va1 folds
Jmann99 folds
persianduck calls 1750.00
dowggabrie471 checks
*** FLOP *** [9d Jc 6s]
Main pot 10600.00
persianduck checks
dowggabrie471 checks
*** TURN *** [9d Jc 6s] [Qc]
Main pot 10600.00
persianduck bets 5250.00
dowggabrie471 calls 5250.00
*** RIVER *** [9d Jc 6s Qc] [Ah]
Main pot 21100.00
persianduck bets 47838.00 and is all-in
dowggabrie471 folds
Uncalled bet (47838.00) returned to persianduck
persianduck does not show
*** SUMMARY ***
Total pot 21100.00
Board [9d Jc 6s Qc Ah]
Seat 1: TomiLahrenLover folded on the Pre-Flop and did not bet
Seat 2: TheNit808 folded on the Pre-Flop and did not bet
Seat 3: va1 folded on the Pre-Flop and did not bet
Seat 4: Jmann99 (button) folded on the Pre-Flop
Seat 5: persianduck did not show and won 21100.00
Seat 6: dowggabrie471 (big blind) folded on the River
Seat 7: Possitive folded on the Pre-Flop and did not bet
Seat 8: lipesticky folded on the Pre-Flop and did not bet

Game Hand #2025425427 - Tournament #31183734 - Holdem (No Limit) - Level 16 (1750.00/3500.00)- 2024/02/12 19:50:27 UTC
Table '64' 8-max Seat #5 is the button
Seat 1: TomiLahrenLover (50200.00)
Seat 2: TheNit808 (75325.00)
Seat 3: va1 (46460.00)
Seat 4: Jmann99 (51348.00)
Seat 5: persianduck (68938.00)
Seat 6: dowggabrie471 (252535.00)
Seat 7: Possitive (71945.00)
Seat 8: lipesticky (121800.00)
TomiLahrenLover posts ante 450.00
TheNit808 posts ante 450.00
va1 posts ante 450.00
Jmann99 posts ante 450.00
persianduck posts ante 450.00
dowggabrie471 posts ante 450.00
Possitive posts ante 450.00
lipesticky posts ante 450.00
dowggabrie471 posts the small blind 1750.00
Possitive posts the big blind 3500.00
*** HOLE CARDS ***
Main pot 3600.00
Dealt to lipesticky [4h Js]
lipesticky folds
TomiLahrenLover folds
TheNit808 folds
va1 folds
Jmann99 raises 7000.00 to 7000.00
persianduck folds
dowggabrie471 folds
Possitive folds
Uncalled bet (3500.00) returned to Jmann99
Jmann99 does not show
*** SUMMARY ***
Total pot 12350.00
Seat 1: TomiLahrenLover folded on the Pre-Flop and did not bet
Seat 2: TheNit808 folded on the Pre-Flop and did not bet
Seat 3: va1 folded on the Pre-Flop and did not bet
Seat 4: Jmann99 did not show and won 12350.00
Seat 5: persianduck (button) folded on the Pre-Flop
Seat 6: dowggabrie471 (small blind) folded on the Pre-Flop
Seat 7: Possitive (big blind) folded on the Pre-Flop
Seat 8: lipesticky folded on the Pre-Flop and did not bet

Game Hand #2025426061 - Tournament #31183734 - Holdem (No Limit) - Level 16 (1750.00/3500.00)- 2024/02/12 19:50:57 UTC
Table '64' 8-max Seat #6 is the button
Seat 1: TomiLahrenLover (49750.00)
Seat 2: TheNit808 (74875.00)
Seat 3: va1 (46010.00)
Seat 4: Jmann99 (59748.00)
Seat 5: persianduck (68488.00)
Seat 6: dowggabrie471 (250335.00)
Seat 7: Possitive (67995.00)
Seat 8: lipesticky (121350.00)
TomiLahrenLover posts ante 450.00
TheNit808 posts ante 450.00
va1 posts ante 450.00
Jmann99 posts ante 450.00
persianduck posts ante 450.00
dowggabrie471 posts ante 450.00
Possitive posts ante 450.00
lipesticky posts ante 450.00
Possitive posts the small blind 1750.00
lipesticky posts the big blind 3500.00
*** HOLE CARDS ***
Main pot 3600.00
Dealt to lipesticky [Tc Ac]
TomiLahrenLover folds
TheNit808 folds
va1 folds
Jmann99 folds
persianduck raises 7350.00 to 7350.00
dowggabrie471 folds
Possitive folds
lipesticky calls 3850.00
*** FLOP *** [6h 7d Jd]
Main pot 20050.00
lipesticky checks
persianduck bets 6617.00
lipesticky folds
Uncalled bet (6617.00) returned to persianduck
persianduck does not show
*** SUMMARY ***
Total pot 20050.00
Board [6h 7d Jd]
Seat 1: TomiLahrenLover folded on the Pre-Flop and did not bet
Seat 2: TheNit808 folded on the Pre-Flop and did not bet
Seat 3: va1 folded on the Pre-Flop and did not bet
Seat 4: Jmann99 folded on the Pre-Flop and did not bet
Seat 5: persianduck did not show and won 20050.00
Seat 6: dowggabrie471 (button) folded on the Pre-Flop
Seat 7: Possitive (small blind) folded on the Pre-Flop
Seat 8: lipesticky (big blind) folded on the Flop

Game Hand #2025427589 - Tournament #31183734 - Holdem (No Limit) - Level 16 (1750.00/3500.00)- 2024/02/12 19:52:12 UTC
Table '64' 8-max Seat #7 is the button
Seat 1: TomiLahrenLover (49300.00)
Seat 2: TheNit808 (74425.00)
Seat 3: va1 (45560.00)
Seat 4: Jmann99 (59298.00)
Seat 5: persianduck (80738.00)
Seat 6: dowggabrie471 (249885.00)
Seat 7: Possitive (65795.00)
Seat 8: lipesticky (113550.00)
TomiLahrenLover posts ante 450.00
TheNit808 posts ante 450.00
va1 posts ante 450.00
Jmann99 posts ante 450.00
persianduck posts ante 450.00
dowggabrie471 posts ante 450.00
Possitive posts ante 450.00
lipesticky posts ante 450.00
lipesticky posts the small blind 1750.00
TomiLahrenLover posts the big blind 3500.00
*** HOLE CARDS ***
Main pot 3600.00
Dealt to lipesticky [8s Ad]
TheNit808 folds
va1 folds
Jmann99 folds
persianduck raises 7350.00 to 7350.00
dowggabrie471 folds
Possitive folds
lipesticky folds
TomiLahrenLover calls 3850.00
*** FLOP *** [4s Th Js]
Main pot 20050.00
TomiLahrenLover checks
persianduck bets 8750.00
TomiLahrenLover folds
Uncalled bet (8750.00) returned to persianduck
persianduck does not show
*** SUMMARY ***
Total pot 20050.00
Board [4s Th Js]
Seat 1: TomiLahrenLover (big blind) folded on the Flop
Seat 2: TheNit808 folded on the Pre-Flop and did not bet
Seat 3: va1 folded on the Pre-Flop and did not bet
Seat 4: Jmann99 folded on the Pre-Flop and did not bet
Seat 5: persianduck did not show and won 20050.00
Seat 6: dowggabrie471 folded on the Pre-Flop and did not bet
Seat 7: Possitive (button) folded on the Pre-Flop
Seat 8: lipesticky (small blind) folded on the Pre-Flop

Game Hand #2025428745 - Tournament #31183734 - Holdem (No Limit) - Level 16 (1750.00/3500.00)- 2024/02/12 19:53:10 UTC
Table '64' 8-max Seat #8 is the button
Seat 1: TomiLahrenLover (41500.00)
Seat 2: TheNit808 (73975.00)
Seat 3: va1 (45110.00)
Seat 4: Jmann99 (58848.00)
Seat 5: persianduck (92988.00)
Seat 6: dowggabrie471 (249435.00)
Seat 7: Possitive (65345.00)
Seat 8: lipesticky (111350.00)
TomiLahrenLover posts ante 450.00
TheNit808 posts ante 450.00
va1 posts ante 450.00
Jmann99 posts ante 450.00
persianduck posts ante 450.00
dowggabrie471 posts ante 450.00
Possitive posts ante 450.00
lipesticky posts ante 450.00
TomiLahrenLover posts the small blind 1750.00
TheNit808 posts the big blind 3500.00
*** HOLE CARDS ***
Main pot 3600.00
Dealt to lipesticky [Ts 7s]
va1 folds
Jmann99 folds
persianduck folds
dowggabrie471 folds
Possitive folds
lipesticky raises 7000.00 to 7000.00
TomiLahrenLover raises 39300.00 to 41050.00 and is all-in
TheNit808 folds
lipesticky folds
Uncalled bet (34050.00) returned to TomiLahrenLover
TomiLahrenLover does not show
*** SUMMARY ***
Total pot 21100.00
Seat 1: TomiLahrenLover did not show and won 21100.00
Seat 2: TheNit808 (big blind) folded on the Pre-Flop
Seat 3: va1 folded on the Pre-Flop and did not bet
Seat 4: Jmann99 folded on the Pre-Flop and did not bet
Seat 5: persianduck folded on the Pre-Flop and did not bet
Seat 6: dowggabrie471 folded on the Pre-Flop and did not bet
Seat 7: Possitive folded on the Pre-Flop and did not bet
Seat 8: lipesticky (button) folded on the Pre-Flop

Game Hand #2025429612 - Tournament #31183734 - Holdem (No Limit) - Level 16 (1750.00/3500.00)- 2024/02/12 19:53:54 UTC
Table '64' 8-max Seat #1 is the button
Seat 1: TomiLahrenLover (55150.00)
Seat 2: TheNit808 (70025.00)
Seat 3: va1 (44660.00)
Seat 4: Jmann99 (58398.00)
Seat 5: persianduck (92538.00)
Seat 6: dowggabrie471 (248985.00)
Seat 7: Possitive (64895.00)
Seat 8: lipesticky (103900.00)
TomiLahrenLover posts ante 450.00
TheNit808 posts ante 450.00
va1 posts ante 450.00
Jmann99 posts ante 450.00
persianduck posts ante 450.00
dowggabrie471 posts ante 450.00
Possitive posts ante 450.00
lipesticky posts ante 450.00
TheNit808 posts the small blind 1750.00
va1 posts the big blind 3500.00
*** HOLE CARDS ***
Main pot 3600.00
Dealt to lipesticky [6c Ts]
Jmann99 folds
persianduck folds
dowggabrie471 raises 7000.00 to 7000.00
Possitive raises 64445.00 to 64445.00 and is all-in
lipesticky folds
TomiLahrenLover folds
TheNit808 folds
va1 folds
dowggabrie471 folds
Uncalled bet (57445.00) returned to Possitive
Possitive does not show
*** SUMMARY ***
Total pot 22850.00
Seat 1: TomiLahrenLover (button) folded on the Pre-Flop
Seat 2: TheNit808 (small blind) folded on the Pre-Flop
Seat 3: va1 (big blind) folded on the Pre-Flop
Seat 4: Jmann99 folded on the Pre-Flop and did not bet
Seat 5: persianduck folded on the Pre-Flop and did not bet
Seat 6: dowggabrie471 folded on the Pre-Flop and did not bet
Seat 7: Possitive did not show and won 22850.00
Seat 8: lipesticky folded on the Pre-Flop and did not bet

Game Hand #2025430178 - Tournament #31183734 - Holdem (No Limit) - Level 16 (1750.00/3500.00)- 2024/02/12 19:54:22 UTC
Table '64' 8-max Seat #2 is the button
Seat 1: TomiLahrenLover (54700.00)
Seat 2: TheNit808 (67825.00)
Seat 3: va1 (40710.00)
Seat 4: Jmann99 (57948.00)
Seat 5: persianduck (92088.00)
Seat 6: dowggabrie471 (241535.00)
Seat 7: Possitive (80295.00)
Seat 8: lipesticky (103450.00)
TomiLahrenLover posts ante 450.00
TheNit808 posts ante 450.00
va1 posts ante 450.00
Jmann99 posts ante 450.00
persianduck posts ante 450.00
dowggabrie471 posts ante 450.00
Possitive posts ante 450.00
lipesticky posts ante 450.00
va1 posts the small blind 1750.00
Jmann99 posts the big blind 3500.00
*** HOLE CARDS ***
Main pot 3600.00
Dealt to lipesticky [6c 8h]
persianduck folds
dowggabrie471 folds
Possitive folds
lipesticky folds
TomiLahrenLover folds
TheNit808 folds
va1 raises 38510.00 to 40260.00 and is all-in
Jmann99 folds
Uncalled bet (36760.00) returned to va1
va1 does not show
*** SUMMARY ***
Total pot 10600.00
Seat 1: TomiLahrenLover folded on the Pre-Flop and did not bet
Seat 2: TheNit808 (button) folded on the Pre-Flop
Seat 3: va1 did not show and won 10600.00
Seat 4: Jmann99 (big blind) folded on the Pre-Flop
Seat 5: persianduck folded on the Pre-Flop and did not bet
Seat 6: dowggabrie471 folded on the Pre-Flop and did not bet
Seat 7: Possitive folded on the Pre-Flop and did not bet
Seat 8: lipesticky folded on the Pre-Flop and did not bet

Game Hand #2025430845 - Tournament #31183734 - Holdem (No Limit) - Level 16 (1750.00/3500.00)- 2024/02/12 19:54:57 UTC
Table '64' 8-max Seat #3 is the button
Seat 1: TomiLahrenLover (54250.00)
Seat 2: TheNit808 (67375.00)
Seat 3: va1 (47360.00)
Seat 4: Jmann99 (53998.00)
Seat 5: persianduck (91638.00)
Seat 6: dowggabrie471 (241085.00)
Seat 7: Possitive (79845.00)
Seat 8: lipesticky (103000.00)
TomiLahrenLover posts ante 450.00
TheNit808 posts ante 450.00
va1 posts ante 450.00
Jmann99 posts ante 450.00
persianduck posts ante 450.00
dowggabrie471 posts ante 450.00
Possitive posts ante 450.00
lipesticky posts ante 450.00
Jmann99 posts the small blind 1750.00
persianduck posts the big blind 3500.00
*** HOLE CARDS ***
Main pot 3600.00
Dealt to lipesticky [7h 7c]
dowggabrie471 raises 7000.00 to 7000.00
Possitive folds
lipesticky calls 7000.00
TomiLahrenLover folds
TheNit808 folds
va1 folds
Jmann99 folds
persianduck folds
*** FLOP *** [4s 2d As]
Main pot 22850.00
dowggabrie471 checks
lipesticky bets 7541.00
dowggabrie471 calls 7541.00
*** TURN *** [4s 2d As] [Qc]
Main pot 37932.00
dowggabrie471 checks
lipesticky checks
*** RIVER *** [4s 2d As Qc] [Ad]
Main pot 37932.00
dowggabrie471 bets 30199.00
lipesticky folds
Uncalled bet (30199.00) returned to dowggabrie471
dowggabrie471 does not show
*** SUMMARY ***
Total pot 37932.00
Board [4s 2d As Qc Ad]
Seat 1: TomiLahrenLover folded on the Pre-Flop and did not bet
Seat 2: TheNit808 folded on the Pre-Flop and did not bet
Seat 3: va1 (button) folded on the Pre-Flop
Seat 4: Jmann99 (small blind) folded on the Pre-Flop
Seat 5: persianduck (big blind) folded on the Pre-Flop
Seat 6: dowggabrie471 did not show and won 37932.00
Seat 7: Possitive folded on the Pre-Flop and did not bet
Seat 8: lipesticky folded on the River

Game Hand #2025435321 - Tournament #31183734 - Holdem (No Limit) - Level 16 (1750.00/3500.00)- 2024/02/12 20:02:29 UTC
Table '64' 8-max Seat #4 is the button
Seat 1: TomiLahrenLover (53800.00)
Seat 2: TheNit808 (66925.00)
Seat 3: va1 (46910.00)
Seat 4: Jmann99 (51798.00)
Seat 5: persianduck (87688.00)
Seat 6: dowggabrie471 (264026.00)
Seat 7: Possitive (79395.00)
Seat 8: lipesticky (88009.00)
TomiLahrenLover posts ante 450.00
TheNit808 posts ante 450.00
va1 posts ante 450.00
Jmann99 posts ante 450.00
persianduck posts ante 450.00
dowggabrie471 posts ante 450.00
Possitive posts ante 450.00
lipesticky posts ante 450.00
persianduck posts the small blind 1750.00
dowggabrie471 posts the big blind 3500.00
*** HOLE CARDS ***
Main pot 3600.00
Dealt to lipesticky [4h 5c]
Possitive folds
lipesticky folds
TomiLahrenLover raises 7000.00 to 7000.00
TheNit808 folds
va1 folds
Jmann99 folds
persianduck folds
dowggabrie471 folds
Uncalled bet (3500.00) returned to TomiLahrenLover
TomiLahrenLover does not show
*** SUMMARY ***
Total pot 12350.00
Seat 1: TomiLahrenLover did not show and won 12350.00
Seat 2: TheNit808 folded on the Pre-Flop and did not bet
Seat 3: va1 folded on the Pre-Flop and did not bet
Seat 4: Jmann99 (button) folded on the Pre-Flop
Seat 5: persianduck (small blind) folded on the Pre-Flop
Seat 6: dowggabrie471 (big blind) folded on the Pre-Flop
Seat 7: Possitive folded on the Pre-Flop and did not bet
Seat 8: lipesticky folded on the Pre-Flop and did not bet

