Game Hand #2025436465 - Tournament #31183734 - Holdem (No Limit) - Level 16 (1750.00/3500.00)- 2024/02/12 20:03:33 UTC
Table '64' 8-max Seat #5 is the button
Seat 1: TomiLahrenLover (62200.00)
Seat 2: TheNit808 (66475.00)
Seat 3: va1 (46460.00)
Seat 4: Jmann99 (51348.00)
Seat 5: persianduck (85488.00)
Seat 6: dowggabrie471 (260076.00)
Seat 7: Possitive (78945.00)
Seat 8: lipesticky (87559.00)
TomiLahrenLover posts ante 450.00
TheNit808 posts ante 450.00
va1 posts ante 450.00
Jmann99 posts ante 450.00
persianduck posts ante 450.00
dowggabrie471 posts ante 450.00
Possitive posts ante 450.00
lipesticky posts ante 450.00
dowggabrie471 posts the small blind 1750.00
Possitive posts the big blind 3500.00
*** HOLE CARDS ***
Main pot 3600.00
Dealt to lipesticky [4c Qc]
lipesticky folds
TomiLahrenLover folds
TheNit808 folds
va1 folds
Jmann99 folds
persianduck folds
dowggabrie471 raises 6650.00 to 8400.00
Possitive folds
Uncalled bet (4900.00) returned to dowggabrie471
dowggabrie471 does not show
*** SUMMARY ***
Total pot 10600.00
Seat 1: TomiLahrenLover folded on the Pre-Flop and did not bet
Seat 2: TheNit808 folded on the Pre-Flop and did not bet
Seat 3: va1 folded on the Pre-Flop and did not bet
Seat 4: Jmann99 folded on the Pre-Flop and did not bet
Seat 5: persianduck (button) folded on the Pre-Flop
Seat 6: dowggabrie471 did not show and won 10600.00
Seat 7: Possitive (big blind) folded on the Pre-Flop
Seat 8: lipesticky folded on the Pre-Flop and did not bet

Game Hand #2025438864 - Tournament #31183734 - Holdem (No Limit) - Level 17 (2000.00/4000.00)- 2024/02/12 20:05:36 UTC
Table '60' 8-max Seat #6 is the button
Seat 1: Mounta1nTop (313060.00)
Seat 2: lipesticky (87109.00)
Seat 3: ADAMAS1 (49450.00)
Seat 4: PostMaloneFaN (179392.00)
Seat 5: Mymomlied (41587.00)
Seat 6: FrogLicker (237659.00)
Seat 7: LauraSerban (44262.00)
Seat 8: Jetsies (32700.00)
Mounta1nTop posts ante 500.00
lipesticky posts ante 500.00
ADAMAS1 posts ante 500.00
PostMaloneFaN posts ante 500.00
Mymomlied posts ante 500.00
FrogLicker posts ante 500.00
LauraSerban posts ante 500.00
Jetsies posts ante 500.00
LauraSerban posts the small blind 2000.00
Jetsies posts the big blind 4000.00
*** HOLE CARDS ***
Main pot 4000.00
Dealt to lipesticky [5c 7s]
Mounta1nTop folds
lipesticky folds
ADAMAS1 folds
PostMaloneFaN folds
Mymomlied raises 41087.00 to 41087.00 and is all-in
FrogLicker calls 41087.00
LauraSerban raises 41762.00 to 43762.00 and is all-in
Jetsies folds
FrogLicker calls 2675.00
*** FLOP *** [3s Ah Qc]
Main pot 131261.00
Side pot(1) 5350.00
*** TURN *** [3s Ah Qc] [3d]
Main pot 131261.00
Side pot(1) 5350.00
*** RIVER *** [3s Ah Qc 3d] [3c]
Main pot 131261.00
Side pot(1) 5350.00
*** SHOW DOWN ***
Main pot 131261.00
Side pot(1) 5350.00
Mymomlied shows [5h 5s] (a full house, Threes full of Fives [3s 3d 3c 5s 5h])
FrogLicker shows [Jd Td] (three of a kind, Set of Threes [3s 3d 3c Ah Qc])
LauraSerban shows [Ks Qs] (a full house, Threes full of Queens [3s 3d 3c Qs Qc])
LauraSerban collected 131261.00 from main pot
LauraSerban collected 5350.00 from side pot-1
*** SUMMARY ***
Total pot 136611.00
Board [3s Ah Qc 3d 3c]
Seat 1: Mounta1nTop folded on the Pre-Flop and did not bet
Seat 2: lipesticky folded on the Pre-Flop and did not bet
Seat 3: ADAMAS1 folded on the Pre-Flop and did not bet
Seat 4: PostMaloneFaN folded on the Pre-Flop and did not bet
Seat 5: Mymomlied showed [5h 5s] and lost with a full house, Threes full of Fives [3s 3d 3c 5s 5h]
Seat 6: FrogLicker (button) showed [Jd Td] and lost with three of a kind, Set of Threes [3s 3d 3c Ah Qc]
Seat 7: LauraSerban (small blind) showed [Ks Qs] and won 136611.00 with a full house, Threes full of Queens [3s 3d 3c Qs Qc]
Seat 8: Jetsies (big blind) folded on the Pre-Flop

Game Hand #2025441085 - Tournament #31183734 - Holdem (No Limit) - Level 17 (2000.00/4000.00)- 2024/02/12 20:07:33 UTC
Table '60' 8-max Seat #7 is the button
Seat 1: Mounta1nTop (312560.00)
Seat 2: lipesticky (86609.00)
Seat 3: ADAMAS1 (48950.00)
Seat 4: PostMaloneFaN (178892.00) is sitting out
Seat 6: FrogLicker (193397.00)
Seat 7: LauraSerban (136611.00)
Seat 8: Jetsies (28200.00)
Mounta1nTop posts ante 500.00
lipesticky posts ante 500.00
ADAMAS1 posts ante 500.00
PostMaloneFaN posts ante 500.00
FrogLicker posts ante 500.00
LauraSerban posts ante 500.00
Jetsies posts ante 500.00
Jetsies posts the small blind 2000.00
Mounta1nTop posts the big blind 4000.00
*** HOLE CARDS ***
Main pot 3500.00
Dealt to lipesticky [Ac Kc]
lipesticky raises 8400.00 to 8400.00
ADAMAS1 folds
PostMaloneFaN folds
FrogLicker folds
LauraSerban folds
Jetsies folds
Mounta1nTop calls 4400.00
*** FLOP *** [Qc 3d Ts]
Main pot 22300.00
Mounta1nTop checks
lipesticky bets 5359.00
Mounta1nTop folds
Uncalled bet (5359.00) returned to lipesticky
lipesticky does not show
*** SUMMARY ***
Total pot 22300.00
Board [Qc 3d Ts]
Seat 1: Mounta1nTop (big blind) folded on the Flop
Seat 2: lipesticky did not show and won 22300.00
Seat 3: ADAMAS1 folded on the Pre-Flop and did not bet
Seat 4: PostMaloneFaN folded on the Pre-Flop and did not bet
Seat 6: FrogLicker folded on the Pre-Flop and did not bet
Seat 7: LauraSerban (button) folded on the Pre-Flop
Seat 8: Jetsies (small blind) folded on the Pre-Flop

Game Hand #2025442654 - Tournament #31183734 - Holdem (No Limit) - Level 17 (2000.00/4000.00)- 2024/02/12 20:08:53 UTC
Table '60' 8-max Seat #8 is the button
Seat 1: Mounta1nTop (303660.00)
Seat 2: lipesticky (100009.00)
Seat 3: ADAMAS1 (48450.00)
Seat 4: PostMaloneFaN (178392.00) is sitting out
Seat 5: va1 (49510.00)
Seat 6: FrogLicker (192897.00)
Seat 7: LauraSerban (136111.00)
Seat 8: Jetsies (25700.00)
Mounta1nTop posts ante 500.00
lipesticky posts ante 500.00
ADAMAS1 posts ante 500.00
PostMaloneFaN posts ante 500.00
va1 posts ante 500.00
FrogLicker posts ante 500.00
LauraSerban posts ante 500.00
Jetsies posts ante 500.00
Mounta1nTop posts the small blind 2000.00
lipesticky posts the big blind 4000.00
*** HOLE CARDS ***
Main pot 4000.00
Dealt to lipesticky [8d 5s]
ADAMAS1 folds
PostMaloneFaN folds
va1 raises 8000.00 to 8000.00
FrogLicker folds
LauraSerban folds
Jetsies raises 25200.00 to 25200.00 and is all-in
Mounta1nTop folds
lipesticky folds
va1 calls 17200.00
*** FLOP *** [9s 2s Ad]
Main pot 60400.00
*** TURN *** [9s 2s Ad] [Qh]
Main pot 60400.00
*** RIVER *** [9s 2s Ad Qh] [Kd]
Main pot 60400.00
*** SHOW DOWN ***
Main pot 60400.00
va1 shows [Ks As] (two pair, Aces and Kings [As Ad Ks Kd Qh])
Jetsies shows [4d 4s] (a pair of Fours [4s 4d Ad Kd Qh])
va1 collected 60400.00 from main pot
*** SUMMARY ***
Total pot 60400.00
Board [9s 2s Ad Qh Kd]
Seat 1: Mounta1nTop (small blind) folded on the Pre-Flop
Seat 2: lipesticky (big blind) folded on the Pre-Flop
Seat 3: ADAMAS1 folded on the Pre-Flop and did not bet
Seat 4: PostMaloneFaN folded on the Pre-Flop and did not bet
Seat 5: va1 showed [Ks As] and won 60400.00 with two pair, Aces and Kings [As Ad Ks Kd Qh]
Seat 6: FrogLicker folded on the Pre-Flop and did not bet
Seat 7: LauraSerban folded on the Pre-Flop and did not bet
Seat 8: Jetsies (button) showed [4d 4s] and lost with a pair of Fours [4s 4d Ad Kd Qh]

Game Hand #2025443876 - Tournament #31183734 - Holdem (No Limit) - Level 17 (2000.00/4000.00)- 2024/02/12 20:09:54 UTC
Table '60' 8-max Seat #1 is the button
Seat 1: Mounta1nTop (301160.00)
Seat 2: lipesticky (95509.00)
Seat 3: ADAMAS1 (47950.00)
Seat 4: PostMaloneFaN (177892.00)
Seat 5: va1 (84210.00)
Seat 6: FrogLicker (192397.00)
Seat 7: LauraSerban (135611.00)
Mounta1nTop posts ante 500.00
lipesticky posts ante 500.00
ADAMAS1 posts ante 500.00
PostMaloneFaN posts ante 500.00
va1 posts ante 500.00
FrogLicker posts ante 500.00
LauraSerban posts ante 500.00
lipesticky posts the small blind 2000.00
ADAMAS1 posts the big blind 4000.00
*** HOLE CARDS ***
Main pot 3500.00
Dealt to lipesticky [4d Ks]
PostMaloneFaN folds
va1 folds
FrogLicker folds
LauraSerban folds
Mounta1nTop folds
lipesticky raises 93009.00 to 95009.00 and is all-in
ADAMAS1 folds
Uncalled bet (91009.00) returned to lipesticky
lipesticky does not show
*** SUMMARY ***
Total pot 11500.00
Seat 1: Mounta1nTop (button) folded on the Pre-Flop
Seat 2: lipesticky did not show and won 11500.00
Seat 3: ADAMAS1 (big blind) folded on the Pre-Flop
Seat 4: PostMaloneFaN folded on the Pre-Flop and did not bet
Seat 5: va1 folded on the Pre-Flop and did not bet
Seat 6: FrogLicker folded on the Pre-Flop and did not bet
Seat 7: LauraSerban folded on the Pre-Flop and did not bet

Game Hand #2025444449 - Tournament #31183734 - Holdem (No Limit) - Level 17 (2000.00/4000.00)- 2024/02/12 20:10:24 UTC
Table '60' 8-max Seat #2 is the button
Seat 1: Mounta1nTop (300660.00)
Seat 2: lipesticky (102509.00)
Seat 3: ADAMAS1 (43450.00)
Seat 4: PostMaloneFaN (177392.00)
Seat 5: va1 (83710.00)
Seat 6: FrogLicker (191897.00)
Seat 7: LauraSerban (135111.00)
Mounta1nTop posts ante 500.00
lipesticky posts ante 500.00
ADAMAS1 posts ante 500.00
PostMaloneFaN posts ante 500.00
va1 posts ante 500.00
FrogLicker posts ante 500.00
LauraSerban posts ante 500.00
ADAMAS1 posts the small blind 2000.00
PostMaloneFaN posts the big blind 4000.00
*** HOLE CARDS ***
Main pot 3500.00
Dealt to lipesticky [Js Kc]
va1 raises 8000.00 to 8000.00
FrogLicker raises 20000.00 to 20000.00
LauraSerban folds
Mounta1nTop folds
lipesticky folds
ADAMAS1 folds
PostMaloneFaN folds
va1 folds
Uncalled bet (12000.00) returned to FrogLicker
FrogLicker does not show
*** SUMMARY ***
Total pot 25500.00
Seat 1: Mounta1nTop folded on the Pre-Flop and did not bet
Seat 2: lipesticky (button) folded on the Pre-Flop
Seat 3: ADAMAS1 (small blind) folded on the Pre-Flop
Seat 4: PostMaloneFaN (big blind) folded on the Pre-Flop
Seat 5: va1 folded on the Pre-Flop and did not bet
Seat 6: FrogLicker did not show and won 25500.00
Seat 7: LauraSerban folded on the Pre-Flop and did not bet

Game Hand #2025445145 - Tournament #31183734 - Holdem (No Limit) - Level 17 (2000.00/4000.00)- 2024/02/12 20:10:59 UTC
Table '60' 8-max Seat #3 is the button
Seat 1: Mounta1nTop (300160.00)
Seat 2: lipesticky (102009.00)
Seat 3: ADAMAS1 (40950.00)
Seat 4: PostMaloneFaN (172892.00)
Seat 5: va1 (75210.00)
Seat 6: FrogLicker (208897.00)
Seat 7: LauraSerban (134611.00)
Mounta1nTop posts ante 500.00
lipesticky posts ante 500.00
ADAMAS1 posts ante 500.00
PostMaloneFaN posts ante 500.00
va1 posts ante 500.00
FrogLicker posts ante 500.00
LauraSerban posts ante 500.00
PostMaloneFaN posts the small blind 2000.00
va1 posts the big blind 4000.00
*** HOLE CARDS ***
Main pot 3500.00
Dealt to lipesticky [Td 9h]
FrogLicker folds
LauraSerban calls 4000.00
Mounta1nTop folds
lipesticky folds
ADAMAS1 raises 40450.00 to 40450.00 and is all-in
PostMaloneFaN folds
va1 folds
LauraSerban folds
Uncalled bet (36450.00) returned to ADAMAS1
ADAMAS1 does not show
*** SUMMARY ***
Total pot 17500.00
Seat 1: Mounta1nTop folded on the Pre-Flop and did not bet
Seat 2: lipesticky folded on the Pre-Flop and did not bet
Seat 3: ADAMAS1 did not show and won 17500.00
Seat 4: PostMaloneFaN (small blind) folded on the Pre-Flop
Seat 5: va1 (big blind) folded on the Pre-Flop
Seat 6: FrogLicker folded on the Pre-Flop and did not bet
Seat 7: LauraSerban folded on the Pre-Flop and did not bet

Game Hand #2025446290 - Tournament #31183734 - Holdem (No Limit) - Level 17 (2000.00/4000.00)- 2024/02/12 20:11:58 UTC
Table '60' 8-max Seat #4 is the button
Seat 1: Mounta1nTop (299660.00)
Seat 2: lipesticky (101509.00)
Seat 3: ADAMAS1 (53950.00)
Seat 4: PostMaloneFaN (170392.00)
Seat 5: va1 (70710.00)
Seat 6: FrogLicker (208397.00)
Seat 7: LauraSerban (130111.00)
Seat 8: Courtnml (113432.00)
Mounta1nTop posts ante 500.00
lipesticky posts ante 500.00
ADAMAS1 posts ante 500.00
PostMaloneFaN posts ante 500.00
va1 posts ante 500.00
FrogLicker posts ante 500.00
LauraSerban posts ante 500.00
Courtnml posts ante 500.00
va1 posts the small blind 2000.00
FrogLicker posts the big blind 4000.00
*** HOLE CARDS ***
Main pot 4000.00
Dealt to lipesticky [2c 4h]
LauraSerban folds
Courtnml raises 11000.00 to 11000.00
Mounta1nTop folds
lipesticky folds
ADAMAS1 folds
PostMaloneFaN folds
va1 folds
FrogLicker folds
Uncalled bet (7000.00) returned to Courtnml
Courtnml does not show
*** SUMMARY ***
Total pot 14000.00
Seat 1: Mounta1nTop folded on the Pre-Flop and did not bet
Seat 2: lipesticky folded on the Pre-Flop and did not bet
Seat 3: ADAMAS1 folded on the Pre-Flop and did not bet
Seat 4: PostMaloneFaN (button) folded on the Pre-Flop
Seat 5: va1 (small blind) folded on the Pre-Flop
Seat 6: FrogLicker (big blind) folded on the Pre-Flop
Seat 7: LauraSerban folded on the Pre-Flop and did not bet
Seat 8: Courtnml did not show and won 14000.00

Game Hand #2025446777 - Tournament #31183734 - Holdem (No Limit) - Level 17 (2000.00/4000.00)- 2024/02/12 20:12:22 UTC
Table '60' 8-max Seat #5 is the button
Seat 1: Mounta1nTop (299160.00)
Seat 2: lipesticky (101009.00)
Seat 3: ADAMAS1 (53450.00)
Seat 4: PostMaloneFaN (169892.00)
Seat 5: va1 (68210.00)
Seat 6: FrogLicker (203897.00)
Seat 7: LauraSerban (129611.00)
Seat 8: Courtnml (122932.00)
Mounta1nTop posts ante 500.00
lipesticky posts ante 500.00
ADAMAS1 posts ante 500.00
PostMaloneFaN posts ante 500.00
va1 posts ante 500.00
FrogLicker posts ante 500.00
LauraSerban posts ante 500.00
Courtnml posts ante 500.00
FrogLicker posts the small blind 2000.00
LauraSerban posts the big blind 4000.00
*** HOLE CARDS ***
Main pot 4000.00
Dealt to lipesticky [4d Qc]
Courtnml folds
Mounta1nTop raises 8000.00 to 8000.00
lipesticky folds
ADAMAS1 folds
PostMaloneFaN folds
va1 folds
FrogLicker folds
LauraSerban calls 4000.00
*** FLOP *** [3s 5h 5c]
Main pot 22000.00
LauraSerban checks
Mounta1nTop bets 5500.00
LauraSerban calls 5500.00
*** TURN *** [3s 5h 5c] [Js]
Main pot 33000.00
LauraSerban checks
Mounta1nTop checks
*** RIVER *** [3s 5h 5c Js] [Tc]
Main pot 33000.00
LauraSerban checks
Mounta1nTop checks
*** SHOW DOWN ***
Main pot 33000.00
Mounta1nTop shows [Kc Qh] (a pair of Fives [5h 5c Kc Qh Js])
LauraSerban shows [Jh Kh] (two pair, Jacks and Fives [Js Jh 5h 5c Kh])
LauraSerban collected 33000.00 from main pot
*** SUMMARY ***
Total pot 33000.00
Board [3s 5h 5c Js Tc]
Seat 1: Mounta1nTop showed [Kc Qh] and lost with a pair of Fives [5h 5c Kc Qh Js]
Seat 2: lipesticky folded on the Pre-Flop and did not bet
Seat 3: ADAMAS1 folded on the Pre-Flop and did not bet
Seat 4: PostMaloneFaN folded on the Pre-Flop and did not bet
Seat 5: va1 (button) folded on the Pre-Flop
Seat 6: FrogLicker (small blind) folded on the Pre-Flop
Seat 7: LauraSerban (big blind) showed [Jh Kh] and won 33000.00 with two pair, Jacks and Fives [Js Jh 5h 5c Kh]
Seat 8: Courtnml folded on the Pre-Flop and did not bet

Game Hand #2025447973 - Tournament #31183734 - Holdem (No Limit) - Level 17 (2000.00/4000.00)- 2024/02/12 20:13:25 UTC
Table '60' 8-max Seat #6 is the button
Seat 1: Mounta1nTop (285160.00)
Seat 2: lipesticky (100509.00)
Seat 3: ADAMAS1 (52950.00)
Seat 4: PostMaloneFaN (169392.00)
Seat 5: va1 (67710.00)
Seat 6: FrogLicker (201397.00)
Seat 7: LauraSerban (148611.00)
Seat 8: Courtnml (122432.00)
Mounta1nTop posts ante 500.00
lipesticky posts ante 500.00
ADAMAS1 posts ante 500.00
PostMaloneFaN posts ante 500.00
va1 posts ante 500.00
FrogLicker posts ante 500.00
LauraSerban posts ante 500.00
Courtnml posts ante 500.00
LauraSerban posts the small blind 2000.00
Courtnml posts the big blind 4000.00
*** HOLE CARDS ***
Main pot 4000.00
Dealt to lipesticky [7s Jc]
Mounta1nTop folds
lipesticky folds
ADAMAS1 folds
PostMaloneFaN raises 8000.00 to 8000.00
va1 folds
FrogLicker folds
LauraSerban calls 6000.00
Courtnml calls 4000.00
*** FLOP *** [8h 3s Jh]
Main pot 28000.00
LauraSerban checks
Courtnml checks
PostMaloneFaN checks
*** TURN *** [8h 3s Jh] [Qh]
Main pot 28000.00
LauraSerban bets 14000.00
Courtnml calls 14000.00
PostMaloneFaN folds
*** RIVER *** [8h 3s Jh Qh] [Td]
Main pot 56000.00
LauraSerban checks
Courtnml bets 42000.00
LauraSerban folds
LauraSerban shows [3c Ac]
Uncalled bet (42000.00) returned to Courtnml
Courtnml shows [- 9h]
*** SUMMARY ***
Total pot 56000.00
Board [8h 3s Jh Qh Td]
Seat 1: Mounta1nTop folded on the Pre-Flop and did not bet
Seat 2: lipesticky folded on the Pre-Flop and did not bet
Seat 3: ADAMAS1 folded on the Pre-Flop and did not bet
Seat 4: PostMaloneFaN folded on the Turn
Seat 5: va1 folded on the Pre-Flop and did not bet
Seat 6: FrogLicker (button) folded on the Pre-Flop
Seat 7: LauraSerban (small blind) showed [3c Ac] and folded on the River
Seat 8: Courtnml (big blind) showed [- 9h] and won 56000.00

Game Hand #2025449718 - Tournament #31183734 - Holdem (No Limit) - Level 18 (2500.00/5000.00)- 2024/02/12 20:14:55 UTC
Table '60' 8-max Seat #7 is the button
Seat 1: Mounta1nTop (284660.00)
Seat 2: lipesticky (100009.00)
Seat 3: ADAMAS1 (52450.00)
Seat 4: PostMaloneFaN (160892.00)
Seat 5: va1 (67210.00)
Seat 6: FrogLicker (200897.00)
Seat 7: LauraSerban (126111.00)
Seat 8: Courtnml (155932.00)
Mounta1nTop posts ante 625.00
lipesticky posts ante 625.00
ADAMAS1 posts ante 625.00
PostMaloneFaN posts ante 625.00
va1 posts ante 625.00
FrogLicker posts ante 625.00
LauraSerban posts ante 625.00
Courtnml posts ante 625.00
Courtnml posts the small blind 2500.00
Mounta1nTop posts the big blind 5000.00
*** HOLE CARDS ***
Main pot 5000.00
Dealt to lipesticky [As 9c]
lipesticky folds
ADAMAS1 raises 51825.00 to 51825.00 and is all-in
PostMaloneFaN folds
va1 folds
FrogLicker folds
LauraSerban folds
Courtnml folds
Mounta1nTop folds
Uncalled bet (46825.00) returned to ADAMAS1
ADAMAS1 does not show
*** SUMMARY ***
Total pot 17500.00
Seat 1: Mounta1nTop (big blind) folded on the Pre-Flop
Seat 2: lipesticky folded on the Pre-Flop and did not bet
Seat 3: ADAMAS1 did not show and won 17500.00
Seat 4: PostMaloneFaN folded on the Pre-Flop and did not bet
Seat 5: va1 folded on the Pre-Flop and did not bet
Seat 6: FrogLicker folded on the Pre-Flop and did not bet
Seat 7: LauraSerban (button) folded on the Pre-Flop
Seat 8: Courtnml (small blind) folded on the Pre-Flop

Game Hand #2025450465 - Tournament #31183734 - Holdem (No Limit) - Level 18 (2500.00/5000.00)- 2024/02/12 20:15:34 UTC
Table '60' 8-max Seat #8 is the button
Seat 1: Mounta1nTop (279035.00)
Seat 2: lipesticky (99384.00)
Seat 3: ADAMAS1 (64325.00)
Seat 4: PostMaloneFaN (160267.00)
Seat 5: va1 (66585.00)
Seat 6: FrogLicker (200272.00)
Seat 7: LauraSerban (125486.00)
Seat 8: Courtnml (152807.00)
Mounta1nTop posts ante 625.00
lipesticky posts ante 625.00
ADAMAS1 posts ante 625.00
PostMaloneFaN posts ante 625.00
va1 posts ante 625.00
FrogLicker posts ante 625.00
LauraSerban posts ante 625.00
Courtnml posts ante 625.00
Mounta1nTop posts the small blind 2500.00
lipesticky posts the big blind 5000.00
*** HOLE CARDS ***
Main pot 5000.00
Dealt to lipesticky [6d 6s]
ADAMAS1 folds
PostMaloneFaN folds
va1 folds
FrogLicker folds
LauraSerban calls 5000.00
Courtnml calls 5000.00
Mounta1nTop calls 2500.00
lipesticky raises 93759.00 to 98759.00 and is all-in
LauraSerban folds
Courtnml folds
Mounta1nTop folds
Uncalled bet (93759.00) returned to lipesticky
lipesticky does not show
*** SUMMARY ***
Total pot 25000.00
Seat 1: Mounta1nTop (small blind) folded on the Pre-Flop
Seat 2: lipesticky did not show and won 25000.00
Seat 3: ADAMAS1 folded on the Pre-Flop and did not bet
Seat 4: PostMaloneFaN folded on the Pre-Flop and did not bet
Seat 5: va1 folded on the Pre-Flop and did not bet
Seat 6: FrogLicker folded on the Pre-Flop and did not bet
Seat 7: LauraSerban folded on the Pre-Flop and did not bet
Seat 8: Courtnml (button) folded on the Pre-Flop

Game Hand #2025451598 - Tournament #31183734 - Holdem (No Limit) - Level 18 (2500.00/5000.00)- 2024/02/12 20:16:32 UTC
Table '60' 8-max Seat #1 is the button
Seat 1: Mounta1nTop (273410.00)
Seat 2: lipesticky (118759.00)
Seat 3: ADAMAS1 (63700.00)
Seat 4: PostMaloneFaN (159642.00)
Seat 5: va1 (65960.00)
Seat 6: FrogLicker (199647.00)
Seat 7: LauraSerban (119861.00)
Seat 8: Courtnml (147182.00)
Mounta1nTop posts ante 625.00
lipesticky posts ante 625.00
ADAMAS1 posts ante 625.00
PostMaloneFaN posts ante 625.00
va1 posts ante 625.00
FrogLicker posts ante 625.00
LauraSerban posts ante 625.00
Courtnml posts ante 625.00
lipesticky posts the small blind 2500.00
ADAMAS1 posts the big blind 5000.00
*** HOLE CARDS ***
Main pot 5000.00
Dealt to lipesticky [6c Js]
PostMaloneFaN raises 10000.00 to 10000.00
va1 folds
FrogLicker folds
LauraSerban folds
Courtnml calls 10000.00
Mounta1nTop folds
lipesticky folds
ADAMAS1 calls 5000.00
*** FLOP *** [Td Ah Ad]
Main pot 37500.00
ADAMAS1 checks
PostMaloneFaN checks
Courtnml bets 9375.00
ADAMAS1 folds
PostMaloneFaN calls 9375.00
*** TURN *** [Td Ah Ad] [Th]
Main pot 56250.00
PostMaloneFaN checks
Courtnml bets 28125.00
PostMaloneFaN calls 28125.00
*** RIVER *** [Td Ah Ad Th] [8d]
Main pot 112500.00
PostMaloneFaN checks
Courtnml bets 56250.00
PostMaloneFaN folds
Uncalled bet (56250.00) returned to Courtnml
Courtnml shows [As -]
*** SUMMARY ***
Total pot 112500.00
Board [Td Ah Ad Th 8d]
Seat 1: Mounta1nTop (button) folded on the Pre-Flop
Seat 2: lipesticky (small blind) folded on the Pre-Flop
Seat 3: ADAMAS1 (big blind) folded on the Flop
Seat 4: PostMaloneFaN folded on the River
Seat 5: va1 folded on the Pre-Flop and did not bet
Seat 6: FrogLicker folded on the Pre-Flop and did not bet
Seat 7: LauraSerban folded on the Pre-Flop and did not bet
Seat 8: Courtnml showed [As -] and won 112500.00

Game Hand #2025453725 - Tournament #31183734 - Holdem (No Limit) - Level 18 (2500.00/5000.00)- 2024/02/12 20:18:23 UTC
Table '60' 8-max Seat #2 is the button
Seat 1: Mounta1nTop (272785.00)
Seat 2: lipesticky (115634.00)
Seat 3: ADAMAS1 (53075.00)
Seat 4: PostMaloneFaN (111517.00)
Seat 5: va1 (65335.00)
Seat 6: FrogLicker (199022.00)
Seat 7: LauraSerban (119236.00)
Seat 8: Courtnml (211557.00)
Mounta1nTop posts ante 625.00
lipesticky posts ante 625.00
ADAMAS1 posts ante 625.00
PostMaloneFaN posts ante 625.00
va1 posts ante 625.00
FrogLicker posts ante 625.00
LauraSerban posts ante 625.00
Courtnml posts ante 625.00
ADAMAS1 posts the small blind 2500.00
PostMaloneFaN posts the big blind 5000.00
*** HOLE CARDS ***
Main pot 5000.00
Dealt to lipesticky [Js 9h]
va1 folds
FrogLicker folds
LauraSerban raises 10000.00 to 10000.00
Courtnml calls 10000.00
Mounta1nTop folds
lipesticky folds
ADAMAS1 raises 49950.00 to 52450.00 and is all-in
PostMaloneFaN folds
LauraSerban folds
Courtnml calls 42450.00
*** FLOP *** [8s 2d As]
Main pot 124900.00
*** TURN *** [8s 2d As] [Jh]
Main pot 124900.00
*** RIVER *** [8s 2d As Jh] [Ah]
Main pot 124900.00
*** SHOW DOWN ***
Main pot 124900.00
ADAMAS1 shows [Ad Qc] (three of a kind, Set of Aces [As Ah Ad Qc Jh])
Courtnml shows [Qh Tc] (a pair of Aces [As Ah Qh Jh Tc])
ADAMAS1 collected 124900.00 from main pot
*** SUMMARY ***
Total pot 124900.00
Board [8s 2d As Jh Ah]
Seat 1: Mounta1nTop folded on the Pre-Flop and did not bet
Seat 2: lipesticky (button) folded on the Pre-Flop
Seat 3: ADAMAS1 (small blind) showed [Ad Qc] and won 124900.00 with three of a kind, Set of Aces [As Ah Ad Qc Jh]
Seat 4: PostMaloneFaN (big blind) folded on the Pre-Flop
Seat 5: va1 folded on the Pre-Flop and did not bet
Seat 6: FrogLicker folded on the Pre-Flop and did not bet
Seat 7: LauraSerban folded on the Pre-Flop and did not bet
Seat 8: Courtnml showed [Qh Tc] and lost with a pair of Aces [As Ah Qh Jh Tc]

Game Hand #2025455213 - Tournament #31183734 - Holdem (No Limit) - Level 18 (2500.00/5000.00)- 2024/02/12 20:19:40 UTC
Table '60' 8-max Seat #3 is the button
Seat 1: Mounta1nTop (272160.00)
Seat 2: lipesticky (115009.00)
Seat 3: ADAMAS1 (124900.00)
Seat 4: PostMaloneFaN (105892.00)
Seat 5: va1 (64710.00)
Seat 6: FrogLicker (198397.00)
Seat 7: LauraSerban (108611.00)
Seat 8: Courtnml (158482.00)
Mounta1nTop posts ante 625.00
lipesticky posts ante 625.00
ADAMAS1 posts ante 625.00
PostMaloneFaN posts ante 625.00
va1 posts ante 625.00
FrogLicker posts ante 625.00
LauraSerban posts ante 625.00
Courtnml posts ante 625.00
PostMaloneFaN posts the small blind 2500.00
va1 posts the big blind 5000.00
*** HOLE CARDS ***
Main pot 5000.00
Dealt to lipesticky [Th 9c]
FrogLicker raises 11000.00 to 11000.00
LauraSerban calls 11000.00
Courtnml folds
Mounta1nTop folds
lipesticky folds
ADAMAS1 folds
PostMaloneFaN folds
va1 folds
*** FLOP *** [4s Tc 4h]
Main pot 34500.00
FrogLicker checks
LauraSerban bets 17250.00
FrogLicker raises 46830.00 to 46830.00
LauraSerban calls 29580.00
*** TURN *** [4s Tc 4h] [2c]
Main pot 128160.00
FrogLicker bets 66643.00
LauraSerban calls 50156.00 and is all-in
Uncalled bet (16487.00) returned to FrogLicker
*** RIVER *** [4s Tc 4h 2c] [8s]
Main pot 228472.00
*** SHOW DOWN ***
Main pot 228472.00
FrogLicker shows [Ks Kc] (two pair, Kings and Fours [Ks Kc 4s 4h Tc])
LauraSerban shows [2s 2d] (a full house, Deuces full of Fours [2s 2d 2c 4s 4h])
LauraSerban collected 228472.00 from main pot
*** SUMMARY ***
Total pot 228472.00
Board [4s Tc 4h 2c 8s]
Seat 1: Mounta1nTop folded on the Pre-Flop and did not bet
Seat 2: lipesticky folded on the Pre-Flop and did not bet
Seat 3: ADAMAS1 (button) folded on the Pre-Flop
Seat 4: PostMaloneFaN (small blind) folded on the Pre-Flop
Seat 5: va1 (big blind) folded on the Pre-Flop
Seat 6: FrogLicker showed [Ks Kc] and lost with two pair, Kings and Fours [Ks Kc 4s 4h Tc]
Seat 7: LauraSerban showed [2s 2d] and won 228472.00 with a full house, Deuces full of Fours [2s 2d 2c 4s 4h]
Seat 8: Courtnml folded on the Pre-Flop and did not bet

Game Hand #2025456710 - Tournament #31183734 - Holdem (No Limit) - Level 18 (2500.00/5000.00)- 2024/02/12 20:20:59 UTC
Table '60' 8-max Seat #4 is the button
Seat 1: Mounta1nTop (271535.00)
Seat 2: lipesticky (114384.00)
Seat 3: ADAMAS1 (124275.00)
Seat 4: PostMaloneFaN (102767.00)
Seat 5: va1 (59085.00)
Seat 6: FrogLicker (89786.00)
Seat 7: LauraSerban (228472.00)
Seat 8: Courtnml (157857.00)
Mounta1nTop posts ante 625.00
lipesticky posts ante 625.00
ADAMAS1 posts ante 625.00
PostMaloneFaN posts ante 625.00
va1 posts ante 625.00
FrogLicker posts ante 625.00
LauraSerban posts ante 625.00
Courtnml posts ante 625.00
va1 posts the small blind 2500.00
FrogLicker posts the big blind 5000.00
*** HOLE CARDS ***
Main pot 5000.00
Dealt to lipesticky [2s 6d]
LauraSerban folds
Courtnml raises 10000.00 to 10000.00
Mounta1nTop folds
lipesticky folds
ADAMAS1 folds
PostMaloneFaN folds
va1 folds
FrogLicker calls 5000.00
*** FLOP *** [Js Ts Ac]
Main pot 27500.00
FrogLicker checks
Courtnml bets 13750.00
FrogLicker folds
Uncalled bet (13750.00) returned to Courtnml
Courtnml does not show
*** SUMMARY ***
Total pot 27500.00
Board [Js Ts Ac]
Seat 1: Mounta1nTop folded on the Pre-Flop and did not bet
Seat 2: lipesticky folded on the Pre-Flop and did not bet
Seat 3: ADAMAS1 folded on the Pre-Flop and did not bet
Seat 4: PostMaloneFaN (button) folded on the Pre-Flop
Seat 5: va1 (small blind) folded on the Pre-Flop
Seat 6: FrogLicker (big blind) folded on the Flop
Seat 7: LauraSerban folded on the Pre-Flop and did not bet
Seat 8: Courtnml did not show and won 27500.00

Game Hand #2025457964 - Tournament #31183734 - Holdem (No Limit) - Level 18 (2500.00/5000.00)- 2024/02/12 20:22:03 UTC
Table '60' 8-max Seat #5 is the button
Seat 1: Mounta1nTop (270910.00)
Seat 2: lipesticky (113759.00)
Seat 3: ADAMAS1 (123650.00)
Seat 4: PostMaloneFaN (102142.00)
Seat 5: va1 (55960.00)
Seat 6: FrogLicker (79161.00)
Seat 7: LauraSerban (227847.00)
Seat 8: Courtnml (174732.00)
Mounta1nTop posts ante 625.00
lipesticky posts ante 625.00
ADAMAS1 posts ante 625.00
PostMaloneFaN posts ante 625.00
va1 posts ante 625.00
FrogLicker posts ante 625.00
LauraSerban posts ante 625.00
Courtnml posts ante 625.00
FrogLicker posts the small blind 2500.00
LauraSerban posts the big blind 5000.00
*** HOLE CARDS ***
Main pot 5000.00
Dealt to lipesticky [2h 9h]
Courtnml folds
Mounta1nTop folds
lipesticky folds
ADAMAS1 folds
PostMaloneFaN raises 10000.00 to 10000.00
va1 folds
FrogLicker folds
LauraSerban calls 5000.00
*** FLOP *** [5d 5s Ad]
Main pot 27500.00
LauraSerban checks
PostMaloneFaN bets 11250.00
LauraSerban calls 11250.00
*** TURN *** [5d 5s Ad] [7h]
Main pot 50000.00
LauraSerban bets 25000.00
PostMaloneFaN calls 25000.00
*** RIVER *** [5d 5s Ad 7h] [Kd]
Main pot 100000.00
LauraSerban bets 27500.00
PostMaloneFaN raises 55267.00 to 55267.00 and is all-in
LauraSerban folds
Uncalled bet (27767.00) returned to PostMaloneFaN
PostMaloneFaN does not show
*** SUMMARY ***
Total pot 155000.00
Board [5d 5s Ad 7h Kd]
Seat 1: Mounta1nTop folded on the Pre-Flop and did not bet
Seat 2: lipesticky folded on the Pre-Flop and did not bet
Seat 3: ADAMAS1 folded on the Pre-Flop and did not bet
Seat 4: PostMaloneFaN did not show and won 155000.00
Seat 5: va1 (button) folded on the Pre-Flop
Seat 6: FrogLicker (small blind) folded on the Pre-Flop
Seat 7: LauraSerban (big blind) folded on the River
Seat 8: Courtnml folded on the Pre-Flop and did not bet

Game Hand #2025459638 - Tournament #31183734 - Holdem (No Limit) - Level 18 (2500.00/5000.00)- 2024/02/12 20:23:32 UTC
Table '60' 8-max Seat #6 is the button
Seat 1: Mounta1nTop (270285.00)
Seat 2: lipesticky (113134.00)
Seat 3: ADAMAS1 (123025.00)
Seat 4: PostMaloneFaN (182767.00)
Seat 5: va1 (55335.00)
Seat 6: FrogLicker (76036.00)
Seat 7: LauraSerban (153472.00)
Seat 8: Courtnml (174107.00)
Mounta1nTop posts ante 625.00
lipesticky posts ante 625.00
ADAMAS1 posts ante 625.00
PostMaloneFaN posts ante 625.00
va1 posts ante 625.00
FrogLicker posts ante 625.00
LauraSerban posts ante 625.00
Courtnml posts ante 625.00
LauraSerban posts the small blind 2500.00
Courtnml posts the big blind 5000.00
*** HOLE CARDS ***
Main pot 5000.00
Dealt to lipesticky [7c 8h]
Mounta1nTop raises 10000.00 to 10000.00
lipesticky folds
ADAMAS1 folds
PostMaloneFaN folds
va1 folds
FrogLicker folds
LauraSerban folds
Courtnml calls 5000.00
*** FLOP *** [7s 6h 3s]
Main pot 27500.00
Courtnml bets 13750.00
Mounta1nTop folds
Uncalled bet (13750.00) returned to Courtnml
Courtnml does not show
*** SUMMARY ***
Total pot 27500.00
Board [7s 6h 3s]
Seat 1: Mounta1nTop folded on the Flop
Seat 2: lipesticky folded on the Pre-Flop and did not bet
Seat 3: ADAMAS1 folded on the Pre-Flop and did not bet
Seat 4: PostMaloneFaN folded on the Pre-Flop and did not bet
Seat 5: va1 folded on the Pre-Flop and did not bet
Seat 6: FrogLicker (button) folded on the Pre-Flop
Seat 7: LauraSerban (small blind) folded on the Pre-Flop
Seat 8: Courtnml did not show and won 27500.00

Game Hand #2025460718 - Tournament #31183734 - Holdem (No Limit) - Level 19 (3000.00/6000.00)- 2024/02/12 20:24:29 UTC
Table '60' 8-max Seat #7 is the button
Seat 1: Mounta1nTop (259660.00)
Seat 2: lipesticky (112509.00)
Seat 3: ADAMAS1 (122400.00)
Seat 4: PostMaloneFaN (182142.00)
Seat 5: va1 (54710.00)
Seat 6: FrogLicker (75411.00)
Seat 7: LauraSerban (150347.00)
Seat 8: Courtnml (190982.00)
Mounta1nTop posts ante 750.00
lipesticky posts ante 750.00
ADAMAS1 posts ante 750.00
PostMaloneFaN posts ante 750.00
va1 posts ante 750.00
FrogLicker posts ante 750.00
LauraSerban posts ante 750.00
Courtnml posts ante 750.00
Courtnml posts the small blind 3000.00
Mounta1nTop posts the big blind 6000.00
*** HOLE CARDS ***
Main pot 6000.00
Dealt to lipesticky [8h 7s]
lipesticky folds
ADAMAS1 raises 13200.00 to 13200.00
PostMaloneFaN folds
va1 folds
FrogLicker folds
LauraSerban calls 13200.00
Courtnml folds
Mounta1nTop calls 7200.00
*** FLOP *** [9h 5c Th]
Main pot 48600.00
Mounta1nTop checks
ADAMAS1 bets 16038.00
LauraSerban folds
Mounta1nTop folds
Uncalled bet (16038.00) returned to ADAMAS1
ADAMAS1 does not show
*** SUMMARY ***
Total pot 48600.00
Board [9h 5c Th]
Seat 1: Mounta1nTop (big blind) folded on the Flop
Seat 2: lipesticky folded on the Pre-Flop and did not bet
Seat 3: ADAMAS1 did not show and won 48600.00
Seat 4: PostMaloneFaN folded on the Pre-Flop and did not bet
Seat 5: va1 folded on the Pre-Flop and did not bet
Seat 6: FrogLicker folded on the Pre-Flop and did not bet
Seat 7: LauraSerban (button) folded on the Flop
Seat 8: Courtnml (small blind) folded on the Pre-Flop

Game Hand #2025461712 - Tournament #31183734 - Holdem (No Limit) - Level 19 (3000.00/6000.00)- 2024/02/12 20:25:22 UTC
Table '60' 8-max Seat #8 is the button
Seat 1: Mounta1nTop (245710.00)
Seat 2: lipesticky (111759.00)
Seat 3: ADAMAS1 (157050.00)
Seat 4: PostMaloneFaN (181392.00)
Seat 5: va1 (53960.00)
Seat 6: FrogLicker (74661.00)
Seat 7: LauraSerban (136397.00)
Seat 8: Courtnml (187232.00)
Mounta1nTop posts ante 750.00
lipesticky posts ante 750.00
ADAMAS1 posts ante 750.00
PostMaloneFaN posts ante 750.00
va1 posts ante 750.00
FrogLicker posts ante 750.00
LauraSerban posts ante 750.00
Courtnml posts ante 750.00
Mounta1nTop posts the small blind 3000.00
lipesticky posts the big blind 6000.00
*** HOLE CARDS ***
Main pot 6000.00
Dealt to lipesticky [3c 2c]
ADAMAS1 folds
PostMaloneFaN folds
va1 folds
FrogLicker folds
LauraSerban folds
Courtnml folds
Mounta1nTop raises 15000.00 to 18000.00
lipesticky calls 12000.00
*** FLOP *** [Qc 4d Ah]
Main pot 42000.00
Mounta1nTop bets 10500.00
lipesticky calls 10500.00
*** TURN *** [Qc 4d Ah] [Ad]
Main pot 63000.00
Mounta1nTop checks
lipesticky checks
*** RIVER *** [Qc 4d Ah Ad] [8h]
Main pot 63000.00
Mounta1nTop bets 20790.00
lipesticky folds
Uncalled bet (20790.00) returned to Mounta1nTop
Mounta1nTop does not show
*** SUMMARY ***
Total pot 63000.00
Board [Qc 4d Ah Ad 8h]
Seat 1: Mounta1nTop did not show and won 63000.00
Seat 2: lipesticky (big blind) folded on the River
Seat 3: ADAMAS1 folded on the Pre-Flop and did not bet
Seat 4: PostMaloneFaN folded on the Pre-Flop and did not bet
Seat 5: va1 folded on the Pre-Flop and did not bet
Seat 6: FrogLicker folded on the Pre-Flop and did not bet
Seat 7: LauraSerban folded on the Pre-Flop and did not bet
Seat 8: Courtnml (button) folded on the Pre-Flop

Game Hand #2025463593 - Tournament #31183734 - Holdem (No Limit) - Level 19 (3000.00/6000.00)- 2024/02/12 20:27:00 UTC
Table '60' 8-max Seat #1 is the button
Seat 1: Mounta1nTop (279460.00)
Seat 2: lipesticky (82509.00)
Seat 3: ADAMAS1 (156300.00)
Seat 4: PostMaloneFaN (180642.00)
Seat 5: va1 (53210.00)
Seat 6: FrogLicker (73911.00)
Seat 7: LauraSerban (135647.00)
Seat 8: Courtnml (186482.00)
Mounta1nTop posts ante 750.00
lipesticky posts ante 750.00
ADAMAS1 posts ante 750.00
PostMaloneFaN posts ante 750.00
va1 posts ante 750.00
FrogLicker posts ante 750.00
LauraSerban posts ante 750.00
Courtnml posts ante 750.00
lipesticky posts the small blind 3000.00
ADAMAS1 posts the big blind 6000.00
*** HOLE CARDS ***
Main pot 6000.00
Dealt to lipesticky [3h 9c]
PostMaloneFaN folds
va1 folds
FrogLicker folds
LauraSerban folds
Courtnml folds
Mounta1nTop raises 12000.00 to 12000.00
lipesticky folds
ADAMAS1 raises 24000.00 to 30000.00
Mounta1nTop folds
Uncalled bet (18000.00) returned to ADAMAS1
ADAMAS1 does not show
*** SUMMARY ***
Total pot 33000.00
Seat 1: Mounta1nTop (button) folded on the Pre-Flop
Seat 2: lipesticky (small blind) folded on the Pre-Flop
Seat 3: ADAMAS1 did not show and won 33000.00
Seat 4: PostMaloneFaN folded on the Pre-Flop and did not bet
Seat 5: va1 folded on the Pre-Flop and did not bet
Seat 6: FrogLicker folded on the Pre-Flop and did not bet
Seat 7: LauraSerban folded on the Pre-Flop and did not bet
Seat 8: Courtnml folded on the Pre-Flop and did not bet

Game Hand #2025464355 - Tournament #31183734 - Holdem (No Limit) - Level 19 (3000.00/6000.00)- 2024/02/12 20:27:40 UTC
Table '60' 8-max Seat #2 is the button
Seat 1: Mounta1nTop (266710.00)
Seat 2: lipesticky (78759.00)
Seat 3: ADAMAS1 (176550.00)
Seat 4: PostMaloneFaN (179892.00)
Seat 5: va1 (52460.00)
Seat 6: FrogLicker (73161.00)
Seat 7: LauraSerban (134897.00)
Seat 8: Courtnml (185732.00)
Mounta1nTop posts ante 750.00
lipesticky posts ante 750.00
ADAMAS1 posts ante 750.00
PostMaloneFaN posts ante 750.00
va1 posts ante 750.00
FrogLicker posts ante 750.00
LauraSerban posts ante 750.00
Courtnml posts ante 750.00
ADAMAS1 posts the small blind 3000.00
PostMaloneFaN posts the big blind 6000.00
*** HOLE CARDS ***
Main pot 6000.00
Dealt to lipesticky [Ah 6s]
va1 folds
FrogLicker folds
LauraSerban folds
Courtnml folds
Mounta1nTop raises 12000.00 to 12000.00
lipesticky raises 30000.00 to 30000.00
ADAMAS1 folds
PostMaloneFaN folds
Mounta1nTop folds
Uncalled bet (18000.00) returned to lipesticky
lipesticky does not show
*** SUMMARY ***
Total pot 39000.00
Seat 1: Mounta1nTop folded on the Pre-Flop and did not bet
Seat 2: lipesticky did not show and won 39000.00
Seat 3: ADAMAS1 (small blind) folded on the Pre-Flop
Seat 4: PostMaloneFaN (big blind) folded on the Pre-Flop
Seat 5: va1 folded on the Pre-Flop and did not bet
Seat 6: FrogLicker folded on the Pre-Flop and did not bet
Seat 7: LauraSerban folded on the Pre-Flop and did not bet
Seat 8: Courtnml folded on the Pre-Flop and did not bet

Game Hand #2025465934 - Tournament #31183734 - Holdem (No Limit) - Level 19 (3000.00/6000.00)- 2024/02/12 20:29:06 UTC
Table '60' 8-max Seat #3 is the button
Seat 1: Mounta1nTop (253960.00)
Seat 2: lipesticky (105009.00)
Seat 3: ADAMAS1 (172800.00)
Seat 4: PostMaloneFaN (173142.00)
Seat 5: va1 (51710.00)
Seat 6: FrogLicker (72411.00)
Seat 7: LauraSerban (134147.00)
Seat 8: Courtnml (184982.00)
Mounta1nTop posts ante 750.00
lipesticky posts ante 750.00
ADAMAS1 posts ante 750.00
PostMaloneFaN posts ante 750.00
va1 posts ante 750.00
FrogLicker posts ante 750.00
LauraSerban posts ante 750.00
Courtnml posts ante 750.00
PostMaloneFaN posts the small blind 3000.00
va1 posts the big blind 6000.00
*** HOLE CARDS ***
Main pot 6000.00
Dealt to lipesticky [4d 8d]
FrogLicker folds
LauraSerban folds
Courtnml raises 12000.00 to 12000.00
Mounta1nTop calls 12000.00
lipesticky folds
ADAMAS1 calls 12000.00
PostMaloneFaN folds
va1 calls 6000.00
*** FLOP *** [9c 3d 6d]
Main pot 57000.00
va1 bets 38960.00 and is all-in
Courtnml raises 77920.00 to 77920.00
Mounta1nTop folds
ADAMAS1 folds
Uncalled bet (38960.00) returned to Courtnml
*** TURN *** [9c 3d 6d] [8c]
Main pot 134920.00
*** RIVER *** [9c 3d 6d 8c] [As]
Main pot 134920.00
*** SHOW DOWN ***
Main pot 134920.00
va1 shows [Ad 9h] (two pair, Aces and Nines [As Ad 9h 9c 8c])
Courtnml shows [Kc Ks] (a pair of Kings [Ks Kc As 9c 8c])
va1 collected 134920.00 from main pot
*** SUMMARY ***
Total pot 134920.00
Board [9c 3d 6d 8c As]
Seat 1: Mounta1nTop folded on the Flop
Seat 2: lipesticky folded on the Pre-Flop and did not bet
Seat 3: ADAMAS1 (button) folded on the Flop
Seat 4: PostMaloneFaN (small blind) folded on the Pre-Flop
Seat 5: va1 (big blind) showed [Ad 9h] and won 134920.00 with two pair, Aces and Nines [As Ad 9h 9c 8c]
Seat 6: FrogLicker folded on the Pre-Flop and did not bet
Seat 7: LauraSerban folded on the Pre-Flop and did not bet
Seat 8: Courtnml showed [Kc Ks] and lost with a pair of Kings [Ks Kc As 9c 8c]

Game Hand #2025467132 - Tournament #31183734 - Holdem (No Limit) - Level 19 (3000.00/6000.00)- 2024/02/12 20:30:10 UTC
Table '60' 8-max Seat #4 is the button
Seat 1: Mounta1nTop (241210.00)
Seat 2: lipesticky (104259.00)
Seat 3: ADAMAS1 (160050.00)
Seat 4: PostMaloneFaN (169392.00)
Seat 5: va1 (134920.00)
Seat 6: FrogLicker (71661.00)
Seat 7: LauraSerban (133397.00)
Seat 8: Courtnml (133272.00)
Mounta1nTop posts ante 750.00
lipesticky posts ante 750.00
ADAMAS1 posts ante 750.00
PostMaloneFaN posts ante 750.00
va1 posts ante 750.00
FrogLicker posts ante 750.00
LauraSerban posts ante 750.00
Courtnml posts ante 750.00
va1 posts the small blind 3000.00
FrogLicker posts the big blind 6000.00
*** HOLE CARDS ***
Main pot 6000.00
Dealt to lipesticky [5s 8h]
LauraSerban folds
Courtnml folds
Mounta1nTop folds
lipesticky folds
ADAMAS1 folds
PostMaloneFaN raises 12000.00 to 12000.00
va1 raises 131170.00 to 134170.00 and is all-in
FrogLicker folds
PostMaloneFaN calls 122170.00
*** FLOP *** [7s 5d 8d]
Main pot 280340.00
*** TURN *** [7s 5d 8d] [6h]
Main pot 280340.00
*** RIVER *** [7s 5d 8d 6h] [3d]
Main pot 280340.00
*** SHOW DOWN ***
Main pot 280340.00
PostMaloneFaN shows [Jd Jc] (a pair of Jacks [Jd Jc 8d 7s 6h])
va1 shows [Ac Tc] (a high card, Ace high [Ac Tc 8d 7s 6h])
PostMaloneFaN collected 280340.00 from main pot
*** SUMMARY ***
Total pot 280340.00
Board [7s 5d 8d 6h 3d]
Seat 1: Mounta1nTop folded on the Pre-Flop and did not bet
Seat 2: lipesticky folded on the Pre-Flop and did not bet
Seat 3: ADAMAS1 folded on the Pre-Flop and did not bet
Seat 4: PostMaloneFaN (button) showed [Jd Jc] and won 280340.00 with a pair of Jacks [Jd Jc 8d 7s 6h]
Seat 5: va1 (small blind) showed [Ac Tc] and lost with a high card, Ace high [Ac Tc 8d 7s 6h]
Seat 6: FrogLicker (big blind) folded on the Pre-Flop
Seat 7: LauraSerban folded on the Pre-Flop and did not bet
Seat 8: Courtnml folded on the Pre-Flop and did not bet

Game Hand #2025468893 - Tournament #31183734 - Holdem (No Limit) - Level 19 (3000.00/6000.00)- 2024/02/12 20:31:36 UTC
Table '60' 8-max Seat #5 is the button
Seat 1: Mounta1nTop (240460.00)
Seat 2: lipesticky (103509.00)
Seat 3: ADAMAS1 (159300.00)
Seat 4: PostMaloneFaN (314812.00)
Seat 6: FrogLicker (64911.00)
Seat 7: LauraSerban (132647.00)
Seat 8: Courtnml (132522.00)
Mounta1nTop posts ante 750.00
lipesticky posts ante 750.00
ADAMAS1 posts ante 750.00
PostMaloneFaN posts ante 750.00
FrogLicker posts ante 750.00
LauraSerban posts ante 750.00
Courtnml posts ante 750.00
FrogLicker posts the small blind 3000.00
LauraSerban posts the big blind 6000.00
*** HOLE CARDS ***
Main pot 5250.00
Dealt to lipesticky [Ac Ah]
Courtnml folds
Mounta1nTop folds
lipesticky raises 12600.00 to 12600.00
ADAMAS1 folds
PostMaloneFaN folds
FrogLicker folds
LauraSerban calls 6600.00
*** FLOP *** [Qc Qd Js]
Main pot 33450.00
LauraSerban checks
lipesticky bets 8039.00
LauraSerban folds
Uncalled bet (8039.00) returned to lipesticky
lipesticky does not show
*** SUMMARY ***
Total pot 33450.00
Board [Qc Qd Js]
Seat 1: Mounta1nTop folded on the Pre-Flop and did not bet
Seat 2: lipesticky did not show and won 33450.00
Seat 3: ADAMAS1 folded on the Pre-Flop and did not bet
Seat 4: PostMaloneFaN folded on the Pre-Flop and did not bet
Seat 6: FrogLicker (small blind) folded on the Pre-Flop
Seat 7: LauraSerban (big blind) folded on the Flop
Seat 8: Courtnml folded on the Pre-Flop and did not bet

Game Hand #2025470086 - Tournament #31183734 - Holdem (No Limit) - Level 19 (3000.00/6000.00)- 2024/02/12 20:32:32 UTC
Table '60' 8-max Seat #6 is the button
Seat 1: Mounta1nTop (239710.00)
Seat 2: lipesticky (123609.00)
Seat 3: ADAMAS1 (158550.00)
Seat 4: PostMaloneFaN (314062.00)
Seat 5: gginim (257083.00)
Seat 6: FrogLicker (61161.00)
Seat 7: LauraSerban (119297.00)
Seat 8: Courtnml (131772.00)
Mounta1nTop posts ante 750.00
lipesticky posts ante 750.00
ADAMAS1 posts ante 750.00
PostMaloneFaN posts ante 750.00
gginim posts ante 750.00
FrogLicker posts ante 750.00
LauraSerban posts ante 750.00
Courtnml posts ante 750.00
LauraSerban posts the small blind 3000.00
Courtnml posts the big blind 6000.00
*** HOLE CARDS ***
Main pot 6000.00
Dealt to lipesticky [4d 3c]
Mounta1nTop folds
lipesticky folds
ADAMAS1 raises 13200.00 to 13200.00
PostMaloneFaN folds
gginim folds
FrogLicker folds
LauraSerban calls 10200.00
Courtnml folds
*** FLOP *** [Ah 2d Ts]
Main pot 38400.00
LauraSerban checks
ADAMAS1 bets 12672.00
LauraSerban calls 12672.00
*** TURN *** [Ah 2d Ts] [3d]
Main pot 63744.00
LauraSerban checks
ADAMAS1 bets 21036.00
LauraSerban folds
LauraSerban shows [Jc Qs]
Uncalled bet (21036.00) returned to ADAMAS1
ADAMAS1 does not show
*** SUMMARY ***
Total pot 63744.00
Board [Ah 2d Ts 3d]
Seat 1: Mounta1nTop folded on the Pre-Flop and did not bet
Seat 2: lipesticky folded on the Pre-Flop and did not bet
Seat 3: ADAMAS1 did not show and won 63744.00
Seat 4: PostMaloneFaN folded on the Pre-Flop and did not bet
Seat 5: gginim folded on the Pre-Flop and did not bet
Seat 6: FrogLicker (button) folded on the Pre-Flop
Seat 7: LauraSerban (small blind) showed [Jc Qs] and folded on the Turn
Seat 8: Courtnml (big blind) folded on the Pre-Flop

Game Hand #2025471122 - Tournament #31183734 - Holdem (No Limit) - Level 19 (3000.00/6000.00)- 2024/02/12 20:33:24 UTC
Table '60' 8-max Seat #7 is the button
Seat 1: Mounta1nTop (238960.00)
Seat 2: lipesticky (122859.00)
Seat 3: ADAMAS1 (195672.00)
Seat 4: PostMaloneFaN (313312.00)
Seat 5: gginim (256333.00)
Seat 6: FrogLicker (60411.00)
Seat 7: LauraSerban (92675.00)
Seat 8: Courtnml (125022.00)
Mounta1nTop posts ante 750.00
lipesticky posts ante 750.00
ADAMAS1 posts ante 750.00
PostMaloneFaN posts ante 750.00
gginim posts ante 750.00
FrogLicker posts ante 750.00
LauraSerban posts ante 750.00
Courtnml posts ante 750.00
Courtnml posts the small blind 3000.00
Mounta1nTop posts the big blind 6000.00
*** HOLE CARDS ***
Main pot 6000.00
Dealt to lipesticky [9d 8d]
lipesticky folds
ADAMAS1 folds
PostMaloneFaN folds
gginim raises 13200.00 to 13200.00
FrogLicker folds
LauraSerban folds
Courtnml folds
Mounta1nTop calls 7200.00
*** FLOP *** [Qh 4s 8s]
Main pot 35400.00
Mounta1nTop checks
gginim bets 7434.00
Mounta1nTop raises 23868.00 to 23868.00
gginim calls 16434.00
*** TURN *** [Qh 4s 8s] [7d]
Main pot 83136.00
Mounta1nTop bets 41568.00
gginim calls 41568.00
*** RIVER *** [Qh 4s 8s 7d] [3d]
Main pot 166272.00
Mounta1nTop checks
gginim checks
*** SHOW DOWN ***
Main pot 166272.00
Mounta1nTop shows [3s Ks] (a pair of Threes [3s 3d Ks Qh 8s])
gginim shows [8h 6h] (a pair of Eights [8s 8h Qh 7d 6h])
gginim collected 166272.00 from main pot
*** SUMMARY ***
Total pot 166272.00
Board [Qh 4s 8s 7d 3d]
Seat 1: Mounta1nTop (big blind) showed [3s Ks] and lost with a pair of Threes [3s 3d Ks Qh 8s]
Seat 2: lipesticky folded on the Pre-Flop and did not bet
Seat 3: ADAMAS1 folded on the Pre-Flop and did not bet
Seat 4: PostMaloneFaN folded on the Pre-Flop and did not bet
Seat 5: gginim showed [8h 6h] and won 166272.00 with a pair of Eights [8s 8h Qh 7d 6h]
Seat 6: FrogLicker folded on the Pre-Flop and did not bet
Seat 7: LauraSerban (button) folded on the Pre-Flop
Seat 8: Courtnml (small blind) folded on the Pre-Flop

Game Hand #2025473405 - Tournament #31183734 - Holdem (No Limit) - Level 20 (3500.00/7000.00)- 2024/02/12 20:35:18 UTC
Table '60' 8-max Seat #8 is the button
Seat 1: Mounta1nTop (159574.00)
Seat 2: lipesticky (122109.00)
Seat 3: ADAMAS1 (194922.00)
Seat 4: PostMaloneFaN (312562.00)
Seat 5: gginim (343219.00)
Seat 6: FrogLicker (59661.00)
Seat 7: LauraSerban (91925.00)
Seat 8: Courtnml (121272.00)
Mounta1nTop posts ante 875.00
lipesticky posts ante 875.00
ADAMAS1 posts ante 875.00
PostMaloneFaN posts ante 875.00
gginim posts ante 875.00
FrogLicker posts ante 875.00
LauraSerban posts ante 875.00
Courtnml posts ante 875.00
Mounta1nTop posts the small blind 3500.00
lipesticky posts the big blind 7000.00
*** HOLE CARDS ***
Main pot 7000.00
Dealt to lipesticky [4s 8s]
ADAMAS1 folds
PostMaloneFaN folds
gginim folds
FrogLicker folds
LauraSerban folds
Courtnml raises 19250.00 to 19250.00
Mounta1nTop folds
lipesticky folds
Uncalled bet (12250.00) returned to Courtnml
Courtnml does not show
*** SUMMARY ***
Total pot 24500.00
Seat 1: Mounta1nTop (small blind) folded on the Pre-Flop
Seat 2: lipesticky (big blind) folded on the Pre-Flop
Seat 3: ADAMAS1 folded on the Pre-Flop and did not bet
Seat 4: PostMaloneFaN folded on the Pre-Flop and did not bet
Seat 5: gginim folded on the Pre-Flop and did not bet
Seat 6: FrogLicker folded on the Pre-Flop and did not bet
Seat 7: LauraSerban folded on the Pre-Flop and did not bet
Seat 8: Courtnml did not show and won 24500.00

Game Hand #2025474305 - Tournament #31183734 - Holdem (No Limit) - Level 20 (3500.00/7000.00)- 2024/02/12 20:36:02 UTC
Table '60' 8-max Seat #1 is the button
Seat 1: Mounta1nTop (155199.00)
Seat 2: lipesticky (114234.00)
Seat 3: ADAMAS1 (194047.00)
Seat 4: PostMaloneFaN (311687.00)
Seat 5: gginim (342344.00)
Seat 6: FrogLicker (58786.00)
Seat 7: LauraSerban (91050.00)
Seat 8: Courtnml (137897.00)
Mounta1nTop posts ante 875.00
lipesticky posts ante 875.00
ADAMAS1 posts ante 875.00
PostMaloneFaN posts ante 875.00
gginim posts ante 875.00
FrogLicker posts ante 875.00
LauraSerban posts ante 875.00
Courtnml posts ante 875.00
lipesticky posts the small blind 3500.00
ADAMAS1 posts the big blind 7000.00
*** HOLE CARDS ***
Main pot 7000.00
Dealt to lipesticky [4s 9s]
PostMaloneFaN folds
gginim raises 15400.00 to 15400.00
FrogLicker folds
LauraSerban folds
Courtnml folds
Mounta1nTop folds
lipesticky folds
ADAMAS1 folds
Uncalled bet (8400.00) returned to gginim
gginim does not show
*** SUMMARY ***
Total pot 24500.00
Seat 1: Mounta1nTop (button) folded on the Pre-Flop
Seat 2: lipesticky (small blind) folded on the Pre-Flop
Seat 3: ADAMAS1 (big blind) folded on the Pre-Flop
Seat 4: PostMaloneFaN folded on the Pre-Flop and did not bet
Seat 5: gginim did not show and won 24500.00
Seat 6: FrogLicker folded on the Pre-Flop and did not bet
Seat 7: LauraSerban folded on the Pre-Flop and did not bet
Seat 8: Courtnml folded on the Pre-Flop and did not bet

Game Hand #2025474988 - Tournament #31183734 - Holdem (No Limit) - Level 20 (3500.00/7000.00)- 2024/02/12 20:36:38 UTC
Table '60' 8-max Seat #2 is the button
Seat 1: Mounta1nTop (154324.00)
Seat 2: lipesticky (109859.00)
Seat 3: ADAMAS1 (186172.00) is sitting out
Seat 4: PostMaloneFaN (310812.00)
Seat 5: gginim (358969.00)
Seat 6: FrogLicker (57911.00)
Seat 7: LauraSerban (90175.00)
Seat 8: Courtnml (137022.00)
Mounta1nTop posts ante 875.00
lipesticky posts ante 875.00
ADAMAS1 posts ante 875.00
PostMaloneFaN posts ante 875.00
gginim posts ante 875.00
FrogLicker posts ante 875.00
LauraSerban posts ante 875.00
Courtnml posts ante 875.00
ADAMAS1 posts the small blind 3500.00
PostMaloneFaN posts the big blind 7000.00
*** HOLE CARDS ***
Main pot 7000.00
Dealt to lipesticky [8s 5d]
gginim folds
FrogLicker folds
LauraSerban folds
Courtnml raises 19250.00 to 19250.00
Mounta1nTop raises 153449.00 to 153449.00 and is all-in
lipesticky folds
ADAMAS1 folds
PostMaloneFaN folds
Courtnml folds
Uncalled bet (134199.00) returned to Mounta1nTop
Mounta1nTop does not show
*** SUMMARY ***
Total pot 56000.00
Seat 1: Mounta1nTop did not show and won 56000.00
Seat 2: lipesticky (button) folded on the Pre-Flop
Seat 3: ADAMAS1 (small blind) folded on the Pre-Flop
Seat 4: PostMaloneFaN (big blind) folded on the Pre-Flop
Seat 5: gginim folded on the Pre-Flop and did not bet
Seat 6: FrogLicker folded on the Pre-Flop and did not bet
Seat 7: LauraSerban folded on the Pre-Flop and did not bet
Seat 8: Courtnml folded on the Pre-Flop and did not bet

Game Hand #2025475679 - Tournament #31183734 - Holdem (No Limit) - Level 20 (3500.00/7000.00)- 2024/02/12 20:37:12 UTC
Table '60' 8-max Seat #3 is the button
Seat 1: Mounta1nTop (190199.00)
Seat 2: lipesticky (108984.00)
Seat 3: ADAMAS1 (181797.00)
Seat 4: PostMaloneFaN (302937.00)
Seat 5: gginim (358094.00)
Seat 6: FrogLicker (57036.00)
Seat 7: LauraSerban (89300.00)
Seat 8: Courtnml (116897.00)
Mounta1nTop posts ante 875.00
lipesticky posts ante 875.00
ADAMAS1 posts ante 875.00
PostMaloneFaN posts ante 875.00
gginim posts ante 875.00
FrogLicker posts ante 875.00
LauraSerban posts ante 875.00
Courtnml posts ante 875.00
PostMaloneFaN posts the small blind 3500.00
gginim posts the big blind 7000.00
*** HOLE CARDS ***
Main pot 7000.00
Dealt to lipesticky [Tc Kd]
FrogLicker folds
LauraSerban raises 14000.00 to 14000.00
Courtnml folds
Mounta1nTop folds
lipesticky folds
ADAMAS1 raises 180922.00 to 180922.00 and is all-in
PostMaloneFaN folds
gginim folds
LauraSerban calls 74425.00 and is all-in
Uncalled bet (92497.00) returned to ADAMAS1
*** FLOP *** [Kc 3s As]
Main pot 194350.00
*** TURN *** [Kc 3s As] [8d]
Main pot 194350.00
*** RIVER *** [Kc 3s As 8d] [5s]
Main pot 194350.00
*** SHOW DOWN ***
Main pot 194350.00
ADAMAS1 shows [Ah 5h] (two pair, Aces and Fives [As Ah 5s 5h Kc])
LauraSerban shows [Ad 6s] (a pair of Aces [As Ad Kc 8d 6s])
ADAMAS1 collected 194350.00 from main pot
*** SUMMARY ***
Total pot 194350.00
Board [Kc 3s As 8d 5s]
Seat 1: Mounta1nTop folded on the Pre-Flop and did not bet
Seat 2: lipesticky folded on the Pre-Flop and did not bet
Seat 3: ADAMAS1 (button) showed [Ah 5h] and won 194350.00 with two pair, Aces and Fives [As Ah 5s 5h Kc]
Seat 4: PostMaloneFaN (small blind) folded on the Pre-Flop
Seat 5: gginim (big blind) folded on the Pre-Flop
Seat 6: FrogLicker folded on the Pre-Flop and did not bet
Seat 7: LauraSerban showed [Ad 6s] and lost with a pair of Aces [As Ad Kc 8d 6s]
Seat 8: Courtnml folded on the Pre-Flop and did not bet

Game Hand #2025476618 - Tournament #31183734 - Holdem (No Limit) - Level 20 (3500.00/7000.00)- 2024/02/12 20:38:01 UTC
Table '60' 8-max Seat #4 is the button
Seat 1: Mounta1nTop (189324.00)
Seat 2: lipesticky (108109.00)
Seat 3: ADAMAS1 (286847.00)
Seat 4: PostMaloneFaN (298562.00)
Seat 5: gginim (350219.00)
Seat 6: FrogLicker (56161.00)
Seat 8: Courtnml (116022.00)
Mounta1nTop posts ante 875.00
lipesticky posts ante 875.00
ADAMAS1 posts ante 875.00
PostMaloneFaN posts ante 875.00
gginim posts ante 875.00
FrogLicker posts ante 875.00
Courtnml posts ante 875.00
gginim posts the small blind 3500.00
FrogLicker posts the big blind 7000.00
*** HOLE CARDS ***
Main pot 6125.00
Dealt to lipesticky [8c Jc]
Courtnml folds
Mounta1nTop folds
lipesticky folds
ADAMAS1 folds
PostMaloneFaN raises 14000.00 to 14000.00
gginim folds
FrogLicker raises 48286.00 to 55286.00 and is all-in
PostMaloneFaN calls 41286.00
*** FLOP *** [Qd Kd Td]
Main pot 120197.00
*** TURN *** [Qd Kd Td] [4c]
Main pot 120197.00
*** RIVER *** [Qd Kd Td 4c] [5d]
Main pot 120197.00
*** SHOW DOWN ***
Main pot 120197.00
PostMaloneFaN shows [Qh 9h] (a pair of Queens [Qh Qd Kd Td 9h])
FrogLicker shows [Ah 7d] (a flush, King high [Kd Qd Td 7d 5d])
FrogLicker collected 120197.00 from main pot
*** SUMMARY ***
Total pot 120197.00
Board [Qd Kd Td 4c 5d]
Seat 1: Mounta1nTop folded on the Pre-Flop and did not bet
Seat 2: lipesticky folded on the Pre-Flop and did not bet
Seat 3: ADAMAS1 folded on the Pre-Flop and did not bet
Seat 4: PostMaloneFaN (button) showed [Qh 9h] and lost with a pair of Queens [Qh Qd Kd Td 9h]
Seat 5: gginim (small blind) folded on the Pre-Flop
Seat 6: FrogLicker (big blind) showed [Ah 7d] and won 120197.00 with a flush, King high [Kd Qd Td 7d 5d]
Seat 8: Courtnml folded on the Pre-Flop and did not bet

Game Hand #2025477804 - Tournament #31183734 - Holdem (No Limit) - Level 20 (3500.00/7000.00)- 2024/02/12 20:39:02 UTC
Table '60' 8-max Seat #5 is the button
Seat 1: Mounta1nTop (188449.00)
Seat 2: lipesticky (107234.00)
Seat 3: ADAMAS1 (285972.00)
Seat 4: PostMaloneFaN (242401.00)
Seat 5: gginim (345844.00)
Seat 6: FrogLicker (120197.00)
Seat 8: Courtnml (115147.00)
Mounta1nTop posts ante 875.00
lipesticky posts ante 875.00
ADAMAS1 posts ante 875.00
PostMaloneFaN posts ante 875.00
gginim posts ante 875.00
FrogLicker posts ante 875.00
Courtnml posts ante 875.00
FrogLicker posts the small blind 3500.00
Courtnml posts the big blind 7000.00
*** HOLE CARDS ***
Main pot 6125.00
Dealt to lipesticky [4d 8d]
Mounta1nTop folds
lipesticky folds
ADAMAS1 raises 15400.00 to 15400.00
PostMaloneFaN folds
gginim calls 15400.00
FrogLicker folds
Courtnml calls 8400.00
*** FLOP *** [Th Ah 2h]
Main pot 55825.00
Courtnml checks
ADAMAS1 bets 18422.00
gginim folds
Courtnml folds
Uncalled bet (18422.00) returned to ADAMAS1
ADAMAS1 does not show
*** SUMMARY ***
Total pot 55825.00
Board [Th Ah 2h]
Seat 1: Mounta1nTop folded on the Pre-Flop and did not bet
Seat 2: lipesticky folded on the Pre-Flop and did not bet
Seat 3: ADAMAS1 did not show and won 55825.00
Seat 4: PostMaloneFaN folded on the Pre-Flop and did not bet
Seat 5: gginim (button) folded on the Flop
Seat 6: FrogLicker (small blind) folded on the Pre-Flop
Seat 8: Courtnml (big blind) folded on the Flop

Game Hand #2025478831 - Tournament #31183734 - Holdem (No Limit) - Level 20 (3500.00/7000.00)- 2024/02/12 20:39:58 UTC
Table '60' 8-max Seat #6 is the button
Seat 1: Mounta1nTop (187574.00)
Seat 2: lipesticky (106359.00)
Seat 3: ADAMAS1 (325522.00)
Seat 4: PostMaloneFaN (241526.00)
Seat 5: gginim (329569.00)
Seat 6: FrogLicker (115822.00)
Seat 8: Courtnml (98872.00)
Mounta1nTop posts ante 875.00
lipesticky posts ante 875.00
ADAMAS1 posts ante 875.00
PostMaloneFaN posts ante 875.00
gginim posts ante 875.00
FrogLicker posts ante 875.00
Courtnml posts ante 875.00
Courtnml posts the small blind 3500.00
Mounta1nTop posts the big blind 7000.00
*** HOLE CARDS ***
Main pot 6125.00
Dealt to lipesticky [2d 2s]
lipesticky folds
ADAMAS1 folds
PostMaloneFaN folds
gginim folds
FrogLicker raises 14000.00 to 14000.00
Courtnml folds
Mounta1nTop folds
Uncalled bet (7000.00) returned to FrogLicker
FrogLicker does not show
*** SUMMARY ***
Total pot 23625.00
Seat 1: Mounta1nTop (big blind) folded on the Pre-Flop
Seat 2: lipesticky folded on the Pre-Flop and did not bet
Seat 3: ADAMAS1 folded on the Pre-Flop and did not bet
Seat 4: PostMaloneFaN folded on the Pre-Flop and did not bet
Seat 5: gginim folded on the Pre-Flop and did not bet
Seat 6: FrogLicker did not show and won 23625.00
Seat 8: Courtnml (small blind) folded on the Pre-Flop

Game Hand #2025479368 - Tournament #31183734 - Holdem (No Limit) - Level 20 (3500.00/7000.00)- 2024/02/12 20:40:26 UTC
Table '60' 8-max Seat #8 is the button
Seat 1: Mounta1nTop (179699.00)
Seat 2: lipesticky (105484.00)
Seat 3: ADAMAS1 (324647.00)
Seat 4: PostMaloneFaN (240651.00)
Seat 5: gginim (328694.00)
Seat 6: FrogLicker (131572.00)
Seat 8: Courtnml (94497.00)
Mounta1nTop posts ante 875.00
lipesticky posts ante 875.00
ADAMAS1 posts ante 875.00
PostMaloneFaN posts ante 875.00
gginim posts ante 875.00
FrogLicker posts ante 875.00
Courtnml posts ante 875.00
Mounta1nTop posts the small blind 3500.00
lipesticky posts the big blind 7000.00
*** HOLE CARDS ***
Main pot 6125.00
Dealt to lipesticky [Kc 9h]
ADAMAS1 folds
PostMaloneFaN folds
gginim folds
FrogLicker folds
Courtnml raises 18813.00 to 18813.00
Mounta1nTop raises 175324.00 to 178824.00 and is all-in
lipesticky folds
Courtnml calls 74809.00 and is all-in
Uncalled bet (85202.00) returned to Mounta1nTop
*** FLOP *** [Ac Tc 4d]
Main pot 200369.00
*** TURN *** [Ac Tc 4d] [5c]
Main pot 200369.00
*** RIVER *** [Ac Tc 4d 5c] [Qh]
Main pot 200369.00
*** SHOW DOWN ***
Main pot 200369.00
Mounta1nTop shows [Ks Jc] (a straight, Ace high [Ac Ks Qh Jc Tc])
Courtnml shows [7s 9c] (a high card, Ace high [Ac Qh Tc 9c 7s])
Mounta1nTop collected 200369.00 from main pot
*** SUMMARY ***
Total pot 200369.00
Board [Ac Tc 4d 5c Qh]
Seat 1: Mounta1nTop (small blind) showed [Ks Jc] and won 200369.00 with a straight, Ace high [Ac Ks Qh Jc Tc]
Seat 2: lipesticky (big blind) folded on the Pre-Flop
Seat 3: ADAMAS1 folded on the Pre-Flop and did not bet
Seat 4: PostMaloneFaN folded on the Pre-Flop and did not bet
Seat 5: gginim folded on the Pre-Flop and did not bet
Seat 6: FrogLicker folded on the Pre-Flop and did not bet
Seat 8: Courtnml (button) showed [7s 9c] and lost with a high card, Ace high [Ac Qh Tc 9c 7s]

