Game Hand #2025240403 - Tournament #31183390 - Holdem (No Limit) - Level 16 (1750.00/3500.00)- 2024/02/12 16:01:18 UTC
Table '31' 8-max Seat #1 is the button
Seat 1: lipesticky (35000.00)
Seat 2: Hoffys11 (35000.00)
Seat 3: FOLDASATANAS (35000.00)
lipesticky posts ante 450.00
Hoffys11 posts ante 450.00
FOLDASATANAS posts ante 450.00
Hoffys11 posts the small blind 1750.00
FOLDASATANAS posts the big blind 3500.00
*** HOLE CARDS ***
Main pot 1350.00
Dealt to lipesticky [2s 7h]
lipesticky folds
Hoffys11 raises 32800.00 to 34550.00 and is all-in
FOLDASATANAS folds
Uncalled bet (31050.00) returned to Hoffys11
Hoffys11 does not show
*** SUMMARY ***
Total pot 8350.00
Seat 1: lipesticky (button) folded on the Pre-Flop
Seat 2: Hoffys11 did not show and won 8350.00
Seat 3: FOLDASATANAS (big blind) folded on the Pre-Flop

Game Hand #2025240760 - Tournament #31183390 - Holdem (No Limit) - Level 17 (2000.00/4000.00)- 2024/02/12 16:01:52 UTC
Table '31' 8-max Seat #2 is the button
Seat 1: lipesticky (34550.00)
Seat 2: Hoffys11 (39400.00)
Seat 3: FOLDASATANAS (31050.00)
Seat 4: PotBetValue (35000.00)
Seat 5: ANTCHIP12345 (50950.00)
Seat 6: missbaskets609 (312557.00)
Seat 7: themadmaxer (208812.00)
lipesticky posts ante 500.00
Hoffys11 posts ante 500.00
FOLDASATANAS posts ante 500.00
PotBetValue posts ante 500.00
ANTCHIP12345 posts ante 500.00
missbaskets609 posts ante 500.00
themadmaxer posts ante 500.00
FOLDASATANAS posts the small blind 2000.00
PotBetValue posts the big blind 4000.00
*** HOLE CARDS ***
Main pot 3500.00
Dealt to lipesticky [2h Th]
ANTCHIP12345 folds
missbaskets609 folds
themadmaxer raises 208312.00 to 208312.00 and is all-in
lipesticky folds
Hoffys11 calls 38900.00 and is all-in
FOLDASATANAS folds
PotBetValue folds
Uncalled bet (169412.00) returned to themadmaxer
*** FLOP *** [5d Ks Td]
Main pot 87300.00
*** TURN *** [5d Ks Td] [8c]
Main pot 87300.00
*** RIVER *** [5d Ks Td 8c] [Qd]
Main pot 87300.00
*** SHOW DOWN ***
Main pot 87300.00
Hoffys11 shows [9s Ad] (a high card, Ace high [Ad Ks Qd Td 9s])
themadmaxer shows [Js Ts] (a pair of Tens [Ts Td Ks Qd Js])
themadmaxer collected 87300.00 from main pot
*** SUMMARY ***
Total pot 87300.00
Board [5d Ks Td 8c Qd]
Seat 1: lipesticky folded on the Pre-Flop and did not bet
Seat 2: Hoffys11 (button) showed [9s Ad] and lost with a high card, Ace high [Ad Ks Qd Td 9s]
Seat 3: FOLDASATANAS (small blind) folded on the Pre-Flop
Seat 4: PotBetValue (big blind) folded on the Pre-Flop
Seat 5: ANTCHIP12345 folded on the Pre-Flop and did not bet
Seat 6: missbaskets609 folded on the Pre-Flop and did not bet
Seat 7: themadmaxer showed [Js Ts] and won 87300.00 with a pair of Tens [Ts Td Ks Qd Js]

