Game Hand #2025242193 - Tournament #31183390 - Holdem (No Limit) - Level 17 (2000.00/4000.00)- 2024/02/12 16:04:10 UTC
Table '8' 8-max Seat #7 is the button
Seat 1: CAVITENO5635 (81400.00)
Seat 2: cokecrusher (143231.00)
Seat 3: tommendes7 (155873.00)
Seat 4: lipesticky (34050.00)
Seat 5: FOLDASATANAS (28550.00)
Seat 6: bjornironside (61800.00)
Seat 7: Skill2Thrill (229052.00) is sitting out
Seat 8: nickarnes (179332.00)
CAVITENO5635 posts ante 500.00
cokecrusher posts ante 500.00
tommendes7 posts ante 500.00
lipesticky posts ante 500.00
FOLDASATANAS posts ante 500.00
bjornironside posts ante 500.00
Skill2Thrill posts ante 500.00
nickarnes posts ante 500.00
nickarnes posts the small blind 2000.00
CAVITENO5635 posts the big blind 4000.00
*** HOLE CARDS ***
Main pot 4000.00
Dealt to lipesticky [9h 6c]
cokecrusher folds
tommendes7 folds
lipesticky folds
FOLDASATANAS folds
bjornironside folds
Skill2Thrill folds
nickarnes raises 6800.00 to 8800.00
CAVITENO5635 calls 4800.00
*** FLOP *** [7d 2d 2h]
Main pot 21600.00
nickarnes bets 7128.00
CAVITENO5635 folds
Uncalled bet (7128.00) returned to nickarnes
nickarnes does not show
*** SUMMARY ***
Total pot 21600.00
Board [7d 2d 2h]
Seat 1: CAVITENO5635 (big blind) folded on the Flop
Seat 2: cokecrusher folded on the Pre-Flop and did not bet
Seat 3: tommendes7 folded on the Pre-Flop and did not bet
Seat 4: lipesticky folded on the Pre-Flop and did not bet
Seat 5: FOLDASATANAS folded on the Pre-Flop and did not bet
Seat 6: bjornironside folded on the Pre-Flop and did not bet
Seat 7: Skill2Thrill (button) folded on the Pre-Flop
Seat 8: nickarnes did not show and won 21600.00

Game Hand #2025242922 - Tournament #31183390 - Holdem (No Limit) - Level 17 (2000.00/4000.00)- 2024/02/12 16:05:14 UTC
Table '8' 8-max Seat #8 is the button
Seat 1: CAVITENO5635 (72100.00)
Seat 2: cokecrusher (142731.00)
Seat 4: lipesticky (33550.00)
Seat 5: FOLDASATANAS (28050.00)
Seat 6: bjornironside (61300.00)
Seat 7: Skill2Thrill (228552.00) is sitting out
Seat 8: nickarnes (191632.00)
CAVITENO5635 posts ante 500.00
cokecrusher posts ante 500.00
lipesticky posts ante 500.00
FOLDASATANAS posts ante 500.00
bjornironside posts ante 500.00
Skill2Thrill posts ante 500.00
nickarnes posts ante 500.00
CAVITENO5635 posts the small blind 2000.00
cokecrusher posts the big blind 4000.00
*** HOLE CARDS ***
Main pot 3500.00
Dealt to lipesticky [Ah 3h]
lipesticky raises 33050.00 to 33050.00 and is all-in
FOLDASATANAS folds
bjornironside folds
Skill2Thrill folds
nickarnes folds
CAVITENO5635 folds
cokecrusher folds
Uncalled bet (29050.00) returned to lipesticky
lipesticky does not show
*** SUMMARY ***
Total pot 13500.00
Seat 1: CAVITENO5635 (small blind) folded on the Pre-Flop
Seat 2: cokecrusher (big blind) folded on the Pre-Flop
Seat 4: lipesticky did not show and won 13500.00
Seat 5: FOLDASATANAS folded on the Pre-Flop and did not bet
Seat 6: bjornironside folded on the Pre-Flop and did not bet
Seat 7: Skill2Thrill folded on the Pre-Flop and did not bet
Seat 8: nickarnes (button) folded on the Pre-Flop

Game Hand #2025243584 - Tournament #31183390 - Holdem (No Limit) - Level 17 (2000.00/4000.00)- 2024/02/12 16:06:00 UTC
Table '8' 8-max Seat #1 is the button
Seat 1: CAVITENO5635 (69600.00)
Seat 2: cokecrusher (138231.00)
Seat 4: lipesticky (42550.00)
Seat 5: FOLDASATANAS (27550.00)
Seat 6: bjornironside (60800.00)
Seat 7: Skill2Thrill (228052.00) is sitting out
Seat 8: nickarnes (191132.00)
CAVITENO5635 posts ante 500.00
cokecrusher posts ante 500.00
lipesticky posts ante 500.00
FOLDASATANAS posts ante 500.00
bjornironside posts ante 500.00
Skill2Thrill posts ante 500.00
nickarnes posts ante 500.00
cokecrusher posts the small blind 2000.00
lipesticky posts the big blind 4000.00
*** HOLE CARDS ***
Main pot 3500.00
Dealt to lipesticky [5h Th]
FOLDASATANAS folds
bjornironside folds
Skill2Thrill folds
nickarnes folds
CAVITENO5635 raises 8000.00 to 8000.00
cokecrusher folds
lipesticky calls 4000.00
*** FLOP *** [7d 9d 2d]
Main pot 21500.00
lipesticky checks
CAVITENO5635 bets 61100.00 and is all-in
lipesticky folds
Uncalled bet (61100.00) returned to CAVITENO5635
CAVITENO5635 does not show
*** SUMMARY ***
Total pot 21500.00
Board [7d 9d 2d]
Seat 1: CAVITENO5635 did not show and won 21500.00
Seat 2: cokecrusher (small blind) folded on the Pre-Flop
Seat 4: lipesticky (big blind) folded on the Flop
Seat 5: FOLDASATANAS folded on the Pre-Flop and did not bet
Seat 6: bjornironside folded on the Pre-Flop and did not bet
Seat 7: Skill2Thrill folded on the Pre-Flop and did not bet
Seat 8: nickarnes folded on the Pre-Flop and did not bet

Game Hand #2025244553 - Tournament #31183390 - Holdem (No Limit) - Level 17 (2000.00/4000.00)- 2024/02/12 16:07:14 UTC
Table '8' 8-max Seat #2 is the button
Seat 1: CAVITENO5635 (82600.00)
Seat 2: cokecrusher (135731.00)
Seat 3: themadmaxer will be allowed to play after the button
Seat 4: lipesticky (34050.00)
Seat 5: FOLDASATANAS (27050.00)
Seat 6: bjornironside (60300.00)
Seat 7: Skill2Thrill (227552.00) is sitting out
Seat 8: nickarnes (190632.00)
CAVITENO5635 posts ante 500.00
cokecrusher posts ante 500.00
lipesticky posts ante 500.00
FOLDASATANAS posts ante 500.00
bjornironside posts ante 500.00
Skill2Thrill posts ante 500.00
nickarnes posts ante 500.00
lipesticky posts the small blind 2000.00
FOLDASATANAS posts the big blind 4000.00
*** HOLE CARDS ***
Main pot 3500.00
Dealt to lipesticky [2h 8h]
bjornironside folds
Skill2Thrill folds
nickarnes folds
CAVITENO5635 folds
cokecrusher folds
lipesticky folds
FOLDASATANAS does not show
*** SUMMARY ***
Total pot 9500.00
Seat 1: CAVITENO5635 folded on the Pre-Flop and did not bet
Seat 2: cokecrusher (button) folded on the Pre-Flop
Seat 4: lipesticky (small blind) folded on the Pre-Flop
Seat 5: FOLDASATANAS did not show and won 9500.00
Seat 6: bjornironside folded on the Pre-Flop and did not bet
Seat 7: Skill2Thrill folded on the Pre-Flop and did not bet
Seat 8: nickarnes folded on the Pre-Flop and did not bet

Game Hand #2025245034 - Tournament #31183390 - Holdem (No Limit) - Level 17 (2000.00/4000.00)- 2024/02/12 16:07:56 UTC
Table '8' 8-max Seat #4 is the button
Seat 1: CAVITENO5635 (82100.00)
Seat 2: cokecrusher (135231.00)
Seat 3: themadmaxer (255712.00)
Seat 4: lipesticky (31550.00)
Seat 5: FOLDASATANAS (32050.00)
Seat 6: bjornironside (59800.00)
Seat 7: Skill2Thrill (227052.00) is sitting out
Seat 8: nickarnes (190132.00)
CAVITENO5635 posts ante 500.00
cokecrusher posts ante 500.00
themadmaxer posts ante 500.00
lipesticky posts ante 500.00
FOLDASATANAS posts ante 500.00
bjornironside posts ante 500.00
Skill2Thrill posts ante 500.00
nickarnes posts ante 500.00
FOLDASATANAS posts the small blind 2000.00
bjornironside posts the big blind 4000.00
*** HOLE CARDS ***
Main pot 4000.00
Dealt to lipesticky [8c Tc]
Skill2Thrill folds
nickarnes folds
CAVITENO5635 folds
cokecrusher folds
themadmaxer folds
lipesticky raises 31050.00 to 31050.00 and is all-in
FOLDASATANAS folds
bjornironside folds
Uncalled bet (27050.00) returned to lipesticky
lipesticky does not show
*** SUMMARY ***
Total pot 14000.00
Seat 1: CAVITENO5635 folded on the Pre-Flop and did not bet
Seat 2: cokecrusher folded on the Pre-Flop and did not bet
Seat 3: themadmaxer folded on the Pre-Flop and did not bet
Seat 4: lipesticky did not show and won 14000.00
Seat 5: FOLDASATANAS (small blind) folded on the Pre-Flop
Seat 6: bjornironside (big blind) folded on the Pre-Flop
Seat 7: Skill2Thrill folded on the Pre-Flop and did not bet
Seat 8: nickarnes folded on the Pre-Flop and did not bet

Game Hand #2025245505 - Tournament #31183390 - Holdem (No Limit) - Level 17 (2000.00/4000.00)- 2024/02/12 16:08:39 UTC
Table '8' 8-max Seat #5 is the button
Seat 1: CAVITENO5635 (81600.00)
Seat 2: cokecrusher (134731.00)
Seat 3: themadmaxer (255212.00)
Seat 4: lipesticky (41050.00)
Seat 5: FOLDASATANAS (29550.00)
Seat 6: bjornironside (55300.00)
Seat 7: Skill2Thrill (226552.00) is sitting out
Seat 8: nickarnes (189632.00)
CAVITENO5635 posts ante 500.00
cokecrusher posts ante 500.00
themadmaxer posts ante 500.00
lipesticky posts ante 500.00
FOLDASATANAS posts ante 500.00
bjornironside posts ante 500.00
Skill2Thrill posts ante 500.00
nickarnes posts ante 500.00
bjornironside posts the small blind 2000.00
Skill2Thrill posts the big blind 4000.00
*** HOLE CARDS ***
Main pot 4000.00
Dealt to lipesticky [Qh 4d]
nickarnes folds
CAVITENO5635 raises 11000.00 to 11000.00
cokecrusher folds
themadmaxer calls 11000.00
lipesticky folds
FOLDASATANAS folds
bjornironside folds
Skill2Thrill folds
*** FLOP *** [Qc 8h 3c]
Main pot 32000.00
CAVITENO5635 checks
themadmaxer bets 16640.00
CAVITENO5635 folds
Uncalled bet (16640.00) returned to themadmaxer
themadmaxer does not show
*** SUMMARY ***
Total pot 32000.00
Board [Qc 8h 3c]
Seat 1: CAVITENO5635 folded on the Flop
Seat 2: cokecrusher folded on the Pre-Flop and did not bet
Seat 3: themadmaxer did not show and won 32000.00
Seat 4: lipesticky folded on the Pre-Flop and did not bet
Seat 5: FOLDASATANAS (button) folded on the Pre-Flop
Seat 6: bjornironside (small blind) folded on the Pre-Flop
Seat 7: Skill2Thrill (big blind) folded on the Pre-Flop
Seat 8: nickarnes folded on the Pre-Flop and did not bet

Game Hand #2025246333 - Tournament #31183390 - Holdem (No Limit) - Level 17 (2000.00/4000.00)- 2024/02/12 16:09:49 UTC
Table '8' 8-max Seat #6 is the button
Seat 1: CAVITENO5635 (70100.00)
Seat 2: cokecrusher (134231.00)
Seat 3: themadmaxer (275712.00)
Seat 4: lipesticky (40550.00)
Seat 5: FOLDASATANAS (29050.00)
Seat 6: bjornironside (52800.00)
Seat 7: Skill2Thrill (222052.00) is sitting out
Seat 8: nickarnes (189132.00)
CAVITENO5635 posts ante 500.00
cokecrusher posts ante 500.00
themadmaxer posts ante 500.00
lipesticky posts ante 500.00
FOLDASATANAS posts ante 500.00
bjornironside posts ante 500.00
Skill2Thrill posts ante 500.00
nickarnes posts ante 500.00
Skill2Thrill posts the small blind 2000.00
nickarnes posts the big blind 4000.00
*** HOLE CARDS ***
Main pot 4000.00
Dealt to lipesticky [As Ks]
CAVITENO5635 folds
cokecrusher folds
themadmaxer folds
lipesticky raises 40050.00 to 40050.00 and is all-in
FOLDASATANAS folds
bjornironside folds
Skill2Thrill folds
nickarnes folds
Uncalled bet (36050.00) returned to lipesticky
lipesticky does not show
*** SUMMARY ***
Total pot 14000.00
Seat 1: CAVITENO5635 folded on the Pre-Flop and did not bet
Seat 2: cokecrusher folded on the Pre-Flop and did not bet
Seat 3: themadmaxer folded on the Pre-Flop and did not bet
Seat 4: lipesticky did not show and won 14000.00
Seat 5: FOLDASATANAS folded on the Pre-Flop and did not bet
Seat 6: bjornironside (button) folded on the Pre-Flop
Seat 7: Skill2Thrill (small blind) folded on the Pre-Flop
Seat 8: nickarnes (big blind) folded on the Pre-Flop

Game Hand #2025246929 - Tournament #31183390 - Holdem (No Limit) - Level 17 (2000.00/4000.00)- 2024/02/12 16:10:38 UTC
Table '8' 8-max Seat #7 is the button
Seat 1: CAVITENO5635 (69600.00)
Seat 2: cokecrusher (133731.00)
Seat 3: themadmaxer (275212.00)
Seat 4: lipesticky (50050.00)
Seat 5: FOLDASATANAS (28550.00)
Seat 6: bjornironside (52300.00)
Seat 7: Skill2Thrill (219552.00) is sitting out
Seat 8: nickarnes (184632.00)
CAVITENO5635 posts ante 500.00
cokecrusher posts ante 500.00
themadmaxer posts ante 500.00
lipesticky posts ante 500.00
FOLDASATANAS posts ante 500.00
bjornironside posts ante 500.00
Skill2Thrill posts ante 500.00
nickarnes posts ante 500.00
nickarnes posts the small blind 2000.00
CAVITENO5635 posts the big blind 4000.00
*** HOLE CARDS ***
Main pot 4000.00
Dealt to lipesticky [4c Ks]
cokecrusher raises 8000.00 to 8000.00
themadmaxer folds
lipesticky folds
FOLDASATANAS raises 28050.00 to 28050.00 and is all-in
bjornironside folds
Skill2Thrill folds
nickarnes folds
CAVITENO5635 folds
cokecrusher calls 20050.00
*** FLOP *** [3h Qh 7d]
Main pot 66100.00
*** TURN *** [3h Qh 7d] [Kc]
Main pot 66100.00
*** RIVER *** [3h Qh 7d Kc] [6c]
Main pot 66100.00
*** SHOW DOWN ***
Main pot 66100.00
cokecrusher shows [Jh As] (a high card, Ace high [As Kc Qh Jh 7d])
FOLDASATANAS shows [Kh Ac] (a pair of Kings [Kh Kc Ac Qh 7d])
FOLDASATANAS collected 66100.00 from main pot
*** SUMMARY ***
Total pot 66100.00
Board [3h Qh 7d Kc 6c]
Seat 1: CAVITENO5635 (big blind) folded on the Pre-Flop
Seat 2: cokecrusher showed [Jh As] and lost with a high card, Ace high [As Kc Qh Jh 7d]
Seat 3: themadmaxer folded on the Pre-Flop and did not bet
Seat 4: lipesticky folded on the Pre-Flop and did not bet
Seat 5: FOLDASATANAS showed [Kh Ac] and won 66100.00 with a pair of Kings [Kh Kc Ac Qh 7d]
Seat 6: bjornironside folded on the Pre-Flop and did not bet
Seat 7: Skill2Thrill (button) folded on the Pre-Flop
Seat 8: nickarnes (small blind) folded on the Pre-Flop

Game Hand #2025247426 - Tournament #31183390 - Holdem (No Limit) - Level 17 (2000.00/4000.00)- 2024/02/12 16:11:20 UTC
Table '8' 8-max Seat #8 is the button
Seat 1: CAVITENO5635 (65100.00)
Seat 2: cokecrusher (105181.00)
Seat 3: themadmaxer (274712.00)
Seat 4: lipesticky (49550.00)
Seat 5: FOLDASATANAS (66100.00)
Seat 6: bjornironside (51800.00)
Seat 7: Skill2Thrill (219052.00) is sitting out
Seat 8: nickarnes (182132.00)
CAVITENO5635 posts ante 500.00
cokecrusher posts ante 500.00
themadmaxer posts ante 500.00
lipesticky posts ante 500.00
FOLDASATANAS posts ante 500.00
bjornironside posts ante 500.00
Skill2Thrill posts ante 500.00
nickarnes posts ante 500.00
CAVITENO5635 posts the small blind 2000.00
cokecrusher posts the big blind 4000.00
*** HOLE CARDS ***
Main pot 4000.00
Dealt to lipesticky [Qc 4s]
themadmaxer folds
lipesticky folds
FOLDASATANAS folds
bjornironside raises 51300.00 to 51300.00 and is all-in
Skill2Thrill folds
nickarnes folds
CAVITENO5635 folds
cokecrusher folds
Uncalled bet (47300.00) returned to bjornironside
bjornironside does not show
*** SUMMARY ***
Total pot 14000.00
Seat 1: CAVITENO5635 (small blind) folded on the Pre-Flop
Seat 2: cokecrusher (big blind) folded on the Pre-Flop
Seat 3: themadmaxer folded on the Pre-Flop and did not bet
Seat 4: lipesticky folded on the Pre-Flop and did not bet
Seat 5: FOLDASATANAS folded on the Pre-Flop and did not bet
Seat 6: bjornironside did not show and won 14000.00
Seat 7: Skill2Thrill folded on the Pre-Flop and did not bet
Seat 8: nickarnes (button) folded on the Pre-Flop

Game Hand #2025247691 - Tournament #31183390 - Holdem (No Limit) - Level 18 (2500.00/5000.00)- 2024/02/12 16:11:42 UTC
Table '8' 8-max Seat #1 is the button
Seat 1: CAVITENO5635 (62600.00)
Seat 2: cokecrusher (100681.00)
Seat 3: themadmaxer (274212.00)
Seat 4: lipesticky (49050.00)
Seat 5: FOLDASATANAS (65600.00)
Seat 6: bjornironside (61300.00)
Seat 7: Skill2Thrill (218552.00) is sitting out
Seat 8: nickarnes (181632.00)
CAVITENO5635 posts ante 625.00
cokecrusher posts ante 625.00
themadmaxer posts ante 625.00
lipesticky posts ante 625.00
FOLDASATANAS posts ante 625.00
bjornironside posts ante 625.00
Skill2Thrill posts ante 625.00
nickarnes posts ante 625.00
cokecrusher posts the small blind 2500.00
themadmaxer posts the big blind 5000.00
*** HOLE CARDS ***
Main pot 5000.00
Dealt to lipesticky [5h 9h]
lipesticky folds
FOLDASATANAS folds
bjornironside folds
Skill2Thrill folds
nickarnes raises 11000.00 to 11000.00
CAVITENO5635 raises 61975.00 to 61975.00 and is all-in
cokecrusher folds
themadmaxer folds
nickarnes calls 50975.00
*** FLOP *** [Ah 2d As]
Main pot 136450.00
*** TURN *** [Ah 2d As] [4d]
Main pot 136450.00
*** RIVER *** [Ah 2d As 4d] [4c]
Main pot 136450.00
*** SHOW DOWN ***
Main pot 136450.00
CAVITENO5635 shows [9c Ad] (a full house, Aces full of Fours [As Ah Ad 4d 4c])
nickarnes shows [Qh Kc] (two pair, Aces and Fours [As Ah 4d 4c Kc])
CAVITENO5635 collected 136450.00 from main pot
*** SUMMARY ***
Total pot 136450.00
Board [Ah 2d As 4d 4c]
Seat 1: CAVITENO5635 (button) showed [9c Ad] and won 136450.00 with a full house, Aces full of Fours [As Ah Ad 4d 4c]
Seat 2: cokecrusher (small blind) folded on the Pre-Flop
Seat 3: themadmaxer (big blind) folded on the Pre-Flop
Seat 4: lipesticky folded on the Pre-Flop and did not bet
Seat 5: FOLDASATANAS folded on the Pre-Flop and did not bet
Seat 6: bjornironside folded on the Pre-Flop and did not bet
Seat 7: Skill2Thrill folded on the Pre-Flop and did not bet
Seat 8: nickarnes showed [Qh Kc] and lost with two pair, Aces and Fours [As Ah 4d 4c Kc]

Game Hand #2025248128 - Tournament #31183390 - Holdem (No Limit) - Level 18 (2500.00/5000.00)- 2024/02/12 16:12:19 UTC
Table '8' 8-max Seat #2 is the button
Seat 1: CAVITENO5635 (136450.00)
Seat 2: cokecrusher (97556.00)
Seat 3: themadmaxer (268587.00)
Seat 4: lipesticky (48425.00)
Seat 5: FOLDASATANAS (64975.00)
Seat 6: bjornironside (60675.00)
Seat 7: Skill2Thrill (217927.00) is sitting out
Seat 8: nickarnes (119032.00)
CAVITENO5635 posts ante 625.00
cokecrusher posts ante 625.00
themadmaxer posts ante 625.00
lipesticky posts ante 625.00
FOLDASATANAS posts ante 625.00
bjornironside posts ante 625.00
Skill2Thrill posts ante 625.00
nickarnes posts ante 625.00
themadmaxer posts the small blind 2500.00
lipesticky posts the big blind 5000.00
*** HOLE CARDS ***
Main pot 5000.00
Dealt to lipesticky [Ah Ac]
FOLDASATANAS folds
bjornironside folds
Skill2Thrill folds
nickarnes folds
CAVITENO5635 folds
cokecrusher raises 10000.00 to 10000.00
themadmaxer folds
lipesticky calls 5000.00
*** FLOP *** [3c 3d Th]
Main pot 27500.00
lipesticky checks
cokecrusher bets 5000.00
lipesticky raises 11000.00 to 11000.00
cokecrusher calls 6000.00
*** TURN *** [3c 3d Th] [2c]
Main pot 49500.00
lipesticky checks
cokecrusher checks
*** RIVER *** [3c 3d Th 2c] [Kd]
Main pot 49500.00
lipesticky checks
cokecrusher bets 5000.00
lipesticky raises 26800.00 to 26800.00 and is all-in
cokecrusher calls 21800.00
*** SHOW DOWN ***
Main pot 103100.00
cokecrusher shows [Ks Qd] (two pair, Kings and Threes [Ks Kd 3d 3c Qd])
lipesticky shows [Ah Ac] (two pair, Aces and Threes [Ah Ac 3d 3c Kd])
lipesticky collected 103100.00 from main pot
*** SUMMARY ***
Total pot 103100.00
Board [3c 3d Th 2c Kd]
Seat 1: CAVITENO5635 folded on the Pre-Flop and did not bet
Seat 2: cokecrusher (button) showed [Ks Qd] and lost with two pair, Kings and Threes [Ks Kd 3d 3c Qd]
Seat 3: themadmaxer (small blind) folded on the Pre-Flop
Seat 4: lipesticky (big blind) showed [Ah Ac] and won 103100.00 with two pair, Aces and Threes [Ah Ac 3d 3c Kd]
Seat 5: FOLDASATANAS folded on the Pre-Flop and did not bet
Seat 6: bjornironside folded on the Pre-Flop and did not bet
Seat 7: Skill2Thrill folded on the Pre-Flop and did not bet
Seat 8: nickarnes folded on the Pre-Flop and did not bet

Game Hand #2025249498 - Tournament #31183390 - Holdem (No Limit) - Level 18 (2500.00/5000.00)- 2024/02/12 16:14:19 UTC
Table '8' 8-max Seat #3 is the button
Seat 1: CAVITENO5635 (135825.00)
Seat 2: cokecrusher (49131.00)
Seat 3: themadmaxer (265462.00)
Seat 4: lipesticky (103100.00)
Seat 5: FOLDASATANAS (64350.00)
Seat 6: bjornironside (60050.00)
Seat 7: Skill2Thrill (217302.00) is sitting out
Seat 8: nickarnes (118407.00)
CAVITENO5635 posts ante 625.00
cokecrusher posts ante 625.00
themadmaxer posts ante 625.00
lipesticky posts ante 625.00
FOLDASATANAS posts ante 625.00
bjornironside posts ante 625.00
Skill2Thrill posts ante 625.00
nickarnes posts ante 625.00
lipesticky posts the small blind 2500.00
FOLDASATANAS posts the big blind 5000.00
*** HOLE CARDS ***
Main pot 5000.00
Dealt to lipesticky [Kc 4d]
bjornironside folds
Skill2Thrill folds
nickarnes folds
CAVITENO5635 raises 13750.00 to 13750.00
cokecrusher folds
themadmaxer folds
lipesticky folds
FOLDASATANAS calls 8750.00
*** FLOP *** [Th Jh 8c]
Main pot 35000.00
FOLDASATANAS checks
CAVITENO5635 bets 10000.00
FOLDASATANAS raises 49975.00 to 49975.00 and is all-in
CAVITENO5635 calls 39975.00
*** TURN *** [Th Jh 8c] [Kh]
Main pot 134950.00
*** RIVER *** [Th Jh 8c Kh] [Qd]
Main pot 134950.00
*** SHOW DOWN ***
Main pot 134950.00
CAVITENO5635 shows [8h 8d] (three of a kind, Set of Eights [8h 8d 8c Kh Qd])
FOLDASATANAS shows [3c Jc] (a pair of Jacks [Jh Jc Kh Qd Th])
CAVITENO5635 collected 134950.00 from main pot
*** SUMMARY ***
Total pot 134950.00
Board [Th Jh 8c Kh Qd]
Seat 1: CAVITENO5635 showed [8h 8d] and won 134950.00 with three of a kind, Set of Eights [8h 8d 8c Kh Qd]
Seat 2: cokecrusher folded on the Pre-Flop and did not bet
Seat 3: themadmaxer (button) folded on the Pre-Flop
Seat 4: lipesticky (small blind) folded on the Pre-Flop
Seat 5: FOLDASATANAS (big blind) showed [3c Jc] and lost with a pair of Jacks [Jh Jc Kh Qd Th]
Seat 6: bjornironside folded on the Pre-Flop and did not bet
Seat 7: Skill2Thrill folded on the Pre-Flop and did not bet
Seat 8: nickarnes folded on the Pre-Flop and did not bet

Game Hand #2025250108 - Tournament #31183390 - Holdem (No Limit) - Level 18 (2500.00/5000.00)- 2024/02/12 16:15:16 UTC
Table '8' 8-max Seat #4 is the button
Seat 1: CAVITENO5635 (206425.00)
Seat 2: cokecrusher (48506.00)
Seat 3: themadmaxer (264837.00)
Seat 4: lipesticky (99975.00)
Seat 6: bjornironside (59425.00)
Seat 7: Skill2Thrill (216677.00) is sitting out
Seat 8: nickarnes (117782.00)
CAVITENO5635 posts ante 625.00
cokecrusher posts ante 625.00
themadmaxer posts ante 625.00
lipesticky posts ante 625.00
bjornironside posts ante 625.00
Skill2Thrill posts ante 625.00
nickarnes posts ante 625.00
bjornironside posts the big blind 5000.00
*** HOLE CARDS ***
Main pot 4375.00
Dealt to lipesticky [3d Jd]
Skill2Thrill folds
nickarnes raises 11000.00 to 11000.00
CAVITENO5635 folds
cokecrusher folds
themadmaxer folds
lipesticky folds
bjornironside calls 6000.00
*** FLOP *** [7d 9h Ks]
Main pot 26375.00
bjornironside checks
nickarnes bets 106157.00 and is all-in
bjornironside folds
Uncalled bet (106157.00) returned to nickarnes
nickarnes does not show
*** SUMMARY ***
Total pot 26375.00
Board [7d 9h Ks]
Seat 1: CAVITENO5635 folded on the Pre-Flop and did not bet
Seat 2: cokecrusher folded on the Pre-Flop and did not bet
Seat 3: themadmaxer folded on the Pre-Flop and did not bet
Seat 4: lipesticky (button) folded on the Pre-Flop
Seat 6: bjornironside (big blind) folded on the Flop
Seat 7: Skill2Thrill folded on the Pre-Flop and did not bet
Seat 8: nickarnes did not show and won 26375.00

Game Hand #2025250531 - Tournament #31183390 - Holdem (No Limit) - Level 18 (2500.00/5000.00)- 2024/02/12 16:15:55 UTC
Table '8' 8-max Seat #5 is the button
Seat 1: CAVITENO5635 (205800.00)
Seat 2: cokecrusher (47881.00)
Seat 3: themadmaxer (264212.00)
Seat 4: lipesticky (99350.00)
Seat 5: DrH0use will be allowed to play after the button
Seat 6: bjornironside (47800.00)
Seat 7: Skill2Thrill (216052.00) is sitting out
Seat 8: nickarnes (132532.00)
CAVITENO5635 posts ante 625.00
cokecrusher posts ante 625.00
themadmaxer posts ante 625.00
lipesticky posts ante 625.00
bjornironside posts ante 625.00
Skill2Thrill posts ante 625.00
nickarnes posts ante 625.00
bjornironside posts the small blind 2500.00
Skill2Thrill posts the big blind 5000.00
*** HOLE CARDS ***
Main pot 4375.00
Dealt to lipesticky [6c Jd]
nickarnes folds
CAVITENO5635 raises 13438.00 to 13438.00
cokecrusher folds
themadmaxer folds
lipesticky folds
bjornironside folds
Skill2Thrill folds
Uncalled bet (8438.00) returned to CAVITENO5635
CAVITENO5635 does not show
*** SUMMARY ***
Total pot 16875.00
Seat 1: CAVITENO5635 did not show and won 16875.00
Seat 2: cokecrusher folded on the Pre-Flop and did not bet
Seat 3: themadmaxer folded on the Pre-Flop and did not bet
Seat 4: lipesticky folded on the Pre-Flop and did not bet
Seat 6: bjornironside (small blind) folded on the Pre-Flop
Seat 7: Skill2Thrill (big blind) folded on the Pre-Flop
Seat 8: nickarnes folded on the Pre-Flop and did not bet

Game Hand #2025250749 - Tournament #31183390 - Holdem (No Limit) - Level 18 (2500.00/5000.00)- 2024/02/12 16:16:15 UTC
Table '8' 8-max Seat #6 is the button
Seat 1: CAVITENO5635 (217050.00)
Seat 2: cokecrusher (47256.00)
Seat 3: themadmaxer (263587.00)
Seat 4: lipesticky (98725.00)
Seat 5: DrH0use (77870.00)
Seat 6: bjornironside (44675.00)
Seat 7: Skill2Thrill (210427.00) is sitting out
Seat 8: nickarnes (131907.00)
CAVITENO5635 posts ante 625.00
cokecrusher posts ante 625.00
themadmaxer posts ante 625.00
lipesticky posts ante 625.00
DrH0use posts ante 625.00
bjornironside posts ante 625.00
Skill2Thrill posts ante 625.00
nickarnes posts ante 625.00
Skill2Thrill posts the small blind 2500.00
nickarnes posts the big blind 5000.00
*** HOLE CARDS ***
Main pot 5000.00
Dealt to lipesticky [6d 8c]
CAVITENO5635 folds
cokecrusher raises 10000.00 to 10000.00
themadmaxer folds
lipesticky folds
DrH0use folds
bjornironside folds
Skill2Thrill folds
nickarnes folds
Uncalled bet (5000.00) returned to cokecrusher
cokecrusher does not show
*** SUMMARY ***
Total pot 17500.00
Seat 1: CAVITENO5635 folded on the Pre-Flop and did not bet
Seat 2: cokecrusher did not show and won 17500.00
Seat 3: themadmaxer folded on the Pre-Flop and did not bet
Seat 4: lipesticky folded on the Pre-Flop and did not bet
Seat 5: DrH0use folded on the Pre-Flop and did not bet
Seat 6: bjornironside (button) folded on the Pre-Flop
Seat 7: Skill2Thrill (small blind) folded on the Pre-Flop
Seat 8: nickarnes (big blind) folded on the Pre-Flop

Game Hand #2025251084 - Tournament #31183390 - Holdem (No Limit) - Level 18 (2500.00/5000.00)- 2024/02/12 16:16:44 UTC
Table '8' 8-max Seat #7 is the button
Seat 1: CAVITENO5635 (216425.00)
Seat 2: cokecrusher (59131.00)
Seat 3: themadmaxer (262962.00)
Seat 4: lipesticky (98100.00)
Seat 5: DrH0use (77245.00)
Seat 6: bjornironside (44050.00)
Seat 7: Skill2Thrill (207302.00) is sitting out
Seat 8: nickarnes (126282.00)
CAVITENO5635 posts ante 625.00
cokecrusher posts ante 625.00
themadmaxer posts ante 625.00
lipesticky posts ante 625.00
DrH0use posts ante 625.00
bjornironside posts ante 625.00
Skill2Thrill posts ante 625.00
nickarnes posts ante 625.00
nickarnes posts the small blind 2500.00
CAVITENO5635 posts the big blind 5000.00
*** HOLE CARDS ***
Main pot 5000.00
Dealt to lipesticky [6s 4s]
cokecrusher raises 11500.00 to 11500.00
themadmaxer folds
lipesticky folds
DrH0use folds
bjornironside folds
Skill2Thrill folds
nickarnes folds
CAVITENO5635 folds
Uncalled bet (6500.00) returned to cokecrusher
cokecrusher does not show
*** SUMMARY ***
Total pot 17500.00
Seat 1: CAVITENO5635 (big blind) folded on the Pre-Flop
Seat 2: cokecrusher did not show and won 17500.00
Seat 3: themadmaxer folded on the Pre-Flop and did not bet
Seat 4: lipesticky folded on the Pre-Flop and did not bet
Seat 5: DrH0use folded on the Pre-Flop and did not bet
Seat 6: bjornironside folded on the Pre-Flop and did not bet
Seat 7: Skill2Thrill (button) folded on the Pre-Flop
Seat 8: nickarnes (small blind) folded on the Pre-Flop

Game Hand #2025251446 - Tournament #31183390 - Holdem (No Limit) - Level 18 (2500.00/5000.00)- 2024/02/12 16:17:20 UTC
Table '8' 8-max Seat #8 is the button
Seat 1: CAVITENO5635 (210800.00)
Seat 2: cokecrusher (71006.00)
Seat 3: themadmaxer (262337.00)
Seat 4: lipesticky (97475.00)
Seat 5: DrH0use (76620.00)
Seat 6: bjornironside (43425.00)
Seat 7: Skill2Thrill (206677.00) is sitting out
Seat 8: nickarnes (123157.00)
CAVITENO5635 posts ante 625.00
cokecrusher posts ante 625.00
themadmaxer posts ante 625.00
lipesticky posts ante 625.00
DrH0use posts ante 625.00
bjornironside posts ante 625.00
Skill2Thrill posts ante 625.00
nickarnes posts ante 625.00
CAVITENO5635 posts the small blind 2500.00
cokecrusher posts the big blind 5000.00
*** HOLE CARDS ***
Main pot 5000.00
Dealt to lipesticky [2h 5c]
themadmaxer folds
lipesticky folds
DrH0use folds
bjornironside folds
Skill2Thrill folds
nickarnes folds
CAVITENO5635 raises 7500.00 to 10000.00
cokecrusher calls 5000.00
*** FLOP *** [Kc 2d 9h]
Main pot 25000.00
CAVITENO5635 bets 10000.00
cokecrusher calls 10000.00
*** TURN *** [Kc 2d 9h] [6d]
Main pot 45000.00
CAVITENO5635 checks
cokecrusher bets 10800.00
CAVITENO5635 folds
Uncalled bet (10800.00) returned to cokecrusher
cokecrusher does not show
*** SUMMARY ***
Total pot 45000.00
Board [Kc 2d 9h 6d]
Seat 1: CAVITENO5635 (small blind) folded on the Turn
Seat 2: cokecrusher did not show and won 45000.00
Seat 3: themadmaxer folded on the Pre-Flop and did not bet
Seat 4: lipesticky folded on the Pre-Flop and did not bet
Seat 5: DrH0use folded on the Pre-Flop and did not bet
Seat 6: bjornironside folded on the Pre-Flop and did not bet
Seat 7: Skill2Thrill folded on the Pre-Flop and did not bet
Seat 8: nickarnes (button) folded on the Pre-Flop

Game Hand #2025252251 - Tournament #31183390 - Holdem (No Limit) - Level 18 (2500.00/5000.00)- 2024/02/12 16:18:34 UTC
Table '8' 8-max Seat #1 is the button
Seat 1: CAVITENO5635 (190175.00)
Seat 2: cokecrusher (95381.00)
Seat 3: themadmaxer (261712.00)
Seat 4: lipesticky (96850.00)
Seat 5: DrH0use (75995.00)
Seat 6: bjornironside (42800.00)
Seat 7: Skill2Thrill (206052.00) is sitting out
Seat 8: nickarnes (122532.00)
CAVITENO5635 posts ante 625.00
cokecrusher posts ante 625.00
themadmaxer posts ante 625.00
lipesticky posts ante 625.00
DrH0use posts ante 625.00
bjornironside posts ante 625.00
Skill2Thrill posts ante 625.00
nickarnes posts ante 625.00
cokecrusher posts the small blind 2500.00
themadmaxer posts the big blind 5000.00
*** HOLE CARDS ***
Main pot 5000.00
Dealt to lipesticky [5d 3h]
lipesticky folds
DrH0use folds
bjornironside folds
Skill2Thrill folds
nickarnes folds
CAVITENO5635 raises 13750.00 to 13750.00
cokecrusher folds
themadmaxer calls 8750.00
*** FLOP *** [2d Jc 4c]
Main pot 35000.00
themadmaxer checks
CAVITENO5635 checks
*** TURN *** [2d Jc 4c] [9s]
Main pot 35000.00
themadmaxer bets 18200.00
CAVITENO5635 folds
Uncalled bet (18200.00) returned to themadmaxer
themadmaxer does not show
*** SUMMARY ***
Total pot 35000.00
Board [2d Jc 4c 9s]
Seat 1: CAVITENO5635 (button) folded on the Turn
Seat 2: cokecrusher (small blind) folded on the Pre-Flop
Seat 3: themadmaxer did not show and won 35000.00
Seat 4: lipesticky folded on the Pre-Flop and did not bet
Seat 5: DrH0use folded on the Pre-Flop and did not bet
Seat 6: bjornironside folded on the Pre-Flop and did not bet
Seat 7: Skill2Thrill folded on the Pre-Flop and did not bet
Seat 8: nickarnes folded on the Pre-Flop and did not bet

Game Hand #2025252733 - Tournament #31183390 - Holdem (No Limit) - Level 18 (2500.00/5000.00)- 2024/02/12 16:19:18 UTC
Table '8' 8-max Seat #2 is the button
Seat 1: CAVITENO5635 (175800.00)
Seat 2: cokecrusher (92256.00)
Seat 3: themadmaxer (282337.00)
Seat 4: lipesticky (96225.00)
Seat 5: DrH0use (75370.00)
Seat 6: bjornironside (42175.00)
Seat 7: Skill2Thrill (205427.00) is sitting out
Seat 8: nickarnes (121907.00)
CAVITENO5635 posts ante 625.00
cokecrusher posts ante 625.00
themadmaxer posts ante 625.00
lipesticky posts ante 625.00
DrH0use posts ante 625.00
bjornironside posts ante 625.00
Skill2Thrill posts ante 625.00
nickarnes posts ante 625.00
themadmaxer posts the small blind 2500.00
lipesticky posts the big blind 5000.00
*** HOLE CARDS ***
Main pot 5000.00
Dealt to lipesticky [Qd Js]
DrH0use folds
bjornironside raises 41550.00 to 41550.00 and is all-in
Skill2Thrill folds
nickarnes folds
CAVITENO5635 folds
cokecrusher folds
themadmaxer folds
lipesticky folds
Uncalled bet (36550.00) returned to bjornironside
bjornironside does not show
*** SUMMARY ***
Total pot 17500.00
Seat 1: CAVITENO5635 folded on the Pre-Flop and did not bet
Seat 2: cokecrusher (button) folded on the Pre-Flop
Seat 3: themadmaxer (small blind) folded on the Pre-Flop
Seat 4: lipesticky (big blind) folded on the Pre-Flop
Seat 5: DrH0use folded on the Pre-Flop and did not bet
Seat 6: bjornironside did not show and won 17500.00
Seat 7: Skill2Thrill folded on the Pre-Flop and did not bet
Seat 8: nickarnes folded on the Pre-Flop and did not bet

Game Hand #2025253007 - Tournament #31183390 - Holdem (No Limit) - Level 18 (2500.00/5000.00)- 2024/02/12 16:19:43 UTC
Table '8' 8-max Seat #3 is the button
Seat 1: CAVITENO5635 (175175.00)
Seat 2: cokecrusher (91631.00)
Seat 3: themadmaxer (279212.00)
Seat 4: lipesticky (90600.00)
Seat 5: DrH0use (74745.00)
Seat 6: bjornironside (54050.00)
Seat 7: Skill2Thrill (204802.00) is sitting out
Seat 8: nickarnes (121282.00)
CAVITENO5635 posts ante 625.00
cokecrusher posts ante 625.00
themadmaxer posts ante 625.00
lipesticky posts ante 625.00
DrH0use posts ante 625.00
bjornironside posts ante 625.00
Skill2Thrill posts ante 625.00
nickarnes posts ante 625.00
lipesticky posts the small blind 2500.00
DrH0use posts the big blind 5000.00
*** HOLE CARDS ***
Main pot 5000.00
Dealt to lipesticky [Td 9h]
bjornironside folds
Skill2Thrill folds
nickarnes folds
CAVITENO5635 folds
cokecrusher folds
themadmaxer raises 10000.00 to 10000.00
lipesticky folds
DrH0use raises 69120.00 to 74120.00 and is all-in
themadmaxer folds
Uncalled bet (64120.00) returned to DrH0use
DrH0use does not show
*** SUMMARY ***
Total pot 27500.00
Seat 1: CAVITENO5635 folded on the Pre-Flop and did not bet
Seat 2: cokecrusher folded on the Pre-Flop and did not bet
Seat 3: themadmaxer (button) folded on the Pre-Flop
Seat 4: lipesticky (small blind) folded on the Pre-Flop
Seat 5: DrH0use did not show and won 27500.00
Seat 6: bjornironside folded on the Pre-Flop and did not bet
Seat 7: Skill2Thrill folded on the Pre-Flop and did not bet
Seat 8: nickarnes folded on the Pre-Flop and did not bet

Game Hand #2025253602 - Tournament #31183390 - Holdem (No Limit) - Level 18 (2500.00/5000.00)- 2024/02/12 16:20:34 UTC
Table '8' 8-max Seat #4 is the button
Seat 1: CAVITENO5635 (174550.00)
Seat 2: cokecrusher (91006.00)
Seat 3: themadmaxer (268587.00)
Seat 4: lipesticky (87475.00)
Seat 5: DrH0use (91620.00)
Seat 6: bjornironside (53425.00)
Seat 7: Skill2Thrill (204177.00) is sitting out
Seat 8: nickarnes (120657.00)
CAVITENO5635 posts ante 625.00
cokecrusher posts ante 625.00
themadmaxer posts ante 625.00
lipesticky posts ante 625.00
DrH0use posts ante 625.00
bjornironside posts ante 625.00
Skill2Thrill posts ante 625.00
nickarnes posts ante 625.00
DrH0use posts the small blind 2500.00
bjornironside posts the big blind 5000.00
*** HOLE CARDS ***
Main pot 5000.00
Dealt to lipesticky [7c 9c]
Skill2Thrill folds
nickarnes folds
CAVITENO5635 folds
cokecrusher raises 11500.00 to 11500.00
themadmaxer folds
lipesticky folds
DrH0use folds
bjornironside folds
Uncalled bet (6500.00) returned to cokecrusher
cokecrusher does not show
*** SUMMARY ***
Total pot 17500.00
Seat 1: CAVITENO5635 folded on the Pre-Flop and did not bet
Seat 2: cokecrusher did not show and won 17500.00
Seat 3: themadmaxer folded on the Pre-Flop and did not bet
Seat 4: lipesticky (button) folded on the Pre-Flop
Seat 5: DrH0use (small blind) folded on the Pre-Flop
Seat 6: bjornironside (big blind) folded on the Pre-Flop
Seat 7: Skill2Thrill folded on the Pre-Flop and did not bet
Seat 8: nickarnes folded on the Pre-Flop and did not bet

Game Hand #2025253979 - Tournament #31183390 - Holdem (No Limit) - Level 18 (2500.00/5000.00)- 2024/02/12 16:21:06 UTC
Table '8' 8-max Seat #5 is the button
Seat 1: CAVITENO5635 (173925.00)
Seat 2: cokecrusher (102881.00)
Seat 3: themadmaxer (267962.00)
Seat 4: lipesticky (86850.00)
Seat 5: DrH0use (88495.00)
Seat 6: bjornironside (47800.00)
Seat 7: Skill2Thrill (203552.00) is sitting out
Seat 8: nickarnes (120032.00)
CAVITENO5635 posts ante 625.00
cokecrusher posts ante 625.00
themadmaxer posts ante 625.00
lipesticky posts ante 625.00
DrH0use posts ante 625.00
bjornironside posts ante 625.00
Skill2Thrill posts ante 625.00
nickarnes posts ante 625.00
bjornironside posts the small blind 2500.00
Skill2Thrill posts the big blind 5000.00
*** HOLE CARDS ***
Main pot 5000.00
Dealt to lipesticky [8s 2s]
nickarnes folds
CAVITENO5635 folds
cokecrusher folds
themadmaxer raises 10000.00 to 10000.00
lipesticky folds
DrH0use raises 87870.00 to 87870.00 and is all-in
bjornironside folds
Skill2Thrill folds
themadmaxer calls 77870.00
*** FLOP *** [3h Th 4d]
Main pot 188240.00
*** TURN *** [3h Th 4d] [7h]
Main pot 188240.00
*** RIVER *** [3h Th 4d 7h] [5c]
Main pot 188240.00
*** SHOW DOWN ***
Main pot 188240.00
themadmaxer shows [Ks As] (a high card, Ace high [As Ks Th 7h 5c])
DrH0use shows [Ah Jc] (a high card, Ace high [Ah Jc Th 7h 5c])
themadmaxer collected 188240.00 from main pot
*** SUMMARY ***
Total pot 188240.00
Board [3h Th 4d 7h 5c]
Seat 1: CAVITENO5635 folded on the Pre-Flop and did not bet
Seat 2: cokecrusher folded on the Pre-Flop and did not bet
Seat 3: themadmaxer showed [Ks As] and won 188240.00 with a high card, Ace high [As Ks Th 7h 5c] with the kicker King
Seat 4: lipesticky folded on the Pre-Flop and did not bet
Seat 5: DrH0use (button) showed [Ah Jc] and lost with a high card, Ace high [Ah Jc Th 7h 5c]
Seat 6: bjornironside (small blind) folded on the Pre-Flop
Seat 7: Skill2Thrill (big blind) folded on the Pre-Flop
Seat 8: nickarnes folded on the Pre-Flop and did not bet

