Winamax Poker - Tournament "CRUNCH" buyIn: 18€ + 2€ level: 1 - HandId: #4127088655170797581-2-1754223308 - Holdem no limit (25/100/200) - 2025/08/03 12:15:08 UTC
Table: 'CRUNCH(960912708)#012' 6-max (real money) Seat #4 is the button
Seat 1: iCantGoBack (20000, 9€ bounty)
Seat 2: Mr.N0body (20000, 9€ bounty)
Seat 3: Eunoia (22000, 9€ bounty)
Seat 4: CeIestial (8556, 9€ bounty)
Seat 5: 100patAAtes- (24109, 9€ bounty)
Seat 6: Epimone (25319, 9€ bounty)
*** ANTE/BLINDS ***
Epimone posts ante 25
iCantGoBack posts ante 25
Mr.N0body posts ante 25
Eunoia posts ante 25
CeIestial posts ante 25
Epimone posts small blind 100
iCantGoBack posts big blind 200
Dealt to iCantGoBack [4d 2c]
*** PRE-FLOP *** 
Mr.N0body folds
Eunoia raises 200 to 400
CeIestial folds
Epimone folds
iCantGoBack calls 200
*** FLOP *** [2s Kc As]
iCantGoBack checks
Eunoia bets 300
iCantGoBack raises 763 to 1063
Eunoia calls 763
*** TURN *** [2s Kc As][Th]
iCantGoBack checks
Eunoia bets 2000
iCantGoBack folds
Eunoia collected 5151 from pot
*** SUMMARY ***
Total pot 5151 | No rake
Board: [2s Kc As Th]
Seat 3: Eunoia won 5151


Winamax Poker - Tournament "CRUNCH" buyIn: 18€ + 2€ level: 1 - HandId: #4127088655170797581-3-1754223377 - Holdem no limit (25/100/200) - 2025/08/03 12:16:17 UTC
Table: 'CRUNCH(960912708)#012' 6-max (real money) Seat #6 is the button
Seat 1: iCantGoBack (18512, 9€ bounty)
Seat 2: Mr.N0body (19975, 9€ bounty)
Seat 3: Eunoia (23663, 9€ bounty)
Seat 4: CeIestial (8531, 9€ bounty)
Seat 5: 100patAAtes- (24109, 9€ bounty)
Seat 6: Epimone (25194, 9€ bounty)
*** ANTE/BLINDS ***
iCantGoBack posts ante 25
Mr.N0body posts ante 25
Eunoia posts ante 25
CeIestial posts ante 25
100patAAtes- posts ante 25
Epimone posts ante 25
iCantGoBack posts small blind 100
Mr.N0body posts big blind 200
Dealt to iCantGoBack [Ah Qs]
*** PRE-FLOP *** 
Eunoia raises 200 to 400
CeIestial folds
100patAAtes- folds
Epimone folds
iCantGoBack raises 1250 to 1650
Mr.N0body folds
Eunoia folds
iCantGoBack collected 2400 from pot
*** SUMMARY ***
Total pot 2400 | No rake
Seat 1: iCantGoBack (small blind) won 2400


Winamax Poker - Tournament "CRUNCH" buyIn: 18€ + 2€ level: 1 - HandId: #4127088655170797581-4-1754223412 - Holdem no limit (25/100/200) - 2025/08/03 12:16:52 UTC
Table: 'CRUNCH(960912708)#012' 6-max (real money) Seat #1 is the button
Seat 1: iCantGoBack (19237, 9€ bounty)
Seat 2: Mr.N0body (19750, 9€ bounty)
Seat 3: Eunoia (23238, 9€ bounty)
Seat 4: CeIestial (8506, 9€ bounty)
Seat 5: 100patAAtes- (24084, 9€ bounty)
Seat 6: Epimone (25169, 9€ bounty)
*** ANTE/BLINDS ***
Mr.N0body posts ante 25
Eunoia posts ante 25
iCantGoBack posts ante 25
CeIestial posts ante 25
100patAAtes- posts ante 25
Epimone posts ante 25
Mr.N0body posts small blind 100
Eunoia posts big blind 200
Dealt to iCantGoBack [3s 4d]
*** PRE-FLOP *** 
CeIestial folds
100patAAtes- folds
Epimone folds
iCantGoBack folds
Mr.N0body calls 100
Eunoia checks
*** FLOP *** [3c 9c Qd]
Mr.N0body bets 200
Eunoia calls 200
*** TURN *** [3c 9c Qd][Qs]
Mr.N0body checks
Eunoia bets 500
Mr.N0body folds
Eunoia collected 1450 from pot
*** SUMMARY ***
Total pot 1450 | No rake
Board: [3c 9c Qd Qs]
Seat 3: Eunoia (big blind) won 1450


Winamax Poker - Tournament "CRUNCH" buyIn: 18€ + 2€ level: 1 - HandId: #4127088655170797581-5-1754223465 - Holdem no limit (25/100/200) - 2025/08/03 12:17:45 UTC
Table: 'CRUNCH(960912708)#012' 6-max (real money) Seat #2 is the button
Seat 1: iCantGoBack (19212, 9€ bounty)
Seat 2: Mr.N0body (19325, 9€ bounty)
Seat 3: Eunoia (23763, 9€ bounty)
Seat 4: CeIestial (8481, 9€ bounty)
Seat 5: 100patAAtes- (24059, 9€ bounty)
Seat 6: Epimone (25144, 9€ bounty)
*** ANTE/BLINDS ***
Eunoia posts ante 25
CeIestial posts ante 25
iCantGoBack posts ante 25
Mr.N0body posts ante 25
100patAAtes- posts ante 25
Epimone posts ante 25
Eunoia posts small blind 100
CeIestial posts big blind 200
Dealt to iCantGoBack [8h Js]
*** PRE-FLOP *** 
100patAAtes- folds
Epimone folds
iCantGoBack folds
Mr.N0body raises 300 to 500
Eunoia folds
CeIestial raises 1200 to 1700
Mr.N0body raises 17600 to 19300 and is all-in
CeIestial folds
Mr.N0body collected 21250 from pot
*** SUMMARY ***
Total pot 21250 | No rake
Seat 2: Mr.N0body (button) won 21250


Winamax Poker - Tournament "CRUNCH" buyIn: 18€ + 2€ level: 1 - HandId: #4127088655170797581-6-1754223532 - Holdem no limit (25/100/200) - 2025/08/03 12:18:52 UTC
Table: 'CRUNCH(960912708)#012' 6-max (real money) Seat #3 is the button
Seat 1: iCantGoBack (19187, 9€ bounty)
Seat 2: Mr.N0body (21250, 9€ bounty)
Seat 3: Eunoia (23638, 9€ bounty)
Seat 4: CeIestial (6756, 9€ bounty)
Seat 5: 100patAAtes- (24034, 9€ bounty)
Seat 6: Epimone (25119, 9€ bounty)
*** ANTE/BLINDS ***
CeIestial posts ante 25
100patAAtes- posts ante 25
iCantGoBack posts ante 25
Mr.N0body posts ante 25
Eunoia posts ante 25
Epimone posts ante 25
CeIestial posts small blind 100
100patAAtes- posts big blind 200
Dealt to iCantGoBack [4c 8c]
*** PRE-FLOP *** 
Epimone raises 300 to 500
iCantGoBack folds
Mr.N0body raises 1000 to 1500
Eunoia folds
CeIestial folds
100patAAtes- folds
Epimone folds
Mr.N0body collected 2450 from pot
*** SUMMARY ***
Total pot 2450 | No rake
Seat 2: Mr.N0body won 2450


Winamax Poker - Tournament "CRUNCH" buyIn: 18€ + 2€ level: 1 - HandId: #4127088655170797581-7-1754223569 - Holdem no limit (25/100/200) - 2025/08/03 12:19:29 UTC
Table: 'CRUNCH(960912708)#012' 6-max (real money) Seat #4 is the button
Seat 1: iCantGoBack (19162, 9€ bounty)
Seat 2: Mr.N0body (22175, 9€ bounty)
Seat 3: Eunoia (23613, 9€ bounty)
Seat 4: CeIestial (6631, 9€ bounty)
Seat 5: 100patAAtes- (23809, 9€ bounty)
Seat 6: Epimone (24594, 9€ bounty)
*** ANTE/BLINDS ***
100patAAtes- posts ante 25
Epimone posts ante 25
iCantGoBack posts ante 25
Mr.N0body posts ante 25
Eunoia posts ante 25
CeIestial posts ante 25
100patAAtes- posts small blind 100
Epimone posts big blind 200
Dealt to iCantGoBack [Qd Td]
*** PRE-FLOP *** 
iCantGoBack raises 200 to 400
Mr.N0body raises 1000 to 1400
Eunoia folds
CeIestial folds
100patAAtes- calls 1300
Epimone folds
iCantGoBack calls 1000
*** FLOP *** [3d Qs 5d]
100patAAtes- checks
iCantGoBack checks
Mr.N0body bets 1365
100patAAtes- calls 1365
iCantGoBack raises 3640 to 5005
Mr.N0body raises 15745 to 20750 and is all-in
100patAAtes- folds
iCantGoBack calls 12732 and is all-in
*** TURN *** [3d Qs 5d][5s]
*** RIVER *** [3d Qs 5d 5s][9c]
*** SHOW DOWN ***
iCantGoBack shows [Qd Td] (Two pairs : Queens and 5)
Mr.N0body shows [Kd Kc] (Two pairs : Kings and 5)
Mr.N0body collected 44402 from pot
*** SUMMARY ***
Total pot 44402 | No rake
Board: [3d Qs 5d 5s 9c]
Seat 1: iCantGoBack showed [Qd Td] and lost with Two pairs : Queens and 5
Seat 2: Mr.N0body showed [Kd Kc] and won 44402 with Two pairs : Kings and 5


