Winamax Poker - Tournament "CLASH" buyIn: 18€ + 2€ level: 1 - HandId: #4127088698120470545-21-1754230994 - Holdem no limit (25/100/200) - 2025/08/03 14:23:14 UTC
Table: 'CLASH(960912718)#016' 6-max (real money) Seat #5 is the button
Seat 1: Enaifos (21338, 9€ bounty)
Seat 2: mood swings (19812, 9€ bounty)
Seat 3: hadron40 (6596, 9€ bounty)
Seat 4: iCantGoBack (20000, 9€ bounty)
Seat 5: _BRISCARD (38770, 13.50€ bounty)
Seat 6: Uncle Draw (42340, 9€ bounty)
*** ANTE/BLINDS ***
Uncle Draw posts ante 25
Enaifos posts ante 25
mood swings posts ante 25
hadron40 posts ante 25
iCantGoBack posts ante 25
_BRISCARD posts ante 25
Uncle Draw posts small blind 100
Enaifos posts big blind 200
Dealt to iCantGoBack [Jd 2c]
*** PRE-FLOP *** 
mood swings folds
hadron40 raises 200 to 400
iCantGoBack folds
_BRISCARD folds
Uncle Draw calls 300
Enaifos calls 200
*** FLOP *** [Kh Qs 7s]
Uncle Draw checks
Enaifos checks
hadron40 bets 473
Uncle Draw calls 473
Enaifos folds
*** TURN *** [Kh Qs 7s][5h]
Uncle Draw checks
hadron40 bets 1148
Uncle Draw calls 1148
*** RIVER *** [Kh Qs 7s 5h][6s]
Uncle Draw checks
hadron40 bets 2985
Uncle Draw folds
hadron40 collected 7577 from pot
*** SUMMARY ***
Total pot 7577 | No rake
Board: [Kh Qs 7s 5h 6s]
Seat 3: hadron40 won 7577


Winamax Poker - Tournament "CLASH" buyIn: 18€ + 2€ level: 1 - HandId: #4127088698120470545-22-1754231086 - Holdem no limit (25/100/200) - 2025/08/03 14:24:46 UTC
Table: 'CLASH(960912718)#016' 6-max (real money) Seat #6 is the button
Seat 1: Enaifos (20913, 9€ bounty)
Seat 2: mood swings (19787, 9€ bounty)
Seat 3: hadron40 (9142, 9€ bounty)
Seat 4: iCantGoBack (19975, 9€ bounty)
Seat 5: _BRISCARD (38745, 13.50€ bounty)
Seat 6: Uncle Draw (40294, 9€ bounty)
*** ANTE/BLINDS ***
Enaifos posts ante 25
mood swings posts ante 25
hadron40 posts ante 25
iCantGoBack posts ante 25
_BRISCARD posts ante 25
Uncle Draw posts ante 25
Enaifos posts small blind 100
mood swings posts big blind 200
Dealt to iCantGoBack [Jh Js]
*** PRE-FLOP *** 
hadron40 folds
iCantGoBack raises 200 to 400
_BRISCARD folds
Uncle Draw folds
Enaifos folds
mood swings calls 200
*** FLOP *** [2s As Ac]
mood swings checks
iCantGoBack bets 200
mood swings folds
iCantGoBack collected 1250 from pot
*** SUMMARY ***
Total pot 1250 | No rake
Board: [2s As Ac]
Seat 4: iCantGoBack won 1250


Winamax Poker - Tournament "CLASH" buyIn: 18€ + 2€ level: 2 - HandId: #4127088698120470545-23-1754231135 - Holdem no limit (30/125/250) - 2025/08/03 14:25:35 UTC
Table: 'CLASH(960912718)#016' 6-max (real money) Seat #1 is the button
Seat 1: Enaifos (20788, 9€ bounty)
Seat 2: mood swings (19362, 9€ bounty)
Seat 3: hadron40 (9117, 9€ bounty)
Seat 4: iCantGoBack (20600, 9€ bounty)
Seat 5: _BRISCARD (38720, 13.50€ bounty)
Seat 6: Uncle Draw (40269, 9€ bounty)
*** ANTE/BLINDS ***
mood swings posts ante 30
hadron40 posts ante 30
Enaifos posts ante 30
iCantGoBack posts ante 30
_BRISCARD posts ante 30
Uncle Draw posts ante 30
mood swings posts small blind 125
hadron40 posts big blind 250
Dealt to iCantGoBack [2c 8s]
*** PRE-FLOP *** 
iCantGoBack folds
_BRISCARD raises 300 to 550
Uncle Draw folds
Enaifos folds
mood swings folds
hadron40 folds
_BRISCARD collected 1105 from pot
*** SUMMARY ***
Total pot 1105 | No rake
Seat 5: _BRISCARD won 1105


Winamax Poker - Tournament "CLASH" buyIn: 18€ + 2€ level: 2 - HandId: #4127088698120470545-24-1754231156 - Holdem no limit (30/125/250) - 2025/08/03 14:25:56 UTC
Table: 'CLASH(960912718)#016' 6-max (real money) Seat #2 is the button
Seat 1: Enaifos (20758, 9€ bounty)
Seat 2: mood swings (19207, 9€ bounty)
Seat 3: hadron40 (8837, 9€ bounty)
Seat 4: iCantGoBack (20570, 9€ bounty)
Seat 5: _BRISCARD (39245, 13.50€ bounty)
Seat 6: Uncle Draw (40239, 9€ bounty)
*** ANTE/BLINDS ***
hadron40 posts ante 30
iCantGoBack posts ante 30
Enaifos posts ante 30
mood swings posts ante 30
_BRISCARD posts ante 30
Uncle Draw posts ante 30
hadron40 posts small blind 125
iCantGoBack posts big blind 250
Dealt to iCantGoBack [4s 2d]
*** PRE-FLOP *** 
_BRISCARD folds
Uncle Draw folds
Enaifos folds
mood swings folds
hadron40 calls 125
iCantGoBack checks
*** FLOP *** [6c 3s 4c]
hadron40 checks
iCantGoBack checks
*** TURN *** [6c 3s 4c][9d]
hadron40 checks
iCantGoBack checks
*** RIVER *** [6c 3s 4c 9d][7s]
hadron40 checks
iCantGoBack checks
*** SHOW DOWN ***
hadron40 shows [Ah 2h] (High card : Ace)
iCantGoBack shows [4s 2d] (One pair : 4)
iCantGoBack collected 680 from pot
*** SUMMARY ***
Total pot 680 | No rake
Board: [6c 3s 4c 9d 7s]
Seat 3: hadron40 (small blind) showed [Ah 2h] and lost with High card : Ace
Seat 4: iCantGoBack (big blind) showed [4s 2d] and won 680 with One pair : 4


Winamax Poker - Tournament "CLASH" buyIn: 18€ + 2€ level: 2 - HandId: #4127088698120470545-25-1754231225 - Holdem no limit (30/125/250) - 2025/08/03 14:27:05 UTC
Table: 'CLASH(960912718)#016' 6-max (real money) Seat #3 is the button
Seat 1: Enaifos (20728, 9€ bounty)
Seat 2: mood swings (19177, 9€ bounty)
Seat 3: hadron40 (8557, 9€ bounty)
Seat 4: iCantGoBack (20970, 9€ bounty)
Seat 5: _BRISCARD (39215, 13.50€ bounty)
Seat 6: Uncle Draw (40209, 9€ bounty)
*** ANTE/BLINDS ***
iCantGoBack posts ante 30
_BRISCARD posts ante 30
Enaifos posts ante 30
mood swings posts ante 30
hadron40 posts ante 30
Uncle Draw posts ante 30
iCantGoBack posts small blind 125
_BRISCARD posts big blind 250
Dealt to iCantGoBack [Qs 2d]
*** PRE-FLOP *** 
Uncle Draw folds
Enaifos folds
mood swings folds
hadron40 folds
iCantGoBack folds
_BRISCARD collected 555 from pot
*** SUMMARY ***
Total pot 555 | No rake
Seat 5: _BRISCARD (big blind) won 555


Winamax Poker - Tournament "CLASH" buyIn: 18€ + 2€ level: 2 - HandId: #4127088698120470545-26-1754231240 - Holdem no limit (30/125/250) - 2025/08/03 14:27:20 UTC
Table: 'CLASH(960912718)#016' 6-max (real money) Seat #4 is the button
Seat 1: Enaifos (20698, 9€ bounty)
Seat 2: mood swings (19147, 9€ bounty)
Seat 3: hadron40 (8527, 9€ bounty)
Seat 4: iCantGoBack (20815, 9€ bounty)
Seat 5: _BRISCARD (39490, 13.50€ bounty)
Seat 6: Uncle Draw (40179, 9€ bounty)
*** ANTE/BLINDS ***
_BRISCARD posts ante 30
Uncle Draw posts ante 30
Enaifos posts ante 30
mood swings posts ante 30
hadron40 posts ante 30
iCantGoBack posts ante 30
_BRISCARD posts small blind 125
Uncle Draw posts big blind 250
Dealt to iCantGoBack [8s Tc]
*** PRE-FLOP *** 
Enaifos raises 375 to 625
mood swings folds
hadron40 folds
iCantGoBack folds
_BRISCARD calls 500
Uncle Draw folds
*** FLOP *** [Ts 3h Ah]
_BRISCARD checks
Enaifos bets 554
_BRISCARD raises 1117 to 1671
Enaifos calls 1117
*** TURN *** [Ts 3h Ah][6d]
_BRISCARD checks
Enaifos bets 3365
_BRISCARD calls 3365
*** RIVER *** [Ts 3h Ah 6d][4s]
_BRISCARD checks
Enaifos bets 15007 and is all-in
_BRISCARD folds
Enaifos collected 26759 from pot
*** SUMMARY ***
Total pot 26759 | No rake
Board: [Ts 3h Ah 6d 4s]
Seat 1: Enaifos won 26759


Winamax Poker - Tournament "CLASH" buyIn: 18€ + 2€ level: 2 - HandId: #4127088698120470545-27-1754231301 - Holdem no limit (30/125/250) - 2025/08/03 14:28:21 UTC
Table: 'CLASH(960912718)#016' 6-max (real money) Seat #5 is the button
Seat 1: Enaifos (26759, 9€ bounty)
Seat 2: mood swings (19117, 9€ bounty)
Seat 3: hadron40 (8497, 9€ bounty)
Seat 4: iCantGoBack (20785, 9€ bounty)
Seat 5: _BRISCARD (33799, 13.50€ bounty)
Seat 6: Uncle Draw (39899, 9€ bounty)
*** ANTE/BLINDS ***
Uncle Draw posts ante 30
Enaifos posts ante 30
mood swings posts ante 30
hadron40 posts ante 30
iCantGoBack posts ante 30
_BRISCARD posts ante 30
Uncle Draw posts small blind 125
Enaifos posts big blind 250
Dealt to iCantGoBack [5c 9s]
*** PRE-FLOP *** 
mood swings folds
hadron40 folds
iCantGoBack folds
_BRISCARD folds
Uncle Draw calls 125
Enaifos checks
*** FLOP *** [9d Qh 6d]
Uncle Draw checks
Enaifos checks
*** TURN *** [9d Qh 6d][9c]
Uncle Draw bets 250
Enaifos folds
Uncle Draw collected 930 from pot
*** SUMMARY ***
Total pot 930 | No rake
Board: [9d Qh 6d 9c]
Seat 6: Uncle Draw (small blind) won 930


Winamax Poker - Tournament "CLASH" buyIn: 18€ + 2€ level: 2 - HandId: #4127088698120470545-28-1754231375 - Holdem no limit (30/125/250) - 2025/08/03 14:29:35 UTC
Table: 'CLASH(960912718)#016' 6-max (real money) Seat #6 is the button
Seat 1: Enaifos (26479, 9€ bounty)
Seat 2: mood swings (19087, 9€ bounty)
Seat 3: hadron40 (8467, 9€ bounty)
Seat 4: iCantGoBack (20755, 9€ bounty)
Seat 5: _BRISCARD (33769, 13.50€ bounty)
Seat 6: Uncle Draw (40299, 9€ bounty)
*** ANTE/BLINDS ***
Enaifos posts ante 30
mood swings posts ante 30
hadron40 posts ante 30
iCantGoBack posts ante 30
_BRISCARD posts ante 30
Uncle Draw posts ante 30
Enaifos posts small blind 125
mood swings posts big blind 250
Dealt to iCantGoBack [Kh 7c]
*** PRE-FLOP *** 
hadron40 folds
iCantGoBack folds
_BRISCARD raises 300 to 550
Uncle Draw raises 1700 to 2250
Enaifos folds
mood swings folds
_BRISCARD folds
Uncle Draw collected 3355 from pot
*** SUMMARY ***
Total pot 3355 | No rake
Seat 6: Uncle Draw (button) won 3355


Winamax Poker - Tournament "CLASH" buyIn: 18€ + 2€ level: 3 - HandId: #4127088698120470545-29-1754231401 - Holdem no limit (35/150/300) - 2025/08/03 14:30:01 UTC
Table: 'CLASH(960912718)#016' 6-max (real money) Seat #1 is the button
Seat 1: Enaifos (26324, 9€ bounty)
Seat 2: mood swings (18807, 9€ bounty)
Seat 3: hadron40 (8437, 9€ bounty)
Seat 4: iCantGoBack (20725, 9€ bounty)
Seat 5: _BRISCARD (33189, 13.50€ bounty)
Seat 6: Uncle Draw (41374, 9€ bounty)
*** ANTE/BLINDS ***
mood swings posts ante 35
hadron40 posts ante 35
Enaifos posts ante 35
iCantGoBack posts ante 35
_BRISCARD posts ante 35
Uncle Draw posts ante 35
mood swings posts small blind 150
hadron40 posts big blind 300
Dealt to iCantGoBack [Ts 9s]
*** PRE-FLOP *** 
iCantGoBack raises 300 to 600
_BRISCARD folds
Uncle Draw folds
Enaifos folds
mood swings folds
hadron40 folds
iCantGoBack collected 1260 from pot
*** SUMMARY ***
Total pot 1260 | No rake
Seat 4: iCantGoBack won 1260


Winamax Poker - Tournament "CLASH" buyIn: 18€ + 2€ level: 3 - HandId: #4127088698120470545-30-1754231423 - Holdem no limit (35/150/300) - 2025/08/03 14:30:23 UTC
Table: 'CLASH(960912718)#016' 6-max (real money) Seat #2 is the button
Seat 1: Enaifos (26289, 9€ bounty)
Seat 2: mood swings (18622, 9€ bounty)
Seat 3: hadron40 (8102, 9€ bounty)
Seat 4: iCantGoBack (21350, 9€ bounty)
Seat 5: _BRISCARD (33154, 13.50€ bounty)
Seat 6: Uncle Draw (41339, 9€ bounty)
*** ANTE/BLINDS ***
hadron40 posts ante 35
iCantGoBack posts ante 35
Enaifos posts ante 35
mood swings posts ante 35
_BRISCARD posts ante 35
Uncle Draw posts ante 35
hadron40 posts small blind 150
iCantGoBack posts big blind 300
Dealt to iCantGoBack [2s 2c]
*** PRE-FLOP *** 
_BRISCARD raises 360 to 660
Uncle Draw folds
Enaifos calls 660
mood swings folds
hadron40 folds
iCantGoBack calls 360
*** FLOP *** [Js 4s 9c]
iCantGoBack checks
_BRISCARD bets 1170
Enaifos folds
iCantGoBack folds
_BRISCARD collected 3510 from pot
*** SUMMARY ***
Total pot 3510 | No rake
Board: [Js 4s 9c]
Seat 5: _BRISCARD won 3510


Winamax Poker - Tournament "CLASH" buyIn: 18€ + 2€ level: 3 - HandId: #4127088698120470545-31-1754231464 - Holdem no limit (35/150/300) - 2025/08/03 14:31:04 UTC
Table: 'CLASH(960912718)#016' 6-max (real money) Seat #3 is the button
Seat 1: Enaifos (25594, 9€ bounty)
Seat 2: mood swings (18587, 9€ bounty)
Seat 3: hadron40 (7917, 9€ bounty)
Seat 4: iCantGoBack (20655, 9€ bounty)
Seat 5: _BRISCARD (34799, 13.50€ bounty)
Seat 6: Uncle Draw (41304, 9€ bounty)
*** ANTE/BLINDS ***
iCantGoBack posts ante 35
_BRISCARD posts ante 35
Enaifos posts ante 35
mood swings posts ante 35
hadron40 posts ante 35
Uncle Draw posts ante 35
iCantGoBack posts small blind 150
_BRISCARD posts big blind 300
Dealt to iCantGoBack [Ad 6c]
*** PRE-FLOP *** 
Uncle Draw folds
Enaifos folds
mood swings folds
hadron40 raises 300 to 600
iCantGoBack raises 1350 to 1950
_BRISCARD calls 1650
hadron40 raises 2925 to 4875
iCantGoBack folds
_BRISCARD calls 2925
*** FLOP *** [Ts 2d 6h]
_BRISCARD checks
hadron40 bets 3007 and is all-in
_BRISCARD calls 3007
*** TURN *** [Ts 2d 6h][9c]
*** RIVER *** [Ts 2d 6h 9c][Kh]
*** SHOW DOWN ***
hadron40 shows [8c Tc] (One pair : Tens)
_BRISCARD shows [Kd Qd] (One pair : Kings)
_BRISCARD collected 17924 from pot
*** SUMMARY ***
Total pot 17924 | No rake
Board: [Ts 2d 6h 9c Kh]
Seat 3: hadron40 (button) showed [8c Tc] and lost with One pair : Tens
Seat 5: _BRISCARD (big blind) showed [Kd Qd] and won 17924 with One pair : Kings


Winamax Poker - Tournament "CLASH" buyIn: 18€ + 2€ level: 3 - HandId: #4127088698120470545-32-1754231531 - Holdem no limit (35/150/300) - 2025/08/03 14:32:11 UTC
Table: 'CLASH(960912718)#016' 6-max (real money) Seat #4 is the button
Seat 1: Enaifos (25559, 9€ bounty)
Seat 2: mood swings (18552, 9€ bounty)
Seat 4: iCantGoBack (18670, 9€ bounty)
Seat 5: _BRISCARD (44806, 18€ bounty)
Seat 6: Uncle Draw (41269, 9€ bounty)
*** ANTE/BLINDS ***
_BRISCARD posts ante 35
Uncle Draw posts ante 35
Enaifos posts ante 35
mood swings posts ante 35
iCantGoBack posts ante 35
_BRISCARD posts small blind 150
Uncle Draw posts big blind 300
Dealt to iCantGoBack [6d 5d]
*** PRE-FLOP *** 
Enaifos folds
mood swings folds
iCantGoBack raises 300 to 600
_BRISCARD folds
Uncle Draw calls 300
*** FLOP *** [2d Ad 2s]
Uncle Draw checks
iCantGoBack bets 381
Uncle Draw calls 381
*** TURN *** [2d Ad 2s][Qc]
Uncle Draw checks
iCantGoBack bets 1205
Uncle Draw calls 1205
*** RIVER *** [2d Ad 2s Qc][4c]
Uncle Draw checks
iCantGoBack checks
*** SHOW DOWN ***
iCantGoBack shows [6d 5d] (One pair : 2)
Uncle Draw shows [Jd Td] (One pair : 2)
Uncle Draw collected 4697 from pot
*** SUMMARY ***
Total pot 4697 | No rake
Board: [2d Ad 2s Qc 4c]
Seat 4: iCantGoBack (button) showed [6d 5d] and lost with One pair : 2
Seat 6: Uncle Draw (big blind) showed [Jd Td] and won 4697 with One pair : 2


Winamax Poker - Tournament "CLASH" buyIn: 18€ + 2€ level: 3 - HandId: #4127088698120470545-33-1754231587 - Holdem no limit (35/150/300) - 2025/08/03 14:33:07 UTC
Table: 'CLASH(960912718)#016' 6-max (real money) Seat #5 is the button
Seat 1: Enaifos (25524, 9€ bounty)
Seat 2: mood swings (18517, 9€ bounty)
Seat 4: iCantGoBack (16449, 9€ bounty)
Seat 5: _BRISCARD (44621, 18€ bounty)
Seat 6: Uncle Draw (43745, 9€ bounty)
*** ANTE/BLINDS ***
Uncle Draw posts ante 35
Enaifos posts ante 35
mood swings posts ante 35
iCantGoBack posts ante 35
_BRISCARD posts ante 35
Uncle Draw posts small blind 150
Enaifos posts big blind 300
Dealt to iCantGoBack [3d Jc]
*** PRE-FLOP *** 
mood swings folds
iCantGoBack folds
_BRISCARD folds
Uncle Draw calls 150
Enaifos checks
*** FLOP *** [8s 6c As]
Uncle Draw bets 300
Enaifos calls 300
*** TURN *** [8s 6c As][Ah]
Uncle Draw checks
Enaifos checks
*** RIVER *** [8s 6c As Ah][8d]
Uncle Draw checks
Enaifos bets 1100
Uncle Draw folds
Enaifos collected 2475 from pot
*** SUMMARY ***
Total pot 2475 | No rake
Board: [8s 6c As Ah 8d]
Seat 1: Enaifos (big blind) won 2475


Winamax Poker - Tournament "CLASH" buyIn: 18€ + 2€ level: 3 - HandId: #4127088698120470545-34-1754231649 - Holdem no limit (35/150/300) - 2025/08/03 14:34:09 UTC
Table: 'CLASH(960912718)#016' 6-max (real money) Seat #6 is the button
Seat 1: Enaifos (26264, 9€ bounty)
Seat 2: mood swings (18482, 9€ bounty)
Seat 4: iCantGoBack (16414, 9€ bounty)
Seat 5: _BRISCARD (44586, 18€ bounty)
Seat 6: Uncle Draw (43110, 9€ bounty)
*** ANTE/BLINDS ***
Enaifos posts ante 35
mood swings posts ante 35
iCantGoBack posts ante 35
_BRISCARD posts ante 35
Uncle Draw posts ante 35
Enaifos posts small blind 150
mood swings posts big blind 300
Dealt to iCantGoBack [3c 4h]
*** PRE-FLOP *** 
iCantGoBack folds
_BRISCARD folds
Uncle Draw raises 450 to 750
Enaifos raises 2250 to 3000
mood swings folds
Uncle Draw folds
Enaifos collected 4225 from pot
*** SUMMARY ***
Total pot 4225 | No rake
Seat 1: Enaifos (small blind) won 4225


Winamax Poker - Tournament "CLASH" buyIn: 18€ + 2€ level: 3 - HandId: #4127088698120470545-35-1754231694 - Holdem no limit (35/150/300) - 2025/08/03 14:34:54 UTC
Table: 'CLASH(960912718)#016' 6-max (real money) Seat #1 is the button
Seat 1: Enaifos (27454, 9€ bounty)
Seat 2: mood swings (18147, 9€ bounty)
Seat 4: iCantGoBack (16379, 9€ bounty)
Seat 5: _BRISCARD (44551, 18€ bounty)
Seat 6: Uncle Draw (42325, 9€ bounty)
*** ANTE/BLINDS ***
mood swings posts ante 35
iCantGoBack posts ante 35
Enaifos posts ante 35
_BRISCARD posts ante 35
Uncle Draw posts ante 35
mood swings posts small blind 150
iCantGoBack posts big blind 300
Dealt to iCantGoBack [Qs Th]
*** PRE-FLOP *** 
_BRISCARD folds
Uncle Draw folds
Enaifos folds
mood swings raises 750 to 1050
iCantGoBack calls 750
*** FLOP *** [7c Ac Jc]
mood swings bets 600
iCantGoBack folds
mood swings collected 2875 from pot
*** SUMMARY ***
Total pot 2875 | No rake
Board: [7c Ac Jc]
Seat 2: mood swings (small blind) won 2875


Winamax Poker - Tournament "CLASH" buyIn: 18€ + 2€ level: 4 - HandId: #4127088698120470545-36-1754231716 - Holdem no limit (40/175/350) - 2025/08/03 14:35:16 UTC
Table: 'CLASH(960912718)#016' 6-max (real money) Seat #2 is the button
Seat 1: Enaifos (27419, 9€ bounty)
Seat 2: mood swings (19337, 9€ bounty)
Seat 4: iCantGoBack (15294, 9€ bounty)
Seat 5: _BRISCARD (44516, 18€ bounty)
Seat 6: Uncle Draw (42290, 9€ bounty)
*** ANTE/BLINDS ***
iCantGoBack posts ante 40
_BRISCARD posts ante 40
Enaifos posts ante 40
mood swings posts ante 40
Uncle Draw posts ante 40
iCantGoBack posts small blind 175
_BRISCARD posts big blind 350
Dealt to iCantGoBack [Qd 7h]
*** PRE-FLOP *** 
Uncle Draw folds
Enaifos raises 350 to 700
mood swings folds
iCantGoBack folds
_BRISCARD folds
Enaifos collected 1425 from pot
*** SUMMARY ***
Total pot 1425 | No rake
Seat 1: Enaifos won 1425


Winamax Poker - Tournament "CLASH" buyIn: 18€ + 2€ level: 4 - HandId: #4127088698120470545-37-1754231741 - Holdem no limit (40/175/350) - 2025/08/03 14:35:41 UTC
Table: 'CLASH(960912718)#016' 6-max (real money) Seat #4 is the button
Seat 1: Enaifos (28104, 9€ bounty)
Seat 2: mood swings (19297, 9€ bounty)
Seat 4: iCantGoBack (15079, 9€ bounty)
Seat 5: _BRISCARD (44126, 18€ bounty)
Seat 6: Uncle Draw (42250, 9€ bounty)
*** ANTE/BLINDS ***
_BRISCARD posts ante 40
Uncle Draw posts ante 40
Enaifos posts ante 40
mood swings posts ante 40
iCantGoBack posts ante 40
_BRISCARD posts small blind 175
Uncle Draw posts big blind 350
Dealt to iCantGoBack [2h Tc]
*** PRE-FLOP *** 
Enaifos raises 525 to 875
mood swings folds
iCantGoBack folds
_BRISCARD calls 700
Uncle Draw calls 525
*** FLOP *** [2d 5c 5d]
_BRISCARD checks
Uncle Draw checks
Enaifos checks
*** TURN *** [2d 5c 5d][2s]
_BRISCARD checks
Uncle Draw checks
Enaifos checks
*** RIVER *** [2d 5c 5d 2s][As]
_BRISCARD checks
Uncle Draw checks
Enaifos checks
*** SHOW DOWN ***
Enaifos shows [Qs Jh] (Two pairs : 5 and 2)
_BRISCARD shows [Kc Qc] (Two pairs : 5 and 2)
Uncle Draw shows [8d 6c] (Two pairs : 5 and 2)
Uncle Draw collected 942 from pot
_BRISCARD collected 942 from pot
Enaifos collected 941 from pot
*** SUMMARY ***
Total pot 2825 | No rake
Board: [2d 5c 5d 2s As]
Seat 1: Enaifos showed [Qs Jh] and won 941 with Two pairs : 5 and 2
Seat 5: _BRISCARD (small blind) showed [Kc Qc] and won 942 with Two pairs : 5 and 2
Seat 6: Uncle Draw (big blind) showed [8d 6c] and won 942 with Two pairs : 5 and 2


Winamax Poker - Tournament "CLASH" buyIn: 18€ + 2€ level: 4 - HandId: #4127088698120470545-38-1754231821 - Holdem no limit (40/175/350) - 2025/08/03 14:37:01 UTC
Table: 'CLASH(960912718)#016' 6-max (real money) Seat #5 is the button
Seat 1: Enaifos (28130, 9€ bounty)
Seat 2: mood swings (19257, 9€ bounty)
Seat 4: iCantGoBack (15039, 9€ bounty)
Seat 5: _BRISCARD (44153, 18€ bounty)
Seat 6: Uncle Draw (42277, 9€ bounty)
*** ANTE/BLINDS ***
Uncle Draw posts ante 40
Enaifos posts ante 40
mood swings posts ante 40
iCantGoBack posts ante 40
_BRISCARD posts ante 40
Uncle Draw posts small blind 175
Enaifos posts big blind 350
Dealt to iCantGoBack [4c 9h]
*** PRE-FLOP *** 
mood swings folds
iCantGoBack folds
_BRISCARD folds
Uncle Draw raises 1050 to 1400
Enaifos folds
Uncle Draw collected 1950 from pot
*** SUMMARY ***
Total pot 1950 | No rake
Seat 6: Uncle Draw (small blind) won 1950


Winamax Poker - Tournament "CLASH" buyIn: 18€ + 2€ level: 4 - HandId: #4127088698120470545-39-1754231845 - Holdem no limit (40/175/350) - 2025/08/03 14:37:25 UTC
Table: 'CLASH(960912718)#016' 6-max (real money) Seat #6 is the button
Seat 1: Enaifos (27740, 9€ bounty)
Seat 2: mood swings (19217, 9€ bounty)
Seat 4: iCantGoBack (14999, 9€ bounty)
Seat 5: _BRISCARD (44113, 18€ bounty)
Seat 6: Uncle Draw (42787, 9€ bounty)
*** ANTE/BLINDS ***
Enaifos posts ante 40
mood swings posts ante 40
iCantGoBack posts ante 40
_BRISCARD posts ante 40
Uncle Draw posts ante 40
Enaifos posts small blind 175
mood swings posts big blind 350
Dealt to iCantGoBack [6h Ah]
*** PRE-FLOP *** 
iCantGoBack raises 350 to 700
_BRISCARD folds
Uncle Draw calls 700
Enaifos folds
mood swings calls 350
*** FLOP *** [2h 8h Jh]
mood swings checks
iCantGoBack bets 817
Uncle Draw calls 817
mood swings calls 817
*** TURN *** [2h 8h Jh][5s]
mood swings checks
iCantGoBack bets 3695
Uncle Draw raises 4311 to 8006
mood swings folds
iCantGoBack raises 5436 to 13442 and is all-in
Uncle Draw calls 5436
*** RIVER *** [2h 8h Jh 5s][Ad]
*** SHOW DOWN ***
Uncle Draw shows [4h 5h] (Flush Jack high)
iCantGoBack shows [6h Ah] (Flush Ace high)
iCantGoBack collected 31810 from pot
*** SUMMARY ***
Total pot 31810 | No rake
Board: [2h 8h Jh 5s Ad]
Seat 4: iCantGoBack showed [6h Ah] and won 31810 with Flush Ace high
Seat 6: Uncle Draw (button) showed [4h 5h] and lost with Flush Jack high


Winamax Poker - Tournament "CLASH" buyIn: 18€ + 2€ level: 4 - HandId: #4127088698120470545-40-1754231913 - Holdem no limit (40/175/350) - 2025/08/03 14:38:33 UTC
Table: 'CLASH(960912718)#016' 6-max (real money) Seat #1 is the button
Seat 1: Enaifos (27525, 9€ bounty)
Seat 2: mood swings (17660, 9€ bounty)
Seat 3: pallejino (20000, 9€ bounty)
Seat 4: iCantGoBack (31810, 9€ bounty)
Seat 5: _BRISCARD (44073, 18€ bounty)
Seat 6: Uncle Draw (27788, 9€ bounty)
*** ANTE/BLINDS ***
mood swings posts ante 40
pallejino posts ante 40
Enaifos posts ante 40
iCantGoBack posts ante 40
_BRISCARD posts ante 40
Uncle Draw posts ante 40
mood swings posts small blind 175
pallejino posts big blind 350
Dealt to iCantGoBack [2c 5s]
*** PRE-FLOP *** 
iCantGoBack folds
_BRISCARD folds
Uncle Draw folds
Enaifos folds
mood swings calls 175
pallejino checks
*** FLOP *** [Kd 9c 4d]
mood swings bets 350
pallejino calls 350
*** TURN *** [Kd 9c 4d][8d]
mood swings checks
pallejino bets 1066
mood swings folds
pallejino collected 2706 from pot
*** SUMMARY ***
Total pot 2706 | No rake
Board: [Kd 9c 4d 8d]
Seat 3: pallejino (big blind) won 2706


Winamax Poker - Tournament "CLASH" buyIn: 18€ + 2€ level: 4 - HandId: #4127088698120470545-41-1754231953 - Holdem no limit (40/175/350) - 2025/08/03 14:39:13 UTC
Table: 'CLASH(960912718)#016' 6-max (real money) Seat #2 is the button
Seat 1: Enaifos (27485, 9€ bounty)
Seat 2: mood swings (16920, 9€ bounty)
Seat 3: pallejino (20900, 9€ bounty)
Seat 4: iCantGoBack (31770, 9€ bounty)
Seat 5: _BRISCARD (44033, 18€ bounty)
Seat 6: Uncle Draw (27748, 9€ bounty)
*** ANTE/BLINDS ***
pallejino posts ante 40
iCantGoBack posts ante 40
Enaifos posts ante 40
mood swings posts ante 40
_BRISCARD posts ante 40
Uncle Draw posts ante 40
pallejino posts small blind 175
iCantGoBack posts big blind 350
Dealt to iCantGoBack [2h 8c]
*** PRE-FLOP *** 
_BRISCARD raises 420 to 770
Uncle Draw folds
Enaifos folds
mood swings folds
pallejino folds
iCantGoBack folds
_BRISCARD collected 1535 from pot
*** SUMMARY ***
Total pot 1535 | No rake
Seat 5: _BRISCARD won 1535


Winamax Poker - Tournament "CLASH" buyIn: 18€ + 2€ level: 4 - HandId: #4127088698120470545-42-1754231976 - Holdem no limit (40/175/350) - 2025/08/03 14:39:36 UTC
Table: 'CLASH(960912718)#016' 6-max (real money) Seat #3 is the button
Seat 1: Enaifos (27445, 9€ bounty)
Seat 2: mood swings (16880, 9€ bounty)
Seat 3: pallejino (20685, 9€ bounty)
Seat 4: iCantGoBack (31380, 9€ bounty)
Seat 5: _BRISCARD (44758, 18€ bounty)
Seat 6: Uncle Draw (27708, 9€ bounty)
*** ANTE/BLINDS ***
iCantGoBack posts ante 40
_BRISCARD posts ante 40
Enaifos posts ante 40
mood swings posts ante 40
pallejino posts ante 40
Uncle Draw posts ante 40
iCantGoBack posts small blind 175
_BRISCARD posts big blind 350
Dealt to iCantGoBack [6c Jh]
*** PRE-FLOP *** 
Uncle Draw folds
Enaifos folds
mood swings folds
pallejino folds
iCantGoBack calls 175
_BRISCARD raises 1050 to 1400
iCantGoBack folds
_BRISCARD collected 1990 from pot
*** SUMMARY ***
Total pot 1990 | No rake
Seat 5: _BRISCARD (big blind) won 1990


Winamax Poker - Tournament "CLASH" buyIn: 18€ + 2€ level: 5 - HandId: #4127088698120470545-43-1754232001 - Holdem no limit (50/200/400) - 2025/08/03 14:40:01 UTC
Table: 'CLASH(960912718)#016' 6-max (real money) Seat #4 is the button
Seat 1: Enaifos (27405, 9€ bounty)
Seat 2: mood swings (16840, 9€ bounty)
Seat 3: pallejino (20645, 9€ bounty)
Seat 4: iCantGoBack (30990, 9€ bounty)
Seat 5: _BRISCARD (45308, 18€ bounty)
Seat 6: Uncle Draw (27668, 9€ bounty)
*** ANTE/BLINDS ***
_BRISCARD posts ante 50
Uncle Draw posts ante 50
Enaifos posts ante 50
mood swings posts ante 50
pallejino posts ante 50
iCantGoBack posts ante 50
_BRISCARD posts small blind 200
Uncle Draw posts big blind 400
Dealt to iCantGoBack [2d 4d]
*** PRE-FLOP *** 
Enaifos raises 600 to 1000
mood swings folds
pallejino folds
iCantGoBack folds
_BRISCARD calls 800
Uncle Draw calls 600
*** FLOP *** [9s Ts 5s]
_BRISCARD checks
Uncle Draw checks
Enaifos bets 1089
_BRISCARD calls 1089
Uncle Draw folds
*** TURN *** [9s Ts 5s][Ks]
_BRISCARD checks
Enaifos bets 3670
_BRISCARD folds
Enaifos collected 9148 from pot
*** SUMMARY ***
Total pot 9148 | No rake
Board: [9s Ts 5s Ks]
Seat 1: Enaifos won 9148


Winamax Poker - Tournament "CLASH" buyIn: 18€ + 2€ level: 5 - HandId: #4127088698120470545-44-1754232060 - Holdem no limit (50/200/400) - 2025/08/03 14:41:00 UTC
Table: 'CLASH(960912718)#016' 6-max (real money) Seat #5 is the button
Seat 1: Enaifos (30744, 9€ bounty)
Seat 2: mood swings (16790, 9€ bounty)
Seat 3: pallejino (20595, 9€ bounty)
Seat 4: iCantGoBack (30940, 9€ bounty)
Seat 5: _BRISCARD (43169, 18€ bounty)
Seat 6: Uncle Draw (26618, 9€ bounty)
*** ANTE/BLINDS ***
Uncle Draw posts ante 50
Enaifos posts ante 50
mood swings posts ante 50
pallejino posts ante 50
iCantGoBack posts ante 50
_BRISCARD posts ante 50
Uncle Draw posts small blind 200
Enaifos posts big blind 400
Dealt to iCantGoBack [Ad 5c]
*** PRE-FLOP *** 
mood swings folds
pallejino folds
iCantGoBack raises 400 to 800
_BRISCARD folds
Uncle Draw folds
Enaifos calls 400
*** FLOP *** [Jh Td 6d]
Enaifos checks
iCantGoBack bets 693
Enaifos calls 693
*** TURN *** [Jh Td 6d][Qs]
Enaifos checks
iCantGoBack bets 2615
Enaifos calls 2615
*** RIVER *** [Jh Td 6d Qs][7s]
Enaifos checks
iCantGoBack checks
*** SHOW DOWN ***
iCantGoBack shows [Ad 5c] (High card : Ace)
Enaifos shows [9c Jc] (One pair : Jacks)
Enaifos collected 8716 from pot
*** SUMMARY ***
Total pot 8716 | No rake
Board: [Jh Td 6d Qs 7s]
Seat 1: Enaifos (big blind) showed [9c Jc] and won 8716 with One pair : Jacks
Seat 4: iCantGoBack showed [Ad 5c] and lost with High card : Ace


Winamax Poker - Tournament "CLASH" buyIn: 18€ + 2€ level: 5 - HandId: #4127088698120470545-45-1754232158 - Holdem no limit (50/200/400) - 2025/08/03 14:42:38 UTC
Table: 'CLASH(960912718)#016' 6-max (real money) Seat #6 is the button
Seat 1: Enaifos (35302, 9€ bounty)
Seat 2: mood swings (16740, 9€ bounty)
Seat 3: pallejino (20545, 9€ bounty)
Seat 4: iCantGoBack (26782, 9€ bounty)
Seat 5: _BRISCARD (43119, 18€ bounty)
Seat 6: Uncle Draw (26368, 9€ bounty)
*** ANTE/BLINDS ***
Enaifos posts ante 50
mood swings posts ante 50
pallejino posts ante 50
iCantGoBack posts ante 50
_BRISCARD posts ante 50
Uncle Draw posts ante 50
Enaifos posts small blind 200
mood swings posts big blind 400
Dealt to iCantGoBack [2h Qd]
*** PRE-FLOP *** 
pallejino folds
iCantGoBack folds
_BRISCARD folds
Uncle Draw folds
Enaifos folds
mood swings collected 900 from pot
*** SUMMARY ***
Total pot 900 | No rake
Seat 2: mood swings (big blind) won 900


Winamax Poker - Tournament "CLASH" buyIn: 18€ + 2€ level: 5 - HandId: #4127088698120470545-46-1754232178 - Holdem no limit (50/200/400) - 2025/08/03 14:42:58 UTC
Table: 'CLASH(960912718)#016' 6-max (real money) Seat #1 is the button
Seat 1: Enaifos (35052, 9€ bounty)
Seat 2: mood swings (17190, 9€ bounty)
Seat 3: pallejino (20495, 9€ bounty)
Seat 4: iCantGoBack (26732, 9€ bounty)
Seat 5: _BRISCARD (43069, 18€ bounty)
Seat 6: Uncle Draw (26318, 9€ bounty)
*** ANTE/BLINDS ***
mood swings posts ante 50
pallejino posts ante 50
Enaifos posts ante 50
iCantGoBack posts ante 50
_BRISCARD posts ante 50
Uncle Draw posts ante 50
mood swings posts small blind 200
pallejino posts big blind 400
Dealt to iCantGoBack [Ah 4s]
*** PRE-FLOP *** 
iCantGoBack folds
_BRISCARD folds
Uncle Draw folds
Enaifos folds
mood swings folds
pallejino collected 900 from pot
*** SUMMARY ***
Total pot 900 | No rake
Seat 3: pallejino (big blind) won 900


Winamax Poker - Tournament "CLASH" buyIn: 18€ + 2€ level: 5 - HandId: #4127088698120470545-47-1754232203 - Holdem no limit (50/200/400) - 2025/08/03 14:43:23 UTC
Table: 'CLASH(960912718)#016' 6-max (real money) Seat #2 is the button
Seat 1: Enaifos (35002, 9€ bounty)
Seat 2: mood swings (16940, 9€ bounty)
Seat 3: pallejino (20945, 9€ bounty)
Seat 4: iCantGoBack (26682, 9€ bounty)
Seat 5: _BRISCARD (43019, 18€ bounty)
Seat 6: Uncle Draw (26268, 9€ bounty)
*** ANTE/BLINDS ***
pallejino posts ante 50
iCantGoBack posts ante 50
Enaifos posts ante 50
mood swings posts ante 50
_BRISCARD posts ante 50
Uncle Draw posts ante 50
pallejino posts small blind 200
iCantGoBack posts big blind 400
Dealt to iCantGoBack [Td 9d]
*** PRE-FLOP *** 
_BRISCARD folds
Uncle Draw folds
Enaifos folds
mood swings raises 400 to 800
pallejino raises 2300 to 3100
iCantGoBack folds
mood swings folds
pallejino collected 4600 from pot
*** SUMMARY ***
Total pot 4600 | No rake
Seat 3: pallejino (small blind) won 4600


Winamax Poker - Tournament "CLASH" buyIn: 18€ + 2€ level: 5 - HandId: #4127088698120470545-48-1754232228 - Holdem no limit (50/200/400) - 2025/08/03 14:43:48 UTC
Table: 'CLASH(960912718)#016' 6-max (real money) Seat #3 is the button
Seat 1: Enaifos (34952, 9€ bounty)
Seat 2: mood swings (16090, 9€ bounty)
Seat 3: pallejino (22395, 9€ bounty)
Seat 4: iCantGoBack (26232, 9€ bounty)
Seat 5: _BRISCARD (42969, 18€ bounty)
Seat 6: Uncle Draw (26218, 9€ bounty)
*** ANTE/BLINDS ***
iCantGoBack posts ante 50
_BRISCARD posts ante 50
Enaifos posts ante 50
mood swings posts ante 50
pallejino posts ante 50
Uncle Draw posts ante 50
iCantGoBack posts small blind 200
_BRISCARD posts big blind 400
Dealt to iCantGoBack [Ad Qd]
*** PRE-FLOP *** 
Uncle Draw folds
Enaifos raises 600 to 1000
mood swings folds
pallejino folds
iCantGoBack raises 2700 to 3700
_BRISCARD folds
Enaifos folds
iCantGoBack collected 5400 from pot
*** SUMMARY ***
Total pot 5400 | No rake
Seat 4: iCantGoBack (small blind) won 5400


Winamax Poker - Tournament "CLASH" buyIn: 18€ + 2€ level: 5 - HandId: #4127088698120470545-49-1754232263 - Holdem no limit (50/200/400) - 2025/08/03 14:44:23 UTC
Table: 'CLASH(960912718)#016' 6-max (real money) Seat #4 is the button
Seat 1: Enaifos (33902, 9€ bounty)
Seat 2: mood swings (16040, 9€ bounty)
Seat 3: pallejino (22345, 9€ bounty)
Seat 4: iCantGoBack (27882, 9€ bounty)
Seat 5: _BRISCARD (42519, 18€ bounty)
Seat 6: Uncle Draw (26168, 9€ bounty)
*** ANTE/BLINDS ***
_BRISCARD posts ante 50
Uncle Draw posts ante 50
Enaifos posts ante 50
mood swings posts ante 50
pallejino posts ante 50
iCantGoBack posts ante 50
_BRISCARD posts small blind 200
Uncle Draw posts big blind 400
Dealt to iCantGoBack [9h 2s]
*** PRE-FLOP *** 
Enaifos folds
mood swings folds
pallejino folds
iCantGoBack folds
_BRISCARD raises 1000 to 1400
Uncle Draw calls 1000
*** FLOP *** [9c Th 8s]
_BRISCARD checks
Uncle Draw checks
*** TURN *** [9c Th 8s][Qc]
_BRISCARD checks
Uncle Draw checks
*** RIVER *** [9c Th 8s Qc][Td]
_BRISCARD checks
Uncle Draw checks
*** SHOW DOWN ***
_BRISCARD shows [As 2c] (One pair : Tens)
Uncle Draw shows [Kc 9s] (Two pairs : Tens and 9)
Uncle Draw collected 3100 from pot
*** SUMMARY ***
Total pot 3100 | No rake
Board: [9c Th 8s Qc Td]
Seat 5: _BRISCARD (small blind) showed [As 2c] and lost with One pair : Tens
Seat 6: Uncle Draw (big blind) showed [Kc 9s] and won 3100 with Two pairs : Tens and 9


Winamax Poker - Tournament "CLASH" buyIn: 18€ + 2€ level: 6 - HandId: #4127088698120470545-50-1754232311 - Holdem no limit (60/250/500) - 2025/08/03 14:45:11 UTC
Table: 'CLASH(960912718)#016' 6-max (real money) Seat #5 is the button
Seat 1: Enaifos (33852, 9€ bounty)
Seat 2: mood swings (15990, 9€ bounty)
Seat 3: pallejino (22295, 9€ bounty)
Seat 4: iCantGoBack (27832, 9€ bounty)
Seat 5: _BRISCARD (41069, 18€ bounty)
Seat 6: Uncle Draw (27818, 9€ bounty)
*** ANTE/BLINDS ***
Uncle Draw posts ante 60
Enaifos posts ante 60
mood swings posts ante 60
pallejino posts ante 60
iCantGoBack posts ante 60
_BRISCARD posts ante 60
Uncle Draw posts small blind 250
Enaifos posts big blind 500
Dealt to iCantGoBack [9d 5h]
*** PRE-FLOP *** 
mood swings folds
pallejino raises 750 to 1250
iCantGoBack folds
_BRISCARD folds
Uncle Draw folds
Enaifos calls 750
*** FLOP *** [3d 8d Kd]
Enaifos checks
pallejino bets 1089
Enaifos folds
pallejino collected 4199 from pot
*** SUMMARY ***
Total pot 4199 | No rake
Board: [3d 8d Kd]
Seat 3: pallejino won 4199


Winamax Poker - Tournament "CLASH" buyIn: 18€ + 2€ level: 6 - HandId: #4127088698120470545-51-1754232355 - Holdem no limit (60/250/500) - 2025/08/03 14:45:55 UTC
Table: 'CLASH(960912718)#016' 6-max (real money) Seat #6 is the button
Seat 1: Enaifos (32542, 9€ bounty)
Seat 2: mood swings (15930, 9€ bounty)
Seat 3: pallejino (24095, 9€ bounty)
Seat 4: iCantGoBack (27772, 9€ bounty)
Seat 5: _BRISCARD (41009, 18€ bounty)
Seat 6: Uncle Draw (27508, 9€ bounty)
*** ANTE/BLINDS ***
Enaifos posts ante 60
mood swings posts ante 60
pallejino posts ante 60
iCantGoBack posts ante 60
_BRISCARD posts ante 60
Uncle Draw posts ante 60
Enaifos posts small blind 250
mood swings posts big blind 500
Dealt to iCantGoBack [2h As]
*** PRE-FLOP *** 
pallejino folds
iCantGoBack folds
_BRISCARD folds
Uncle Draw folds
Enaifos folds
mood swings collected 1110 from pot
*** SUMMARY ***
Total pot 1110 | No rake
Seat 2: mood swings (big blind) won 1110


Winamax Poker - Tournament "CLASH" buyIn: 18€ + 2€ level: 6 - HandId: #4127088698120470545-52-1754232370 - Holdem no limit (60/250/500) - 2025/08/03 14:46:10 UTC
Table: 'CLASH(960912718)#016' 6-max (real money) Seat #1 is the button
Seat 1: Enaifos (32232, 9€ bounty)
Seat 2: mood swings (16480, 9€ bounty)
Seat 3: pallejino (24035, 9€ bounty)
Seat 4: iCantGoBack (27712, 9€ bounty)
Seat 5: _BRISCARD (40949, 18€ bounty)
Seat 6: Uncle Draw (27448, 9€ bounty)
*** ANTE/BLINDS ***
mood swings posts ante 60
pallejino posts ante 60
Enaifos posts ante 60
iCantGoBack posts ante 60
_BRISCARD posts ante 60
Uncle Draw posts ante 60
mood swings posts small blind 250
pallejino posts big blind 500
Dealt to iCantGoBack [Qs 6s]
*** PRE-FLOP *** 
iCantGoBack folds
_BRISCARD raises 600 to 1100
Uncle Draw calls 1100
Enaifos folds
mood swings folds
pallejino calls 600
*** FLOP *** [Kc As Qc]
pallejino checks
_BRISCARD checks
Uncle Draw checks
*** TURN *** [Kc As Qc][4c]
pallejino checks
_BRISCARD checks
Uncle Draw checks
*** RIVER *** [Kc As Qc 4c][8d]
pallejino checks
_BRISCARD checks
Uncle Draw checks
*** SHOW DOWN ***
pallejino shows [8c Ts] (One pair : 8)
_BRISCARD shows [5d 6d] (High card : Ace)
Uncle Draw shows [Tc Td] (One pair : Tens)
Uncle Draw collected 3910 from pot
*** SUMMARY ***
Total pot 3910 | No rake
Board: [Kc As Qc 4c 8d]
Seat 3: pallejino (big blind) showed [8c Ts] and lost with One pair : 8
Seat 5: _BRISCARD showed [5d 6d] and lost with High card : Ace
Seat 6: Uncle Draw showed [Tc Td] and won 3910 with One pair : Tens


Winamax Poker - Tournament "CLASH" buyIn: 18€ + 2€ level: 6 - HandId: #4127088698120470545-53-1754232428 - Holdem no limit (60/250/500) - 2025/08/03 14:47:08 UTC
Table: 'CLASH(960912718)#016' 6-max (real money) Seat #2 is the button
Seat 1: Enaifos (32172, 9€ bounty)
Seat 2: mood swings (16170, 9€ bounty)
Seat 3: pallejino (22875, 9€ bounty)
Seat 4: iCantGoBack (27652, 9€ bounty)
Seat 5: _BRISCARD (39789, 18€ bounty)
Seat 6: Uncle Draw (30198, 9€ bounty)
*** ANTE/BLINDS ***
pallejino posts ante 60
iCantGoBack posts ante 60
Enaifos posts ante 60
mood swings posts ante 60
_BRISCARD posts ante 60
Uncle Draw posts ante 60
pallejino posts small blind 250
iCantGoBack posts big blind 500
Dealt to iCantGoBack [3s 6d]
*** PRE-FLOP *** 
_BRISCARD folds
Uncle Draw raises 500 to 1000
Enaifos raises 2000 to 3000
mood swings folds
pallejino folds
iCantGoBack folds
Uncle Draw calls 2000
*** FLOP *** [7c 4c 3c]
Uncle Draw checks
Enaifos checks
*** TURN *** [7c 4c 3c][Td]
Uncle Draw checks
Enaifos checks
*** RIVER *** [7c 4c 3c Td][2d]
Uncle Draw bets 2346
Enaifos calls 2346
*** SHOW DOWN ***
Enaifos shows [Kd Ah] (High card : Ace)
Uncle Draw shows [Jh Js] (One pair : Jacks)
Uncle Draw collected 11802 from pot
*** SUMMARY ***
Total pot 11802 | No rake
Board: [7c 4c 3c Td 2d]
Seat 1: Enaifos showed [Kd Ah] and lost with High card : Ace
Seat 6: Uncle Draw showed [Jh Js] and won 11802 with One pair : Jacks


Winamax Poker - Tournament "CLASH" buyIn: 18€ + 2€ level: 6 - HandId: #4127088698120470545-54-1754232517 - Holdem no limit (60/250/500) - 2025/08/03 14:48:37 UTC
Table: 'CLASH(960912718)#016' 6-max (real money) Seat #3 is the button
Seat 1: Enaifos (26766, 9€ bounty)
Seat 2: mood swings (16110, 9€ bounty)
Seat 3: pallejino (22565, 9€ bounty)
Seat 4: iCantGoBack (27092, 9€ bounty)
Seat 5: _BRISCARD (39729, 18€ bounty)
Seat 6: Uncle Draw (36594, 9€ bounty)
*** ANTE/BLINDS ***
iCantGoBack posts ante 60
_BRISCARD posts ante 60
Enaifos posts ante 60
mood swings posts ante 60
pallejino posts ante 60
Uncle Draw posts ante 60
iCantGoBack posts small blind 250
_BRISCARD posts big blind 500
Dealt to iCantGoBack [5s 3s]
*** PRE-FLOP *** 
Uncle Draw raises 500 to 1000
Enaifos folds
mood swings folds
pallejino folds
iCantGoBack calls 750
_BRISCARD calls 500
*** FLOP *** [As 3h 8h]
iCantGoBack checks
_BRISCARD checks
Uncle Draw checks
*** TURN *** [As 3h 8h][9d]
iCantGoBack checks
_BRISCARD checks
Uncle Draw checks
*** RIVER *** [As 3h 8h 9d][Ts]
iCantGoBack checks
_BRISCARD checks
Uncle Draw checks
*** SHOW DOWN ***
iCantGoBack shows [5s 3s] (One pair : 3)
Uncle Draw shows [Kd Jc] (High card : Ace)
_BRISCARD shows [6c 6h] (One pair : 6)
_BRISCARD collected 3360 from pot
*** SUMMARY ***
Total pot 3360 | No rake
Board: [As 3h 8h 9d Ts]
Seat 4: iCantGoBack (small blind) showed [5s 3s] and lost with One pair : 3
Seat 5: _BRISCARD (big blind) showed [6c 6h] and won 3360 with One pair : 6
Seat 6: Uncle Draw showed [Kd Jc] and lost with High card : Ace


Winamax Poker - Tournament "CLASH" buyIn: 18€ + 2€ level: 6 - HandId: #4127088698120470545-55-1754232597 - Holdem no limit (60/250/500) - 2025/08/03 14:49:57 UTC
Table: 'CLASH(960912718)#016' 6-max (real money) Seat #4 is the button
Seat 1: Enaifos (26706, 9€ bounty)
Seat 2: mood swings (16050, 9€ bounty)
Seat 3: pallejino (22505, 9€ bounty)
Seat 4: iCantGoBack (26032, 9€ bounty)
Seat 5: _BRISCARD (42029, 18€ bounty)
Seat 6: Uncle Draw (35534, 9€ bounty)
*** ANTE/BLINDS ***
_BRISCARD posts ante 60
Uncle Draw posts ante 60
Enaifos posts ante 60
mood swings posts ante 60
pallejino posts ante 60
iCantGoBack posts ante 60
_BRISCARD posts small blind 250
Uncle Draw posts big blind 500
Dealt to iCantGoBack [4s Kh]
*** PRE-FLOP *** 
Enaifos folds
mood swings folds
pallejino raises 750 to 1250
iCantGoBack folds
_BRISCARD calls 1000
Uncle Draw folds
*** FLOP *** [Jh Qs 3s]
_BRISCARD checks
pallejino bets 1109
_BRISCARD calls 1109
*** TURN *** [Jh Qs 3s][9s]
_BRISCARD checks
pallejino bets 2789
_BRISCARD calls 2789
*** RIVER *** [Jh Qs 3s 9s][Ts]
_BRISCARD checks
pallejino bets 8367
_BRISCARD calls 8367
*** SHOW DOWN ***
_BRISCARD shows [Ks Jc] (Flush King high)
pallejino shows [8s As] (Flush Ace high)
pallejino collected 27890 from pot
*** SUMMARY ***
Total pot 27890 | No rake
Board: [Jh Qs 3s 9s Ts]
Seat 3: pallejino showed [8s As] and won 27890 with Flush Ace high
Seat 5: _BRISCARD (small blind) showed [Ks Jc] and lost with Flush King high


Winamax Poker - Tournament "CLASH" buyIn: 18€ + 2€ level: 7 - HandId: #4127088698120470545-56-1754232646 - Holdem no limit (70/300/600) - 2025/08/03 14:50:46 UTC
Table: 'CLASH(960912718)#016' 6-max (real money) Seat #5 is the button
Seat 1: Enaifos (26646, 9€ bounty)
Seat 2: mood swings (15990, 9€ bounty)
Seat 3: pallejino (36820, 9€ bounty)
Seat 4: iCantGoBack (25972, 9€ bounty)
Seat 5: _BRISCARD (28454, 18€ bounty)
Seat 6: Uncle Draw (34974, 9€ bounty)
*** ANTE/BLINDS ***
Uncle Draw posts ante 70
Enaifos posts ante 70
mood swings posts ante 70
pallejino posts ante 70
iCantGoBack posts ante 70
_BRISCARD posts ante 70
Uncle Draw posts small blind 300
Enaifos posts big blind 600
Dealt to iCantGoBack [Ts 7h]
*** PRE-FLOP *** 
mood swings folds
pallejino raises 900 to 1500
iCantGoBack folds
_BRISCARD raises 4500 to 6000
Uncle Draw folds
Enaifos folds
pallejino folds
_BRISCARD collected 8820 from pot
*** SUMMARY ***
Total pot 8820 | No rake
Seat 5: _BRISCARD (button) won 8820


Winamax Poker - Tournament "CLASH" buyIn: 18€ + 2€ level: 7 - HandId: #4127088698120470545-57-1754232664 - Holdem no limit (70/300/600) - 2025/08/03 14:51:04 UTC
Table: 'CLASH(960912718)#016' 6-max (real money) Seat #6 is the button
Seat 1: Enaifos (25976, 9€ bounty)
Seat 2: mood swings (15920, 9€ bounty)
Seat 3: pallejino (35250, 9€ bounty)
Seat 4: iCantGoBack (25902, 9€ bounty)
Seat 5: _BRISCARD (31204, 18€ bounty)
Seat 6: Uncle Draw (34604, 9€ bounty)
*** ANTE/BLINDS ***
Enaifos posts ante 70
mood swings posts ante 70
pallejino posts ante 70
iCantGoBack posts ante 70
_BRISCARD posts ante 70
Uncle Draw posts ante 70
Enaifos posts small blind 300
mood swings posts big blind 600
Dealt to iCantGoBack [Th 7c]
*** PRE-FLOP *** 
pallejino folds
iCantGoBack folds
_BRISCARD raises 720 to 1320
Uncle Draw calls 1320
Enaifos folds
mood swings calls 720
*** FLOP *** [8h 4d Qh]
mood swings checks
_BRISCARD checks
Uncle Draw bets 2340
mood swings folds
_BRISCARD folds
Uncle Draw collected 7020 from pot
*** SUMMARY ***
Total pot 7020 | No rake
Board: [8h 4d Qh]
Seat 6: Uncle Draw (button) won 7020


Winamax Poker - Tournament "CLASH" buyIn: 18€ + 2€ level: 7 - HandId: #4127088698120470545-58-1754232698 - Holdem no limit (70/300/600) - 2025/08/03 14:51:38 UTC
Table: 'CLASH(960912718)#016' 6-max (real money) Seat #1 is the button
Seat 1: Enaifos (25606, 9€ bounty)
Seat 2: mood swings (14530, 9€ bounty)
Seat 3: pallejino (35180, 9€ bounty)
Seat 4: iCantGoBack (25832, 9€ bounty)
Seat 5: _BRISCARD (29814, 18€ bounty)
Seat 6: Uncle Draw (37894, 9€ bounty)
*** ANTE/BLINDS ***
mood swings posts ante 70
pallejino posts ante 70
Enaifos posts ante 70
iCantGoBack posts ante 70
_BRISCARD posts ante 70
Uncle Draw posts ante 70
mood swings posts small blind 300
pallejino posts big blind 600
Dealt to iCantGoBack [3s Kd]
*** PRE-FLOP *** 
iCantGoBack folds
_BRISCARD folds
Uncle Draw folds
Enaifos raises 600 to 1200
mood swings folds
pallejino calls 600
*** FLOP *** [7d 5s 7h]
pallejino checks
Enaifos bets 780
pallejino folds
Enaifos collected 3900 from pot
*** SUMMARY ***
Total pot 3900 | No rake
Board: [7d 5s 7h]
Seat 1: Enaifos (button) won 3900


Winamax Poker - Tournament "CLASH" buyIn: 18€ + 2€ level: 7 - HandId: #4127088698120470545-59-1754232742 - Holdem no limit (70/300/600) - 2025/08/03 14:52:22 UTC
Table: 'CLASH(960912718)#016' 6-max (real money) Seat #2 is the button
Seat 1: Enaifos (27456, 9€ bounty)
Seat 2: mood swings (14160, 9€ bounty)
Seat 3: pallejino (33910, 9€ bounty)
Seat 4: iCantGoBack (25762, 9€ bounty)
Seat 5: _BRISCARD (29744, 18€ bounty)
Seat 6: Uncle Draw (37824, 9€ bounty)
*** ANTE/BLINDS ***
pallejino posts ante 70
iCantGoBack posts ante 70
Enaifos posts ante 70
mood swings posts ante 70
_BRISCARD posts ante 70
Uncle Draw posts ante 70
pallejino posts small blind 300
iCantGoBack posts big blind 600
Dealt to iCantGoBack [As 6h]
*** PRE-FLOP *** 
_BRISCARD folds
Uncle Draw folds
Enaifos folds
mood swings folds
pallejino raises 1200 to 1800
iCantGoBack calls 1200
*** FLOP *** [4d Ks 4c]
pallejino bets 1327
iCantGoBack folds
pallejino collected 5347 from pot
*** SUMMARY ***
Total pot 5347 | No rake
Board: [4d Ks 4c]
Seat 3: pallejino (small blind) won 5347


Winamax Poker - Tournament "CLASH" buyIn: 18€ + 2€ level: 7 - HandId: #4127088698120470545-60-1754232768 - Holdem no limit (70/300/600) - 2025/08/03 14:52:48 UTC
Table: 'CLASH(960912718)#016' 6-max (real money) Seat #3 is the button
Seat 1: Enaifos (27386, 9€ bounty)
Seat 2: mood swings (14090, 9€ bounty)
Seat 3: pallejino (36060, 9€ bounty)
Seat 4: iCantGoBack (23892, 9€ bounty)
Seat 5: _BRISCARD (29674, 18€ bounty)
Seat 6: Uncle Draw (37754, 9€ bounty)
*** ANTE/BLINDS ***
iCantGoBack posts ante 70
_BRISCARD posts ante 70
Enaifos posts ante 70
mood swings posts ante 70
pallejino posts ante 70
Uncle Draw posts ante 70
iCantGoBack posts small blind 300
_BRISCARD posts big blind 600
Dealt to iCantGoBack [Qd Qs]
*** PRE-FLOP *** 
Uncle Draw folds
Enaifos folds
mood swings folds
pallejino raises 900 to 1500
iCantGoBack raises 4650 to 6150
_BRISCARD folds
pallejino folds
iCantGoBack collected 8670 from pot
*** SUMMARY ***
Total pot 8670 | No rake
Seat 4: iCantGoBack (small blind) won 8670


Winamax Poker - Tournament "CLASH" buyIn: 18€ + 2€ level: 7 - HandId: #4127088698120470545-61-1754232790 - Holdem no limit (70/300/600) - 2025/08/03 14:53:10 UTC
Table: 'CLASH(960912718)#016' 6-max (real money) Seat #4 is the button
Seat 1: Enaifos (27316, 9€ bounty)
Seat 2: mood swings (14020, 9€ bounty)
Seat 3: pallejino (34490, 9€ bounty)
Seat 4: iCantGoBack (26342, 9€ bounty)
Seat 5: _BRISCARD (29004, 18€ bounty)
Seat 6: Uncle Draw (37684, 9€ bounty)
*** ANTE/BLINDS ***
_BRISCARD posts ante 70
Uncle Draw posts ante 70
Enaifos posts ante 70
mood swings posts ante 70
pallejino posts ante 70
iCantGoBack posts ante 70
_BRISCARD posts small blind 300
Uncle Draw posts big blind 600
Dealt to iCantGoBack [6c Ad]
*** PRE-FLOP *** 
Enaifos raises 600 to 1200
mood swings folds
pallejino folds
iCantGoBack folds
_BRISCARD folds
Uncle Draw calls 600
*** FLOP *** [Jh 3d 9c]
Uncle Draw checks
Enaifos bets 1030
Uncle Draw folds
Enaifos collected 4150 from pot
*** SUMMARY ***
Total pot 4150 | No rake
Board: [Jh 3d 9c]
Seat 1: Enaifos won 4150


Winamax Poker - Tournament "CLASH" buyIn: 18€ + 2€ level: 7 - HandId: #4127088698120470545-62-1754232807 - Holdem no limit (70/300/600) - 2025/08/03 14:53:27 UTC
Table: 'CLASH(960912718)#016' 6-max (real money) Seat #5 is the button
Seat 1: Enaifos (29166, 9€ bounty)
Seat 2: mood swings (13950, 9€ bounty)
Seat 3: pallejino (34420, 9€ bounty)
Seat 4: iCantGoBack (26272, 9€ bounty)
Seat 5: _BRISCARD (28634, 18€ bounty)
Seat 6: Uncle Draw (36414, 9€ bounty)
*** ANTE/BLINDS ***
Uncle Draw posts ante 70
Enaifos posts ante 70
mood swings posts ante 70
pallejino posts ante 70
iCantGoBack posts ante 70
_BRISCARD posts ante 70
Uncle Draw posts small blind 300
Enaifos posts big blind 600
Dealt to iCantGoBack [9d Kd]
*** PRE-FLOP *** 
mood swings folds
pallejino folds
iCantGoBack raises 600 to 1200
_BRISCARD folds
Uncle Draw folds
Enaifos calls 600
*** FLOP *** [Th 4h 4d]
Enaifos checks
iCantGoBack checks
*** TURN *** [Th 4h 4d][2c]
Enaifos bets 3120
iCantGoBack folds
Enaifos collected 6240 from pot
*** SUMMARY ***
Total pot 6240 | No rake
Board: [Th 4h 4d 2c]
Seat 1: Enaifos (big blind) won 6240


Winamax Poker - Tournament "CLASH" buyIn: 18€ + 2€ level: 7 - HandId: #4127088698120470545-63-1754232851 - Holdem no limit (70/300/600) - 2025/08/03 14:54:11 UTC
Table: 'CLASH(960912718)#016' 6-max (real money) Seat #6 is the button
Seat 1: Enaifos (31016, 9€ bounty)
Seat 2: mood swings (13880, 9€ bounty)
Seat 3: pallejino (34350, 9€ bounty)
Seat 4: iCantGoBack (25002, 9€ bounty)
Seat 5: _BRISCARD (28564, 18€ bounty)
Seat 6: Uncle Draw (36044, 9€ bounty)
*** ANTE/BLINDS ***
Enaifos posts ante 70
mood swings posts ante 70
pallejino posts ante 70
iCantGoBack posts ante 70
_BRISCARD posts ante 70
Uncle Draw posts ante 70
Enaifos posts small blind 300
mood swings posts big blind 600
Dealt to iCantGoBack [3s 9d]
*** PRE-FLOP *** 
pallejino raises 900 to 1500
iCantGoBack folds
_BRISCARD folds
Uncle Draw calls 1500
Enaifos folds
mood swings folds
*** FLOP *** [Qc 6d 7s]
pallejino bets 2160
Uncle Draw raises 3540 to 5700
pallejino folds
Uncle Draw collected 12180 from pot
*** SUMMARY ***
Total pot 12180 | No rake
Board: [Qc 6d 7s]
Seat 6: Uncle Draw (button) won 12180


Winamax Poker - Tournament "CLASH" buyIn: 18€ + 2€ level: 7 - HandId: #4127088698120470545-64-1754232893 - Holdem no limit (70/300/600) - 2025/08/03 14:54:53 UTC
Table: 'CLASH(960912718)#016' 6-max (real money) Seat #1 is the button
Seat 1: Enaifos (30646, 9€ bounty)
Seat 2: mood swings (13210, 9€ bounty)
Seat 3: pallejino (30620, 9€ bounty)
Seat 4: iCantGoBack (24932, 9€ bounty)
Seat 5: _BRISCARD (28494, 18€ bounty)
Seat 6: Uncle Draw (40954, 9€ bounty)
*** ANTE/BLINDS ***
mood swings posts ante 70
pallejino posts ante 70
Enaifos posts ante 70
iCantGoBack posts ante 70
_BRISCARD posts ante 70
Uncle Draw posts ante 70
mood swings posts small blind 300
pallejino posts big blind 600
Dealt to iCantGoBack [3c 5h]
*** PRE-FLOP *** 
iCantGoBack folds
_BRISCARD folds
Uncle Draw folds
Enaifos raises 600 to 1200
mood swings folds
pallejino calls 600
*** FLOP *** [Td Th Js]
pallejino checks
Enaifos bets 780
pallejino calls 780
*** TURN *** [Td Th Js][Jd]
pallejino checks
Enaifos checks
*** RIVER *** [Td Th Js Jd][Tc]
pallejino bets 3510
Enaifos calls 3510
*** SHOW DOWN ***
Enaifos shows [8d Qc] (Full of Tens and Jacks)
pallejino shows [4h 4s] (Full of Tens and Jacks)
pallejino collected 5850 from pot
Enaifos collected 5850 from pot
*** SUMMARY ***
Total pot 11700 | No rake
Board: [Td Th Js Jd Tc]
Seat 1: Enaifos (button) showed [8d Qc] and won 5850 with Full of Tens and Jacks
Seat 3: pallejino (big blind) showed [4h 4s] and won 5850 with Full of Tens and Jacks


Winamax Poker - Tournament "CLASH" buyIn: 18€ + 2€ level: 8 - HandId: #4127088698120470545-65-1754233260 - Holdem no limit (80/350/700) - 2025/08/03 15:01:00 UTC
Table: 'CLASH(960912718)#016' 6-max (real money) Seat #2 is the button
Seat 1: Enaifos (30936, 9€ bounty)
Seat 2: mood swings (12840, 9€ bounty)
Seat 3: pallejino (30910, 9€ bounty)
Seat 4: iCantGoBack (24862, 9€ bounty)
Seat 5: _BRISCARD (28424, 18€ bounty)
Seat 6: Uncle Draw (40884, 9€ bounty)
*** ANTE/BLINDS ***
pallejino posts ante 80
iCantGoBack posts ante 80
Enaifos posts ante 80
mood swings posts ante 80
_BRISCARD posts ante 80
Uncle Draw posts ante 80
pallejino posts small blind 350
iCantGoBack posts big blind 700
Dealt to iCantGoBack [Kd 8h]
*** PRE-FLOP *** 
_BRISCARD folds
Uncle Draw folds
Enaifos folds
mood swings raises 700 to 1400
pallejino calls 1050
iCantGoBack calls 700
*** FLOP *** [Qs 6h 8d]
pallejino checks
iCantGoBack checks
mood swings checks
*** TURN *** [Qs 6h 8d][4d]
pallejino bets 2340
iCantGoBack calls 2340
mood swings folds
*** RIVER *** [Qs 6h 8d 4d][6c]
pallejino checks
iCantGoBack checks
*** SHOW DOWN ***
iCantGoBack shows [Kd 8h] (Two pairs : 8 and 6)
pallejino shows [Qd Jd] (Two pairs : Queens and 6)
pallejino collected 9360 from pot
*** SUMMARY ***
Total pot 9360 | No rake
Board: [Qs 6h 8d 4d 6c]
Seat 3: pallejino (small blind) showed [Qd Jd] and won 9360 with Two pairs : Queens and 6
Seat 4: iCantGoBack (big blind) showed [Kd 8h] and lost with Two pairs : 8 and 6


Winamax Poker - Tournament "CLASH" buyIn: 18€ + 2€ level: 8 - HandId: #4127088698120470545-66-1754233357 - Holdem no limit (80/350/700) - 2025/08/03 15:02:37 UTC
Table: 'CLASH(960912718)#016' 6-max (real money) Seat #3 is the button
Seat 1: Enaifos (30856, 9€ bounty)
Seat 2: mood swings (11360, 9€ bounty)
Seat 3: pallejino (36450, 9€ bounty)
Seat 4: iCantGoBack (21042, 9€ bounty)
Seat 5: _BRISCARD (28344, 18€ bounty)
Seat 6: Uncle Draw (40804, 9€ bounty)
*** ANTE/BLINDS ***
iCantGoBack posts ante 80
_BRISCARD posts ante 80
Enaifos posts ante 80
mood swings posts ante 80
pallejino posts ante 80
Uncle Draw posts ante 80
iCantGoBack posts small blind 350
_BRISCARD posts big blind 700
Dealt to iCantGoBack [9h 7s]
*** PRE-FLOP *** 
Uncle Draw folds
Enaifos folds
mood swings folds
pallejino folds
iCantGoBack calls 350
_BRISCARD checks
*** FLOP *** [8s Kc Qh]
iCantGoBack checks
_BRISCARD checks
*** TURN *** [8s Kc Qh][2c]
iCantGoBack checks
_BRISCARD checks
*** RIVER *** [8s Kc Qh 2c][8h]
iCantGoBack checks
_BRISCARD checks
*** SHOW DOWN ***
iCantGoBack shows [9h 7s] (One pair : 8)
_BRISCARD shows [9d 7d] (One pair : 8)
_BRISCARD collected 940 from pot
iCantGoBack collected 940 from pot
*** SUMMARY ***
Total pot 1880 | No rake
Board: [8s Kc Qh 2c 8h]
Seat 4: iCantGoBack (small blind) showed [9h 7s] and won 940 with One pair : 8
Seat 5: _BRISCARD (big blind) showed [9d 7d] and won 940 with One pair : 8


Winamax Poker - Tournament "CLASH" buyIn: 18€ + 2€ level: 8 - HandId: #4127088698120470545-67-1754233389 - Holdem no limit (80/350/700) - 2025/08/03 15:03:09 UTC
Table: 'CLASH(960912718)#016' 6-max (real money) Seat #4 is the button
Seat 1: Enaifos (30776, 9€ bounty)
Seat 2: mood swings (11280, 9€ bounty)
Seat 3: pallejino (36370, 9€ bounty)
Seat 4: iCantGoBack (21202, 9€ bounty)
Seat 5: _BRISCARD (28504, 18€ bounty)
Seat 6: Uncle Draw (40724, 9€ bounty)
*** ANTE/BLINDS ***
_BRISCARD posts ante 80
Uncle Draw posts ante 80
Enaifos posts ante 80
mood swings posts ante 80
pallejino posts ante 80
iCantGoBack posts ante 80
_BRISCARD posts small blind 350
Uncle Draw posts big blind 700
Dealt to iCantGoBack [Td 5d]
*** PRE-FLOP *** 
Enaifos folds
mood swings folds
pallejino raises 1050 to 1750
iCantGoBack folds
_BRISCARD folds
Uncle Draw folds
pallejino collected 3280 from pot
*** SUMMARY ***
Total pot 3280 | No rake
Seat 3: pallejino won 3280


Winamax Poker - Tournament "CLASH" buyIn: 18€ + 2€ level: 8 - HandId: #4127088698120470545-68-1754233423 - Holdem no limit (80/350/700) - 2025/08/03 15:03:43 UTC
Table: 'CLASH(960912718)#016' 6-max (real money) Seat #5 is the button
Seat 1: Enaifos (30696, 9€ bounty)
Seat 2: mood swings (11200, 9€ bounty)
Seat 3: pallejino (37820, 9€ bounty)
Seat 4: iCantGoBack (21122, 9€ bounty)
Seat 5: _BRISCARD (28074, 18€ bounty)
Seat 6: Uncle Draw (39944, 9€ bounty)
*** ANTE/BLINDS ***
Uncle Draw posts ante 80
Enaifos posts ante 80
mood swings posts ante 80
pallejino posts ante 80
iCantGoBack posts ante 80
_BRISCARD posts ante 80
Uncle Draw posts small blind 350
Enaifos posts big blind 700
Dealt to iCantGoBack [2d Jd]
*** PRE-FLOP *** 
mood swings folds
pallejino raises 1050 to 1750
iCantGoBack folds
_BRISCARD folds
Uncle Draw folds
Enaifos folds
pallejino collected 3280 from pot
*** SUMMARY ***
Total pot 3280 | No rake
Seat 3: pallejino won 3280


Winamax Poker - Tournament "CLASH" buyIn: 18€ + 2€ level: 8 - HandId: #4127088698120470545-69-1754233444 - Holdem no limit (80/350/700) - 2025/08/03 15:04:04 UTC
Table: 'CLASH(960912718)#016' 6-max (real money) Seat #6 is the button
Seat 1: Enaifos (29916, 9€ bounty)
Seat 2: mood swings (11120, 9€ bounty)
Seat 3: pallejino (39270, 9€ bounty)
Seat 4: iCantGoBack (21042, 9€ bounty)
Seat 5: _BRISCARD (27994, 18€ bounty)
Seat 6: Uncle Draw (39514, 9€ bounty)
*** ANTE/BLINDS ***
Enaifos posts ante 80
mood swings posts ante 80
pallejino posts ante 80
iCantGoBack posts ante 80
_BRISCARD posts ante 80
Uncle Draw posts ante 80
Enaifos posts small blind 350
mood swings posts big blind 700
Dealt to iCantGoBack [2c Qh]
*** PRE-FLOP *** 
pallejino raises 700 to 1400
iCantGoBack folds
_BRISCARD folds
Uncle Draw folds
Enaifos folds
mood swings calls 700
*** FLOP *** [5s 7h Jc]
mood swings checks
pallejino checks
*** TURN *** [5s 7h Jc][4s]
mood swings bets 2396
pallejino folds
mood swings collected 6026 from pot
*** SUMMARY ***
Total pot 6026 | No rake
Board: [5s 7h Jc 4s]
Seat 2: mood swings (big blind) won 6026


Winamax Poker - Tournament "CLASH" buyIn: 18€ + 2€ level: 8 - HandId: #4127088698120470545-70-1754233470 - Holdem no limit (80/350/700) - 2025/08/03 15:04:30 UTC
Table: 'CLASH(960912718)#016' 6-max (real money) Seat #1 is the button
Seat 1: Enaifos (29486, 9€ bounty)
Seat 2: mood swings (13270, 9€ bounty)
Seat 3: pallejino (37790, 9€ bounty)
Seat 4: iCantGoBack (20962, 9€ bounty)
Seat 5: _BRISCARD (27914, 18€ bounty)
Seat 6: Uncle Draw (39434, 9€ bounty)
*** ANTE/BLINDS ***
mood swings posts ante 80
pallejino posts ante 80
Enaifos posts ante 80
iCantGoBack posts ante 80
_BRISCARD posts ante 80
Uncle Draw posts ante 80
mood swings posts small blind 350
pallejino posts big blind 700
Dealt to iCantGoBack [Kd 5h]
*** PRE-FLOP *** 
iCantGoBack folds
_BRISCARD folds
Uncle Draw raises 700 to 1400
Enaifos calls 1400
mood swings folds
pallejino calls 700
*** FLOP *** [2s 7s Ah]
pallejino checks
Uncle Draw bets 1660
Enaifos folds
pallejino calls 1660
*** TURN *** [2s 7s Ah][5d]
pallejino checks
Uncle Draw bets 6680
pallejino folds
Uncle Draw collected 15030 from pot
*** SUMMARY ***
Total pot 15030 | No rake
Board: [2s 7s Ah 5d]
Seat 6: Uncle Draw won 15030


Winamax Poker - Tournament "CLASH" buyIn: 18€ + 2€ level: 8 - HandId: #4127088698120470545-71-1754233518 - Holdem no limit (80/350/700) - 2025/08/03 15:05:18 UTC
Table: 'CLASH(960912718)#016' 6-max (real money) Seat #2 is the button
Seat 1: Enaifos (28006, 9€ bounty)
Seat 2: mood swings (12840, 9€ bounty)
Seat 3: pallejino (34650, 9€ bounty)
Seat 4: iCantGoBack (20882, 9€ bounty)
Seat 5: _BRISCARD (27834, 18€ bounty)
Seat 6: Uncle Draw (44644, 9€ bounty)
*** ANTE/BLINDS ***
pallejino posts ante 80
iCantGoBack posts ante 80
Enaifos posts ante 80
mood swings posts ante 80
_BRISCARD posts ante 80
Uncle Draw posts ante 80
pallejino posts small blind 350
iCantGoBack posts big blind 700
Dealt to iCantGoBack [Qs 7h]
*** PRE-FLOP *** 
_BRISCARD raises 840 to 1540
Uncle Draw folds
Enaifos folds
mood swings folds
pallejino folds
iCantGoBack calls 840
*** FLOP *** [Ad Th 6d]
iCantGoBack checks
_BRISCARD bets 1955
iCantGoBack folds
_BRISCARD collected 5865 from pot
*** SUMMARY ***
Total pot 5865 | No rake
Board: [Ad Th 6d]
Seat 5: _BRISCARD won 5865


Winamax Poker - Tournament "CLASH" buyIn: 18€ + 2€ level: 9 - HandId: #4127088698120470545-72-1754233564 - Holdem no limit (100/400/800) - 2025/08/03 15:06:04 UTC
Table: 'CLASH(960912718)#016' 6-max (real money) Seat #3 is the button
Seat 1: Enaifos (27926, 9€ bounty)
Seat 2: mood swings (12760, 9€ bounty)
Seat 3: pallejino (34220, 9€ bounty)
Seat 4: iCantGoBack (19262, 9€ bounty)
Seat 5: _BRISCARD (30124, 18€ bounty)
Seat 6: Uncle Draw (44564, 9€ bounty)
*** ANTE/BLINDS ***
iCantGoBack posts ante 100
_BRISCARD posts ante 100
Enaifos posts ante 100
mood swings posts ante 100
pallejino posts ante 100
Uncle Draw posts ante 100
iCantGoBack posts small blind 400
_BRISCARD posts big blind 800
Dealt to iCantGoBack [9h Qh]
*** PRE-FLOP *** 
Uncle Draw folds
Enaifos raises 800 to 1600
mood swings folds
pallejino folds
iCantGoBack calls 1200
_BRISCARD calls 800
*** FLOP *** [Jc 2h 2s]
iCantGoBack checks
_BRISCARD checks
Enaifos bets 1600
iCantGoBack raises 3500 to 5100
_BRISCARD folds
Enaifos calls 3500
*** TURN *** [Jc 2h 2s][Ad]
iCantGoBack checks
Enaifos bets 2400
iCantGoBack folds
Enaifos collected 18000 from pot
*** SUMMARY ***
Total pot 18000 | No rake
Board: [Jc 2h 2s Ad]
Seat 1: Enaifos won 18000


Winamax Poker - Tournament "CLASH" buyIn: 18€ + 2€ level: 9 - HandId: #4127088698120470545-73-1754233644 - Holdem no limit (100/400/800) - 2025/08/03 15:07:24 UTC
Table: 'CLASH(960912718)#016' 6-max (real money) Seat #4 is the button
Seat 1: Enaifos (36726, 9€ bounty)
Seat 2: mood swings (12660, 9€ bounty)
Seat 3: pallejino (34120, 9€ bounty)
Seat 4: iCantGoBack (12462, 9€ bounty)
Seat 5: _BRISCARD (28424, 18€ bounty)
Seat 6: Uncle Draw (44464, 9€ bounty)
*** ANTE/BLINDS ***
_BRISCARD posts ante 100
Uncle Draw posts ante 100
Enaifos posts ante 100
mood swings posts ante 100
pallejino posts ante 100
iCantGoBack posts ante 100
_BRISCARD posts small blind 400
Uncle Draw posts big blind 800
Dealt to iCantGoBack [5s Th]
*** PRE-FLOP *** 
Enaifos folds
mood swings folds
pallejino raises 800 to 1600
iCantGoBack folds
_BRISCARD folds
Uncle Draw calls 800
*** FLOP *** [8d Jd 7d]
Uncle Draw checks
pallejino bets 1386
Uncle Draw raises 2793 to 4179
pallejino folds
Uncle Draw collected 9765 from pot
*** SUMMARY ***
Total pot 9765 | No rake
Board: [8d Jd 7d]
Seat 6: Uncle Draw (big blind) won 9765


Winamax Poker - Tournament "CLASH" buyIn: 18€ + 2€ level: 9 - HandId: #4127088698120470545-74-1754233689 - Holdem no limit (100/400/800) - 2025/08/03 15:08:09 UTC
Table: 'CLASH(960912718)#016' 6-max (real money) Seat #5 is the button
Seat 1: Enaifos (36626, 9€ bounty)
Seat 2: mood swings (12560, 9€ bounty)
Seat 3: pallejino (31034, 9€ bounty)
Seat 4: iCantGoBack (12362, 9€ bounty)
Seat 5: _BRISCARD (27924, 18€ bounty)
Seat 6: Uncle Draw (48350, 9€ bounty)
*** ANTE/BLINDS ***
Uncle Draw posts ante 100
Enaifos posts ante 100
mood swings posts ante 100
pallejino posts ante 100
iCantGoBack posts ante 100
_BRISCARD posts ante 100
Uncle Draw posts small blind 400
Enaifos posts big blind 800
Dealt to iCantGoBack [7c 5d]
*** PRE-FLOP *** 
mood swings folds
pallejino folds
iCantGoBack folds
_BRISCARD folds
Uncle Draw raises 2000 to 2800
Enaifos folds
Uncle Draw collected 4200 from pot
*** SUMMARY ***
Total pot 4200 | No rake
Seat 6: Uncle Draw (small blind) won 4200


Winamax Poker - Tournament "CLASH" buyIn: 18€ + 2€ level: 9 - HandId: #4127088698120470545-75-1754233724 - Holdem no limit (100/400/800) - 2025/08/03 15:08:44 UTC
Table: 'CLASH(960912718)#016' 6-max (real money) Seat #6 is the button
Seat 1: Enaifos (35726, 9€ bounty)
Seat 2: mood swings (12460, 9€ bounty)
Seat 3: pallejino (30934, 9€ bounty)
Seat 4: iCantGoBack (12262, 9€ bounty)
Seat 5: _BRISCARD (27824, 18€ bounty)
Seat 6: Uncle Draw (49650, 9€ bounty)
*** ANTE/BLINDS ***
Enaifos posts ante 100
mood swings posts ante 100
pallejino posts ante 100
iCantGoBack posts ante 100
_BRISCARD posts ante 100
Uncle Draw posts ante 100
Enaifos posts small blind 400
mood swings posts big blind 800
Dealt to iCantGoBack [2c 2h]
*** PRE-FLOP *** 
pallejino folds
iCantGoBack folds
_BRISCARD raises 960 to 1760
Uncle Draw calls 1760
Enaifos folds
mood swings calls 960
*** FLOP *** [6s 6c Qh]
mood swings checks
_BRISCARD bets 1970
Uncle Draw folds
mood swings raises 8630 to 10600 and is all-in
_BRISCARD folds
mood swings collected 18850 from pot
*** SUMMARY ***
Total pot 18850 | No rake
Board: [6s 6c Qh]
Seat 2: mood swings (big blind) won 18850


Winamax Poker - Tournament "CLASH" buyIn: 18€ + 2€ level: 9 - HandId: #4127088698120470545-76-1754233768 - Holdem no limit (100/400/800) - 2025/08/03 15:09:28 UTC
Table: 'CLASH(960912718)#016' 6-max (real money) Seat #1 is the button
Seat 1: Enaifos (35226, 9€ bounty)
Seat 2: mood swings (18850, 9€ bounty)
Seat 3: pallejino (30834, 9€ bounty)
Seat 4: iCantGoBack (12162, 9€ bounty)
Seat 5: _BRISCARD (23994, 18€ bounty)
Seat 6: Uncle Draw (47790, 9€ bounty)
*** ANTE/BLINDS ***
mood swings posts ante 100
pallejino posts ante 100
Enaifos posts ante 100
iCantGoBack posts ante 100
_BRISCARD posts ante 100
Uncle Draw posts ante 100
mood swings posts small blind 400
pallejino posts big blind 800
Dealt to iCantGoBack [4s 9c]
*** PRE-FLOP *** 
iCantGoBack folds
_BRISCARD folds
Uncle Draw raises 800 to 1600
Enaifos folds
mood swings folds
pallejino calls 800
*** FLOP *** [3c Qh 7c]
pallejino checks
Uncle Draw bets 1050
pallejino calls 1050
*** TURN *** [3c Qh 7c][5d]
pallejino checks
Uncle Draw bets 6800
pallejino calls 6800
*** RIVER *** [3c Qh 7c 5d][As]
pallejino checks
Uncle Draw bets 38240 and is all-in
pallejino folds
Uncle Draw collected 58140 from pot
*** SUMMARY ***
Total pot 58140 | No rake
Board: [3c Qh 7c 5d As]
Seat 6: Uncle Draw won 58140


Winamax Poker - Tournament "CLASH" buyIn: 18€ + 2€ level: 9 - HandId: #4127088698120470545-77-1754233820 - Holdem no limit (100/400/800) - 2025/08/03 15:10:20 UTC
Table: 'CLASH(960912718)#016' 6-max (real money) Seat #2 is the button
Seat 1: Enaifos (35126, 9€ bounty)
Seat 2: mood swings (18350, 9€ bounty)
Seat 3: pallejino (21284, 9€ bounty)
Seat 4: iCantGoBack (12062, 9€ bounty)
Seat 5: _BRISCARD (23894, 18€ bounty)
Seat 6: Uncle Draw (58140, 9€ bounty)
*** ANTE/BLINDS ***
pallejino posts ante 100
iCantGoBack posts ante 100
Enaifos posts ante 100
mood swings posts ante 100
_BRISCARD posts ante 100
Uncle Draw posts ante 100
pallejino posts small blind 400
iCantGoBack posts big blind 800
Dealt to iCantGoBack [3s 8c]
*** PRE-FLOP *** 
_BRISCARD folds
Uncle Draw folds
Enaifos folds
mood swings folds
pallejino raises 20384 to 21184 and is all-in
iCantGoBack folds
pallejino collected 22584 from pot
*** SUMMARY ***
Total pot 22584 | No rake
Seat 3: pallejino (small blind) won 22584


Winamax Poker - Tournament "CLASH" buyIn: 18€ + 2€ level: 9 - HandId: #4127088698120470545-78-1754233836 - Holdem no limit (100/400/800) - 2025/08/03 15:10:36 UTC
Table: 'CLASH(960912718)#016' 6-max (real money) Seat #3 is the button
Seat 1: Enaifos (35026, 9€ bounty)
Seat 2: mood swings (18250, 9€ bounty)
Seat 3: pallejino (22584, 9€ bounty)
Seat 4: iCantGoBack (11162, 9€ bounty)
Seat 5: _BRISCARD (23794, 18€ bounty)
Seat 6: Uncle Draw (58040, 9€ bounty)
*** ANTE/BLINDS ***
iCantGoBack posts ante 100
_BRISCARD posts ante 100
Enaifos posts ante 100
mood swings posts ante 100
pallejino posts ante 100
Uncle Draw posts ante 100
iCantGoBack posts small blind 400
_BRISCARD posts big blind 800
Dealt to iCantGoBack [Jd 4s]
*** PRE-FLOP *** 
Uncle Draw raises 800 to 1600
Enaifos folds
mood swings folds
pallejino raises 20884 to 22484 and is all-in
iCantGoBack folds
_BRISCARD folds
Uncle Draw folds
pallejino collected 25884 from pot
*** SUMMARY ***
Total pot 25884 | No rake
Seat 3: pallejino (button) won 25884


Winamax Poker - Tournament "CLASH" buyIn: 18€ + 2€ level: 9 - HandId: #4127088698120470545-79-1754233851 - Holdem no limit (100/400/800) - 2025/08/03 15:10:51 UTC
Table: 'CLASH(960912718)#016' 6-max (real money) Seat #4 is the button
Seat 1: Enaifos (34926, 9€ bounty)
Seat 2: mood swings (18150, 9€ bounty)
Seat 3: pallejino (25884, 9€ bounty)
Seat 4: iCantGoBack (10662, 9€ bounty)
Seat 5: _BRISCARD (22894, 18€ bounty)
Seat 6: Uncle Draw (56340, 9€ bounty)
*** ANTE/BLINDS ***
_BRISCARD posts ante 100
Uncle Draw posts ante 100
Enaifos posts ante 100
mood swings posts ante 100
pallejino posts ante 100
iCantGoBack posts ante 100
_BRISCARD posts small blind 400
Uncle Draw posts big blind 800
Dealt to iCantGoBack [Kc Ac]
*** PRE-FLOP *** 
Enaifos folds
mood swings folds
pallejino folds
iCantGoBack raises 9762 to 10562 and is all-in
_BRISCARD raises 12232 to 22794 and is all-in
Uncle Draw calls 21994
*** FLOP *** [Jd Qc Qh]
*** TURN *** [Jd Qc Qh][2c]
*** RIVER *** [Jd Qc Qh 2c][2h]
*** SHOW DOWN ***
iCantGoBack shows [Kc Ac] (Two pairs : Queens and 2)
_BRISCARD shows [6d 6h] (Two pairs : Queens and 6)
Uncle Draw shows [Qs Kh] (Full of Queens and 2)
Uncle Draw collected 56750 from pot
*** SUMMARY ***
Total pot 56750 | No rake
Board: [Jd Qc Qh 2c 2h]
Seat 4: iCantGoBack (button) showed [Kc Ac] and lost with Two pairs : Queens and 2
Seat 5: _BRISCARD (small blind) showed [6d 6h] and lost with Two pairs : Queens and 6
Seat 6: Uncle Draw (big blind) showed [Qs Kh] and won 56750 with Full of Queens and 2


