PokerStars Hand #248683424909: Tournament #3704767429, €13.50+€13.50+€3.00 EUR Hold'em No Limit - Level V (60/120) - 2024/02/04 13:44:20 BRT [2024/02/04 11:44:20 ET]
Table '3704767429 8' 8-max Seat #1 is the button
Seat 1: joaomentias (18920 in chips, €13.50 bounty) 
Seat 2: MVCAR (20108 in chips, €13.50 bounty) 
Seat 3: james2473 (31510 in chips, €13.50 bounty) 
Seat 4: Bitcoinas (11210 in chips, €13.50 bounty) 
Seat 5: Sharbik (21854 in chips, €13.50 bounty) 
Seat 6: deiraisetonuts (23173 in chips, €13.50 bounty) 
Seat 7: Alvaaroo91 (20822 in chips, €13.50 bounty) 
Seat 8: JanisJumpallin (18676 in chips, €13.50 bounty) 
joaomentias: posts the ante 15
MVCAR: posts the ante 15
james2473: posts the ante 15
Bitcoinas: posts the ante 15
Sharbik: posts the ante 15
deiraisetonuts: posts the ante 15
Alvaaroo91: posts the ante 15
JanisJumpallin: posts the ante 15
MVCAR: posts small blind 60
james2473: posts big blind 120
*** HOLE CARDS ***
Dealt to deiraisetonuts [Ad 4d]
Bitcoinas: raises 120 to 240
Sharbik: folds 
deiraisetonuts: calls 240
Alvaaroo91: folds 
JanisJumpallin: calls 240
joaomentias: folds 
MVCAR: folds 
james2473: folds 
*** FLOP *** [3h Td 6h]
Bitcoinas: bets 275
deiraisetonuts: folds 
JanisJumpallin: calls 275
*** TURN *** [3h Td 6h] [2h]
Bitcoinas: checks 
JanisJumpallin: bets 1570
Bitcoinas: raises 1570 to 3140
JanisJumpallin: raises 15006 to 18146 and is all-in
Bitcoinas: folds 
Uncalled bet (15006) returned to JanisJumpallin
JanisJumpallin collected 7850 from pot
JanisJumpallin: doesn't show hand 
*** SUMMARY ***
Total pot 7850 | Rake 0 
Board [3h Td 6h 2h]
Seat 1: joaomentias (button) folded before Flop (didn't bet)
Seat 2: MVCAR (small blind) folded before Flop
Seat 3: james2473 (big blind) folded before Flop
Seat 4: Bitcoinas folded on the Turn
Seat 5: Sharbik folded before Flop (didn't bet)
Seat 6: deiraisetonuts folded on the Flop
Seat 7: Alvaaroo91 folded before Flop (didn't bet)
Seat 8: JanisJumpallin collected (7850)



