PokerStars Hand #248684214448: Tournament #3704767429, €13.50+€13.50+€3.00 EUR Hold'em No Limit - Level VIII (125/250) - 2024/02/04 14:22:34 BRT [2024/02/04 12:22:34 ET]
Table '3704767429 8' 8-max Seat #4 is the button
Seat 1: FoldPlzOmg (21147 in chips, €13.50 bounty) 
Seat 2: MVCAR (17224 in chips, €13.50 bounty) 
Seat 3: andrelopes11 (31455 in chips, €13.50 bounty) 
Seat 4: catanho_21 (21840 in chips, €13.50 bounty) 
Seat 5: Sharbik (20719 in chips, €13.50 bounty) 
Seat 6: deiraisetonuts (24518 in chips, €13.50 bounty) 
Seat 7: PauloT1479 (16387 in chips, €13.50 bounty) 
Seat 8: JanisJumpallin (15111 in chips, €13.50 bounty) 
FoldPlzOmg: posts the ante 30
MVCAR: posts the ante 30
andrelopes11: posts the ante 30
catanho_21: posts the ante 30
Sharbik: posts the ante 30
deiraisetonuts: posts the ante 30
PauloT1479: posts the ante 30
JanisJumpallin: posts the ante 30
Sharbik: posts small blind 125
deiraisetonuts: posts big blind 250
*** HOLE CARDS ***
Dealt to deiraisetonuts [2d 3d]
PauloT1479: folds 
JanisJumpallin: folds 
FoldPlzOmg: folds 
MVCAR: folds 
andrelopes11: raises 250 to 500
catanho_21: folds 
Sharbik: raises 2875 to 3375
deiraisetonuts: folds 
andrelopes11: folds 
Uncalled bet (2875) returned to Sharbik
Sharbik collected 1490 from pot
Sharbik: doesn't show hand 
*** SUMMARY ***
Total pot 1490 | Rake 0 
Seat 1: FoldPlzOmg folded before Flop (didn't bet)
Seat 2: MVCAR folded before Flop (didn't bet)
Seat 3: andrelopes11 folded before Flop
Seat 4: catanho_21 (button) folded before Flop (didn't bet)
Seat 5: Sharbik (small blind) collected (1490)
Seat 6: deiraisetonuts (big blind) folded before Flop
Seat 7: PauloT1479 folded before Flop (didn't bet)
Seat 8: JanisJumpallin folded before Flop (didn't bet)



PokerStars Hand #248684232027: Tournament #3704767429, €13.50+€13.50+€3.00 EUR Hold'em No Limit - Level VIII (125/250) - 2024/02/04 14:23:20 BRT [2024/02/04 12:23:20 ET]
Table '3704767429 8' 8-max Seat #5 is the button
Seat 1: FoldPlzOmg (21117 in chips, €13.50 bounty) 
Seat 2: MVCAR (17194 in chips, €13.50 bounty) 
Seat 3: andrelopes11 (30925 in chips, €13.50 bounty) 
Seat 4: catanho_21 (21810 in chips, €13.50 bounty) 
Seat 5: Sharbik (21679 in chips, €13.50 bounty) 
Seat 6: deiraisetonuts (24238 in chips, €13.50 bounty) 
Seat 7: PauloT1479 (16357 in chips, €13.50 bounty) 
Seat 8: JanisJumpallin (15081 in chips, €13.50 bounty) 
FoldPlzOmg: posts the ante 30
MVCAR: posts the ante 30
andrelopes11: posts the ante 30
catanho_21: posts the ante 30
Sharbik: posts the ante 30
deiraisetonuts: posts the ante 30
PauloT1479: posts the ante 30
JanisJumpallin: posts the ante 30
deiraisetonuts: posts small blind 125
PauloT1479: posts big blind 250
*** HOLE CARDS ***
Dealt to deiraisetonuts [5c Qs]
JanisJumpallin: folds 
FoldPlzOmg: folds 
MVCAR: folds 
andrelopes11: folds 
catanho_21: raises 325 to 575
Sharbik: folds 
deiraisetonuts: folds 
PauloT1479: folds 
Uncalled bet (325) returned to catanho_21
catanho_21 collected 865 from pot
catanho_21: doesn't show hand 
*** SUMMARY ***
Total pot 865 | Rake 0 
Seat 1: FoldPlzOmg folded before Flop (didn't bet)
Seat 2: MVCAR folded before Flop (didn't bet)
Seat 3: andrelopes11 folded before Flop (didn't bet)
Seat 4: catanho_21 collected (865)
Seat 5: Sharbik (button) folded before Flop (didn't bet)
Seat 6: deiraisetonuts (small blind) folded before Flop
Seat 7: PauloT1479 (big blind) folded before Flop
Seat 8: JanisJumpallin folded before Flop (didn't bet)



PokerStars Hand #248684246235: Tournament #3704767429, €13.50+€13.50+€3.00 EUR Hold'em No Limit - Level VIII (125/250) - 2024/02/04 14:23:58 BRT [2024/02/04 12:23:58 ET]
Table '3704767429 8' 8-max Seat #6 is the button
Seat 1: FoldPlzOmg (21087 in chips, €13.50 bounty) 
Seat 2: MVCAR (17164 in chips, €13.50 bounty) 
Seat 3: andrelopes11 (30895 in chips, €13.50 bounty) 
Seat 4: catanho_21 (22395 in chips, €13.50 bounty) 
Seat 5: Sharbik (21649 in chips, €13.50 bounty) 
Seat 6: deiraisetonuts (24083 in chips, €13.50 bounty) 
Seat 7: PauloT1479 (16077 in chips, €13.50 bounty) 
Seat 8: JanisJumpallin (15051 in chips, €13.50 bounty) 
FoldPlzOmg: posts the ante 30
MVCAR: posts the ante 30
andrelopes11: posts the ante 30
catanho_21: posts the ante 30
Sharbik: posts the ante 30
deiraisetonuts: posts the ante 30
PauloT1479: posts the ante 30
JanisJumpallin: posts the ante 30
PauloT1479: posts small blind 125
JanisJumpallin: posts big blind 250
*** HOLE CARDS ***
Dealt to deiraisetonuts [2h 8h]
FoldPlzOmg: folds 
MVCAR: raises 750 to 1000
andrelopes11: folds 
catanho_21: folds 
Sharbik: folds 
deiraisetonuts: folds 
PauloT1479: folds 
JanisJumpallin: raises 1000 to 2000
MVCAR: raises 15134 to 17134 and is all-in
JanisJumpallin: calls 13021 and is all-in
Uncalled bet (2113) returned to MVCAR
*** FLOP *** [9c 3c 6d]
*** TURN *** [9c 3c 6d] [8d]
*** RIVER *** [9c 3c 6d 8d] [6h]
*** SHOW DOWN ***
JanisJumpallin: shows [Ah Ad] (two pair, Aces and Sixes)
MVCAR: shows [Qc Qs] (two pair, Queens and Sixes)
JanisJumpallin collected 30407 from pot
*** SUMMARY ***
Total pot 30407 | Rake 0 
Board [9c 3c 6d 8d 6h]
Seat 1: FoldPlzOmg folded before Flop (didn't bet)
Seat 2: MVCAR showed [Qc Qs] and lost with two pair, Queens and Sixes
Seat 3: andrelopes11 folded before Flop (didn't bet)
Seat 4: catanho_21 folded before Flop (didn't bet)
Seat 5: Sharbik folded before Flop (didn't bet)
Seat 6: deiraisetonuts (button) folded before Flop (didn't bet)
Seat 7: PauloT1479 (small blind) folded before Flop
Seat 8: JanisJumpallin (big blind) showed [Ah Ad] and won (30407) with two pair, Aces and Sixes



PokerStars Hand #248684269481: Tournament #3704767429, €13.50+€13.50+€3.00 EUR Hold'em No Limit - Level VIII (125/250) - 2024/02/04 14:24:59 BRT [2024/02/04 12:24:59 ET]
Table '3704767429 8' 8-max Seat #7 is the button
Seat 1: FoldPlzOmg (21057 in chips, €13.50 bounty) 
Seat 2: MVCAR (2113 in chips, €13.50 bounty) 
Seat 3: andrelopes11 (30865 in chips, €13.50 bounty) 
Seat 4: catanho_21 (22365 in chips, €13.50 bounty) 
Seat 5: Sharbik (21619 in chips, €13.50 bounty) 
Seat 6: deiraisetonuts (24053 in chips, €13.50 bounty) 
Seat 7: PauloT1479 (15922 in chips, €13.50 bounty) 
Seat 8: JanisJumpallin (30407 in chips, €13.50 bounty) 
FoldPlzOmg: posts the ante 30
MVCAR: posts the ante 30
andrelopes11: posts the ante 30
catanho_21: posts the ante 30
Sharbik: posts the ante 30
deiraisetonuts: posts the ante 30
PauloT1479: posts the ante 30
JanisJumpallin: posts the ante 30
JanisJumpallin: posts small blind 125
FoldPlzOmg: posts big blind 250
*** HOLE CARDS ***
Dealt to deiraisetonuts [9d 4s]
MVCAR: folds 
andrelopes11: folds 
catanho_21: folds 
Sharbik: folds 
deiraisetonuts: folds 
PauloT1479: raises 500 to 750
JanisJumpallin: folds 
FoldPlzOmg: calls 500
*** FLOP *** [7h Qd 2h]
FoldPlzOmg: checks 
PauloT1479: bets 933
FoldPlzOmg: folds 
Uncalled bet (933) returned to PauloT1479
PauloT1479 collected 1865 from pot
*** SUMMARY ***
Total pot 1865 | Rake 0 
Board [7h Qd 2h]
Seat 1: FoldPlzOmg (big blind) folded on the Flop
Seat 2: MVCAR folded before Flop (didn't bet)
Seat 3: andrelopes11 folded before Flop (didn't bet)
Seat 4: catanho_21 folded before Flop (didn't bet)
Seat 5: Sharbik folded before Flop (didn't bet)
Seat 6: deiraisetonuts folded before Flop (didn't bet)
Seat 7: PauloT1479 (button) collected (1865)
Seat 8: JanisJumpallin (small blind) folded before Flop



PokerStars Hand #248684288095: Tournament #3704767429, €13.50+€13.50+€3.00 EUR Hold'em No Limit - Level VIII (125/250) - 2024/02/04 14:25:49 BRT [2024/02/04 12:25:49 ET]
Table '3704767429 8' 8-max Seat #8 is the button
Seat 1: FoldPlzOmg (20277 in chips, €13.50 bounty) 
Seat 2: MVCAR (2083 in chips, €13.50 bounty) 
Seat 3: andrelopes11 (30835 in chips, €13.50 bounty) 
Seat 4: catanho_21 (22335 in chips, €13.50 bounty) 
Seat 5: Sharbik (21589 in chips, €13.50 bounty) 
Seat 6: deiraisetonuts (24023 in chips, €13.50 bounty) 
Seat 7: PauloT1479 (17007 in chips, €13.50 bounty) 
Seat 8: JanisJumpallin (30252 in chips, €13.50 bounty) 
FoldPlzOmg: posts the ante 30
MVCAR: posts the ante 30
andrelopes11: posts the ante 30
catanho_21: posts the ante 30
Sharbik: posts the ante 30
deiraisetonuts: posts the ante 30
PauloT1479: posts the ante 30
JanisJumpallin: posts the ante 30
FoldPlzOmg: posts small blind 125
MVCAR: posts big blind 250
*** HOLE CARDS ***
Dealt to deiraisetonuts [3c 9c]
andrelopes11: folds 
catanho_21: folds 
Sharbik: raises 250 to 500
deiraisetonuts: folds 
PauloT1479: folds 
JanisJumpallin: folds 
FoldPlzOmg: raises 1625 to 2125
MVCAR: folds 
Sharbik: folds 
Uncalled bet (1625) returned to FoldPlzOmg
FoldPlzOmg collected 1490 from pot
*** SUMMARY ***
Total pot 1490 | Rake 0 
Seat 1: FoldPlzOmg (small blind) collected (1490)
Seat 2: MVCAR (big blind) folded before Flop
Seat 3: andrelopes11 folded before Flop (didn't bet)
Seat 4: catanho_21 folded before Flop (didn't bet)
Seat 5: Sharbik folded before Flop
Seat 6: deiraisetonuts folded before Flop (didn't bet)
Seat 7: PauloT1479 folded before Flop (didn't bet)
Seat 8: JanisJumpallin (button) folded before Flop (didn't bet)



PokerStars Hand #248684317433: Tournament #3704767429, €13.50+€13.50+€3.00 EUR Hold'em No Limit - Level VIII (125/250) - 2024/02/04 14:27:06 BRT [2024/02/04 12:27:06 ET]
Table '3704767429 8' 8-max Seat #1 is the button
Seat 1: FoldPlzOmg (21237 in chips, €13.50 bounty) 
Seat 2: MVCAR (1803 in chips, €13.50 bounty) 
Seat 3: andrelopes11 (30805 in chips, €13.50 bounty) 
Seat 4: catanho_21 (22305 in chips, €13.50 bounty) 
Seat 5: Sharbik (21059 in chips, €13.50 bounty) 
Seat 6: deiraisetonuts (23993 in chips, €13.50 bounty) 
Seat 7: PauloT1479 (16977 in chips, €13.50 bounty) 
Seat 8: JanisJumpallin (30222 in chips, €13.50 bounty) 
FoldPlzOmg: posts the ante 30
MVCAR: posts the ante 30
andrelopes11: posts the ante 30
catanho_21: posts the ante 30
Sharbik: posts the ante 30
deiraisetonuts: posts the ante 30
PauloT1479: posts the ante 30
JanisJumpallin: posts the ante 30
MVCAR: posts small blind 125
andrelopes11: posts big blind 250
*** HOLE CARDS ***
Dealt to deiraisetonuts [Ah 7d]
catanho_21: folds 
Sharbik: folds 
deiraisetonuts: folds 
PauloT1479: folds 
JanisJumpallin: raises 300 to 550
FoldPlzOmg: folds 
MVCAR: folds 
andrelopes11: calls 300
*** FLOP *** [Ad Qs 9h]
andrelopes11: checks 
JanisJumpallin: bets 575
andrelopes11: calls 575
*** TURN *** [Ad Qs 9h] [7s]
andrelopes11: checks 
JanisJumpallin: checks 
*** RIVER *** [Ad Qs 9h 7s] [5c]
andrelopes11: bets 1726
JanisJumpallin: folds 
Uncalled bet (1726) returned to andrelopes11
andrelopes11 collected 2615 from pot
andrelopes11: doesn't show hand 
*** SUMMARY ***
Total pot 2615 | Rake 0 
Board [Ad Qs 9h 7s 5c]
Seat 1: FoldPlzOmg (button) folded before Flop (didn't bet)
Seat 2: MVCAR (small blind) folded before Flop
Seat 3: andrelopes11 (big blind) collected (2615)
Seat 4: catanho_21 folded before Flop (didn't bet)
Seat 5: Sharbik folded before Flop (didn't bet)
Seat 6: deiraisetonuts folded before Flop (didn't bet)
Seat 7: PauloT1479 folded before Flop (didn't bet)
Seat 8: JanisJumpallin folded on the River



PokerStars Hand #248684337346: Tournament #3704767429, €13.50+€13.50+€3.00 EUR Hold'em No Limit - Level VIII (125/250) - 2024/02/04 14:27:57 BRT [2024/02/04 12:27:57 ET]
Table '3704767429 8' 8-max Seat #2 is the button
Seat 1: FoldPlzOmg (21207 in chips, €13.50 bounty) 
Seat 2: MVCAR (1648 in chips, €13.50 bounty) 
Seat 3: andrelopes11 (32265 in chips, €13.50 bounty) 
Seat 4: catanho_21 (22275 in chips, €13.50 bounty) 
Seat 5: Sharbik (21029 in chips, €13.50 bounty) 
Seat 6: deiraisetonuts (23963 in chips, €13.50 bounty) 
Seat 7: PauloT1479 (16947 in chips, €13.50 bounty) 
Seat 8: JanisJumpallin (29067 in chips, €13.50 bounty) 
FoldPlzOmg: posts the ante 30
MVCAR: posts the ante 30
andrelopes11: posts the ante 30
catanho_21: posts the ante 30
Sharbik: posts the ante 30
deiraisetonuts: posts the ante 30
PauloT1479: posts the ante 30
JanisJumpallin: posts the ante 30
andrelopes11: posts small blind 125
catanho_21: posts big blind 250
*** HOLE CARDS ***
Dealt to deiraisetonuts [8d Ks]
Sharbik: folds 
deiraisetonuts: folds 
PauloT1479: folds 
JanisJumpallin: raises 300 to 550
FoldPlzOmg: raises 1200 to 1750
MVCAR: calls 1618 and is all-in
andrelopes11: raises 30485 to 32235 and is all-in
catanho_21: folds 
JanisJumpallin: folds 
FoldPlzOmg: folds [Kc]
Uncalled bet (30485) returned to andrelopes11
*** FLOP *** [Kh 4d Tc]
*** TURN *** [Kh 4d Tc] [9h]
*** RIVER *** [Kh 4d Tc 9h] [Ac]
*** SHOW DOWN ***
andrelopes11: shows [Jc Jh] (a pair of Jacks)
andrelopes11 collected 264 from side pot
MVCAR: shows [Jd Ad] (a pair of Aces)
MVCAR collected 5894 from main pot
*** SUMMARY ***
Total pot 6158 Main pot 5894. Side pot 264. | Rake 0 
Board [Kh 4d Tc 9h Ac]
Seat 1: FoldPlzOmg folded before Flop
Seat 2: MVCAR (button) showed [Jd Ad] and won (5894) with a pair of Aces
Seat 3: andrelopes11 (small blind) showed [Jc Jh] and won (264) with a pair of Jacks
Seat 4: catanho_21 (big blind) folded before Flop
Seat 5: Sharbik folded before Flop (didn't bet)
Seat 6: deiraisetonuts folded before Flop (didn't bet)
Seat 7: PauloT1479 folded before Flop (didn't bet)
Seat 8: JanisJumpallin folded before Flop



PokerStars Hand #248684362021: Tournament #3704767429, €13.50+€13.50+€3.00 EUR Hold'em No Limit - Level IX (150/300) - 2024/02/04 14:29:03 BRT [2024/02/04 12:29:03 ET]
Table '3704767429 8' 8-max Seat #3 is the button
Seat 1: FoldPlzOmg (19427 in chips, €13.50 bounty) 
Seat 2: MVCAR (5894 in chips, €13.50 bounty) 
Seat 3: andrelopes11 (30749 in chips, €13.50 bounty) 
Seat 4: catanho_21 (21995 in chips, €13.50 bounty) 
Seat 5: Sharbik (20999 in chips, €13.50 bounty) 
Seat 6: deiraisetonuts (23933 in chips, €13.50 bounty) 
Seat 7: PauloT1479 (16917 in chips, €13.50 bounty) 
Seat 8: JanisJumpallin (28487 in chips, €13.50 bounty) 
FoldPlzOmg: posts the ante 40
MVCAR: posts the ante 40
andrelopes11: posts the ante 40
catanho_21: posts the ante 40
Sharbik: posts the ante 40
deiraisetonuts: posts the ante 40
PauloT1479: posts the ante 40
JanisJumpallin: posts the ante 40
catanho_21: posts small blind 150
Sharbik: posts big blind 300
*** HOLE CARDS ***
Dealt to deiraisetonuts [4d 7h]
deiraisetonuts: folds 
PauloT1479: raises 300 to 600
JanisJumpallin: folds 
FoldPlzOmg: folds 
MVCAR: folds 
andrelopes11: folds 
catanho_21: folds 
Sharbik: calls 300
*** FLOP *** [2d 7c Qs]
Sharbik: checks 
PauloT1479: checks 
*** TURN *** [2d 7c Qs] [Jc]
Sharbik: bets 600
PauloT1479: calls 600
*** RIVER *** [2d 7c Qs Jc] [2c]
Sharbik: bets 900
PauloT1479: calls 900
*** SHOW DOWN ***
Sharbik: shows [Ad 5s] (a pair of Deuces)
PauloT1479: shows [4h As] (a pair of Deuces)
Sharbik collected 2335 from pot
PauloT1479 collected 2335 from pot
*** SUMMARY ***
Total pot 4670 | Rake 0 
Board [2d 7c Qs Jc 2c]
Seat 1: FoldPlzOmg folded before Flop (didn't bet)
Seat 2: MVCAR folded before Flop (didn't bet)
Seat 3: andrelopes11 (button) folded before Flop (didn't bet)
Seat 4: catanho_21 (small blind) folded before Flop
Seat 5: Sharbik (big blind) showed [Ad 5s] and won (2335) with a pair of Deuces
Seat 6: deiraisetonuts folded before Flop (didn't bet)
Seat 7: PauloT1479 showed [4h As] and won (2335) with a pair of Deuces
Seat 8: JanisJumpallin folded before Flop (didn't bet)



PokerStars Hand #248684387230: Tournament #3704767429, €13.50+€13.50+€3.00 EUR Hold'em No Limit - Level IX (150/300) - 2024/02/04 14:30:07 BRT [2024/02/04 12:30:07 ET]
Table '3704767429 8' 8-max Seat #4 is the button
Seat 1: FoldPlzOmg (19387 in chips, €13.50 bounty) 
Seat 2: MVCAR (5854 in chips, €13.50 bounty) 
Seat 3: andrelopes11 (30709 in chips, €13.50 bounty) 
Seat 4: catanho_21 (21805 in chips, €13.50 bounty) 
Seat 5: Sharbik (21194 in chips, €13.50 bounty) 
Seat 6: deiraisetonuts (23893 in chips, €13.50 bounty) 
Seat 7: PauloT1479 (17112 in chips, €13.50 bounty) 
Seat 8: JanisJumpallin (28447 in chips, €13.50 bounty) 
FoldPlzOmg: posts the ante 40
MVCAR: posts the ante 40
andrelopes11: posts the ante 40
catanho_21: posts the ante 40
Sharbik: posts the ante 40
deiraisetonuts: posts the ante 40
PauloT1479: posts the ante 40
JanisJumpallin: posts the ante 40
Sharbik: posts small blind 150
deiraisetonuts: posts big blind 300
*** HOLE CARDS ***
Dealt to deiraisetonuts [7c Kh]
PauloT1479: folds 
JanisJumpallin: raises 390 to 690
FoldPlzOmg: folds 
MVCAR: folds 
andrelopes11: raises 1710 to 2400
catanho_21: folds 
Sharbik: folds 
deiraisetonuts: folds 
JanisJumpallin: folds 
Uncalled bet (1710) returned to andrelopes11
andrelopes11 collected 2150 from pot
andrelopes11: doesn't show hand 
*** SUMMARY ***
Total pot 2150 | Rake 0 
Seat 1: FoldPlzOmg folded before Flop (didn't bet)
Seat 2: MVCAR folded before Flop (didn't bet)
Seat 3: andrelopes11 collected (2150)
Seat 4: catanho_21 (button) folded before Flop (didn't bet)
Seat 5: Sharbik (small blind) folded before Flop
Seat 6: deiraisetonuts (big blind) folded before Flop
Seat 7: PauloT1479 folded before Flop (didn't bet)
Seat 8: JanisJumpallin folded before Flop



PokerStars Hand #248684405289: Tournament #3704767429, €13.50+€13.50+€3.00 EUR Hold'em No Limit - Level IX (150/300) - 2024/02/04 14:30:53 BRT [2024/02/04 12:30:53 ET]
Table '3704767429 8' 8-max Seat #5 is the button
Seat 1: FoldPlzOmg (19347 in chips, €13.50 bounty) 
Seat 2: MVCAR (5814 in chips, €13.50 bounty) 
Seat 3: andrelopes11 (32129 in chips, €13.50 bounty) 
Seat 4: catanho_21 (21765 in chips, €13.50 bounty) 
Seat 5: Sharbik (21004 in chips, €13.50 bounty) 
Seat 6: deiraisetonuts (23553 in chips, €13.50 bounty) 
Seat 7: PauloT1479 (17072 in chips, €13.50 bounty) 
Seat 8: JanisJumpallin (27717 in chips, €13.50 bounty) 
FoldPlzOmg: posts the ante 40
MVCAR: posts the ante 40
andrelopes11: posts the ante 40
catanho_21: posts the ante 40
Sharbik: posts the ante 40
deiraisetonuts: posts the ante 40
PauloT1479: posts the ante 40
JanisJumpallin: posts the ante 40
deiraisetonuts: posts small blind 150
PauloT1479: posts big blind 300
*** HOLE CARDS ***
Dealt to deiraisetonuts [Qh Jc]
JanisJumpallin: folds 
FoldPlzOmg: folds 
MVCAR: folds 
andrelopes11: folds 
catanho_21: folds 
Sharbik: raises 300 to 600
deiraisetonuts: calls 450
PauloT1479: calls 300
*** FLOP *** [6s 5h 9s]
deiraisetonuts: checks 
PauloT1479: checks 
Sharbik: checks 
*** TURN *** [6s 5h 9s] [5c]
deiraisetonuts: checks 
PauloT1479: bets 1200
Sharbik: raises 2550 to 3750
deiraisetonuts: folds 
PauloT1479: folds 
Uncalled bet (2550) returned to Sharbik
Sharbik collected 4520 from pot
Sharbik: doesn't show hand 
*** SUMMARY ***
Total pot 4520 | Rake 0 
Board [6s 5h 9s 5c]
Seat 1: FoldPlzOmg folded before Flop (didn't bet)
Seat 2: MVCAR folded before Flop (didn't bet)
Seat 3: andrelopes11 folded before Flop (didn't bet)
Seat 4: catanho_21 folded before Flop (didn't bet)
Seat 5: Sharbik (button) collected (4520)
Seat 6: deiraisetonuts (small blind) folded on the Turn
Seat 7: PauloT1479 (big blind) folded on the Turn
Seat 8: JanisJumpallin folded before Flop (didn't bet)



PokerStars Hand #248684443576: Tournament #3704767429, €13.50+€13.50+€3.00 EUR Hold'em No Limit - Level IX (150/300) - 2024/02/04 14:32:28 BRT [2024/02/04 12:32:28 ET]
Table '3704767429 8' 8-max Seat #6 is the button
Seat 1: FoldPlzOmg (19307 in chips, €13.50 bounty) 
Seat 2: MVCAR (5774 in chips, €13.50 bounty) 
Seat 3: andrelopes11 (32089 in chips, €13.50 bounty) 
Seat 4: catanho_21 (21725 in chips, €13.50 bounty) 
Seat 5: Sharbik (23684 in chips, €13.50 bounty) 
Seat 6: deiraisetonuts (22913 in chips, €13.50 bounty) 
Seat 7: PauloT1479 (15232 in chips, €13.50 bounty) 
Seat 8: JanisJumpallin (27677 in chips, €13.50 bounty) 
FoldPlzOmg: posts the ante 40
MVCAR: posts the ante 40
andrelopes11: posts the ante 40
catanho_21: posts the ante 40
Sharbik: posts the ante 40
deiraisetonuts: posts the ante 40
PauloT1479: posts the ante 40
JanisJumpallin: posts the ante 40
PauloT1479: posts small blind 150
JanisJumpallin: posts big blind 300
*** HOLE CARDS ***
Dealt to deiraisetonuts [Ah 8d]
FoldPlzOmg: raises 450 to 750
MVCAR: folds 
andrelopes11: folds 
catanho_21: folds 
Sharbik: calls 750
deiraisetonuts: folds 
PauloT1479: calls 600
JanisJumpallin: folds 
*** FLOP *** [9h Jd 4d]
PauloT1479: checks 
FoldPlzOmg: checks 
Sharbik: bets 947
PauloT1479: calls 947
FoldPlzOmg: folds 
*** TURN *** [9h Jd 4d] [7s]
PauloT1479: checks 
Sharbik: bets 3573
PauloT1479: raises 9922 to 13495 and is all-in
Sharbik: calls 9922
*** RIVER *** [9h Jd 4d 7s] [8h]
*** SHOW DOWN ***
PauloT1479: shows [9s 6s] (a pair of Nines)
Sharbik: shows [Js Ts] (a straight, Seven to Jack)
Sharbik collected 31754 from pot
Sharbik wins €6.75 for eliminating PauloT1479 and their own bounty increases by €6.75 to €20.25
PauloT1479 finished the tournament
*** SUMMARY ***
Total pot 31754 | Rake 0 
Board [9h Jd 4d 7s 8h]
Seat 1: FoldPlzOmg folded on the Flop
Seat 2: MVCAR folded before Flop (didn't bet)
Seat 3: andrelopes11 folded before Flop (didn't bet)
Seat 4: catanho_21 folded before Flop (didn't bet)
Seat 5: Sharbik showed [Js Ts] and won (31754) with a straight, Seven to Jack
Seat 6: deiraisetonuts (button) folded before Flop (didn't bet)
Seat 7: PauloT1479 (small blind) showed [9s 6s] and lost with a pair of Nines
Seat 8: JanisJumpallin (big blind) folded before Flop



PokerStars Hand #248684480338: Tournament #3704767429, €13.50+€13.50+€3.00 EUR Hold'em No Limit - Level IX (150/300) - 2024/02/04 14:33:59 BRT [2024/02/04 12:33:59 ET]
Table '3704767429 8' 8-max Seat #8 is the button
Seat 1: FoldPlzOmg (18517 in chips, €13.50 bounty) 
Seat 2: MVCAR (5734 in chips, €13.50 bounty) 
Seat 3: andrelopes11 (32049 in chips, €13.50 bounty) 
Seat 4: catanho_21 (21685 in chips, €13.50 bounty) 
Seat 5: Sharbik (40206 in chips, €20.25 bounty) 
Seat 6: deiraisetonuts (22873 in chips, €13.50 bounty) 
Seat 8: JanisJumpallin (27337 in chips, €13.50 bounty) 
FoldPlzOmg: posts the ante 40
MVCAR: posts the ante 40
andrelopes11: posts the ante 40
catanho_21: posts the ante 40
Sharbik: posts the ante 40
deiraisetonuts: posts the ante 40
JanisJumpallin: posts the ante 40
FoldPlzOmg: posts small blind 150
MVCAR: posts big blind 300
*** HOLE CARDS ***
Dealt to deiraisetonuts [8d 4h]
SDimaS555 is disconnected 
andrelopes11: folds 
catanho_21: folds 
Sharbik: raises 300 to 600
deiraisetonuts: folds 
JanisJumpallin: folds 
FoldPlzOmg: raises 1950 to 2550
MVCAR: folds 
Sharbik: calls 1950
*** FLOP *** [5s 6s 7d]
FoldPlzOmg: bets 2954
Sharbik: calls 2954
*** TURN *** [5s 6s 7d] [3d]
FoldPlzOmg: bets 12973 and is all-in
Sharbik: folds 
Uncalled bet (12973) returned to FoldPlzOmg
FoldPlzOmg collected 11588 from pot
*** SUMMARY ***
Total pot 11588 | Rake 0 
Board [5s 6s 7d 3d]
Seat 1: FoldPlzOmg (small blind) collected (11588)
Seat 2: MVCAR (big blind) folded before Flop
Seat 3: andrelopes11 folded before Flop (didn't bet)
Seat 4: catanho_21 folded before Flop (didn't bet)
Seat 5: Sharbik folded on the Turn
Seat 6: deiraisetonuts folded before Flop (didn't bet)
Seat 8: JanisJumpallin (button) folded before Flop (didn't bet)



PokerStars Hand #248684519404: Tournament #3704767429, €13.50+€13.50+€3.00 EUR Hold'em No Limit - Level IX (150/300) - 2024/02/04 14:35:36 BRT [2024/02/04 12:35:36 ET]
Table '3704767429 8' 8-max Seat #1 is the button
Seat 1: FoldPlzOmg (24561 in chips, €13.50 bounty) 
Seat 2: MVCAR (5394 in chips, €13.50 bounty) 
Seat 3: andrelopes11 (32009 in chips, €13.50 bounty) 
Seat 4: catanho_21 (21645 in chips, €13.50 bounty) 
Seat 5: Sharbik (34662 in chips, €20.25 bounty) 
Seat 6: deiraisetonuts (22833 in chips, €13.50 bounty) 
Seat 7: SDimaS555 (20000 in chips, €13.50 bounty) 
Seat 8: JanisJumpallin (27297 in chips, €13.50 bounty) 
FoldPlzOmg: posts the ante 40
MVCAR: posts the ante 40
andrelopes11: posts the ante 40
catanho_21: posts the ante 40
Sharbik: posts the ante 40
deiraisetonuts: posts the ante 40
SDimaS555: posts the ante 40
JanisJumpallin: posts the ante 40
MVCAR: posts small blind 150
andrelopes11: posts big blind 300
*** HOLE CARDS ***
Dealt to deiraisetonuts [9h 6c]
catanho_21: raises 390 to 690
Sharbik: folds 
deiraisetonuts: folds 
SDimaS555: folds 
JanisJumpallin: folds 
FoldPlzOmg: folds 
MVCAR: folds 
andrelopes11: calls 390
*** FLOP *** [2h 4c Ah]
andrelopes11: checks 
catanho_21: bets 615
andrelopes11: folds 
Uncalled bet (615) returned to catanho_21
catanho_21 collected 1850 from pot
catanho_21: doesn't show hand 
*** SUMMARY ***
Total pot 1850 | Rake 0 
Board [2h 4c Ah]
Seat 1: FoldPlzOmg (button) folded before Flop (didn't bet)
Seat 2: MVCAR (small blind) folded before Flop
Seat 3: andrelopes11 (big blind) folded on the Flop
Seat 4: catanho_21 collected (1850)
Seat 5: Sharbik folded before Flop (didn't bet)
Seat 6: deiraisetonuts folded before Flop (didn't bet)
Seat 7: SDimaS555 folded before Flop (didn't bet)
Seat 8: JanisJumpallin folded before Flop (didn't bet)



PokerStars Hand #248684534613: Tournament #3704767429, €13.50+€13.50+€3.00 EUR Hold'em No Limit - Level IX (150/300) - 2024/02/04 14:36:14 BRT [2024/02/04 12:36:14 ET]
Table '3704767429 8' 8-max Seat #2 is the button
Seat 1: FoldPlzOmg (24521 in chips, €13.50 bounty) 
Seat 2: MVCAR (5204 in chips, €13.50 bounty) 
Seat 3: andrelopes11 (31279 in chips, €13.50 bounty) 
Seat 4: catanho_21 (22765 in chips, €13.50 bounty) 
Seat 5: Sharbik (34622 in chips, €20.25 bounty) 
Seat 6: deiraisetonuts (22793 in chips, €13.50 bounty) 
Seat 7: SDimaS555 (19960 in chips, €13.50 bounty) 
Seat 8: JanisJumpallin (27257 in chips, €13.50 bounty) 
FoldPlzOmg: posts the ante 40
MVCAR: posts the ante 40
andrelopes11: posts the ante 40
catanho_21: posts the ante 40
Sharbik: posts the ante 40
deiraisetonuts: posts the ante 40
SDimaS555: posts the ante 40
JanisJumpallin: posts the ante 40
andrelopes11: posts small blind 150
catanho_21: posts big blind 300
*** HOLE CARDS ***
Dealt to deiraisetonuts [Kd Jd]
Sharbik: folds 
deiraisetonuts: raises 330 to 630
SDimaS555: folds 
JanisJumpallin: folds 
FoldPlzOmg: folds 
MVCAR: calls 630
andrelopes11: folds 
catanho_21: raises 2070 to 2700
deiraisetonuts: raises 20053 to 22753 and is all-in
MVCAR: folds 
catanho_21: folds 
Uncalled bet (20053) returned to deiraisetonuts
deiraisetonuts collected 6500 from pot
*** SUMMARY ***
Total pot 6500 | Rake 0 
Seat 1: FoldPlzOmg folded before Flop (didn't bet)
Seat 2: MVCAR (button) folded before Flop
Seat 3: andrelopes11 (small blind) folded before Flop
Seat 4: catanho_21 (big blind) folded before Flop
Seat 5: Sharbik folded before Flop (didn't bet)
Seat 6: deiraisetonuts collected (6500)
Seat 7: SDimaS555 folded before Flop (didn't bet)
Seat 8: JanisJumpallin folded before Flop (didn't bet)



PokerStars Hand #248684559660: Tournament #3704767429, €13.50+€13.50+€3.00 EUR Hold'em No Limit - Level IX (150/300) - 2024/02/04 14:37:16 BRT [2024/02/04 12:37:16 ET]
Table '3704767429 8' 8-max Seat #3 is the button
Seat 1: FoldPlzOmg (24481 in chips, €13.50 bounty) 
Seat 2: MVCAR (4534 in chips, €13.50 bounty) 
Seat 3: andrelopes11 (31089 in chips, €13.50 bounty) 
Seat 4: catanho_21 (20025 in chips, €13.50 bounty) 
Seat 5: Sharbik (34582 in chips, €20.25 bounty) 
Seat 6: deiraisetonuts (26553 in chips, €13.50 bounty) 
Seat 7: SDimaS555 (19920 in chips, €13.50 bounty) 
Seat 8: JanisJumpallin (27217 in chips, €13.50 bounty) 
FoldPlzOmg: posts the ante 40
MVCAR: posts the ante 40
andrelopes11: posts the ante 40
catanho_21: posts the ante 40
Sharbik: posts the ante 40
deiraisetonuts: posts the ante 40
SDimaS555: posts the ante 40
JanisJumpallin: posts the ante 40
catanho_21: posts small blind 150
Sharbik: posts big blind 300
*** HOLE CARDS ***
Dealt to deiraisetonuts [Kc 3h]
deiraisetonuts: folds 
SDimaS555: folds 
JanisJumpallin: raises 360 to 660
FoldPlzOmg: folds 
MVCAR: folds 
andrelopes11: folds 
catanho_21: folds 
Sharbik: calls 360
*** FLOP *** [Jh 6s 5d]
Sharbik: checks 
JanisJumpallin: bets 690
Sharbik: raises 1410 to 2100
JanisJumpallin: folds 
Uncalled bet (1410) returned to Sharbik
Sharbik collected 3170 from pot
Sharbik: doesn't show hand 
*** SUMMARY ***
Total pot 3170 | Rake 0 
Board [Jh 6s 5d]
Seat 1: FoldPlzOmg folded before Flop (didn't bet)
Seat 2: MVCAR folded before Flop (didn't bet)
Seat 3: andrelopes11 (button) folded before Flop (didn't bet)
Seat 4: catanho_21 (small blind) folded before Flop
Seat 5: Sharbik (big blind) collected (3170)
Seat 6: deiraisetonuts folded before Flop (didn't bet)
Seat 7: SDimaS555 folded before Flop (didn't bet)
Seat 8: JanisJumpallin folded on the Flop



PokerStars Hand #248684585401: Tournament #3704767429, €13.50+€13.50+€3.00 EUR Hold'em No Limit - Level IX (150/300) - 2024/02/04 14:38:20 BRT [2024/02/04 12:38:20 ET]
Table '3704767429 8' 8-max Seat #4 is the button
Seat 1: FoldPlzOmg (24441 in chips, €13.50 bounty) 
Seat 2: MVCAR (4494 in chips, €13.50 bounty) 
Seat 3: andrelopes11 (31049 in chips, €13.50 bounty) 
Seat 4: catanho_21 (19835 in chips, €13.50 bounty) 
Seat 5: Sharbik (36362 in chips, €20.25 bounty) 
Seat 6: deiraisetonuts (26513 in chips, €13.50 bounty) 
Seat 7: SDimaS555 (19880 in chips, €13.50 bounty) 
Seat 8: JanisJumpallin (25827 in chips, €13.50 bounty) 
FoldPlzOmg: posts the ante 40
MVCAR: posts the ante 40
andrelopes11: posts the ante 40
catanho_21: posts the ante 40
Sharbik: posts the ante 40
deiraisetonuts: posts the ante 40
SDimaS555: posts the ante 40
JanisJumpallin: posts the ante 40
Sharbik: posts small blind 150
deiraisetonuts: posts big blind 300
*** HOLE CARDS ***
Dealt to deiraisetonuts [7h 3d]
SDimaS555: folds 
JanisJumpallin: raises 360 to 660
FoldPlzOmg: folds 
MVCAR: folds 
andrelopes11: calls 660
catanho_21: raises 1890 to 2550
Sharbik: folds 
deiraisetonuts: folds 
JanisJumpallin: raises 1890 to 4440
andrelopes11: folds 
catanho_21: folds 
Uncalled bet (1890) returned to JanisJumpallin
JanisJumpallin collected 6530 from pot
JanisJumpallin: doesn't show hand 
*** SUMMARY ***
Total pot 6530 | Rake 0 
Seat 1: FoldPlzOmg folded before Flop (didn't bet)
Seat 2: MVCAR folded before Flop (didn't bet)
Seat 3: andrelopes11 folded before Flop
Seat 4: catanho_21 (button) folded before Flop
Seat 5: Sharbik (small blind) folded before Flop
Seat 6: deiraisetonuts (big blind) folded before Flop
Seat 7: SDimaS555 folded before Flop (didn't bet)
Seat 8: JanisJumpallin collected (6530)



PokerStars Hand #248684604508: Tournament #3704767429, €13.50+€13.50+€3.00 EUR Hold'em No Limit - Level X (200/400) - 2024/02/04 14:39:07 BRT [2024/02/04 12:39:07 ET]
Table '3704767429 8' 8-max Seat #5 is the button
Seat 1: FoldPlzOmg (24401 in chips, €13.50 bounty) 
Seat 2: MVCAR (4454 in chips, €13.50 bounty) 
Seat 3: andrelopes11 (30349 in chips, €13.50 bounty) 
Seat 4: catanho_21 (17245 in chips, €13.50 bounty) 
Seat 5: Sharbik (36172 in chips, €20.25 bounty) 
Seat 6: deiraisetonuts (26173 in chips, €13.50 bounty) 
Seat 7: SDimaS555 (19840 in chips, €13.50 bounty) 
Seat 8: JanisJumpallin (29767 in chips, €13.50 bounty) 
FoldPlzOmg: posts the ante 50
MVCAR: posts the ante 50
andrelopes11: posts the ante 50
catanho_21: posts the ante 50
Sharbik: posts the ante 50
deiraisetonuts: posts the ante 50
SDimaS555: posts the ante 50
JanisJumpallin: posts the ante 50
deiraisetonuts: posts small blind 200
SDimaS555: posts big blind 400
*** HOLE CARDS ***
Dealt to deiraisetonuts [Th 8d]
JanisJumpallin: folds 
FoldPlzOmg: raises 680 to 1080
MVCAR: folds 
andrelopes11: calls 1080
catanho_21: folds 
Sharbik: calls 1080
deiraisetonuts: folds 
SDimaS555: folds 
*** FLOP *** [4c Jd 5c]
FoldPlzOmg: checks 
andrelopes11: checks 
Sharbik: bets 1399
FoldPlzOmg: calls 1399
andrelopes11: calls 1399
*** TURN *** [4c Jd 5c] [5d]
FoldPlzOmg: checks 
andrelopes11: checks 
Sharbik: checks 
*** RIVER *** [4c Jd 5c 5d] [Jh]
FoldPlzOmg: checks 
andrelopes11: checks 
Sharbik: checks 
*** SHOW DOWN ***
FoldPlzOmg: shows [Ad Qh] (two pair, Jacks and Fives)
andrelopes11: shows [6d 6h] (two pair, Jacks and Sixes)
Sharbik: mucks hand 
andrelopes11 collected 8437 from pot
*** SUMMARY ***
Total pot 8437 | Rake 0 
Board [4c Jd 5c 5d Jh]
Seat 1: FoldPlzOmg showed [Ad Qh] and lost with two pair, Jacks and Fives
Seat 2: MVCAR folded before Flop (didn't bet)
Seat 3: andrelopes11 showed [6d 6h] and won (8437) with two pair, Jacks and Sixes
Seat 4: catanho_21 folded before Flop (didn't bet)
Seat 5: Sharbik (button) mucked [Qs Ts]
Seat 6: deiraisetonuts (small blind) folded before Flop
Seat 7: SDimaS555 (big blind) folded before Flop
Seat 8: JanisJumpallin folded before Flop (didn't bet)



PokerStars Hand #248684634979: Tournament #3704767429, €13.50+€13.50+€3.00 EUR Hold'em No Limit - Level X (200/400) - 2024/02/04 14:40:23 BRT [2024/02/04 12:40:23 ET]
Table '3704767429 8' 8-max Seat #6 is the button
Seat 1: FoldPlzOmg (21872 in chips, €13.50 bounty) 
Seat 2: MVCAR (4404 in chips, €13.50 bounty) 
Seat 3: andrelopes11 (36257 in chips, €13.50 bounty) 
Seat 4: catanho_21 (17195 in chips, €13.50 bounty) 
Seat 5: Sharbik (33643 in chips, €20.25 bounty) 
Seat 6: deiraisetonuts (25923 in chips, €13.50 bounty) 
Seat 7: SDimaS555 (19390 in chips, €13.50 bounty) 
Seat 8: JanisJumpallin (29717 in chips, €13.50 bounty) 
FoldPlzOmg: posts the ante 50
MVCAR: posts the ante 50
andrelopes11: posts the ante 50
catanho_21: posts the ante 50
Sharbik: posts the ante 50
deiraisetonuts: posts the ante 50
SDimaS555: posts the ante 50
JanisJumpallin: posts the ante 50
SDimaS555: posts small blind 200
JanisJumpallin: posts big blind 400
*** HOLE CARDS ***
Dealt to deiraisetonuts [5c As]
FoldPlzOmg: folds 
MVCAR: folds 
andrelopes11: raises 400 to 800
catanho_21: folds 
Sharbik: calls 800
deiraisetonuts: folds 
SDimaS555: folds 
JanisJumpallin: calls 400
*** FLOP *** [2s 9s 5d]
JanisJumpallin: checks 
andrelopes11: checks 
Sharbik: bets 990
JanisJumpallin: folds 
andrelopes11: calls 990
*** TURN *** [2s 9s 5d] [6s]
andrelopes11: checks 
Sharbik: bets 3735
andrelopes11: calls 3735
*** RIVER *** [2s 9s 5d 6s] [5s]
andrelopes11: checks 
Sharbik: checks 
*** SHOW DOWN ***
andrelopes11: shows [6c 7c] (two pair, Sixes and Fives)
Sharbik: shows [Qs Ks] (a flush, King high)
Sharbik collected 12450 from pot
*** SUMMARY ***
Total pot 12450 | Rake 0 
Board [2s 9s 5d 6s 5s]
Seat 1: FoldPlzOmg folded before Flop (didn't bet)
Seat 2: MVCAR folded before Flop (didn't bet)
Seat 3: andrelopes11 showed [6c 7c] and lost with two pair, Sixes and Fives
Seat 4: catanho_21 folded before Flop (didn't bet)
Seat 5: Sharbik showed [Qs Ks] and won (12450) with a flush, King high
Seat 6: deiraisetonuts (button) folded before Flop (didn't bet)
Seat 7: SDimaS555 (small blind) folded before Flop
Seat 8: JanisJumpallin (big blind) folded on the Flop



PokerStars Hand #248684664440: Tournament #3704767429, €13.50+€13.50+€3.00 EUR Hold'em No Limit - Level X (200/400) - 2024/02/04 14:41:37 BRT [2024/02/04 12:41:37 ET]
Table '3704767429 8' 8-max Seat #7 is the button
Seat 1: FoldPlzOmg (21822 in chips, €13.50 bounty) 
Seat 2: MVCAR (4354 in chips, €13.50 bounty) 
Seat 3: andrelopes11 (30682 in chips, €13.50 bounty) 
Seat 4: catanho_21 (17145 in chips, €13.50 bounty) 
Seat 5: Sharbik (40518 in chips, €20.25 bounty) 
Seat 6: deiraisetonuts (25873 in chips, €13.50 bounty) 
Seat 7: SDimaS555 (19140 in chips, €13.50 bounty) 
Seat 8: JanisJumpallin (28867 in chips, €13.50 bounty) 
FoldPlzOmg: posts the ante 50
MVCAR: posts the ante 50
andrelopes11: posts the ante 50
catanho_21: posts the ante 50
Sharbik: posts the ante 50
deiraisetonuts: posts the ante 50
SDimaS555: posts the ante 50
JanisJumpallin: posts the ante 50
JanisJumpallin: posts small blind 200
FoldPlzOmg: posts big blind 400
*** HOLE CARDS ***
Dealt to deiraisetonuts [Kd Jd]
MVCAR: folds 
andrelopes11: folds 
catanho_21: folds 
Sharbik: folds 
deiraisetonuts: raises 440 to 840
SDimaS555: folds 
JanisJumpallin: folds 
FoldPlzOmg: folds 
Uncalled bet (440) returned to deiraisetonuts
deiraisetonuts collected 1400 from pot
deiraisetonuts: doesn't show hand 
*** SUMMARY ***
Total pot 1400 | Rake 0 
Seat 1: FoldPlzOmg (big blind) folded before Flop
Seat 2: MVCAR folded before Flop (didn't bet)
Seat 3: andrelopes11 folded before Flop (didn't bet)
Seat 4: catanho_21 folded before Flop (didn't bet)
Seat 5: Sharbik folded before Flop (didn't bet)
Seat 6: deiraisetonuts collected (1400)
Seat 7: SDimaS555 (button) folded before Flop (didn't bet)
Seat 8: JanisJumpallin (small blind) folded before Flop



PokerStars Hand #248684677078: Tournament #3704767429, €13.50+€13.50+€3.00 EUR Hold'em No Limit - Level X (200/400) - 2024/02/04 14:42:09 BRT [2024/02/04 12:42:09 ET]
Table '3704767429 8' 8-max Seat #8 is the button
Seat 1: FoldPlzOmg (21372 in chips, €13.50 bounty) 
Seat 2: MVCAR (4304 in chips, €13.50 bounty) 
Seat 3: andrelopes11 (30632 in chips, €13.50 bounty) 
Seat 4: catanho_21 (17095 in chips, €13.50 bounty) 
Seat 5: Sharbik (40468 in chips, €20.25 bounty) 
Seat 6: deiraisetonuts (26823 in chips, €13.50 bounty) 
Seat 7: SDimaS555 (19090 in chips, €13.50 bounty) 
Seat 8: JanisJumpallin (28617 in chips, €13.50 bounty) 
FoldPlzOmg: posts the ante 50
MVCAR: posts the ante 50
andrelopes11: posts the ante 50
catanho_21: posts the ante 50
Sharbik: posts the ante 50
deiraisetonuts: posts the ante 50
SDimaS555: posts the ante 50
JanisJumpallin: posts the ante 50
FoldPlzOmg: posts small blind 200
MVCAR: posts big blind 400
*** HOLE CARDS ***
Dealt to deiraisetonuts [Jh 4d]
andrelopes11: folds 
catanho_21: raises 400 to 800
Sharbik: raises 1600 to 2400
deiraisetonuts: folds 
SDimaS555: folds 
JanisJumpallin: folds 
FoldPlzOmg: folds 
MVCAR: folds 
catanho_21: folds 
Uncalled bet (1600) returned to Sharbik
Sharbik collected 2600 from pot
Sharbik: doesn't show hand 
*** SUMMARY ***
Total pot 2600 | Rake 0 
Seat 1: FoldPlzOmg (small blind) folded before Flop
Seat 2: MVCAR (big blind) folded before Flop
Seat 3: andrelopes11 folded before Flop (didn't bet)
Seat 4: catanho_21 folded before Flop
Seat 5: Sharbik collected (2600)
Seat 6: deiraisetonuts folded before Flop (didn't bet)
Seat 7: SDimaS555 folded before Flop (didn't bet)
Seat 8: JanisJumpallin (button) folded before Flop (didn't bet)



PokerStars Hand #248684692483: Tournament #3704767429, €13.50+€13.50+€3.00 EUR Hold'em No Limit - Level X (200/400) - 2024/02/04 14:42:47 BRT [2024/02/04 12:42:47 ET]
Table '3704767429 8' 8-max Seat #1 is the button
Seat 1: FoldPlzOmg (21122 in chips, €13.50 bounty) 
Seat 2: MVCAR (3854 in chips, €13.50 bounty) 
Seat 3: andrelopes11 (30582 in chips, €13.50 bounty) 
Seat 4: catanho_21 (16245 in chips, €13.50 bounty) 
Seat 5: Sharbik (42218 in chips, €20.25 bounty) 
Seat 6: deiraisetonuts (26773 in chips, €13.50 bounty) 
Seat 7: SDimaS555 (19040 in chips, €13.50 bounty) 
Seat 8: JanisJumpallin (28567 in chips, €13.50 bounty) 
FoldPlzOmg: posts the ante 50
MVCAR: posts the ante 50
andrelopes11: posts the ante 50
catanho_21: posts the ante 50
Sharbik: posts the ante 50
deiraisetonuts: posts the ante 50
SDimaS555: posts the ante 50
JanisJumpallin: posts the ante 50
MVCAR: posts small blind 200
andrelopes11: posts big blind 400
*** HOLE CARDS ***
Dealt to deiraisetonuts [7s Ts]
catanho_21: folds 
Sharbik: folds 
deiraisetonuts: raises 440 to 840
SDimaS555: folds 
JanisJumpallin: folds 
FoldPlzOmg: folds 
MVCAR: folds 
andrelopes11: folds 
Uncalled bet (440) returned to deiraisetonuts
deiraisetonuts collected 1400 from pot
deiraisetonuts: doesn't show hand 
*** SUMMARY ***
Total pot 1400 | Rake 0 
Seat 1: FoldPlzOmg (button) folded before Flop (didn't bet)
Seat 2: MVCAR (small blind) folded before Flop
Seat 3: andrelopes11 (big blind) folded before Flop
Seat 4: catanho_21 folded before Flop (didn't bet)
Seat 5: Sharbik folded before Flop (didn't bet)
Seat 6: deiraisetonuts collected (1400)
Seat 7: SDimaS555 folded before Flop (didn't bet)
Seat 8: JanisJumpallin folded before Flop (didn't bet)



PokerStars Hand #248684708593: Tournament #3704767429, €13.50+€13.50+€3.00 EUR Hold'em No Limit - Level X (200/400) - 2024/02/04 14:43:28 BRT [2024/02/04 12:43:28 ET]
Table '3704767429 8' 8-max Seat #2 is the button
Seat 1: FoldPlzOmg (21072 in chips, €13.50 bounty) 
Seat 2: MVCAR (3604 in chips, €13.50 bounty) 
Seat 3: andrelopes11 (30132 in chips, €13.50 bounty) 
Seat 4: catanho_21 (16195 in chips, €13.50 bounty) 
Seat 5: Sharbik (42168 in chips, €20.25 bounty) 
Seat 6: deiraisetonuts (27723 in chips, €13.50 bounty) 
Seat 7: SDimaS555 (18990 in chips, €13.50 bounty) 
Seat 8: JanisJumpallin (28517 in chips, €13.50 bounty) 
FoldPlzOmg: posts the ante 50
MVCAR: posts the ante 50
andrelopes11: posts the ante 50
catanho_21: posts the ante 50
Sharbik: posts the ante 50
deiraisetonuts: posts the ante 50
SDimaS555: posts the ante 50
JanisJumpallin: posts the ante 50
andrelopes11: posts small blind 200
catanho_21: posts big blind 400
*** HOLE CARDS ***
Dealt to deiraisetonuts [8h 2s]
Sharbik: raises 400 to 800
deiraisetonuts: folds 
SDimaS555: folds 
JanisJumpallin: folds 
FoldPlzOmg: folds 
MVCAR: folds 
andrelopes11: calls 600
catanho_21: folds 
*** FLOP *** [6h 2d Qd]
andrelopes11: checks 
Sharbik: bets 1200
andrelopes11: folds 
Uncalled bet (1200) returned to Sharbik
Sharbik collected 2400 from pot
Sharbik: doesn't show hand 
*** SUMMARY ***
Total pot 2400 | Rake 0 
Board [6h 2d Qd]
Seat 1: FoldPlzOmg folded before Flop (didn't bet)
Seat 2: MVCAR (button) folded before Flop (didn't bet)
Seat 3: andrelopes11 (small blind) folded on the Flop
Seat 4: catanho_21 (big blind) folded before Flop
Seat 5: Sharbik collected (2400)
Seat 6: deiraisetonuts folded before Flop (didn't bet)
Seat 7: SDimaS555 folded before Flop (didn't bet)
Seat 8: JanisJumpallin folded before Flop (didn't bet)



PokerStars Hand #248684727940: Tournament #3704767429, €13.50+€13.50+€3.00 EUR Hold'em No Limit - Level X (200/400) - 2024/02/04 14:44:16 BRT [2024/02/04 12:44:16 ET]
Table '3704767429 8' 8-max Seat #3 is the button
Seat 1: FoldPlzOmg (21022 in chips, €13.50 bounty) 
Seat 2: MVCAR (3554 in chips, €13.50 bounty) 
Seat 3: andrelopes11 (29282 in chips, €13.50 bounty) 
Seat 4: catanho_21 (15745 in chips, €13.50 bounty) 
Seat 5: Sharbik (43718 in chips, €20.25 bounty) 
Seat 6: deiraisetonuts (27673 in chips, €13.50 bounty) 
Seat 7: SDimaS555 (18940 in chips, €13.50 bounty) 
Seat 8: JanisJumpallin (28467 in chips, €13.50 bounty) 
FoldPlzOmg: posts the ante 50
MVCAR: posts the ante 50
andrelopes11: posts the ante 50
catanho_21: posts the ante 50
Sharbik: posts the ante 50
deiraisetonuts: posts the ante 50
SDimaS555: posts the ante 50
JanisJumpallin: posts the ante 50
catanho_21: posts small blind 200
Sharbik: posts big blind 400
*** HOLE CARDS ***
Dealt to deiraisetonuts [9h 7h]
deiraisetonuts: folds 
SDimaS555: folds 
JanisJumpallin: folds 
FoldPlzOmg: raises 412 to 812
MVCAR: folds 
andrelopes11: folds 
catanho_21: folds 
Sharbik: calls 412
*** FLOP *** [Jh Jd 9c]
Sharbik: checks 
FoldPlzOmg: bets 512
Sharbik: calls 512
*** TURN *** [Jh Jd 9c] [2s]
Sharbik: checks 
FoldPlzOmg: checks 
*** RIVER *** [Jh Jd 9c 2s] [8d]
Sharbik: bets 2200
FoldPlzOmg: folds 
Uncalled bet (2200) returned to Sharbik
Sharbik collected 3248 from pot
Sharbik: doesn't show hand 
*** SUMMARY ***
Total pot 3248 | Rake 0 
Board [Jh Jd 9c 2s 8d]
Seat 1: FoldPlzOmg folded on the River
Seat 2: MVCAR folded before Flop (didn't bet)
Seat 3: andrelopes11 (button) folded before Flop (didn't bet)
Seat 4: catanho_21 (small blind) folded before Flop
Seat 5: Sharbik (big blind) collected (3248)
Seat 6: deiraisetonuts folded before Flop (didn't bet)
Seat 7: SDimaS555 folded before Flop (didn't bet)
Seat 8: JanisJumpallin folded before Flop (didn't bet)



