PokerStars Hand #248683785394: Tournament #3706941977, €9+€9+€2 EUR Hold'em No Limit - Level VIII (125/250) - 2024/02/04 14:03:26 BRT [2024/02/04 12:03:26 ET]
Table '3706941977 25' 9-max Seat #5 is the button
Seat 1: deiraisetonuts (11699 in chips, €13.50 bounty) 
Seat 2: Durable162 (35709 in chips, €22.50 bounty) 
Seat 3: TomiQ77 (11473 in chips, €9 bounty) 
Seat 4: sarakawa (17965 in chips, €9 bounty) 
Seat 5: viniciuscsox (11553 in chips, €9 bounty) 
Seat 6: NBAnoSMOKE (9153 in chips, €9 bounty) 
Seat 7: ergolfo11 (9720 in chips, €9 bounty) 
Seat 8: 16dealers (7350 in chips, €9 bounty) 
Seat 9: sudumaluns (10080 in chips, €9 bounty) 
deiraisetonuts: posts the ante 30
Durable162: posts the ante 30
TomiQ77: posts the ante 30
sarakawa: posts the ante 30
viniciuscsox: posts the ante 30
NBAnoSMOKE: posts the ante 30
ergolfo11: posts the ante 30
16dealers: posts the ante 30
sudumaluns: posts the ante 30
NBAnoSMOKE: posts small blind 125
ergolfo11: posts big blind 250
*** HOLE CARDS ***
Dealt to deiraisetonuts [Ts Kd]
16dealers: folds 
sudumaluns: folds 
deiraisetonuts: raises 275 to 525
Durable162: folds 
TomiQ77: folds 
sarakawa: folds 
viniciuscsox: folds 
NBAnoSMOKE: folds 
ergolfo11: calls 275
*** FLOP *** [8s 8c 6h]
ergolfo11: checks 
deiraisetonuts: bets 360
ergolfo11: calls 360
*** TURN *** [8s 8c 6h] [4d]
ergolfo11: checks 
deiraisetonuts: checks 
*** RIVER *** [8s 8c 6h 4d] [Qd]
ergolfo11: bets 1250
deiraisetonuts: folds 
Uncalled bet (1250) returned to ergolfo11
ergolfo11 collected 2165 from pot
*** SUMMARY ***
Total pot 2165 | Rake 0 
Board [8s 8c 6h 4d Qd]
Seat 1: deiraisetonuts folded on the River
Seat 2: Durable162 folded before Flop (didn't bet)
Seat 3: TomiQ77 folded before Flop (didn't bet)
Seat 4: sarakawa folded before Flop (didn't bet)
Seat 5: viniciuscsox (button) folded before Flop (didn't bet)
Seat 6: NBAnoSMOKE (small blind) folded before Flop
Seat 7: ergolfo11 (big blind) collected (2165)
Seat 8: 16dealers folded before Flop (didn't bet)
Seat 9: sudumaluns folded before Flop (didn't bet)



PokerStars Hand #248683826403: Tournament #3706941977, €9+€9+€2 EUR Hold'em No Limit - Level IX (150/300) - 2024/02/04 14:05:19 BRT [2024/02/04 12:05:19 ET]
Table '3706941977 25' 9-max Seat #6 is the button
Seat 1: deiraisetonuts (10784 in chips, €13.50 bounty) 
Seat 2: Durable162 (35679 in chips, €22.50 bounty) 
Seat 3: TomiQ77 (11443 in chips, €9 bounty) 
Seat 4: sarakawa (17935 in chips, €9 bounty) 
Seat 5: viniciuscsox (11523 in chips, €9 bounty) 
Seat 6: NBAnoSMOKE (8998 in chips, €9 bounty) 
Seat 7: ergolfo11 (10970 in chips, €9 bounty) 
Seat 8: 16dealers (7320 in chips, €9 bounty) 
Seat 9: sudumaluns (10050 in chips, €9 bounty) 
deiraisetonuts: posts the ante 40
Durable162: posts the ante 40
TomiQ77: posts the ante 40
sarakawa: posts the ante 40
viniciuscsox: posts the ante 40
NBAnoSMOKE: posts the ante 40
ergolfo11: posts the ante 40
16dealers: posts the ante 40
sudumaluns: posts the ante 40
ergolfo11: posts small blind 150
16dealers: posts big blind 300
*** HOLE CARDS ***
Dealt to deiraisetonuts [3h Jc]
sudumaluns: raises 363 to 663
deiraisetonuts: folds 
Durable162: folds 
TomiQ77: calls 663
sarakawa: folds 
viniciuscsox: folds 
NBAnoSMOKE: folds 
ergolfo11: calls 513
16dealers: raises 6617 to 7280 and is all-in
sudumaluns: raises 2730 to 10010 and is all-in
TomiQ77: raises 1393 to 11403 and is all-in
ergolfo11: folds 
Uncalled bet (1393) returned to TomiQ77
*** FLOP *** [Qc 3d 4d]
*** TURN *** [Qc 3d 4d] [4c]
*** RIVER *** [Qc 3d 4d 4c] [Js]
*** SHOW DOWN ***
sudumaluns: shows [9s 9c] (two pair, Nines and Fours)
TomiQ77: shows [Ks Kc] (two pair, Kings and Fours)
TomiQ77 collected 5460 from side pot
16dealers: shows [As Th] (a pair of Fours)
TomiQ77 collected 22863 from main pot
TomiQ77 wins €4.50 for eliminating 16dealers and their own bounty increases by €4.50 to €13.50
TomiQ77 wins €4.50 for eliminating sudumaluns and their own bounty increases by €4.50 to €18
sudumaluns finished the tournament
16dealers finished the tournament
Zhigolo Ignat is disconnected 
*** SUMMARY ***
Total pot 28323 Main pot 22863. Side pot 5460. | Rake 0 
Board [Qc 3d 4d 4c Js]
Seat 1: deiraisetonuts folded before Flop (didn't bet)
Seat 2: Durable162 folded before Flop (didn't bet)
Seat 3: TomiQ77 showed [Ks Kc] and won (28323) with two pair, Kings and Fours
Seat 4: sarakawa folded before Flop (didn't bet)
Seat 5: viniciuscsox folded before Flop (didn't bet)
Seat 6: NBAnoSMOKE (button) folded before Flop (didn't bet)
Seat 7: ergolfo11 (small blind) folded before Flop
Seat 8: 16dealers (big blind) showed [As Th] and lost with a pair of Fours
Seat 9: sudumaluns showed [9s 9c] and lost with two pair, Nines and Fours



PokerStars Hand #248683851449: Tournament #3706941977, €9+€9+€2 EUR Hold'em No Limit - Level IX (150/300) - 2024/02/04 14:06:27 BRT [2024/02/04 12:06:27 ET]
Table '3706941977 25' 9-max Seat #7 is the button
Seat 1: deiraisetonuts (10744 in chips, €13.50 bounty) 
Seat 2: Durable162 (35639 in chips, €22.50 bounty) 
Seat 3: TomiQ77 (29716 in chips, €18 bounty) 
Seat 4: sarakawa (17895 in chips, €9 bounty) 
Seat 5: viniciuscsox (11483 in chips, €9 bounty) 
Seat 6: NBAnoSMOKE (8958 in chips, €9 bounty) 
Seat 7: ergolfo11 (10267 in chips, €9 bounty) 
Seat 8: Zhigolo Ignat (10000 in chips) out of hand (moved from another table into small blind)
Zhigolo Ignat will be allowed to play after the button
deiraisetonuts: posts the ante 40
Durable162: posts the ante 40
TomiQ77: posts the ante 40
sarakawa: posts the ante 40
viniciuscsox: posts the ante 40
NBAnoSMOKE: posts the ante 40
ergolfo11: posts the ante 40
deiraisetonuts: posts small blind 150
Durable162: posts big blind 300
*** HOLE CARDS ***
Dealt to deiraisetonuts [Kd 3c]
TomiQ77: folds 
sarakawa: folds 
viniciuscsox: folds 
NBAnoSMOKE: raises 300 to 600
ergolfo11: calls 600
deiraisetonuts: folds 
Durable162: calls 300
*** FLOP *** [Kc Qc 5h]
Durable162: checks 
NBAnoSMOKE: checks 
ergolfo11: checks 
*** TURN *** [Kc Qc 5h] [5s]
Durable162: bets 669
NBAnoSMOKE: raises 1731 to 2400
ergolfo11: folds 
Durable162: calls 1731
*** RIVER *** [Kc Qc 5h 5s] [Ad]
Durable162: checks 
NBAnoSMOKE: checks 
*** SHOW DOWN ***
Durable162: shows [7c Ks] (two pair, Kings and Fives)
NBAnoSMOKE: shows [As Qh] (two pair, Aces and Queens)
NBAnoSMOKE collected 7030 from pot
*** SUMMARY ***
Total pot 7030 | Rake 0 
Board [Kc Qc 5h 5s Ad]
Seat 1: deiraisetonuts (small blind) folded before Flop
Seat 2: Durable162 (big blind) showed [7c Ks] and lost with two pair, Kings and Fives
Seat 3: TomiQ77 folded before Flop (didn't bet)
Seat 4: sarakawa folded before Flop (didn't bet)
Seat 5: viniciuscsox folded before Flop (didn't bet)
Seat 6: NBAnoSMOKE showed [As Qh] and won (7030) with two pair, Aces and Queens
Seat 7: ergolfo11 (button) folded on the Turn



PokerStars Hand #248683884469: Tournament #3706941977, €9+€9+€2 EUR Hold'em No Limit - Level IX (150/300) - 2024/02/04 14:07:56 BRT [2024/02/04 12:07:56 ET]
Table '3706941977 25' 9-max Seat #1 is the button
Seat 1: deiraisetonuts (10554 in chips, €13.50 bounty) 
Seat 2: Durable162 (32599 in chips, €22.50 bounty) 
Seat 3: TomiQ77 (29676 in chips, €18 bounty) 
Seat 4: sarakawa (17855 in chips, €9 bounty) 
Seat 5: viniciuscsox (11443 in chips, €9 bounty) 
Seat 6: NBAnoSMOKE (12948 in chips, €9 bounty) 
Seat 7: ergolfo11 (9627 in chips, €9 bounty) 
Seat 8: Zhigolo Ignat (10000 in chips, €9 bounty) 
deiraisetonuts: posts the ante 40
Durable162: posts the ante 40
TomiQ77: posts the ante 40
sarakawa: posts the ante 40
viniciuscsox: posts the ante 40
NBAnoSMOKE: posts the ante 40
ergolfo11: posts the ante 40
Zhigolo Ignat: posts the ante 40
Durable162: posts small blind 150
TomiQ77: posts big blind 300
*** HOLE CARDS ***
Dealt to deiraisetonuts [9h Qc]
sarakawa: folds 
viniciuscsox: folds 
NBAnoSMOKE: raises 300 to 600
ergolfo11: calls 600
Zhigolo Ignat: folds 
deiraisetonuts: folds 
Durable162: folds 
TomiQ77: folds 
*** FLOP *** [7c Th Qh]
NBAnoSMOKE: checks 
ergolfo11: bets 300
NBAnoSMOKE: calls 300
*** TURN *** [7c Th Qh] [Ad]
NBAnoSMOKE: checks 
ergolfo11: bets 600
NBAnoSMOKE: calls 600
*** RIVER *** [7c Th Qh Ad] [9c]
NBAnoSMOKE: bets 1200
ergolfo11: calls 1200
*** SHOW DOWN ***
NBAnoSMOKE: shows [9d Td] (two pair, Tens and Nines)
ergolfo11: mucks hand 
NBAnoSMOKE collected 6170 from pot
*** SUMMARY ***
Total pot 6170 | Rake 0 
Board [7c Th Qh Ad 9c]
Seat 1: deiraisetonuts (button) folded before Flop (didn't bet)
Seat 2: Durable162 (small blind) folded before Flop
Seat 3: TomiQ77 (big blind) folded before Flop
Seat 4: sarakawa folded before Flop (didn't bet)
Seat 5: viniciuscsox folded before Flop (didn't bet)
Seat 6: NBAnoSMOKE showed [9d Td] and won (6170) with two pair, Tens and Nines
Seat 7: ergolfo11 mucked [8d 9s]
Seat 8: Zhigolo Ignat folded before Flop (didn't bet)



PokerStars Hand #248683923913: Tournament #3706941977, €9+€9+€2 EUR Hold'em No Limit - Level IX (150/300) - 2024/02/04 14:09:43 BRT [2024/02/04 12:09:43 ET]
Table '3706941977 25' 9-max Seat #2 is the button
Seat 1: deiraisetonuts (10514 in chips, €13.50 bounty) 
Seat 2: Durable162 (32409 in chips, €22.50 bounty) 
Seat 3: TomiQ77 (29336 in chips, €18 bounty) 
Seat 4: sarakawa (17815 in chips, €9 bounty) 
Seat 5: viniciuscsox (11403 in chips, €9 bounty) 
Seat 6: NBAnoSMOKE (16378 in chips, €9 bounty) 
Seat 7: ergolfo11 (6887 in chips, €9 bounty) 
Seat 8: Zhigolo Ignat (9960 in chips, €9 bounty) 
deiraisetonuts: posts the ante 40
Durable162: posts the ante 40
TomiQ77: posts the ante 40
sarakawa: posts the ante 40
viniciuscsox: posts the ante 40
NBAnoSMOKE: posts the ante 40
ergolfo11: posts the ante 40
Zhigolo Ignat: posts the ante 40
TomiQ77: posts small blind 150
sarakawa: posts big blind 300
*** HOLE CARDS ***
Dealt to deiraisetonuts [Jc 4d]
viniciuscsox: raises 360 to 660
NBAnoSMOKE: folds 
ergolfo11: calls 660
Zhigolo Ignat: folds 
deiraisetonuts: folds 
Durable162: folds 
TomiQ77: folds 
sarakawa: folds 
*** FLOP *** [Kc 8c 3c]
viniciuscsox: checks 
ergolfo11: bets 300
viniciuscsox: raises 1480 to 1780
ergolfo11: folds 
Uncalled bet (1480) returned to viniciuscsox
viniciuscsox collected 2690 from pot
viniciuscsox: doesn't show hand 
*** SUMMARY ***
Total pot 2690 | Rake 0 
Board [Kc 8c 3c]
Seat 1: deiraisetonuts folded before Flop (didn't bet)
Seat 2: Durable162 (button) folded before Flop (didn't bet)
Seat 3: TomiQ77 (small blind) folded before Flop
Seat 4: sarakawa (big blind) folded before Flop
Seat 5: viniciuscsox collected (2690)
Seat 6: NBAnoSMOKE folded before Flop (didn't bet)
Seat 7: ergolfo11 folded on the Flop
Seat 8: Zhigolo Ignat folded before Flop (didn't bet)



PokerStars Hand #248683945471: Tournament #3706941977, €9+€9+€2 EUR Hold'em No Limit - Level IX (150/300) - 2024/02/04 14:10:41 BRT [2024/02/04 12:10:41 ET]
Table '3706941977 25' 9-max Seat #3 is the button
Seat 1: deiraisetonuts (10474 in chips, €13.50 bounty) 
Seat 2: Durable162 (32369 in chips, €22.50 bounty) 
Seat 3: TomiQ77 (29146 in chips, €18 bounty) 
Seat 4: sarakawa (17475 in chips, €9 bounty) 
Seat 5: viniciuscsox (13093 in chips, €9 bounty) 
Seat 6: NBAnoSMOKE (16338 in chips, €9 bounty) 
Seat 7: ergolfo11 (5887 in chips, €9 bounty) 
Seat 8: Zhigolo Ignat (9920 in chips, €9 bounty) 
deiraisetonuts: posts the ante 40
Durable162: posts the ante 40
TomiQ77: posts the ante 40
sarakawa: posts the ante 40
viniciuscsox: posts the ante 40
NBAnoSMOKE: posts the ante 40
ergolfo11: posts the ante 40
Zhigolo Ignat: posts the ante 40
sarakawa: posts small blind 150
viniciuscsox: posts big blind 300
*** HOLE CARDS ***
Dealt to deiraisetonuts [Ah 9d]
NBAnoSMOKE: folds 
ergolfo11: folds 
Zhigolo Ignat: raises 300 to 600
deiraisetonuts: folds 
Durable162: folds 
TomiQ77: folds 
sarakawa: calls 450
viniciuscsox: calls 300
*** FLOP *** [7c Kh Td]
sarakawa: checks 
viniciuscsox: checks 
Zhigolo Ignat: bets 660
sarakawa: raises 2546 to 3206
viniciuscsox: folds 
Zhigolo Ignat: calls 2546
*** TURN *** [7c Kh Td] [9h]
sarakawa: bets 10665
Zhigolo Ignat: folds 
Uncalled bet (10665) returned to sarakawa
sarakawa collected 8532 from pot
sarakawa: doesn't show hand 
*** SUMMARY ***
Total pot 8532 | Rake 0 
Board [7c Kh Td 9h]
Seat 1: deiraisetonuts folded before Flop (didn't bet)
Seat 2: Durable162 folded before Flop (didn't bet)
Seat 3: TomiQ77 (button) folded before Flop (didn't bet)
Seat 4: sarakawa (small blind) collected (8532)
Seat 5: viniciuscsox (big blind) folded on the Flop
Seat 6: NBAnoSMOKE folded before Flop (didn't bet)
Seat 7: ergolfo11 folded before Flop (didn't bet)
Seat 8: Zhigolo Ignat folded on the Turn



PokerStars Hand #248683987381: Tournament #3706941977, €9+€9+€2 EUR Hold'em No Limit - Level IX (150/300) - 2024/02/04 14:12:32 BRT [2024/02/04 12:12:32 ET]
Table '3706941977 25' 9-max Seat #4 is the button
Seat 1: deiraisetonuts (10434 in chips, €13.50 bounty) 
Seat 2: Durable162 (32329 in chips, €22.50 bounty) 
Seat 3: TomiQ77 (29106 in chips, €18 bounty) 
Seat 4: sarakawa (22161 in chips, €9 bounty) 
Seat 5: viniciuscsox (12453 in chips, €9 bounty) 
Seat 6: NBAnoSMOKE (16298 in chips, €9 bounty) 
Seat 7: ergolfo11 (5847 in chips, €9 bounty) 
Seat 8: Zhigolo Ignat (6074 in chips, €9 bounty) 
deiraisetonuts: posts the ante 40
Durable162: posts the ante 40
TomiQ77: posts the ante 40
sarakawa: posts the ante 40
viniciuscsox: posts the ante 40
NBAnoSMOKE: posts the ante 40
ergolfo11: posts the ante 40
Zhigolo Ignat: posts the ante 40
viniciuscsox: posts small blind 150
NBAnoSMOKE: posts big blind 300
*** HOLE CARDS ***
Dealt to deiraisetonuts [Ac 4h]
ergolfo11: folds 
Zhigolo Ignat: raises 300 to 600
deiraisetonuts: folds 
Durable162: folds 
TomiQ77: folds 
sarakawa: folds 
viniciuscsox: folds 
NBAnoSMOKE: calls 300
*** FLOP *** [3h 6d Ks]
NBAnoSMOKE: checks 
Zhigolo Ignat: bets 480
NBAnoSMOKE: calls 480
*** TURN *** [3h 6d Ks] [Tc]
NBAnoSMOKE: checks 
Zhigolo Ignat: bets 1650
NBAnoSMOKE: calls 1650
*** RIVER *** [3h 6d Ks Tc] [Ts]
NBAnoSMOKE: checks 
Zhigolo Ignat: bets 3304 and is all-in
NBAnoSMOKE: calls 3304
*** SHOW DOWN ***
Zhigolo Ignat: shows [6h 6s] (a full house, Sixes full of Tens)
NBAnoSMOKE: shows [Td 3d] (a full house, Tens full of Threes)
NBAnoSMOKE collected 12538 from pot
NBAnoSMOKE wins €4.50 for eliminating Zhigolo Ignat and their own bounty increases by €4.50 to €13.50
Zhigolo Ignat finished the tournament
*** SUMMARY ***
Total pot 12538 | Rake 0 
Board [3h 6d Ks Tc Ts]
Seat 1: deiraisetonuts folded before Flop (didn't bet)
Seat 2: Durable162 folded before Flop (didn't bet)
Seat 3: TomiQ77 folded before Flop (didn't bet)
Seat 4: sarakawa (button) folded before Flop (didn't bet)
Seat 5: viniciuscsox (small blind) folded before Flop
Seat 6: NBAnoSMOKE (big blind) showed [Td 3d] and won (12538) with a full house, Tens full of Threes
Seat 7: ergolfo11 folded before Flop (didn't bet)
Seat 8: Zhigolo Ignat showed [6h 6s] and lost with a full house, Sixes full of Tens



PokerStars Hand #248684016416: Tournament #3706941977, €9+€9+€2 EUR Hold'em No Limit - Level IX (150/300) - 2024/02/04 14:13:49 BRT [2024/02/04 12:13:49 ET]
Table '3706941977 25' 9-max Seat #5 is the button
Seat 1: deiraisetonuts (10394 in chips, €13.50 bounty) 
Seat 2: Durable162 (32289 in chips, €22.50 bounty) 
Seat 3: TomiQ77 (29066 in chips, €18 bounty) 
Seat 4: sarakawa (22121 in chips, €9 bounty) 
Seat 5: viniciuscsox (12263 in chips, €9 bounty) 
Seat 6: NBAnoSMOKE (22762 in chips, €13.50 bounty) 
Seat 7: ergolfo11 (5807 in chips, €9 bounty) 
deiraisetonuts: posts the ante 40
Durable162: posts the ante 40
TomiQ77: posts the ante 40
sarakawa: posts the ante 40
viniciuscsox: posts the ante 40
NBAnoSMOKE: posts the ante 40
ergolfo11: posts the ante 40
NBAnoSMOKE: posts small blind 150
ergolfo11: posts big blind 300
*** HOLE CARDS ***
Dealt to deiraisetonuts [5h 6c]
deiraisetonuts: folds 
DiogoEstevao is disconnected 
Durable162: folds 
TomiQ77: folds 
sarakawa: folds 
viniciuscsox: raises 360 to 660
NBAnoSMOKE: folds 
ergolfo11: calls 360
*** FLOP *** [6h 6d 9c]
ergolfo11: checks 
viniciuscsox: bets 360
ergolfo11: calls 360
*** TURN *** [6h 6d 9c] [5c]
ergolfo11: checks 
viniciuscsox: bets 815
ergolfo11: calls 815
*** RIVER *** [6h 6d 9c 5c] [4d]
ergolfo11: checks 
viniciuscsox: checks 
*** SHOW DOWN ***
ergolfo11: shows [Qd 8s] (a pair of Sixes)
viniciuscsox: shows [Jc Qs] (a pair of Sixes - Queen+Jack kicker)
viniciuscsox collected 4100 from pot
*** SUMMARY ***
Total pot 4100 | Rake 0 
Board [6h 6d 9c 5c 4d]
Seat 1: deiraisetonuts folded before Flop (didn't bet)
Seat 2: Durable162 folded before Flop (didn't bet)
Seat 3: TomiQ77 folded before Flop (didn't bet)
Seat 4: sarakawa folded before Flop (didn't bet)
Seat 5: viniciuscsox (button) showed [Jc Qs] and won (4100) with a pair of Sixes
Seat 6: NBAnoSMOKE (small blind) folded before Flop
Seat 7: ergolfo11 (big blind) showed [Qd 8s] and lost with a pair of Sixes



PokerStars Hand #248684047826: Tournament #3706941977, €9+€9+€2 EUR Hold'em No Limit - Level X (200/400) - 2024/02/04 14:15:13 BRT [2024/02/04 12:15:13 ET]
Table '3706941977 25' 9-max Seat #6 is the button
Seat 1: deiraisetonuts (10354 in chips, €13.50 bounty) 
Seat 2: Durable162 (32249 in chips, €22.50 bounty) 
Seat 3: TomiQ77 (29026 in chips, €18 bounty) 
Seat 4: sarakawa (22081 in chips, €9 bounty) 
Seat 5: viniciuscsox (14488 in chips, €9 bounty) 
Seat 6: NBAnoSMOKE (22572 in chips, €13.50 bounty) 
Seat 7: ergolfo11 (3932 in chips, €9 bounty) 
Seat 8: DiogoEstevao (10000 in chips, €9 bounty) 
deiraisetonuts: posts the ante 50
Durable162: posts the ante 50
TomiQ77: posts the ante 50
sarakawa: posts the ante 50
viniciuscsox: posts the ante 50
NBAnoSMOKE: posts the ante 50
ergolfo11: posts the ante 50
DiogoEstevao: posts the ante 50
ergolfo11: posts small blind 200
DiogoEstevao: posts big blind 400
*** HOLE CARDS ***
Dealt to deiraisetonuts [7h 9c]
deiraisetonuts: folds 
Durable162: folds 
TomiQ77: folds 
sarakawa: folds 
viniciuscsox: folds 
NBAnoSMOKE: raises 400 to 800
ergolfo11: calls 600
JBORDII is disconnected 
DiogoEstevao: raises 9150 to 9950 and is all-in
NBAnoSMOKE: folds 
ergolfo11: calls 3082 and is all-in
Uncalled bet (6068) returned to DiogoEstevao
*** FLOP *** [8d 3d 3s]
*** TURN *** [8d 3d 3s] [Js]
*** RIVER *** [8d 3d 3s Js] [4s]
*** SHOW DOWN ***
ergolfo11: shows [8h Tc] (two pair, Eights and Threes)
DiogoEstevao: shows [Ad Kd] (a pair of Threes)
ergolfo11 collected 8964 from pot
*** SUMMARY ***
Total pot 8964 | Rake 0 
Board [8d 3d 3s Js 4s]
Seat 1: deiraisetonuts folded before Flop (didn't bet)
Seat 2: Durable162 folded before Flop (didn't bet)
Seat 3: TomiQ77 folded before Flop (didn't bet)
Seat 4: sarakawa folded before Flop (didn't bet)
Seat 5: viniciuscsox folded before Flop (didn't bet)
Seat 6: NBAnoSMOKE (button) folded before Flop
Seat 7: ergolfo11 (small blind) showed [8h Tc] and won (8964) with two pair, Eights and Threes
Seat 8: DiogoEstevao (big blind) showed [Ad Kd] and lost with a pair of Threes



PokerStars Hand #248684061775: Tournament #3706941977, €9+€9+€2 EUR Hold'em No Limit - Level X (200/400) - 2024/02/04 14:15:49 BRT [2024/02/04 12:15:49 ET]
Table '3706941977 25' 9-max Seat #7 is the button
Seat 1: deiraisetonuts (10304 in chips, €13.50 bounty) 
Seat 2: Durable162 (32199 in chips, €22.50 bounty) 
Seat 3: TomiQ77 (28976 in chips, €18 bounty) 
Seat 4: sarakawa (22031 in chips, €9 bounty) 
Seat 5: viniciuscsox (14438 in chips, €9 bounty) 
Seat 6: NBAnoSMOKE (21722 in chips, €13.50 bounty) 
Seat 7: ergolfo11 (8964 in chips, €9 bounty) 
Seat 8: DiogoEstevao (6068 in chips, €9 bounty) 
Seat 9: JBORDII (10000 in chips, €9 bounty) 
deiraisetonuts: posts the ante 50
Durable162: posts the ante 50
TomiQ77: posts the ante 50
sarakawa: posts the ante 50
viniciuscsox: posts the ante 50
NBAnoSMOKE: posts the ante 50
ergolfo11: posts the ante 50
DiogoEstevao: posts the ante 50
JBORDII: posts the ante 50
DiogoEstevao: posts small blind 200
JBORDII: posts big blind 400
*** HOLE CARDS ***
Dealt to deiraisetonuts [2s 8h]
deiraisetonuts: folds 
Durable162: folds 
TomiQ77: folds 
sarakawa: folds 
viniciuscsox: raises 480 to 880
NBAnoSMOKE: folds 
ergolfo11: calls 880
DiogoEstevao: folds 
JBORDII: calls 480
*** FLOP *** [2h Js Kc]
JBORDII: checks 
viniciuscsox: checks 
ergolfo11: bets 400
JBORDII: folds 
viniciuscsox: calls 400
*** TURN *** [2h Js Kc] [4d]
viniciuscsox: checks 
ergolfo11: bets 800
viniciuscsox: calls 800
*** RIVER *** [2h Js Kc 4d] [Qd]
viniciuscsox: checks 
ergolfo11: checks 
*** SHOW DOWN ***
viniciuscsox: shows [Th Td] (a pair of Tens)
ergolfo11: mucks hand 
viniciuscsox collected 5690 from pot
*** SUMMARY ***
Total pot 5690 | Rake 0 
Board [2h Js Kc 4d Qd]
Seat 1: deiraisetonuts folded before Flop (didn't bet)
Seat 2: Durable162 folded before Flop (didn't bet)
Seat 3: TomiQ77 folded before Flop (didn't bet)
Seat 4: sarakawa folded before Flop (didn't bet)
Seat 5: viniciuscsox showed [Th Td] and won (5690) with a pair of Tens
Seat 6: NBAnoSMOKE folded before Flop (didn't bet)
Seat 7: ergolfo11 (button) mucked [6c 6d]
Seat 8: DiogoEstevao (small blind) folded before Flop
Seat 9: JBORDII (big blind) folded on the Flop



PokerStars Hand #248684112208: Tournament #3706941977, €9+€9+€2 EUR Hold'em No Limit - Level X (200/400) - 2024/02/04 14:18:02 BRT [2024/02/04 12:18:02 ET]
Table '3706941977 25' 9-max Seat #8 is the button
Seat 1: deiraisetonuts (10254 in chips, €13.50 bounty) 
Seat 2: Durable162 (32149 in chips, €22.50 bounty) 
Seat 3: TomiQ77 (28926 in chips, €18 bounty) 
Seat 4: sarakawa (21981 in chips, €9 bounty) 
Seat 5: viniciuscsox (17998 in chips, €9 bounty) 
Seat 6: NBAnoSMOKE (21672 in chips, €13.50 bounty) 
Seat 7: ergolfo11 (6834 in chips, €9 bounty) 
Seat 8: DiogoEstevao (5818 in chips, €9 bounty) 
Seat 9: JBORDII (9070 in chips, €9 bounty) 
deiraisetonuts: posts the ante 50
Durable162: posts the ante 50
TomiQ77: posts the ante 50
sarakawa: posts the ante 50
viniciuscsox: posts the ante 50
NBAnoSMOKE: posts the ante 50
ergolfo11: posts the ante 50
DiogoEstevao: posts the ante 50
JBORDII: posts the ante 50
JBORDII: posts small blind 200
deiraisetonuts: posts big blind 400
*** HOLE CARDS ***
Dealt to deiraisetonuts [Qc 5s]
Durable162: folds 
TomiQ77: raises 420 to 820
sarakawa: folds 
viniciuscsox: folds 
NBAnoSMOKE: folds 
ergolfo11: calls 820
DiogoEstevao: folds 
JBORDII: raises 8200 to 9020 and is all-in
deiraisetonuts: folds 
TomiQ77: calls 8200
ergolfo11: folds 
*** FLOP *** [Ts 3c Td]
*** TURN *** [Ts 3c Td] [7h]
*** RIVER *** [Ts 3c Td 7h] [9h]
*** SHOW DOWN ***
JBORDII: shows [Ad Ah] (two pair, Aces and Tens)
TomiQ77: shows [Qh Qs] (two pair, Queens and Tens)
JBORDII collected 19710 from pot
*** SUMMARY ***
Total pot 19710 | Rake 0 
Board [Ts 3c Td 7h 9h]
Seat 1: deiraisetonuts (big blind) folded before Flop
Seat 2: Durable162 folded before Flop (didn't bet)
Seat 3: TomiQ77 showed [Qh Qs] and lost with two pair, Queens and Tens
Seat 4: sarakawa folded before Flop (didn't bet)
Seat 5: viniciuscsox folded before Flop (didn't bet)
Seat 6: NBAnoSMOKE folded before Flop (didn't bet)
Seat 7: ergolfo11 folded before Flop
Seat 8: DiogoEstevao (button) folded before Flop (didn't bet)
Seat 9: JBORDII (small blind) showed [Ad Ah] and won (19710) with two pair, Aces and Tens



PokerStars Hand #248684131849: Tournament #3706941977, €9+€9+€2 EUR Hold'em No Limit - Level X (200/400) - 2024/02/04 14:18:55 BRT [2024/02/04 12:18:55 ET]
Table '3706941977 25' 9-max Seat #9 is the button
Seat 1: deiraisetonuts (9804 in chips, €13.50 bounty) 
Seat 2: Durable162 (32099 in chips, €22.50 bounty) 
Seat 3: TomiQ77 (19856 in chips, €18 bounty) 
Seat 4: sarakawa (21931 in chips, €9 bounty) 
Seat 5: viniciuscsox (17948 in chips, €9 bounty) 
Seat 6: NBAnoSMOKE (21622 in chips, €13.50 bounty) 
Seat 7: ergolfo11 (5964 in chips, €9 bounty) 
Seat 8: DiogoEstevao (5768 in chips, €9 bounty) 
Seat 9: JBORDII (19710 in chips, €9 bounty) 
deiraisetonuts: posts the ante 50
Durable162: posts the ante 50
TomiQ77: posts the ante 50
sarakawa: posts the ante 50
viniciuscsox: posts the ante 50
NBAnoSMOKE: posts the ante 50
ergolfo11: posts the ante 50
DiogoEstevao: posts the ante 50
JBORDII: posts the ante 50
deiraisetonuts: posts small blind 200
Durable162: posts big blind 400
*** HOLE CARDS ***
Dealt to deiraisetonuts [3s 5d]
TomiQ77: raises 420 to 820
sarakawa: folds 
viniciuscsox: folds 
NBAnoSMOKE: folds 
ergolfo11: calls 820
DiogoEstevao: folds 
JBORDII: calls 820
deiraisetonuts: folds 
Durable162: folds 
*** FLOP *** [Qs Ah 3c]
TomiQ77: checks 
ergolfo11: checks 
JBORDII: bets 1931
TomiQ77: folds 
ergolfo11: folds 
Uncalled bet (1931) returned to JBORDII
JBORDII collected 3510 from pot
JBORDII: doesn't show hand 
*** SUMMARY ***
Total pot 3510 | Rake 0 
Board [Qs Ah 3c]
Seat 1: deiraisetonuts (small blind) folded before Flop
Seat 2: Durable162 (big blind) folded before Flop
Seat 3: TomiQ77 folded on the Flop
Seat 4: sarakawa folded before Flop (didn't bet)
Seat 5: viniciuscsox folded before Flop (didn't bet)
Seat 6: NBAnoSMOKE folded before Flop (didn't bet)
Seat 7: ergolfo11 folded on the Flop
Seat 8: DiogoEstevao folded before Flop (didn't bet)
Seat 9: JBORDII (button) collected (3510)



PokerStars Hand #248684149034: Tournament #3706941977, €9+€9+€2 EUR Hold'em No Limit - Level X (200/400) - 2024/02/04 14:19:40 BRT [2024/02/04 12:19:40 ET]
Table '3706941977 25' 9-max Seat #1 is the button
Seat 1: deiraisetonuts (9554 in chips, €13.50 bounty) 
Seat 2: Durable162 (31649 in chips, €22.50 bounty) 
Seat 3: TomiQ77 (18986 in chips, €18 bounty) 
Seat 4: sarakawa (21881 in chips, €9 bounty) 
Seat 5: viniciuscsox (17898 in chips, €9 bounty) 
Seat 6: NBAnoSMOKE (21572 in chips, €13.50 bounty) 
Seat 7: ergolfo11 (5094 in chips, €9 bounty) 
Seat 8: DiogoEstevao (5718 in chips, €9 bounty) 
Seat 9: JBORDII (22350 in chips, €9 bounty) 
deiraisetonuts: posts the ante 50
Durable162: posts the ante 50
TomiQ77: posts the ante 50
sarakawa: posts the ante 50
viniciuscsox: posts the ante 50
NBAnoSMOKE: posts the ante 50
ergolfo11: posts the ante 50
DiogoEstevao: posts the ante 50
JBORDII: posts the ante 50
Durable162: posts small blind 200
TomiQ77: posts big blind 400
*** HOLE CARDS ***
Dealt to deiraisetonuts [8d 3c]
sarakawa: folds 
viniciuscsox: raises 480 to 880
NBAnoSMOKE: folds 
ergolfo11: calls 880
DiogoEstevao: raises 4788 to 5668 and is all-in
JBORDII: folds 
deiraisetonuts: folds 
Durable162: folds 
TomiQ77: folds 
viniciuscsox: raises 12180 to 17848 and is all-in
ergolfo11: folds 
Uncalled bet (12180) returned to viniciuscsox
*** FLOP *** [4d 9h 2h]
*** TURN *** [4d 9h 2h] [3s]
*** RIVER *** [4d 9h 2h 3s] [6s]
*** SHOW DOWN ***
viniciuscsox: shows [Ad 2d] (a pair of Deuces)
DiogoEstevao: shows [Ac Th] (high card Ace)
viniciuscsox collected 13266 from pot
viniciuscsox wins €4.50 for eliminating DiogoEstevao and their own bounty increases by €4.50 to €13.50
DiogoEstevao finished the tournament
*** SUMMARY ***
Total pot 13266 | Rake 0 
Board [4d 9h 2h 3s 6s]
Seat 1: deiraisetonuts (button) folded before Flop (didn't bet)
Seat 2: Durable162 (small blind) folded before Flop
Seat 3: TomiQ77 (big blind) folded before Flop
Seat 4: sarakawa folded before Flop (didn't bet)
Seat 5: viniciuscsox showed [Ad 2d] and won (13266) with a pair of Deuces
Seat 6: NBAnoSMOKE folded before Flop (didn't bet)
Seat 7: ergolfo11 folded before Flop
Seat 8: DiogoEstevao showed [Ac Th] and lost with high card Ace
Seat 9: JBORDII folded before Flop (didn't bet)



PokerStars Hand #248684171322: Tournament #3706941977, €9+€9+€2 EUR Hold'em No Limit - Level X (200/400) - 2024/02/04 14:20:39 BRT [2024/02/04 12:20:39 ET]
Table '3706941977 25' 9-max Seat #2 is the button
Seat 1: deiraisetonuts (9504 in chips, €13.50 bounty) 
Seat 2: Durable162 (31399 in chips, €22.50 bounty) 
Seat 3: TomiQ77 (18536 in chips, €18 bounty) 
Seat 4: sarakawa (21831 in chips, €9 bounty) 
Seat 5: viniciuscsox (25446 in chips, €13.50 bounty) 
Seat 6: NBAnoSMOKE (21522 in chips, €13.50 bounty) 
Seat 7: ergolfo11 (4164 in chips, €9 bounty) 
Seat 9: JBORDII (22300 in chips, €9 bounty) 
deiraisetonuts: posts the ante 50
Durable162: posts the ante 50
TomiQ77: posts the ante 50
sarakawa: posts the ante 50
viniciuscsox: posts the ante 50
NBAnoSMOKE: posts the ante 50
ergolfo11: posts the ante 50
JBORDII: posts the ante 50
TomiQ77: posts small blind 200
sarakawa: posts big blind 400
*** HOLE CARDS ***
Dealt to deiraisetonuts [Jc 3c]
viniciuscsox: folds 
NBAnoSMOKE: raises 600 to 1000
ergolfo11: folds 
JBORDII: folds 
deiraisetonuts: folds 
Durable162: folds 
TomiQ77: folds 
sarakawa: folds 
Uncalled bet (600) returned to NBAnoSMOKE
NBAnoSMOKE collected 1400 from pot
NBAnoSMOKE: doesn't show hand 
*** SUMMARY ***
Total pot 1400 | Rake 0 
Seat 1: deiraisetonuts folded before Flop (didn't bet)
Seat 2: Durable162 (button) folded before Flop (didn't bet)
Seat 3: TomiQ77 (small blind) folded before Flop
Seat 4: sarakawa (big blind) folded before Flop
Seat 5: viniciuscsox folded before Flop (didn't bet)
Seat 6: NBAnoSMOKE collected (1400)
Seat 7: ergolfo11 folded before Flop (didn't bet)
Seat 9: JBORDII folded before Flop (didn't bet)



PokerStars Hand #248684184661: Tournament #3706941977, €9+€9+€2 EUR Hold'em No Limit - Level X (200/400) - 2024/02/04 14:21:15 BRT [2024/02/04 12:21:15 ET]
Table '3706941977 25' 9-max Seat #3 is the button
Seat 1: deiraisetonuts (9454 in chips, €13.50 bounty) 
Seat 2: Durable162 (31349 in chips, €22.50 bounty) 
Seat 3: TomiQ77 (18286 in chips, €18 bounty) 
Seat 4: sarakawa (21381 in chips, €9 bounty) 
Seat 5: viniciuscsox (25396 in chips, €13.50 bounty) 
Seat 6: NBAnoSMOKE (22472 in chips, €13.50 bounty) 
Seat 7: ergolfo11 (4114 in chips, €9 bounty) 
Seat 9: JBORDII (22250 in chips, €9 bounty) 
deiraisetonuts: posts the ante 50
Durable162: posts the ante 50
TomiQ77: posts the ante 50
sarakawa: posts the ante 50
viniciuscsox: posts the ante 50
NBAnoSMOKE: posts the ante 50
ergolfo11: posts the ante 50
JBORDII: posts the ante 50
sarakawa: posts small blind 200
viniciuscsox: posts big blind 400
*** HOLE CARDS ***
Dealt to deiraisetonuts [Ks 8d]
NBAnoSMOKE: folds 
ergolfo11: folds 
JBORDII: raises 600 to 1000
deiraisetonuts: folds 
Durable162: folds 
TomiQ77: folds 
sarakawa: folds 
viniciuscsox: folds 
Uncalled bet (600) returned to JBORDII
JBORDII collected 1400 from pot
JBORDII: doesn't show hand 
*** SUMMARY ***
Total pot 1400 | Rake 0 
Seat 1: deiraisetonuts folded before Flop (didn't bet)
Seat 2: Durable162 folded before Flop (didn't bet)
Seat 3: TomiQ77 (button) folded before Flop (didn't bet)
Seat 4: sarakawa (small blind) folded before Flop
Seat 5: viniciuscsox (big blind) folded before Flop
Seat 6: NBAnoSMOKE folded before Flop (didn't bet)
Seat 7: ergolfo11 folded before Flop (didn't bet)
Seat 9: JBORDII collected (1400)



