PokerStars Hand #248683453738: Tournament #3704767429, €13.50+€13.50+€3.00 EUR Hold'em No Limit - Level V (60/120) - 2024/02/04 13:45:42 BRT [2024/02/04 11:45:42 ET]
Table '3704767429 8' 8-max Seat #2 is the button
Seat 1: joaomentias (18905 in chips, €13.50 bounty) 
Seat 2: MVCAR (20033 in chips, €13.50 bounty) 
Seat 3: james2473 (31375 in chips, €13.50 bounty) 
Seat 4: Bitcoinas (7540 in chips, €13.50 bounty) 
Seat 5: Sharbik (21839 in chips, €13.50 bounty) 
Seat 6: deiraisetonuts (22918 in chips, €13.50 bounty) 
Seat 7: Alvaaroo91 (20807 in chips, €13.50 bounty) 
Seat 8: JanisJumpallin (22856 in chips, €13.50 bounty) 
joaomentias: posts the ante 15
MVCAR: posts the ante 15
james2473: posts the ante 15
Bitcoinas: posts the ante 15
Sharbik: posts the ante 15
deiraisetonuts: posts the ante 15
Alvaaroo91: posts the ante 15
JanisJumpallin: posts the ante 15
james2473: posts small blind 60
Bitcoinas: posts big blind 120
*** HOLE CARDS ***
Dealt to deiraisetonuts [5h 6c]
Sharbik: folds 
deiraisetonuts: folds 
Alvaaroo91: raises 120 to 240
JanisJumpallin: calls 240
joaomentias: folds 
MVCAR: folds 
james2473: folds 
Bitcoinas: raises 7285 to 7525 and is all-in
Alvaaroo91: calls 7285
JanisJumpallin: folds 
*** FLOP *** [8h 3c 7c]
*** TURN *** [8h 3c 7c] [3s]
*** RIVER *** [8h 3c 7c 3s] [5d]
*** SHOW DOWN ***
Bitcoinas: shows [Ac Ah] (two pair, Aces and Threes)
Alvaaroo91: shows [Ad Jd] (a pair of Threes)
Bitcoinas collected 15470 from pot
*** SUMMARY ***
Total pot 15470 | Rake 0 
Board [8h 3c 7c 3s 5d]
Seat 1: joaomentias folded before Flop (didn't bet)
Seat 2: MVCAR (button) folded before Flop (didn't bet)
Seat 3: james2473 (small blind) folded before Flop
Seat 4: Bitcoinas (big blind) showed [Ac Ah] and won (15470) with two pair, Aces and Threes
Seat 5: Sharbik folded before Flop (didn't bet)
Seat 6: deiraisetonuts folded before Flop (didn't bet)
Seat 7: Alvaaroo91 showed [Ad Jd] and lost with a pair of Threes
Seat 8: JanisJumpallin folded before Flop



PokerStars Hand #248683476831: Tournament #3704767429, €13.50+€13.50+€3.00 EUR Hold'em No Limit - Level V (60/120) - 2024/02/04 13:46:47 BRT [2024/02/04 11:46:47 ET]
Table '3704767429 8' 8-max Seat #3 is the button
Seat 1: joaomentias (18890 in chips, €13.50 bounty) 
Seat 2: MVCAR (20018 in chips, €13.50 bounty) 
Seat 3: james2473 (31300 in chips, €13.50 bounty) 
Seat 4: Bitcoinas (15470 in chips, €13.50 bounty) 
Seat 5: Sharbik (21824 in chips, €13.50 bounty) 
Seat 6: deiraisetonuts (22903 in chips, €13.50 bounty) 
Seat 7: Alvaaroo91 (13267 in chips, €13.50 bounty) 
Seat 8: JanisJumpallin (22601 in chips, €13.50 bounty) 
joaomentias: posts the ante 15
MVCAR: posts the ante 15
james2473: posts the ante 15
Bitcoinas: posts the ante 15
Sharbik: posts the ante 15
deiraisetonuts: posts the ante 15
Alvaaroo91: posts the ante 15
JanisJumpallin: posts the ante 15
Bitcoinas: posts small blind 60
Sharbik: posts big blind 120
*** HOLE CARDS ***
Dealt to deiraisetonuts [2c 8h]
deiraisetonuts: folds 
Alvaaroo91: folds 
JanisJumpallin: folds 
joaomentias: raises 156 to 276
MVCAR: folds 
james2473: folds 
Bitcoinas: folds 
Sharbik: calls 156
*** FLOP *** [Qc Ah Js]
Sharbik: checks 
joaomentias: bets 242
Sharbik: calls 242
*** TURN *** [Qc Ah Js] [2d]
Sharbik: checks 
joaomentias: checks 
*** RIVER *** [Qc Ah Js 2d] [5h]
Sharbik: bets 360
joaomentias: calls 360
*** SHOW DOWN ***
Sharbik: shows [Ts 9d] (high card Ace)
joaomentias: shows [Jd Kh] (a pair of Jacks)
joaomentias collected 1936 from pot
*** SUMMARY ***
Total pot 1936 | Rake 0 
Board [Qc Ah Js 2d 5h]
Seat 1: joaomentias showed [Jd Kh] and won (1936) with a pair of Jacks
Seat 2: MVCAR folded before Flop (didn't bet)
Seat 3: james2473 (button) folded before Flop (didn't bet)
Seat 4: Bitcoinas (small blind) folded before Flop
Seat 5: Sharbik (big blind) showed [Ts 9d] and lost with high card Ace
Seat 6: deiraisetonuts folded before Flop (didn't bet)
Seat 7: Alvaaroo91 folded before Flop (didn't bet)
Seat 8: JanisJumpallin folded before Flop (didn't bet)



PokerStars Hand #248683512654: Tournament #3704767429, €13.50+€13.50+€3.00 EUR Hold'em No Limit - Level V (60/120) - 2024/02/04 13:48:28 BRT [2024/02/04 11:48:28 ET]
Table '3704767429 8' 8-max Seat #4 is the button
Seat 1: joaomentias (19933 in chips, €13.50 bounty) 
Seat 2: MVCAR (20003 in chips, €13.50 bounty) 
Seat 3: james2473 (31285 in chips, €13.50 bounty) 
Seat 4: Bitcoinas (15395 in chips, €13.50 bounty) 
Seat 5: Sharbik (20931 in chips, €13.50 bounty) 
Seat 6: deiraisetonuts (22888 in chips, €13.50 bounty) 
Seat 7: Alvaaroo91 (13252 in chips, €13.50 bounty) 
Seat 8: JanisJumpallin (22586 in chips, €13.50 bounty) 
joaomentias: posts the ante 15
MVCAR: posts the ante 15
james2473: posts the ante 15
Bitcoinas: posts the ante 15
Sharbik: posts the ante 15
deiraisetonuts: posts the ante 15
Alvaaroo91: posts the ante 15
JanisJumpallin: posts the ante 15
Sharbik: posts small blind 60
deiraisetonuts: posts big blind 120
*** HOLE CARDS ***
Dealt to deiraisetonuts [8d Qh]
Alvaaroo91: folds 
JanisJumpallin: folds 
joaomentias: raises 156 to 276
MVCAR: calls 276
james2473: folds 
Bitcoinas: folds 
Sharbik: folds 
deiraisetonuts: calls 156
*** FLOP *** [2h Th 9h]
deiraisetonuts: checks 
joaomentias: checks 
MVCAR: bets 240
deiraisetonuts: calls 240
joaomentias: calls 240
*** TURN *** [2h Th 9h] [3h]
deiraisetonuts: checks 
joaomentias: checks 
MVCAR: checks 
*** RIVER *** [2h Th 9h 3h] [Kc]
deiraisetonuts: bets 172
joaomentias: calls 172
MVCAR: raises 2244 to 2416
deiraisetonuts: folds 
joaomentias: folds 
Uncalled bet (2244) returned to MVCAR
MVCAR collected 2244 from pot
*** SUMMARY ***
Total pot 2244 | Rake 0 
Board [2h Th 9h 3h Kc]
Seat 1: joaomentias folded on the River
Seat 2: MVCAR collected (2244)
Seat 3: james2473 folded before Flop (didn't bet)
Seat 4: Bitcoinas (button) folded before Flop (didn't bet)
Seat 5: Sharbik (small blind) folded before Flop
Seat 6: deiraisetonuts (big blind) folded on the River
Seat 7: Alvaaroo91 folded before Flop (didn't bet)
Seat 8: JanisJumpallin folded before Flop (didn't bet)



PokerStars Hand #248683563416: Tournament #3704767429, €13.50+€13.50+€3.00 EUR Hold'em No Limit - Level VI (75/150) - 2024/02/04 13:50:51 BRT [2024/02/04 11:50:51 ET]
Table '3704767429 8' 8-max Seat #5 is the button
Seat 1: joaomentias (19230 in chips, €13.50 bounty) 
Seat 2: MVCAR (21544 in chips, €13.50 bounty) 
Seat 3: james2473 (31270 in chips, €13.50 bounty) 
Seat 4: Bitcoinas (15380 in chips, €13.50 bounty) 
Seat 5: Sharbik (20856 in chips, €13.50 bounty) 
Seat 6: deiraisetonuts (22185 in chips, €13.50 bounty) 
Seat 7: Alvaaroo91 (13237 in chips, €13.50 bounty) 
Seat 8: JanisJumpallin (22571 in chips, €13.50 bounty) 
joaomentias: posts the ante 20
MVCAR: posts the ante 20
james2473: posts the ante 20
Bitcoinas: posts the ante 20
Sharbik: posts the ante 20
deiraisetonuts: posts the ante 20
Alvaaroo91: posts the ante 20
JanisJumpallin: posts the ante 20
deiraisetonuts: posts small blind 75
Alvaaroo91: posts big blind 150
*** HOLE CARDS ***
Dealt to deiraisetonuts [8h 4s]
JanisJumpallin: folds 
joaomentias: folds 
MVCAR: folds 
james2473: calls 150
Bitcoinas: folds 
Sharbik: folds 
deiraisetonuts: folds 
Alvaaroo91: checks 
*** FLOP *** [7c Tc 2c]
Alvaaroo91: bets 268
james2473: calls 268
*** TURN *** [7c Tc 2c] [Kc]
Alvaaroo91: bets 536
james2473: calls 536
*** RIVER *** [7c Tc 2c Kc] [3s]
Alvaaroo91: checks 
james2473: bets 2143
Alvaaroo91: calls 2143
*** SHOW DOWN ***
james2473: shows [Qc As] (a flush, King high)
Alvaaroo91: mucks hand 
james2473 collected 6429 from pot
*** SUMMARY ***
Total pot 6429 | Rake 0 
Board [7c Tc 2c Kc 3s]
Seat 1: joaomentias folded before Flop (didn't bet)
Seat 2: MVCAR folded before Flop (didn't bet)
Seat 3: james2473 showed [Qc As] and won (6429) with a flush, King high
Seat 4: Bitcoinas folded before Flop (didn't bet)
Seat 5: Sharbik (button) folded before Flop (didn't bet)
Seat 6: deiraisetonuts (small blind) folded before Flop
Seat 7: Alvaaroo91 (big blind) mucked [8d 4c]
Seat 8: JanisJumpallin folded before Flop (didn't bet)



PokerStars Hand #248683578504: Tournament #3704767429, €13.50+€13.50+€3.00 EUR Hold'em No Limit - Level VI (75/150) - 2024/02/04 13:51:34 BRT [2024/02/04 11:51:34 ET]
Table '3704767429 8' 8-max Seat #6 is the button
Seat 1: joaomentias (19210 in chips, €13.50 bounty) 
Seat 2: MVCAR (21524 in chips, €13.50 bounty) 
Seat 3: james2473 (34582 in chips, €13.50 bounty) 
Seat 4: Bitcoinas (15360 in chips, €13.50 bounty) 
Seat 5: Sharbik (20836 in chips, €13.50 bounty) 
Seat 6: deiraisetonuts (22090 in chips, €13.50 bounty) 
Seat 7: Alvaaroo91 (10120 in chips, €13.50 bounty) 
Seat 8: JanisJumpallin (22551 in chips, €13.50 bounty) 
joaomentias: posts the ante 20
MVCAR: posts the ante 20
james2473: posts the ante 20
Bitcoinas: posts the ante 20
Sharbik: posts the ante 20
deiraisetonuts: posts the ante 20
Alvaaroo91: posts the ante 20
JanisJumpallin: posts the ante 20
Alvaaroo91: posts small blind 75
JanisJumpallin: posts big blind 150
*** HOLE CARDS ***
Dealt to deiraisetonuts [7c 6s]
joaomentias: folds 
MVCAR: calls 150
james2473: folds 
Bitcoinas: folds 
Sharbik: raises 375 to 525
deiraisetonuts: folds 
Alvaaroo91: folds 
JanisJumpallin: folds 
MVCAR: calls 375
*** FLOP *** [8d Jd 5s]
MVCAR: checks 
Sharbik: bets 375
MVCAR: calls 375
*** TURN *** [8d Jd 5s] [5d]
MVCAR: checks 
Sharbik: checks 
*** RIVER *** [8d Jd 5s 5d] [8s]
MVCAR: bets 1093
Sharbik: folds 
Uncalled bet (1093) returned to MVCAR
MVCAR collected 2185 from pot
*** SUMMARY ***
Total pot 2185 | Rake 0 
Board [8d Jd 5s 5d 8s]
Seat 1: joaomentias folded before Flop (didn't bet)
Seat 2: MVCAR collected (2185)
Seat 3: james2473 folded before Flop (didn't bet)
Seat 4: Bitcoinas folded before Flop (didn't bet)
Seat 5: Sharbik folded on the River
Seat 6: deiraisetonuts (button) folded before Flop (didn't bet)
Seat 7: Alvaaroo91 (small blind) folded before Flop
Seat 8: JanisJumpallin (big blind) folded before Flop



