PokerStars Hand #248684807973: Tournament #3706941977, €9+€9+€2 EUR Hold'em No Limit - Level XIII (350/700) - 2024/02/04 14:47:40 BRT [2024/02/04 12:47:40 ET]
Table '3706941977 28' 9-max Seat #6 is the button
Seat 2: hayashi1212 (71807 in chips, €33.75 bounty) 
Seat 3: Sh00wT!Me (49934 in chips, €16.87 bounty) 
Seat 4: Andrept777 (5116 in chips, €13.50 bounty) 
Seat 5: deiraisetonuts (6554 in chips, €13.50 bounty) 
Seat 6: SendyEs519 (19260 in chips, €9 bounty) 
Seat 7: nuno_gsilva (21535 in chips, €9 bounty) 
Seat 8: SadMime (8795 in chips, €9 bounty) 
Seat 9: escorball86 (8010 in chips, €9 bounty) 
hayashi1212: posts the ante 85
Sh00wT!Me: posts the ante 85
Andrept777: posts the ante 85
deiraisetonuts: posts the ante 85
SendyEs519: posts the ante 85
nuno_gsilva: posts the ante 85
SadMime: posts the ante 85
escorball86: posts the ante 85
nuno_gsilva: posts small blind 350
SadMime: posts big blind 700
*** HOLE CARDS ***
Dealt to deiraisetonuts [6c Kc]
escorball86: folds 
hayashi1212: folds 
Sh00wT!Me: raises 700 to 1400
Andrept777: raises 3631 to 5031 and is all-in
deiraisetonuts: folds 
SendyEs519: folds 
nuno_gsilva: folds 
SadMime: raises 3679 to 8710 and is all-in
Sh00wT!Me: calls 7310
*** FLOP *** [4h 9s Th]
*** TURN *** [4h 9s Th] [Ks]
*** RIVER *** [4h 9s Th Ks] [9c]
*** SHOW DOWN ***
SadMime: shows [As 6s] (a pair of Nines)
Sh00wT!Me: shows [Ts Kh] (two pair, Kings and Tens)
Sh00wT!Me collected 7358 from side pot
Andrept777: shows [Qc Ac] (a pair of Nines)
Sh00wT!Me collected 16123 from main pot
Sh00wT!Me wins €6.75 for eliminating Andrept777 and their own bounty increases by €6.75 to €23.62
Sh00wT!Me wins €4.50 for eliminating SadMime and their own bounty increases by €4.50 to €28.12
SadMime finished the tournament
Andrept777 finished the tournament
*** SUMMARY ***
Total pot 23481 Main pot 16123. Side pot 7358. | Rake 0 
Board [4h 9s Th Ks 9c]
Seat 2: hayashi1212 folded before Flop (didn't bet)
Seat 3: Sh00wT!Me showed [Ts Kh] and won (23481) with two pair, Kings and Tens
Seat 4: Andrept777 showed [Qc Ac] and lost with a pair of Nines
Seat 5: deiraisetonuts folded before Flop (didn't bet)
Seat 6: SendyEs519 (button) folded before Flop (didn't bet)
Seat 7: nuno_gsilva (small blind) folded before Flop
Seat 8: SadMime (big blind) showed [As 6s] and lost with a pair of Nines
Seat 9: escorball86 folded before Flop (didn't bet)



PokerStars Hand #248684827462: Tournament #3706941977, €9+€9+€2 EUR Hold'em No Limit - Level XIII (350/700) - 2024/02/04 14:48:29 BRT [2024/02/04 12:48:29 ET]
Table '3706941977 28' 9-max Seat #7 is the button
Seat 2: hayashi1212 (71722 in chips, €33.75 bounty) 
Seat 3: Sh00wT!Me (64620 in chips, €28.12 bounty) 
Seat 5: deiraisetonuts (6469 in chips, €13.50 bounty) 
Seat 6: SendyEs519 (19175 in chips, €9 bounty) 
Seat 7: nuno_gsilva (21100 in chips, €9 bounty) 
Seat 9: escorball86 (7925 in chips, €9 bounty) 
hayashi1212: posts the ante 85
Sh00wT!Me: posts the ante 85
deiraisetonuts: posts the ante 85
SendyEs519: posts the ante 85
nuno_gsilva: posts the ante 85
escorball86: posts the ante 85
escorball86: posts small blind 350
hayashi1212: posts big blind 700
*** HOLE CARDS ***
Dealt to deiraisetonuts [Ah 6h]
Sh00wT!Me: folds 
Smoke_NL2 is disconnected 
cOsAnestesia is disconnected 
deiraisetonuts: raises 5684 to 6384 and is all-in
SendyEs519: raises 12706 to 19090 and is all-in
nuno_gsilva: folds 
escorball86: folds 
hayashi1212: folds 
Uncalled bet (12706) returned to SendyEs519
*** FLOP *** [Kd Ts 7c]
*** TURN *** [Kd Ts 7c] [2s]
*** RIVER *** [Kd Ts 7c 2s] [7h]
*** SHOW DOWN ***
deiraisetonuts: shows [Ah 6h] (a pair of Sevens)
SendyEs519: shows [Ad Th] (two pair, Tens and Sevens)
SendyEs519 collected 14328 from pot
SendyEs519 wins €6.75 for eliminating deiraisetonuts and their own bounty increases by €6.75 to €15.75
deiraisetonuts finished the tournament
*** SUMMARY ***
Total pot 14328 | Rake 0 
Board [Kd Ts 7c 2s 7h]
Seat 2: hayashi1212 (big blind) folded before Flop
Seat 3: Sh00wT!Me folded before Flop (didn't bet)
Seat 5: deiraisetonuts showed [Ah 6h] and lost with a pair of Sevens
Seat 6: SendyEs519 showed [Ad Th] and won (14328) with two pair, Tens and Sevens
Seat 7: nuno_gsilva (button) folded before Flop (didn't bet)
Seat 9: escorball86 (small blind) folded before Flop



