PokerStars Hand #248683791638: Tournament #3704767429, €13.50+€13.50+€3.00 EUR Hold'em No Limit - Level VI (75/150) - 2024/02/04 14:03:44 BRT [2024/02/04 12:03:44 ET]
Table '3704767429 8' 8-max Seat #2 is the button
Seat 2: MVCAR (27129 in chips, €13.50 bounty) 
Seat 3: andrelopes11 (20000 in chips) out of hand (moved from another table into small blind)
Seat 4: Bitcoinas (15300 in chips, €13.50 bounty) 
Seat 5: Sharbik (19876 in chips, €13.50 bounty) 
Seat 6: deiraisetonuts (21880 in chips, €13.50 bounty) 
Seat 7: Alvaaroo91 (9985 in chips, €13.50 bounty) 
Seat 8: JanisJumpallin (19631 in chips, €13.50 bounty) 
andrelopes11 will be allowed to play after the button
MVCAR: posts the ante 20
Bitcoinas: posts the ante 20
Sharbik: posts the ante 20
deiraisetonuts: posts the ante 20
Alvaaroo91: posts the ante 20
JanisJumpallin: posts the ante 20
Bitcoinas: posts small blind 75
Sharbik: posts big blind 150
*** HOLE CARDS ***
Dealt to deiraisetonuts [2h 6h]
deiraisetonuts: folds 
Alvaaroo91: folds 
JanisJumpallin: folds 
MVCAR: folds 
Bitcoinas: calls 75
FoldPlzOmg is disconnected 
Sharbik: raises 375 to 525
Bitcoinas: folds 
Uncalled bet (375) returned to Sharbik
Sharbik collected 420 from pot
Sharbik: doesn't show hand 
*** SUMMARY ***
Total pot 420 | Rake 0 
Seat 2: MVCAR (button) folded before Flop (didn't bet)
Seat 4: Bitcoinas (small blind) folded before Flop
Seat 5: Sharbik (big blind) collected (420)
Seat 6: deiraisetonuts folded before Flop (didn't bet)
Seat 7: Alvaaroo91 folded before Flop (didn't bet)
Seat 8: JanisJumpallin folded before Flop (didn't bet)



PokerStars Hand #248683810126: Tournament #3704767429, €13.50+€13.50+€3.00 EUR Hold'em No Limit - Level VI (75/150) - 2024/02/04 14:04:35 BRT [2024/02/04 12:04:35 ET]
Table '3704767429 8' 8-max Seat #4 is the button
Seat 1: FoldPlzOmg (20000 in chips, €13.50 bounty) 
Seat 2: MVCAR (27109 in chips, €13.50 bounty) 
Seat 3: andrelopes11 (20000 in chips, €13.50 bounty) 
Seat 4: Bitcoinas (15130 in chips, €13.50 bounty) 
Seat 5: Sharbik (20126 in chips, €13.50 bounty) 
Seat 6: deiraisetonuts (21860 in chips, €13.50 bounty) 
Seat 7: Alvaaroo91 (9965 in chips, €13.50 bounty) 
Seat 8: JanisJumpallin (19611 in chips, €13.50 bounty) 
FoldPlzOmg: posts the ante 20
MVCAR: posts the ante 20
andrelopes11: posts the ante 20
Bitcoinas: posts the ante 20
Sharbik: posts the ante 20
deiraisetonuts: posts the ante 20
Alvaaroo91: posts the ante 20
JanisJumpallin: posts the ante 20
Sharbik: posts small blind 75
deiraisetonuts: posts big blind 150
*** HOLE CARDS ***
Dealt to deiraisetonuts [3s 9c]
Alvaaroo91: folds 
JanisJumpallin: folds 
FoldPlzOmg: folds 
MVCAR: folds 
andrelopes11: folds 
Bitcoinas: raises 150 to 300
Sharbik: folds 
deiraisetonuts: folds 
Uncalled bet (150) returned to Bitcoinas
Bitcoinas collected 535 from pot
*** SUMMARY ***
Total pot 535 | Rake 0 
Seat 1: FoldPlzOmg folded before Flop (didn't bet)
Seat 2: MVCAR folded before Flop (didn't bet)
Seat 3: andrelopes11 folded before Flop (didn't bet)
Seat 4: Bitcoinas (button) collected (535)
Seat 5: Sharbik (small blind) folded before Flop
Seat 6: deiraisetonuts (big blind) folded before Flop
Seat 7: Alvaaroo91 folded before Flop (didn't bet)
Seat 8: JanisJumpallin folded before Flop (didn't bet)



PokerStars Hand #248683824687: Tournament #3704767429, €13.50+€13.50+€3.00 EUR Hold'em No Limit - Level VI (75/150) - 2024/02/04 14:05:15 BRT [2024/02/04 12:05:15 ET]
Table '3704767429 8' 8-max Seat #5 is the button
Seat 1: FoldPlzOmg (19980 in chips, €13.50 bounty) 
Seat 2: MVCAR (27089 in chips, €13.50 bounty) 
Seat 3: andrelopes11 (19980 in chips, €13.50 bounty) 
Seat 4: Bitcoinas (15495 in chips, €13.50 bounty) 
Seat 5: Sharbik (20031 in chips, €13.50 bounty) 
Seat 6: deiraisetonuts (21690 in chips, €13.50 bounty) 
Seat 8: JanisJumpallin (19591 in chips, €13.50 bounty) 
FoldPlzOmg: posts the ante 20
MVCAR: posts the ante 20
andrelopes11: posts the ante 20
Bitcoinas: posts the ante 20
Sharbik: posts the ante 20
deiraisetonuts: posts the ante 20
JanisJumpallin: posts the ante 20
deiraisetonuts: posts small blind 75
JanisJumpallin: posts big blind 150
*** HOLE CARDS ***
Dealt to deiraisetonuts [Tc Ts]
FoldPlzOmg: raises 225 to 375
MVCAR: folds 
andrelopes11: folds 
Bitcoinas: folds 
Sharbik: folds 
deiraisetonuts: calls 300
JanisJumpallin: folds 
*** FLOP *** [8s 3s 5d]
deiraisetonuts: checks 
FoldPlzOmg: bets 343
PauloT1479 is disconnected 
deiraisetonuts: calls 343
*** TURN *** [8s 3s 5d] [Qh]
deiraisetonuts: checks 
FoldPlzOmg: checks 
*** RIVER *** [8s 3s 5d Qh] [Ks]
deiraisetonuts: bets 430
FoldPlzOmg: calls 430
*** SHOW DOWN ***
deiraisetonuts: shows [Tc Ts] (a pair of Tens)
FoldPlzOmg: mucks hand 
deiraisetonuts collected 2586 from pot
*** SUMMARY ***
Total pot 2586 | Rake 0 
Board [8s 3s 5d Qh Ks]
Seat 1: FoldPlzOmg mucked [9d 8d]
Seat 2: MVCAR folded before Flop (didn't bet)
Seat 3: andrelopes11 folded before Flop (didn't bet)
Seat 4: Bitcoinas folded before Flop (didn't bet)
Seat 5: Sharbik (button) folded before Flop (didn't bet)
Seat 6: deiraisetonuts (small blind) showed [Tc Ts] and won (2586) with a pair of Tens
Seat 8: JanisJumpallin (big blind) folded before Flop



PokerStars Hand #248683854963: Tournament #3704767429, €13.50+€13.50+€3.00 EUR Hold'em No Limit - Level VI (75/150) - 2024/02/04 14:06:37 BRT [2024/02/04 12:06:37 ET]
Table '3704767429 8' 8-max Seat #6 is the button
Seat 1: FoldPlzOmg (18812 in chips, €13.50 bounty) 
Seat 2: MVCAR (27069 in chips, €13.50 bounty) 
Seat 3: andrelopes11 (19960 in chips, €13.50 bounty) 
Seat 4: Bitcoinas (15475 in chips, €13.50 bounty) 
Seat 5: Sharbik (20011 in chips, €13.50 bounty) 
Seat 6: deiraisetonuts (23108 in chips, €13.50 bounty) 
Seat 7: PauloT1479 (20000 in chips) out of hand (moved from another table into small blind)
Seat 8: JanisJumpallin (19421 in chips, €13.50 bounty) 
PauloT1479 will be allowed to play after the button
FoldPlzOmg: posts the ante 20
MVCAR: posts the ante 20
andrelopes11: posts the ante 20
Bitcoinas: posts the ante 20
Sharbik: posts the ante 20
deiraisetonuts: posts the ante 20
JanisJumpallin: posts the ante 20
JanisJumpallin: posts small blind 75
FoldPlzOmg: posts big blind 150
*** HOLE CARDS ***
Dealt to deiraisetonuts [3c 6s]
MVCAR: calls 150
andrelopes11: folds 
Bitcoinas: folds 
Sharbik: raises 300 to 450
deiraisetonuts: folds 
JanisJumpallin: folds 
FoldPlzOmg: folds 
MVCAR: calls 300
*** FLOP *** [8c Jc 6h]
MVCAR: checks 
Sharbik: bets 225
MVCAR: calls 225
*** TURN *** [8c Jc 6h] [Jh]
MVCAR: checks 
Sharbik: checks 
*** RIVER *** [8c Jc 6h Jh] [Ah]
MVCAR: checks 
Sharbik: bets 566
MVCAR: folds 
Uncalled bet (566) returned to Sharbik
Sharbik collected 1715 from pot
Sharbik: doesn't show hand 
catanho_21 is disconnected 
*** SUMMARY ***
Total pot 1715 | Rake 0 
Board [8c Jc 6h Jh Ah]
Seat 1: FoldPlzOmg (big blind) folded before Flop
Seat 2: MVCAR folded on the River
Seat 3: andrelopes11 folded before Flop (didn't bet)
Seat 4: Bitcoinas folded before Flop (didn't bet)
Seat 5: Sharbik collected (1715)
Seat 6: deiraisetonuts (button) folded before Flop (didn't bet)
Seat 8: JanisJumpallin (small blind) folded before Flop



PokerStars Hand #248683878298: Tournament #3704767429, €13.50+€13.50+€3.00 EUR Hold'em No Limit - Level VI (75/150) - 2024/02/04 14:07:40 BRT [2024/02/04 12:07:40 ET]
Table '3704767429 8' 8-max Seat #8 is the button
Seat 1: FoldPlzOmg (18642 in chips, €13.50 bounty) 
Seat 2: MVCAR (26374 in chips, €13.50 bounty) 
Seat 3: andrelopes11 (19940 in chips, €13.50 bounty) 
Seat 4: catanho_21 (20000 in chips, €13.50 bounty) 
Seat 5: Sharbik (21031 in chips, €13.50 bounty) 
Seat 6: deiraisetonuts (23088 in chips, €13.50 bounty) 
Seat 7: PauloT1479 (20000 in chips, €13.50 bounty) 
Seat 8: JanisJumpallin (19326 in chips, €13.50 bounty) 
FoldPlzOmg: posts the ante 20
MVCAR: posts the ante 20
andrelopes11: posts the ante 20
catanho_21: posts the ante 20
Sharbik: posts the ante 20
deiraisetonuts: posts the ante 20
PauloT1479: posts the ante 20
JanisJumpallin: posts the ante 20
FoldPlzOmg: posts small blind 75
MVCAR: posts big blind 150
*** HOLE CARDS ***
Dealt to deiraisetonuts [7s 5h]
andrelopes11: folds 
catanho_21: folds 
Sharbik: folds 
deiraisetonuts: folds 
PauloT1479: raises 300 to 450
JanisJumpallin: folds 
FoldPlzOmg: folds 
MVCAR: calls 300
*** FLOP *** [Qd 5d Ah]
MVCAR: checks 
PauloT1479: bets 300
MVCAR: calls 300
*** TURN *** [Qd 5d Ah] [Ac]
MVCAR: checks 
PauloT1479: checks 
*** RIVER *** [Qd 5d Ah Ac] [Qh]
MVCAR: checks 
PauloT1479: bets 1735
MVCAR: folds 
Uncalled bet (1735) returned to PauloT1479
PauloT1479 collected 1735 from pot
*** SUMMARY ***
Total pot 1735 | Rake 0 
Board [Qd 5d Ah Ac Qh]
Seat 1: FoldPlzOmg (small blind) folded before Flop
Seat 2: MVCAR (big blind) folded on the River
Seat 3: andrelopes11 folded before Flop (didn't bet)
Seat 4: catanho_21 folded before Flop (didn't bet)
Seat 5: Sharbik folded before Flop (didn't bet)
Seat 6: deiraisetonuts folded before Flop (didn't bet)
Seat 7: PauloT1479 collected (1735)
Seat 8: JanisJumpallin (button) folded before Flop (didn't bet)



PokerStars Hand #248683897141: Tournament #3704767429, €13.50+€13.50+€3.00 EUR Hold'em No Limit - Level VI (75/150) - 2024/02/04 14:08:30 BRT [2024/02/04 12:08:30 ET]
Table '3704767429 8' 8-max Seat #1 is the button
Seat 1: FoldPlzOmg (18547 in chips, €13.50 bounty) 
Seat 2: MVCAR (25604 in chips, €13.50 bounty) 
Seat 3: andrelopes11 (19920 in chips, €13.50 bounty) 
Seat 4: catanho_21 (19980 in chips, €13.50 bounty) 
Seat 5: Sharbik (21011 in chips, €13.50 bounty) 
Seat 6: deiraisetonuts (23068 in chips, €13.50 bounty) 
Seat 7: PauloT1479 (20965 in chips, €13.50 bounty) 
Seat 8: JanisJumpallin (19306 in chips, €13.50 bounty) 
FoldPlzOmg: posts the ante 20
MVCAR: posts the ante 20
andrelopes11: posts the ante 20
catanho_21: posts the ante 20
Sharbik: posts the ante 20
deiraisetonuts: posts the ante 20
PauloT1479: posts the ante 20
JanisJumpallin: posts the ante 20
MVCAR: posts small blind 75
andrelopes11: posts big blind 150
*** HOLE CARDS ***
Dealt to deiraisetonuts [4h 3c]
catanho_21: folds 
Sharbik: folds 
deiraisetonuts: folds 
PauloT1479: folds 
JanisJumpallin: raises 195 to 345
FoldPlzOmg: folds 
MVCAR: calls 270
andrelopes11: calls 195
*** FLOP *** [As 6s Kh]
MVCAR: checks 
andrelopes11: checks 
JanisJumpallin: bets 645
MVCAR: calls 645
andrelopes11: calls 645
*** TURN *** [As 6s Kh] [8s]
MVCAR: checks 
andrelopes11: checks 
JanisJumpallin: checks 
*** RIVER *** [As 6s Kh 8s] [Td]
MVCAR: checks 
andrelopes11: checks 
JanisJumpallin: checks 
*** SHOW DOWN ***
MVCAR: shows [Jc Qd] (a straight, Ten to Ace)
andrelopes11: mucks hand 
JanisJumpallin: mucks hand 
MVCAR collected 3130 from pot
*** SUMMARY ***
Total pot 3130 | Rake 0 
Board [As 6s Kh 8s Td]
Seat 1: FoldPlzOmg (button) folded before Flop (didn't bet)
Seat 2: MVCAR (small blind) showed [Jc Qd] and won (3130) with a straight, Ten to Ace
Seat 3: andrelopes11 (big blind) mucked [8h Ac]
Seat 4: catanho_21 folded before Flop (didn't bet)
Seat 5: Sharbik folded before Flop (didn't bet)
Seat 6: deiraisetonuts folded before Flop (didn't bet)
Seat 7: PauloT1479 folded before Flop (didn't bet)
Seat 8: JanisJumpallin mucked [Ah Qc]



PokerStars Hand #248683925151: Tournament #3704767429, €13.50+€13.50+€3.00 EUR Hold'em No Limit - Level VII (100/200) - 2024/02/04 14:09:46 BRT [2024/02/04 12:09:46 ET]
Table '3704767429 8' 8-max Seat #2 is the button
Seat 1: FoldPlzOmg (18527 in chips, €13.50 bounty) 
Seat 2: MVCAR (27724 in chips, €13.50 bounty) 
Seat 3: andrelopes11 (18910 in chips, €13.50 bounty) 
Seat 4: catanho_21 (19960 in chips, €13.50 bounty) 
Seat 5: Sharbik (20991 in chips, €13.50 bounty) 
Seat 6: deiraisetonuts (23048 in chips, €13.50 bounty) 
Seat 7: PauloT1479 (20945 in chips, €13.50 bounty) 
Seat 8: JanisJumpallin (18296 in chips, €13.50 bounty) 
FoldPlzOmg: posts the ante 25
MVCAR: posts the ante 25
andrelopes11: posts the ante 25
catanho_21: posts the ante 25
Sharbik: posts the ante 25
deiraisetonuts: posts the ante 25
PauloT1479: posts the ante 25
JanisJumpallin: posts the ante 25
andrelopes11: posts small blind 100
catanho_21: posts big blind 200
*** HOLE CARDS ***
Dealt to deiraisetonuts [6s 4c]
Sharbik: folds 
deiraisetonuts: folds 
PauloT1479: folds 
JanisJumpallin: raises 240 to 440
FoldPlzOmg: raises 960 to 1400
MVCAR: folds 
andrelopes11: folds 
catanho_21: folds 
JanisJumpallin: folds 
Uncalled bet (960) returned to FoldPlzOmg
FoldPlzOmg collected 1380 from pot
*** SUMMARY ***
Total pot 1380 | Rake 0 
Seat 1: FoldPlzOmg collected (1380)
Seat 2: MVCAR (button) folded before Flop (didn't bet)
Seat 3: andrelopes11 (small blind) folded before Flop
Seat 4: catanho_21 (big blind) folded before Flop
Seat 5: Sharbik folded before Flop (didn't bet)
Seat 6: deiraisetonuts folded before Flop (didn't bet)
Seat 7: PauloT1479 folded before Flop (didn't bet)
Seat 8: JanisJumpallin folded before Flop



PokerStars Hand #248683937591: Tournament #3704767429, €13.50+€13.50+€3.00 EUR Hold'em No Limit - Level VII (100/200) - 2024/02/04 14:10:19 BRT [2024/02/04 12:10:19 ET]
Table '3704767429 8' 8-max Seat #3 is the button
Seat 1: FoldPlzOmg (19442 in chips, €13.50 bounty) 
Seat 2: MVCAR (27699 in chips, €13.50 bounty) 
Seat 3: andrelopes11 (18785 in chips, €13.50 bounty) 
Seat 4: catanho_21 (19735 in chips, €13.50 bounty) 
Seat 5: Sharbik (20966 in chips, €13.50 bounty) 
Seat 6: deiraisetonuts (23023 in chips, €13.50 bounty) 
Seat 7: PauloT1479 (20920 in chips, €13.50 bounty) 
Seat 8: JanisJumpallin (17831 in chips, €13.50 bounty) 
FoldPlzOmg: posts the ante 25
MVCAR: posts the ante 25
andrelopes11: posts the ante 25
catanho_21: posts the ante 25
Sharbik: posts the ante 25
deiraisetonuts: posts the ante 25
PauloT1479: posts the ante 25
JanisJumpallin: posts the ante 25
catanho_21: posts small blind 100
Sharbik: posts big blind 200
*** HOLE CARDS ***
Dealt to deiraisetonuts [4h 4s]
deiraisetonuts: raises 220 to 420
PauloT1479: calls 420
JanisJumpallin: folds 
FoldPlzOmg: folds 
MVCAR: folds 
andrelopes11: raises 1580 to 2000
catanho_21: folds 
Sharbik: folds 
deiraisetonuts: calls 1580
PauloT1479: calls 1580
*** FLOP *** [Qh 5d 3c]
deiraisetonuts: checks 
PauloT1479: checks 
andrelopes11: bets 2145
deiraisetonuts: folds 
PauloT1479: folds 
Uncalled bet (2145) returned to andrelopes11
andrelopes11 collected 6500 from pot
andrelopes11: doesn't show hand 
*** SUMMARY ***
Total pot 6500 | Rake 0 
Board [Qh 5d 3c]
Seat 1: FoldPlzOmg folded before Flop (didn't bet)
Seat 2: MVCAR folded before Flop (didn't bet)
Seat 3: andrelopes11 (button) collected (6500)
Seat 4: catanho_21 (small blind) folded before Flop
Seat 5: Sharbik (big blind) folded before Flop
Seat 6: deiraisetonuts folded on the Flop
Seat 7: PauloT1479 folded on the Flop
Seat 8: JanisJumpallin folded before Flop (didn't bet)



PokerStars Hand #248683964260: Tournament #3704767429, €13.50+€13.50+€3.00 EUR Hold'em No Limit - Level VII (100/200) - 2024/02/04 14:11:30 BRT [2024/02/04 12:11:30 ET]
Table '3704767429 8' 8-max Seat #4 is the button
Seat 1: FoldPlzOmg (19417 in chips, €13.50 bounty) 
Seat 2: MVCAR (27674 in chips, €13.50 bounty) 
Seat 3: andrelopes11 (23260 in chips, €13.50 bounty) 
Seat 4: catanho_21 (19610 in chips, €13.50 bounty) 
Seat 5: Sharbik (20741 in chips, €13.50 bounty) 
Seat 6: deiraisetonuts (20998 in chips, €13.50 bounty) 
Seat 7: PauloT1479 (18895 in chips, €13.50 bounty) 
Seat 8: JanisJumpallin (17806 in chips, €13.50 bounty) 
FoldPlzOmg: posts the ante 25
MVCAR: posts the ante 25
andrelopes11: posts the ante 25
catanho_21: posts the ante 25
Sharbik: posts the ante 25
deiraisetonuts: posts the ante 25
PauloT1479: posts the ante 25
JanisJumpallin: posts the ante 25
Sharbik: posts small blind 100
deiraisetonuts: posts big blind 200
*** HOLE CARDS ***
Dealt to deiraisetonuts [3s 9h]
PauloT1479: folds 
JanisJumpallin: folds 
FoldPlzOmg: folds 
MVCAR: calls 200
andrelopes11: folds 
catanho_21: calls 200
Sharbik: calls 100
deiraisetonuts: checks 
*** FLOP *** [7c 4d 8c]
Sharbik: checks 
deiraisetonuts: checks 
MVCAR: checks 
catanho_21: checks 
*** TURN *** [7c 4d 8c] [Jh]
Sharbik: bets 500
deiraisetonuts: folds 
MVCAR: folds 
catanho_21: folds 
Uncalled bet (500) returned to Sharbik
Sharbik collected 1000 from pot
Sharbik: doesn't show hand 
*** SUMMARY ***
Total pot 1000 | Rake 0 
Board [7c 4d 8c Jh]
Seat 1: FoldPlzOmg folded before Flop (didn't bet)
Seat 2: MVCAR folded on the Turn
Seat 3: andrelopes11 folded before Flop (didn't bet)
Seat 4: catanho_21 (button) folded on the Turn
Seat 5: Sharbik (small blind) collected (1000)
Seat 6: deiraisetonuts (big blind) folded on the Turn
Seat 7: PauloT1479 folded before Flop (didn't bet)
Seat 8: JanisJumpallin folded before Flop (didn't bet)



PokerStars Hand #248683999232: Tournament #3704767429, €13.50+€13.50+€3.00 EUR Hold'em No Limit - Level VII (100/200) - 2024/02/04 14:13:03 BRT [2024/02/04 12:13:03 ET]
Table '3704767429 8' 8-max Seat #5 is the button
Seat 1: FoldPlzOmg (19392 in chips, €13.50 bounty) 
Seat 2: MVCAR (27449 in chips, €13.50 bounty) 
Seat 3: andrelopes11 (23235 in chips, €13.50 bounty) 
Seat 4: catanho_21 (19385 in chips, €13.50 bounty) 
Seat 5: Sharbik (21516 in chips, €13.50 bounty) 
Seat 6: deiraisetonuts (20773 in chips, €13.50 bounty) 
Seat 7: PauloT1479 (18870 in chips, €13.50 bounty) 
Seat 8: JanisJumpallin (17781 in chips, €13.50 bounty) 
FoldPlzOmg: posts the ante 25
MVCAR: posts the ante 25
andrelopes11: posts the ante 25
catanho_21: posts the ante 25
Sharbik: posts the ante 25
deiraisetonuts: posts the ante 25
PauloT1479: posts the ante 25
JanisJumpallin: posts the ante 25
deiraisetonuts: posts small blind 100
PauloT1479: posts big blind 200
*** HOLE CARDS ***
Dealt to deiraisetonuts [Js 2d]
JanisJumpallin: folds 
FoldPlzOmg: folds 
MVCAR: folds 
andrelopes11: folds 
catanho_21: folds 
Sharbik: raises 200 to 400
deiraisetonuts: folds 
PauloT1479: folds 
Uncalled bet (200) returned to Sharbik
Sharbik collected 700 from pot
Sharbik: doesn't show hand 
*** SUMMARY ***
Total pot 700 | Rake 0 
Seat 1: FoldPlzOmg folded before Flop (didn't bet)
Seat 2: MVCAR folded before Flop (didn't bet)
Seat 3: andrelopes11 folded before Flop (didn't bet)
Seat 4: catanho_21 folded before Flop (didn't bet)
Seat 5: Sharbik (button) collected (700)
Seat 6: deiraisetonuts (small blind) folded before Flop
Seat 7: PauloT1479 (big blind) folded before Flop
Seat 8: JanisJumpallin folded before Flop (didn't bet)



PokerStars Hand #248684012276: Tournament #3704767429, €13.50+€13.50+€3.00 EUR Hold'em No Limit - Level VII (100/200) - 2024/02/04 14:13:38 BRT [2024/02/04 12:13:38 ET]
Table '3704767429 8' 8-max Seat #6 is the button
Seat 1: FoldPlzOmg (19367 in chips, €13.50 bounty) 
Seat 2: MVCAR (27424 in chips, €13.50 bounty) 
Seat 3: andrelopes11 (23210 in chips, €13.50 bounty) 
Seat 4: catanho_21 (19360 in chips, €13.50 bounty) 
Seat 5: Sharbik (21991 in chips, €13.50 bounty) 
Seat 6: deiraisetonuts (20648 in chips, €13.50 bounty) 
Seat 7: PauloT1479 (18645 in chips, €13.50 bounty) 
Seat 8: JanisJumpallin (17756 in chips, €13.50 bounty) 
FoldPlzOmg: posts the ante 25
MVCAR: posts the ante 25
andrelopes11: posts the ante 25
catanho_21: posts the ante 25
Sharbik: posts the ante 25
deiraisetonuts: posts the ante 25
PauloT1479: posts the ante 25
JanisJumpallin: posts the ante 25
PauloT1479: posts small blind 100
JanisJumpallin: posts big blind 200
*** HOLE CARDS ***
Dealt to deiraisetonuts [Jc 9h]
FoldPlzOmg: folds 
MVCAR: folds 
andrelopes11: folds 
catanho_21: folds 
Sharbik: raises 200 to 400
deiraisetonuts: folds 
PauloT1479: calls 300
JanisJumpallin: calls 200
*** FLOP *** [9d 2c 5c]
PauloT1479: checks 
JanisJumpallin: checks 
Sharbik: bets 462
PauloT1479: calls 462
JanisJumpallin: folds 
*** TURN *** [9d 2c 5c] [4d]
PauloT1479: checks 
Sharbik: checks 
*** RIVER *** [9d 2c 5c 4d] [2s]
PauloT1479: bets 2324
Sharbik: folds 
Uncalled bet (2324) returned to PauloT1479
PauloT1479 collected 2324 from pot
*** SUMMARY ***
Total pot 2324 | Rake 0 
Board [9d 2c 5c 4d 2s]
Seat 1: FoldPlzOmg folded before Flop (didn't bet)
Seat 2: MVCAR folded before Flop (didn't bet)
Seat 3: andrelopes11 folded before Flop (didn't bet)
Seat 4: catanho_21 folded before Flop (didn't bet)
Seat 5: Sharbik folded on the River
Seat 6: deiraisetonuts (button) folded before Flop (didn't bet)
Seat 7: PauloT1479 (small blind) collected (2324)
Seat 8: JanisJumpallin (big blind) folded on the Flop



PokerStars Hand #248684042825: Tournament #3704767429, €13.50+€13.50+€3.00 EUR Hold'em No Limit - Level VII (100/200) - 2024/02/04 14:15:00 BRT [2024/02/04 12:15:00 ET]
Table '3704767429 8' 8-max Seat #7 is the button
Seat 1: FoldPlzOmg (19342 in chips, €13.50 bounty) 
Seat 2: MVCAR (27399 in chips, €13.50 bounty) 
Seat 3: andrelopes11 (23185 in chips, €13.50 bounty) 
Seat 4: catanho_21 (19335 in chips, €13.50 bounty) 
Seat 5: Sharbik (21104 in chips, €13.50 bounty) 
Seat 6: deiraisetonuts (20623 in chips, €13.50 bounty) 
Seat 7: PauloT1479 (20082 in chips, €13.50 bounty) 
Seat 8: JanisJumpallin (17331 in chips, €13.50 bounty) 
FoldPlzOmg: posts the ante 25
MVCAR: posts the ante 25
andrelopes11: posts the ante 25
catanho_21: posts the ante 25
Sharbik: posts the ante 25
deiraisetonuts: posts the ante 25
PauloT1479: posts the ante 25
JanisJumpallin: posts the ante 25
JanisJumpallin: posts small blind 100
FoldPlzOmg: posts big blind 200
*** HOLE CARDS ***
Dealt to deiraisetonuts [3d 5d]
MVCAR: folds 
andrelopes11: folds 
catanho_21: raises 260 to 460
Sharbik: folds 
deiraisetonuts: calls 460
PauloT1479: calls 460
JanisJumpallin: calls 360
FoldPlzOmg: folds 
*** FLOP *** [4c 9s Ac]
JanisJumpallin: checks 
catanho_21: bets 1240
deiraisetonuts: calls 1240
PauloT1479: folds 
JanisJumpallin: folds 
*** TURN *** [4c 9s Ac] [3c]
catanho_21: bets 2600
deiraisetonuts: raises 3000 to 5600
catanho_21: folds 
Uncalled bet (3000) returned to deiraisetonuts
deiraisetonuts collected 9920 from pot
deiraisetonuts: doesn't show hand 
*** SUMMARY ***
Total pot 9920 | Rake 0 
Board [4c 9s Ac 3c]
Seat 1: FoldPlzOmg (big blind) folded before Flop
Seat 2: MVCAR folded before Flop (didn't bet)
Seat 3: andrelopes11 folded before Flop (didn't bet)
Seat 4: catanho_21 folded on the Turn
Seat 5: Sharbik folded before Flop (didn't bet)
Seat 6: deiraisetonuts collected (9920)
Seat 7: PauloT1479 (button) folded on the Flop
Seat 8: JanisJumpallin (small blind) folded on the Flop



PokerStars Hand #248684088311: Tournament #3704767429, €13.50+€13.50+€3.00 EUR Hold'em No Limit - Level VII (100/200) - 2024/02/04 14:16:59 BRT [2024/02/04 12:16:59 ET]
Table '3704767429 8' 8-max Seat #8 is the button
Seat 1: FoldPlzOmg (19117 in chips, €13.50 bounty) 
Seat 2: MVCAR (27374 in chips, €13.50 bounty) 
Seat 3: andrelopes11 (23160 in chips, €13.50 bounty) 
Seat 4: catanho_21 (15010 in chips, €13.50 bounty) 
Seat 5: Sharbik (21079 in chips, €13.50 bounty) 
Seat 6: deiraisetonuts (26218 in chips, €13.50 bounty) 
Seat 7: PauloT1479 (19597 in chips, €13.50 bounty) 
Seat 8: JanisJumpallin (16846 in chips, €13.50 bounty) 
FoldPlzOmg: posts the ante 25
MVCAR: posts the ante 25
andrelopes11: posts the ante 25
catanho_21: posts the ante 25
Sharbik: posts the ante 25
deiraisetonuts: posts the ante 25
PauloT1479: posts the ante 25
JanisJumpallin: posts the ante 25
FoldPlzOmg: posts small blind 100
MVCAR: posts big blind 200
*** HOLE CARDS ***
Dealt to deiraisetonuts [Qc 6s]
andrelopes11: folds 
catanho_21: raises 260 to 460
Sharbik: folds 
deiraisetonuts: folds 
PauloT1479: raises 540 to 1000
JanisJumpallin: folds 
FoldPlzOmg: folds 
MVCAR: folds 
catanho_21: calls 540
*** FLOP *** [6h 4s Jd]
catanho_21: checks 
PauloT1479: bets 800
catanho_21: raises 1300 to 2100
PauloT1479: calls 1300
*** TURN *** [6h 4s Jd] [7s]
catanho_21: bets 2300
PauloT1479: folds 
Uncalled bet (2300) returned to catanho_21
catanho_21 collected 6700 from pot
catanho_21: doesn't show hand 
*** SUMMARY ***
Total pot 6700 | Rake 0 
Board [6h 4s Jd 7s]
Seat 1: FoldPlzOmg (small blind) folded before Flop
Seat 2: MVCAR (big blind) folded before Flop
Seat 3: andrelopes11 folded before Flop (didn't bet)
Seat 4: catanho_21 collected (6700)
Seat 5: Sharbik folded before Flop (didn't bet)
Seat 6: deiraisetonuts folded before Flop (didn't bet)
Seat 7: PauloT1479 folded on the Turn
Seat 8: JanisJumpallin (button) folded before Flop (didn't bet)



PokerStars Hand #248684121844: Tournament #3704767429, €13.50+€13.50+€3.00 EUR Hold'em No Limit - Level VII (100/200) - 2024/02/04 14:18:28 BRT [2024/02/04 12:18:28 ET]
Table '3704767429 8' 8-max Seat #1 is the button
Seat 1: FoldPlzOmg (18992 in chips, €13.50 bounty) 
Seat 2: MVCAR (27149 in chips, €13.50 bounty) 
Seat 3: andrelopes11 (23135 in chips, €13.50 bounty) 
Seat 4: catanho_21 (18585 in chips, €13.50 bounty) 
Seat 5: Sharbik (21054 in chips, €13.50 bounty) 
Seat 6: deiraisetonuts (26193 in chips, €13.50 bounty) 
Seat 7: PauloT1479 (16472 in chips, €13.50 bounty) 
Seat 8: JanisJumpallin (16821 in chips, €13.50 bounty) 
FoldPlzOmg: posts the ante 25
MVCAR: posts the ante 25
andrelopes11: posts the ante 25
catanho_21: posts the ante 25
Sharbik: posts the ante 25
deiraisetonuts: posts the ante 25
PauloT1479: posts the ante 25
JanisJumpallin: posts the ante 25
MVCAR: posts small blind 100
andrelopes11: posts big blind 200
*** HOLE CARDS ***
Dealt to deiraisetonuts [Qh 9h]
catanho_21: raises 260 to 460
Sharbik: folds 
deiraisetonuts: calls 460
PauloT1479: folds 
JanisJumpallin: folds 
FoldPlzOmg: folds 
MVCAR: calls 360
andrelopes11: calls 260
*** FLOP *** [7c Jh Kc]
MVCAR: checks 
andrelopes11: checks 
catanho_21: bets 1130
deiraisetonuts: calls 1130
MVCAR: calls 1130
andrelopes11: folds 
*** TURN *** [7c Jh Kc] [Kd]
MVCAR: checks 
catanho_21: bets 5400
deiraisetonuts: folds 
MVCAR: folds 
Uncalled bet (5400) returned to catanho_21
catanho_21 collected 5430 from pot
catanho_21: doesn't show hand 
*** SUMMARY ***
Total pot 5430 | Rake 0 
Board [7c Jh Kc Kd]
Seat 1: FoldPlzOmg (button) folded before Flop (didn't bet)
Seat 2: MVCAR (small blind) folded on the Turn
Seat 3: andrelopes11 (big blind) folded on the Flop
Seat 4: catanho_21 collected (5430)
Seat 5: Sharbik folded before Flop (didn't bet)
Seat 6: deiraisetonuts folded on the Turn
Seat 7: PauloT1479 folded before Flop (didn't bet)
Seat 8: JanisJumpallin folded before Flop (didn't bet)



PokerStars Hand #248684157225: Tournament #3704767429, €13.50+€13.50+€3.00 EUR Hold'em No Limit - Level VIII (125/250) - 2024/02/04 14:20:01 BRT [2024/02/04 12:20:01 ET]
Table '3704767429 8' 8-max Seat #2 is the button
Seat 1: FoldPlzOmg (18967 in chips, €13.50 bounty) 
Seat 2: MVCAR (25534 in chips, €13.50 bounty) 
Seat 3: andrelopes11 (22650 in chips, €13.50 bounty) 
Seat 4: catanho_21 (22400 in chips, €13.50 bounty) 
Seat 5: Sharbik (21029 in chips, €13.50 bounty) 
Seat 6: deiraisetonuts (24578 in chips, €13.50 bounty) 
Seat 7: PauloT1479 (16447 in chips, €13.50 bounty) 
Seat 8: JanisJumpallin (16796 in chips, €13.50 bounty) 
FoldPlzOmg: posts the ante 30
MVCAR: posts the ante 30
andrelopes11: posts the ante 30
catanho_21: posts the ante 30
Sharbik: posts the ante 30
deiraisetonuts: posts the ante 30
PauloT1479: posts the ante 30
JanisJumpallin: posts the ante 30
andrelopes11: posts small blind 125
catanho_21: posts big blind 250
*** HOLE CARDS ***
Dealt to deiraisetonuts [3c 9h]
Sharbik: folds 
deiraisetonuts: folds 
PauloT1479: folds 
JanisJumpallin: raises 300 to 550
FoldPlzOmg: raises 1075 to 1625
MVCAR: folds 
andrelopes11: folds 
catanho_21: folds 
JanisJumpallin: calls 1075
*** FLOP *** [Qs 8s 2d]
JanisJumpallin: checks 
FoldPlzOmg: bets 1275
JanisJumpallin: folds 
Uncalled bet (1275) returned to FoldPlzOmg
FoldPlzOmg collected 3865 from pot
*** SUMMARY ***
Total pot 3865 | Rake 0 
Board [Qs 8s 2d]
Seat 1: FoldPlzOmg collected (3865)
Seat 2: MVCAR (button) folded before Flop (didn't bet)
Seat 3: andrelopes11 (small blind) folded before Flop
Seat 4: catanho_21 (big blind) folded before Flop
Seat 5: Sharbik folded before Flop (didn't bet)
Seat 6: deiraisetonuts folded before Flop (didn't bet)
Seat 7: PauloT1479 folded before Flop (didn't bet)
Seat 8: JanisJumpallin folded on the Flop



PokerStars Hand #248684191703: Tournament #3704767429, €13.50+€13.50+€3.00 EUR Hold'em No Limit - Level VIII (125/250) - 2024/02/04 14:21:33 BRT [2024/02/04 12:21:33 ET]
Table '3704767429 8' 8-max Seat #3 is the button
Seat 1: FoldPlzOmg (21177 in chips, €13.50 bounty) 
Seat 2: MVCAR (25504 in chips, €13.50 bounty) 
Seat 3: andrelopes11 (22495 in chips, €13.50 bounty) 
Seat 4: catanho_21 (22120 in chips, €13.50 bounty) 
Seat 5: Sharbik (20999 in chips, €13.50 bounty) 
Seat 6: deiraisetonuts (24548 in chips, €13.50 bounty) 
Seat 7: PauloT1479 (16417 in chips, €13.50 bounty) 
Seat 8: JanisJumpallin (15141 in chips, €13.50 bounty) 
FoldPlzOmg: posts the ante 30
MVCAR: posts the ante 30
andrelopes11: posts the ante 30
catanho_21: posts the ante 30
Sharbik: posts the ante 30
deiraisetonuts: posts the ante 30
PauloT1479: posts the ante 30
JanisJumpallin: posts the ante 30
catanho_21: posts small blind 125
Sharbik: posts big blind 250
*** HOLE CARDS ***
Dealt to deiraisetonuts [Ad 3c]
deiraisetonuts: folds 
PauloT1479: folds 
JanisJumpallin: folds 
FoldPlzOmg: folds 
MVCAR: calls 250
andrelopes11: calls 250
catanho_21: calls 125
Sharbik: checks 
*** FLOP *** [2c Td Kc]
catanho_21: checks 
Sharbik: checks 
MVCAR: bets 750
andrelopes11: calls 750
catanho_21: folds 
Sharbik: folds 
*** TURN *** [2c Td Kc] [4s]
MVCAR: bets 1500
andrelopes11: calls 1500
*** RIVER *** [2c Td Kc 4s] [4c]
MVCAR: checks 
andrelopes11: bets 5750
MVCAR: calls 5750
*** SHOW DOWN ***
andrelopes11: shows [7c 9c] (a flush, King high)
MVCAR: mucks hand 
andrelopes11 collected 17240 from pot
*** SUMMARY ***
Total pot 17240 | Rake 0 
Board [2c Td Kc 4s 4c]
Seat 1: FoldPlzOmg folded before Flop (didn't bet)
Seat 2: MVCAR mucked [Qh Ks]
Seat 3: andrelopes11 (button) showed [7c 9c] and won (17240) with a flush, King high
Seat 4: catanho_21 (small blind) folded on the Flop
Seat 5: Sharbik (big blind) folded on the Flop
Seat 6: deiraisetonuts folded before Flop (didn't bet)
Seat 7: PauloT1479 folded before Flop (didn't bet)
Seat 8: JanisJumpallin folded before Flop (didn't bet)



