PokerStars Hand #248683151039: Tournament #3706941977, €9+€9+€2 EUR Hold'em No Limit - Level VI (75/150) - 2024/02/04 13:31:12 BRT [2024/02/04 11:31:12 ET]
Table '3706941977 25' 9-max Seat #1 is the button
Seat 1: deiraisetonuts (20732 in chips, €13.50 bounty) 
Seat 2: Durable162 (13610 in chips, €9 bounty) 
Seat 3: TomiQ77 (9745 in chips, €9 bounty) 
Seat 4: sarakawa (9065 in chips, €9 bounty) 
Seat 5: viniciuscsox (10000 in chips, €9 bounty) 
Seat 6: NBAnoSMOKE (9523 in chips, €9 bounty) 
Seat 7: sutiplay214 (2594 in chips, €9 bounty) 
Seat 8: 16dealers (8753 in chips, €9 bounty) 
Seat 9: sudumaluns (10680 in chips, €9 bounty) 
deiraisetonuts: posts the ante 20
Durable162: posts the ante 20
TomiQ77: posts the ante 20
sarakawa: posts the ante 20
viniciuscsox: posts the ante 20
NBAnoSMOKE: posts the ante 20
sutiplay214: posts the ante 20
16dealers: posts the ante 20
sudumaluns: posts the ante 20
Durable162: posts small blind 75
TomiQ77: posts big blind 150
*** HOLE CARDS ***
Dealt to deiraisetonuts [5h 6c]
sarakawa: folds 
viniciuscsox: folds 
NBAnoSMOKE: folds 
sutiplay214: folds 
16dealers: folds 
sudumaluns: folds 
deiraisetonuts: raises 165 to 315
Durable162: folds 
TomiQ77: calls 165
*** FLOP *** [4h 9d Tc]
TomiQ77: checks 
deiraisetonuts: bets 292
TomiQ77: folds 
Uncalled bet (292) returned to deiraisetonuts
deiraisetonuts collected 885 from pot
deiraisetonuts: doesn't show hand 
*** SUMMARY ***
Total pot 885 | Rake 0 
Board [4h 9d Tc]
Seat 1: deiraisetonuts (button) collected (885)
Seat 2: Durable162 (small blind) folded before Flop
Seat 3: TomiQ77 (big blind) folded on the Flop
Seat 4: sarakawa folded before Flop (didn't bet)
Seat 5: viniciuscsox folded before Flop (didn't bet)
Seat 6: NBAnoSMOKE folded before Flop (didn't bet)
Seat 7: sutiplay214 folded before Flop (didn't bet)
Seat 8: 16dealers folded before Flop (didn't bet)
Seat 9: sudumaluns folded before Flop (didn't bet)



PokerStars Hand #248683177429: Tournament #3706941977, €9+€9+€2 EUR Hold'em No Limit - Level VI (75/150) - 2024/02/04 13:32:28 BRT [2024/02/04 11:32:28 ET]
Table '3706941977 25' 9-max Seat #2 is the button
Seat 1: deiraisetonuts (21282 in chips, €13.50 bounty) 
Seat 2: Durable162 (13515 in chips, €9 bounty) 
Seat 3: TomiQ77 (9410 in chips, €9 bounty) 
Seat 4: sarakawa (9045 in chips, €9 bounty) 
Seat 5: viniciuscsox (9980 in chips, €9 bounty) 
Seat 6: NBAnoSMOKE (9503 in chips, €9 bounty) 
Seat 7: sutiplay214 (2574 in chips, €9 bounty) 
Seat 8: 16dealers (8733 in chips, €9 bounty) 
Seat 9: sudumaluns (10660 in chips, €9 bounty) 
deiraisetonuts: posts the ante 20
Durable162: posts the ante 20
TomiQ77: posts the ante 20
sarakawa: posts the ante 20
viniciuscsox: posts the ante 20
NBAnoSMOKE: posts the ante 20
sutiplay214: posts the ante 20
16dealers: posts the ante 20
sudumaluns: posts the ante 20
TomiQ77: posts small blind 75
sarakawa: posts big blind 150
*** HOLE CARDS ***
Dealt to deiraisetonuts [Js Jh]
viniciuscsox: folds 
NBAnoSMOKE: folds 
sutiplay214: folds 
16dealers: raises 150 to 300
sudumaluns: folds 
deiraisetonuts: raises 750 to 1050
Durable162: folds 
TomiQ77: folds 
sarakawa: folds 
16dealers: folds 
Uncalled bet (750) returned to deiraisetonuts
deiraisetonuts collected 1005 from pot
deiraisetonuts: doesn't show hand 
*** SUMMARY ***
Total pot 1005 | Rake 0 
Seat 1: deiraisetonuts collected (1005)
Seat 2: Durable162 (button) folded before Flop (didn't bet)
Seat 3: TomiQ77 (small blind) folded before Flop
Seat 4: sarakawa (big blind) folded before Flop
Seat 5: viniciuscsox folded before Flop (didn't bet)
Seat 6: NBAnoSMOKE folded before Flop (didn't bet)
Seat 7: sutiplay214 folded before Flop (didn't bet)
Seat 8: 16dealers folded before Flop
Seat 9: sudumaluns folded before Flop (didn't bet)



PokerStars Hand #248683196003: Tournament #3706941977, €9+€9+€2 EUR Hold'em No Limit - Level VI (75/150) - 2024/02/04 13:33:21 BRT [2024/02/04 11:33:21 ET]
Table '3706941977 25' 9-max Seat #3 is the button
Seat 1: deiraisetonuts (21967 in chips, €13.50 bounty) 
Seat 2: Durable162 (13495 in chips, €9 bounty) 
Seat 3: TomiQ77 (9315 in chips, €9 bounty) 
Seat 4: sarakawa (8875 in chips, €9 bounty) 
Seat 5: viniciuscsox (9960 in chips, €9 bounty) 
Seat 6: NBAnoSMOKE (9483 in chips, €9 bounty) 
Seat 7: sutiplay214 (2554 in chips, €9 bounty) 
Seat 8: 16dealers (8413 in chips, €9 bounty) 
Seat 9: sudumaluns (10640 in chips, €9 bounty) 
deiraisetonuts: posts the ante 20
Durable162: posts the ante 20
TomiQ77: posts the ante 20
sarakawa: posts the ante 20
viniciuscsox: posts the ante 20
NBAnoSMOKE: posts the ante 20
sutiplay214: posts the ante 20
16dealers: posts the ante 20
sudumaluns: posts the ante 20
sarakawa: posts small blind 75
viniciuscsox: posts big blind 150
*** HOLE CARDS ***
Dealt to deiraisetonuts [4d 6d]
NBAnoSMOKE: folds 
sutiplay214: folds 
16dealers: folds 
sudumaluns: raises 225 to 375
deiraisetonuts: calls 375
Durable162: raises 1275 to 1650
TomiQ77: folds 
sarakawa: folds 
viniciuscsox: folds 
sudumaluns: raises 8970 to 10620 and is all-in
deiraisetonuts: folds 
Durable162: folds 
Uncalled bet (8970) returned to sudumaluns
sudumaluns collected 4080 from pot
sudumaluns: doesn't show hand 
*** SUMMARY ***
Total pot 4080 | Rake 0 
Seat 1: deiraisetonuts folded before Flop
Seat 2: Durable162 folded before Flop
Seat 3: TomiQ77 (button) folded before Flop (didn't bet)
Seat 4: sarakawa (small blind) folded before Flop
Seat 5: viniciuscsox (big blind) folded before Flop
Seat 6: NBAnoSMOKE folded before Flop (didn't bet)
Seat 7: sutiplay214 folded before Flop (didn't bet)
Seat 8: 16dealers folded before Flop (didn't bet)
Seat 9: sudumaluns collected (4080)



PokerStars Hand #248683217608: Tournament #3706941977, €9+€9+€2 EUR Hold'em No Limit - Level VI (75/150) - 2024/02/04 13:34:24 BRT [2024/02/04 11:34:24 ET]
Table '3706941977 25' 9-max Seat #4 is the button
Seat 1: deiraisetonuts (21572 in chips, €13.50 bounty) 
Seat 2: Durable162 (11825 in chips, €9 bounty) 
Seat 3: TomiQ77 (9295 in chips, €9 bounty) 
Seat 4: sarakawa (8780 in chips, €9 bounty) 
Seat 5: viniciuscsox (9790 in chips, €9 bounty) 
Seat 6: NBAnoSMOKE (9463 in chips, €9 bounty) 
Seat 7: sutiplay214 (2534 in chips, €9 bounty) 
Seat 8: 16dealers (8393 in chips, €9 bounty) 
Seat 9: sudumaluns (13050 in chips, €9 bounty) 
deiraisetonuts: posts the ante 20
Durable162: posts the ante 20
TomiQ77: posts the ante 20
sarakawa: posts the ante 20
viniciuscsox: posts the ante 20
NBAnoSMOKE: posts the ante 20
sutiplay214: posts the ante 20
16dealers: posts the ante 20
sudumaluns: posts the ante 20
viniciuscsox: posts small blind 75
NBAnoSMOKE: posts big blind 150
*** HOLE CARDS ***
Dealt to deiraisetonuts [2h 5d]
sutiplay214: folds 
16dealers: folds 
sudumaluns: folds 
deiraisetonuts: folds 
Durable162: folds 
TomiQ77: folds 
sarakawa: raises 165 to 315
viniciuscsox: calls 240
NBAnoSMOKE: raises 1485 to 1800
sarakawa: folds 
viniciuscsox: folds 
Uncalled bet (1485) returned to NBAnoSMOKE
NBAnoSMOKE collected 1125 from pot
NBAnoSMOKE: doesn't show hand 
*** SUMMARY ***
Total pot 1125 | Rake 0 
Seat 1: deiraisetonuts folded before Flop (didn't bet)
Seat 2: Durable162 folded before Flop (didn't bet)
Seat 3: TomiQ77 folded before Flop (didn't bet)
Seat 4: sarakawa (button) folded before Flop
Seat 5: viniciuscsox (small blind) folded before Flop
Seat 6: NBAnoSMOKE (big blind) collected (1125)
Seat 7: sutiplay214 folded before Flop (didn't bet)
Seat 8: 16dealers folded before Flop (didn't bet)
Seat 9: sudumaluns folded before Flop (didn't bet)



PokerStars Hand #248683240280: Tournament #3706941977, €9+€9+€2 EUR Hold'em No Limit - Level VI (75/150) - 2024/02/04 13:35:30 BRT [2024/02/04 11:35:30 ET]
Table '3706941977 25' 9-max Seat #5 is the button
Seat 1: deiraisetonuts (21552 in chips, €13.50 bounty) 
Seat 2: Durable162 (11805 in chips, €9 bounty) 
Seat 3: TomiQ77 (9275 in chips, €9 bounty) 
Seat 4: sarakawa (8445 in chips, €9 bounty) 
Seat 5: viniciuscsox (9455 in chips, €9 bounty) 
Seat 6: NBAnoSMOKE (10253 in chips, €9 bounty) 
Seat 7: sutiplay214 (2514 in chips, €9 bounty) 
Seat 8: 16dealers (8373 in chips, €9 bounty) 
Seat 9: sudumaluns (13030 in chips, €9 bounty) 
deiraisetonuts: posts the ante 20
Durable162: posts the ante 20
TomiQ77: posts the ante 20
sarakawa: posts the ante 20
viniciuscsox: posts the ante 20
NBAnoSMOKE: posts the ante 20
sutiplay214: posts the ante 20
16dealers: posts the ante 20
sudumaluns: posts the ante 20
NBAnoSMOKE: posts small blind 75
sutiplay214: posts big blind 150
*** HOLE CARDS ***
Dealt to deiraisetonuts [6h 5d]
16dealers: folds 
sudumaluns: folds 
deiraisetonuts: folds 
Durable162: folds 
TomiQ77: folds 
sarakawa: raises 165 to 315
viniciuscsox: folds 
NBAnoSMOKE: folds 
sutiplay214 has timed out
sutiplay214: folds 
sutiplay214 is sitting out
Uncalled bet (165) returned to sarakawa
sutiplay214 has returned
sarakawa collected 555 from pot
sarakawa: doesn't show hand 
*** SUMMARY ***
Total pot 555 | Rake 0 
Seat 1: deiraisetonuts folded before Flop (didn't bet)
Seat 2: Durable162 folded before Flop (didn't bet)
Seat 3: TomiQ77 folded before Flop (didn't bet)
Seat 4: sarakawa collected (555)
Seat 5: viniciuscsox (button) folded before Flop (didn't bet)
Seat 6: NBAnoSMOKE (small blind) folded before Flop
Seat 7: sutiplay214 (big blind) folded before Flop
Seat 8: 16dealers folded before Flop (didn't bet)
Seat 9: sudumaluns folded before Flop (didn't bet)



PokerStars Hand #248683256529: Tournament #3706941977, €9+€9+€2 EUR Hold'em No Limit - Level VI (75/150) - 2024/02/04 13:36:17 BRT [2024/02/04 11:36:17 ET]
Table '3706941977 25' 9-max Seat #6 is the button
Seat 1: deiraisetonuts (21532 in chips, €13.50 bounty) 
Seat 2: Durable162 (11785 in chips, €9 bounty) 
Seat 3: TomiQ77 (9255 in chips, €9 bounty) 
Seat 4: sarakawa (8830 in chips, €9 bounty) 
Seat 5: viniciuscsox (9435 in chips, €9 bounty) 
Seat 6: NBAnoSMOKE (10158 in chips, €9 bounty) 
Seat 7: sutiplay214 (2344 in chips, €9 bounty) 
Seat 8: 16dealers (8353 in chips, €9 bounty) 
Seat 9: sudumaluns (13010 in chips, €9 bounty) 
deiraisetonuts: posts the ante 20
Durable162: posts the ante 20
TomiQ77: posts the ante 20
sarakawa: posts the ante 20
viniciuscsox: posts the ante 20
NBAnoSMOKE: posts the ante 20
sutiplay214: posts the ante 20
16dealers: posts the ante 20
sudumaluns: posts the ante 20
sutiplay214: posts small blind 75
16dealers: posts big blind 150
*** HOLE CARDS ***
Dealt to deiraisetonuts [3c 6h]
sudumaluns: folds 
deiraisetonuts: folds 
Durable162: folds 
TomiQ77: folds 
sarakawa: folds 
viniciuscsox: raises 180 to 330
NBAnoSMOKE: folds 
sutiplay214: folds 
16dealers: calls 180
*** FLOP *** [Qc 2c Kd]
16dealers: checks 
viniciuscsox: bets 503
16dealers: folds 
Uncalled bet (503) returned to viniciuscsox
viniciuscsox collected 915 from pot
viniciuscsox: doesn't show hand 
*** SUMMARY ***
Total pot 915 | Rake 0 
Board [Qc 2c Kd]
Seat 1: deiraisetonuts folded before Flop (didn't bet)
Seat 2: Durable162 folded before Flop (didn't bet)
Seat 3: TomiQ77 folded before Flop (didn't bet)
Seat 4: sarakawa folded before Flop (didn't bet)
Seat 5: viniciuscsox collected (915)
Seat 6: NBAnoSMOKE (button) folded before Flop (didn't bet)
Seat 7: sutiplay214 (small blind) folded before Flop
Seat 8: 16dealers (big blind) folded on the Flop
Seat 9: sudumaluns folded before Flop (didn't bet)



PokerStars Hand #248683283324: Tournament #3706941977, €9+€9+€2 EUR Hold'em No Limit - Level VII (100/200) - 2024/02/04 13:37:34 BRT [2024/02/04 11:37:34 ET]
Table '3706941977 25' 9-max Seat #7 is the button
Seat 1: deiraisetonuts (21512 in chips, €13.50 bounty) 
Seat 2: Durable162 (11765 in chips, €9 bounty) 
Seat 3: TomiQ77 (9235 in chips, €9 bounty) 
Seat 4: sarakawa (8810 in chips, €9 bounty) 
Seat 5: viniciuscsox (10000 in chips, €9 bounty) 
Seat 6: NBAnoSMOKE (10138 in chips, €9 bounty) 
Seat 7: sutiplay214 (2249 in chips, €9 bounty) 
Seat 8: 16dealers (8003 in chips, €9 bounty) 
Seat 9: sudumaluns (12990 in chips, €9 bounty) 
deiraisetonuts: posts the ante 25
Durable162: posts the ante 25
TomiQ77: posts the ante 25
sarakawa: posts the ante 25
viniciuscsox: posts the ante 25
NBAnoSMOKE: posts the ante 25
sutiplay214: posts the ante 25
16dealers: posts the ante 25
sudumaluns: posts the ante 25
16dealers: posts small blind 100
sudumaluns: posts big blind 200
*** HOLE CARDS ***
Dealt to deiraisetonuts [8d Jd]
deiraisetonuts: raises 220 to 420
Durable162: folds 
TomiQ77 has timed out
TomiQ77: folds 
TomiQ77 is sitting out
TomiQ77 has returned
sarakawa: raises 980 to 1400
viniciuscsox: folds 
NBAnoSMOKE: folds 
sutiplay214: folds 
16dealers: folds 
sudumaluns: folds 
deiraisetonuts: calls 980
*** FLOP *** [Ks 9c 7h]
deiraisetonuts: checks 
sarakawa: checks 
*** TURN *** [Ks 9c 7h] [Kh]
deiraisetonuts: checks 
sarakawa: bets 2600
deiraisetonuts: folds 
Uncalled bet (2600) returned to sarakawa
sarakawa collected 3325 from pot
sarakawa: doesn't show hand 
*** SUMMARY ***
Total pot 3325 | Rake 0 
Board [Ks 9c 7h Kh]
Seat 1: deiraisetonuts folded on the Turn
Seat 2: Durable162 folded before Flop (didn't bet)
Seat 3: TomiQ77 folded before Flop (didn't bet)
Seat 4: sarakawa collected (3325)
Seat 5: viniciuscsox folded before Flop (didn't bet)
Seat 6: NBAnoSMOKE folded before Flop (didn't bet)
Seat 7: sutiplay214 (button) folded before Flop (didn't bet)
Seat 8: 16dealers (small blind) folded before Flop
Seat 9: sudumaluns (big blind) folded before Flop



PokerStars Hand #248683315648: Tournament #3706941977, €9+€9+€2 EUR Hold'em No Limit - Level VII (100/200) - 2024/02/04 13:39:08 BRT [2024/02/04 11:39:08 ET]
Table '3706941977 25' 9-max Seat #8 is the button
Seat 1: deiraisetonuts (20087 in chips, €13.50 bounty) 
Seat 2: Durable162 (11740 in chips, €9 bounty) 
Seat 3: TomiQ77 (9210 in chips, €9 bounty) 
Seat 4: sarakawa (10710 in chips, €9 bounty) 
Seat 5: viniciuscsox (9975 in chips, €9 bounty) 
Seat 6: NBAnoSMOKE (10113 in chips, €9 bounty) 
Seat 7: sutiplay214 (2224 in chips, €9 bounty) 
Seat 8: 16dealers (7878 in chips, €9 bounty) 
Seat 9: sudumaluns (12765 in chips, €9 bounty) 
deiraisetonuts: posts the ante 25
Durable162: posts the ante 25
TomiQ77: posts the ante 25
sarakawa: posts the ante 25
viniciuscsox: posts the ante 25
NBAnoSMOKE: posts the ante 25
sutiplay214: posts the ante 25
16dealers: posts the ante 25
sudumaluns: posts the ante 25
sudumaluns: posts small blind 100
deiraisetonuts: posts big blind 200
*** HOLE CARDS ***
Dealt to deiraisetonuts [9c Th]
Durable162: raises 200 to 400
TomiQ77: folds 
sarakawa: calls 400
viniciuscsox: folds 
NBAnoSMOKE: folds 
sutiplay214: folds 
16dealers: folds 
sudumaluns: folds 
deiraisetonuts: calls 200
*** FLOP *** [Jh 2c 7c]
deiraisetonuts: checks 
Durable162: bets 458
sarakawa: raises 942 to 1400
deiraisetonuts: folds 
Durable162: raises 2200 to 3600
sarakawa: folds 
Uncalled bet (2200) returned to Durable162
Durable162 collected 4325 from pot
Durable162: doesn't show hand 
*** SUMMARY ***
Total pot 4325 | Rake 0 
Board [Jh 2c 7c]
Seat 1: deiraisetonuts (big blind) folded on the Flop
Seat 2: Durable162 collected (4325)
Seat 3: TomiQ77 folded before Flop (didn't bet)
Seat 4: sarakawa folded on the Flop
Seat 5: viniciuscsox folded before Flop (didn't bet)
Seat 6: NBAnoSMOKE folded before Flop (didn't bet)
Seat 7: sutiplay214 folded before Flop (didn't bet)
Seat 8: 16dealers (button) folded before Flop (didn't bet)
Seat 9: sudumaluns (small blind) folded before Flop



PokerStars Hand #248683343660: Tournament #3706941977, €9+€9+€2 EUR Hold'em No Limit - Level VII (100/200) - 2024/02/04 13:40:28 BRT [2024/02/04 11:40:28 ET]
Table '3706941977 25' 9-max Seat #9 is the button
Seat 1: deiraisetonuts (19662 in chips, €13.50 bounty) 
Seat 2: Durable162 (14240 in chips, €9 bounty) 
Seat 3: TomiQ77 (9185 in chips, €9 bounty) 
Seat 4: sarakawa (8885 in chips, €9 bounty) 
Seat 5: viniciuscsox (9950 in chips, €9 bounty) 
Seat 6: NBAnoSMOKE (10088 in chips, €9 bounty) 
Seat 7: sutiplay214 (2199 in chips, €9 bounty) 
Seat 8: 16dealers (7853 in chips, €9 bounty) 
Seat 9: sudumaluns (12640 in chips, €9 bounty) 
deiraisetonuts: posts the ante 25
Durable162: posts the ante 25
TomiQ77: posts the ante 25
sarakawa: posts the ante 25
viniciuscsox: posts the ante 25
NBAnoSMOKE: posts the ante 25
sutiplay214: posts the ante 25
16dealers: posts the ante 25
sudumaluns: posts the ante 25
deiraisetonuts: posts small blind 100
Durable162: posts big blind 200
*** HOLE CARDS ***
Dealt to deiraisetonuts [Kd As]
TomiQ77: folds 
sarakawa: raises 220 to 420
viniciuscsox: folds 
NBAnoSMOKE: folds 
sutiplay214: folds 
16dealers: folds 
sudumaluns: calls 420
deiraisetonuts: raises 1380 to 1800
Durable162: folds 
sarakawa: calls 1380
sudumaluns: calls 1380
*** FLOP *** [5h 9s 8h]
deiraisetonuts: checks 
sarakawa: bets 4200
sudumaluns: folds 
deiraisetonuts: folds 
Uncalled bet (4200) returned to sarakawa
sarakawa collected 5825 from pot
sarakawa: doesn't show hand 
*** SUMMARY ***
Total pot 5825 | Rake 0 
Board [5h 9s 8h]
Seat 1: deiraisetonuts (small blind) folded on the Flop
Seat 2: Durable162 (big blind) folded before Flop
Seat 3: TomiQ77 folded before Flop (didn't bet)
Seat 4: sarakawa collected (5825)
Seat 5: viniciuscsox folded before Flop (didn't bet)
Seat 6: NBAnoSMOKE folded before Flop (didn't bet)
Seat 7: sutiplay214 folded before Flop (didn't bet)
Seat 8: 16dealers folded before Flop (didn't bet)
Seat 9: sudumaluns (button) folded on the Flop



PokerStars Hand #248683385006: Tournament #3706941977, €9+€9+€2 EUR Hold'em No Limit - Level VII (100/200) - 2024/02/04 13:42:27 BRT [2024/02/04 11:42:27 ET]
Table '3706941977 25' 9-max Seat #1 is the button
Seat 1: deiraisetonuts (17837 in chips, €13.50 bounty) 
Seat 2: Durable162 (14015 in chips, €9 bounty) 
Seat 3: TomiQ77 (9160 in chips, €9 bounty) 
Seat 4: sarakawa (12885 in chips, €9 bounty) 
Seat 5: viniciuscsox (9925 in chips, €9 bounty) 
Seat 6: NBAnoSMOKE (10063 in chips, €9 bounty) 
Seat 7: sutiplay214 (2174 in chips, €9 bounty) 
Seat 8: 16dealers (7828 in chips, €9 bounty) 
Seat 9: sudumaluns (10815 in chips, €9 bounty) 
deiraisetonuts: posts the ante 25
Durable162: posts the ante 25
TomiQ77: posts the ante 25
sarakawa: posts the ante 25
viniciuscsox: posts the ante 25
NBAnoSMOKE: posts the ante 25
sutiplay214: posts the ante 25
16dealers: posts the ante 25
sudumaluns: posts the ante 25
Durable162: posts small blind 100
TomiQ77: posts big blind 200
*** HOLE CARDS ***
Dealt to deiraisetonuts [7s 9h]
sarakawa: raises 220 to 420
viniciuscsox: folds 
NBAnoSMOKE: folds 
sutiplay214: folds 
16dealers: folds 
sudumaluns: folds 
deiraisetonuts: folds 
Durable162: calls 320
TomiQ77: folds 
*** FLOP *** [7d 2h Qd]
Durable162: checks 
sarakawa: bets 400
Durable162: raises 1200 to 1600
sarakawa: calls 1200
*** TURN *** [7d 2h Qd] [5d]
Durable162: bets 1340
sarakawa: calls 1340
*** RIVER *** [7d 2h Qd 5d] [Ts]
Durable162: bets 2144
sarakawa: folds 
Uncalled bet (2144) returned to Durable162
Durable162 collected 7145 from pot
Durable162: doesn't show hand 
*** SUMMARY ***
Total pot 7145 | Rake 0 
Board [7d 2h Qd 5d Ts]
Seat 1: deiraisetonuts (button) folded before Flop (didn't bet)
Seat 2: Durable162 (small blind) collected (7145)
Seat 3: TomiQ77 (big blind) folded before Flop
Seat 4: sarakawa folded on the River
Seat 5: viniciuscsox folded before Flop (didn't bet)
Seat 6: NBAnoSMOKE folded before Flop (didn't bet)
Seat 7: sutiplay214 folded before Flop (didn't bet)
Seat 8: 16dealers folded before Flop (didn't bet)
Seat 9: sudumaluns folded before Flop (didn't bet)



