PokerStars Hand #249109532158: Tournament #3714753620, €13.50+€13.50+€3.00 EUR Hold'em No Limit - Level I (50/100) - 2024/02/26 16:21:21 BRT [2024/02/26 14:21:21 ET]
Table '3714753620 9' 6-max Seat #1 is the button
Seat 1: bistebis (10651 in chips, €13.50 bounty) 
Seat 2: CrocooDeal (10000 in chips) out of hand (moved from another table into small blind)
Seat 3: BewareOfJok (9181 in chips, €13.50 bounty) 
Seat 4: kipitSimple (10498 in chips, €13.50 bounty) 
Seat 5: campa4 (8710 in chips, €13.50 bounty) 
Seat 6: deiraisetonuts (10000 in chips, €13.50 bounty) 
CrocooDeal will be allowed to play after the button
bistebis: posts the ante 12
BewareOfJok: posts the ante 12
kipitSimple: posts the ante 12
campa4: posts the ante 12
deiraisetonuts: posts the ante 12
BewareOfJok: posts small blind 50
kipitSimple: posts big blind 100
*** HOLE CARDS ***
Dealt to deiraisetonuts [Ah Js]
campa4: folds 
deiraisetonuts: raises 100 to 200
bistebis: folds 
BewareOfJok: folds 
kipitSimple: calls 100
*** FLOP *** [Jh Jc 2h]
kipitSimple: checks 
deiraisetonuts: bets 100
kipitSimple: raises 473 to 573
deiraisetonuts: raises 545 to 1118
kipitSimple: folds 
Uncalled bet (545) returned to deiraisetonuts
deiraisetonuts collected 1656 from pot
deiraisetonuts: doesn't show hand 
*** SUMMARY ***
Total pot 1656 | Rake 0 
Board [Jh Jc 2h]
Seat 1: bistebis (button) folded before Flop (didn't bet)
Seat 3: BewareOfJok (small blind) folded before Flop
Seat 4: kipitSimple (big blind) folded on the Flop
Seat 5: campa4 folded before Flop (didn't bet)
Seat 6: deiraisetonuts collected (1656)



PokerStars Hand #249109552389: Tournament #3714753620, €13.50+€13.50+€3.00 EUR Hold'em No Limit - Level I (50/100) - 2024/02/26 16:22:20 BRT [2024/02/26 14:22:20 ET]
Table '3714753620 9' 6-max Seat #3 is the button
Seat 1: bistebis (10639 in chips, €13.50 bounty) 
Seat 2: CrocooDeal (10000 in chips, €13.50 bounty) 
Seat 3: BewareOfJok (9119 in chips, €13.50 bounty) 
Seat 4: kipitSimple (9713 in chips, €13.50 bounty) 
Seat 5: campa4 (8698 in chips, €13.50 bounty) 
Seat 6: deiraisetonuts (10871 in chips, €13.50 bounty) 
bistebis: posts the ante 12
CrocooDeal: posts the ante 12
BewareOfJok: posts the ante 12
kipitSimple: posts the ante 12
campa4: posts the ante 12
deiraisetonuts: posts the ante 12
kipitSimple: posts small blind 50
campa4: posts big blind 100
*** HOLE CARDS ***
Dealt to deiraisetonuts [2s 7c]
deiraisetonuts: folds 
bistebis: folds 
CrocooDeal: raises 100 to 200
BewareOfJok: folds 
kipitSimple: folds 
campa4: calls 100
*** FLOP *** [5d 9d Ac]
campa4: checks 
CrocooDeal: bets 136
campa4: folds 
Uncalled bet (136) returned to CrocooDeal
CrocooDeal collected 522 from pot
CrocooDeal: doesn't show hand 
*** SUMMARY ***
Total pot 522 | Rake 0 
Board [5d 9d Ac]
Seat 1: bistebis folded before Flop (didn't bet)
Seat 2: CrocooDeal collected (522)
Seat 3: BewareOfJok (button) folded before Flop (didn't bet)
Seat 4: kipitSimple (small blind) folded before Flop
Seat 5: campa4 (big blind) folded on the Flop
Seat 6: deiraisetonuts folded before Flop (didn't bet)



PokerStars Hand #249109567574: Tournament #3714753620, €13.50+€13.50+€3.00 EUR Hold'em No Limit - Level I (50/100) - 2024/02/26 16:23:04 BRT [2024/02/26 14:23:04 ET]
Table '3714753620 9' 6-max Seat #4 is the button
Seat 1: bistebis (10627 in chips, €13.50 bounty) 
Seat 2: CrocooDeal (10310 in chips, €13.50 bounty) 
Seat 3: BewareOfJok (9107 in chips, €13.50 bounty) 
Seat 4: kipitSimple (9651 in chips, €13.50 bounty) 
Seat 5: campa4 (8486 in chips, €13.50 bounty) 
Seat 6: deiraisetonuts (10859 in chips, €13.50 bounty) 
bistebis: posts the ante 12
CrocooDeal: posts the ante 12
BewareOfJok: posts the ante 12
kipitSimple: posts the ante 12
campa4: posts the ante 12
deiraisetonuts: posts the ante 12
campa4: posts small blind 50
deiraisetonuts: posts big blind 100
*** HOLE CARDS ***
Dealt to deiraisetonuts [4d 5c]
bistebis: raises 100 to 200
CrocooDeal: folds 
BewareOfJok: folds 
kipitSimple: calls 200
campa4: folds 
deiraisetonuts: calls 100
*** FLOP *** [6s 6c 2h]
deiraisetonuts: checks 
bistebis: bets 289
kipitSimple: folds 
deiraisetonuts: folds 
Uncalled bet (289) returned to bistebis
bistebis collected 722 from pot
bistebis: doesn't show hand 
*** SUMMARY ***
Total pot 722 | Rake 0 
Board [6s 6c 2h]
Seat 1: bistebis collected (722)
Seat 2: CrocooDeal folded before Flop (didn't bet)
Seat 3: BewareOfJok folded before Flop (didn't bet)
Seat 4: kipitSimple (button) folded on the Flop
Seat 5: campa4 (small blind) folded before Flop
Seat 6: deiraisetonuts (big blind) folded on the Flop



PokerStars Hand #249109593897: Tournament #3714753620, €13.50+€13.50+€3.00 EUR Hold'em No Limit - Level I (50/100) - 2024/02/26 16:24:20 BRT [2024/02/26 14:24:20 ET]
Table '3714753620 9' 6-max Seat #5 is the button
Seat 1: bistebis (11137 in chips, €13.50 bounty) 
Seat 2: CrocooDeal (10298 in chips, €13.50 bounty) 
Seat 3: BewareOfJok (9095 in chips, €13.50 bounty) 
Seat 4: kipitSimple (9439 in chips, €13.50 bounty) 
Seat 5: campa4 (8424 in chips, €13.50 bounty) 
Seat 6: deiraisetonuts (10647 in chips, €13.50 bounty) 
bistebis: posts the ante 12
CrocooDeal: posts the ante 12
BewareOfJok: posts the ante 12
kipitSimple: posts the ante 12
campa4: posts the ante 12
deiraisetonuts: posts the ante 12
deiraisetonuts: posts small blind 50
bistebis: posts big blind 100
*** HOLE CARDS ***
Dealt to deiraisetonuts [Jd Qh]
CrocooDeal: folds 
BewareOfJok: raises 185 to 285
kipitSimple: folds 
campa4: folds 
deiraisetonuts: calls 235
bistebis: folds 
*** FLOP *** [Tc 8h 5c]
deiraisetonuts: checks 
BewareOfJok: checks 
*** TURN *** [Tc 8h 5c] [5s]
deiraisetonuts: bets 928
BewareOfJok: folds 
Uncalled bet (928) returned to deiraisetonuts
deiraisetonuts collected 742 from pot
deiraisetonuts: doesn't show hand 
*** SUMMARY ***
Total pot 742 | Rake 0 
Board [Tc 8h 5c 5s]
Seat 1: bistebis (big blind) folded before Flop
Seat 2: CrocooDeal folded before Flop (didn't bet)
Seat 3: BewareOfJok folded on the Turn
Seat 4: kipitSimple folded before Flop (didn't bet)
Seat 5: campa4 (button) folded before Flop (didn't bet)
Seat 6: deiraisetonuts (small blind) collected (742)



PokerStars Hand #249109628622: Tournament #3714753620, €13.50+€13.50+€3.00 EUR Hold'em No Limit - Level I (50/100) - 2024/02/26 16:26:00 BRT [2024/02/26 14:26:00 ET]
Table '3714753620 9' 6-max Seat #6 is the button
Seat 1: bistebis (11025 in chips, €13.50 bounty) 
Seat 2: CrocooDeal (10286 in chips, €13.50 bounty) 
Seat 3: BewareOfJok (8798 in chips, €13.50 bounty) 
Seat 4: kipitSimple (9427 in chips, €13.50 bounty) 
Seat 5: campa4 (8412 in chips, €13.50 bounty) 
Seat 6: deiraisetonuts (11092 in chips, €13.50 bounty) 
bistebis: posts the ante 12
CrocooDeal: posts the ante 12
BewareOfJok: posts the ante 12
kipitSimple: posts the ante 12
campa4: posts the ante 12
deiraisetonuts: posts the ante 12
bistebis: posts small blind 50
CrocooDeal: posts big blind 100
*** HOLE CARDS ***
Dealt to deiraisetonuts [7c 9h]
BewareOfJok: raises 185 to 285
kipitSimple: folds 
campa4: folds 
deiraisetonuts: folds 
bistebis: folds 
CrocooDeal: calls 185
*** FLOP *** [2c Qh 3s]
CrocooDeal: checks 
BewareOfJok: checks 
*** TURN *** [2c Qh 3s] [As]
CrocooDeal: checks 
BewareOfJok: checks 
*** RIVER *** [2c Qh 3s As] [Jh]
CrocooDeal: checks 
BewareOfJok: checks 
*** SHOW DOWN ***
CrocooDeal: shows [2s 4s] (a pair of Deuces)
BewareOfJok: shows [Th Td] (a pair of Tens)
BewareOfJok collected 692 from pot
*** SUMMARY ***
Total pot 692 | Rake 0 
Board [2c Qh 3s As Jh]
Seat 1: bistebis (small blind) folded before Flop
Seat 2: CrocooDeal (big blind) showed [2s 4s] and lost with a pair of Deuces
Seat 3: BewareOfJok showed [Th Td] and won (692) with a pair of Tens
Seat 4: kipitSimple folded before Flop (didn't bet)
Seat 5: campa4 folded before Flop (didn't bet)
Seat 6: deiraisetonuts (button) folded before Flop (didn't bet)



PokerStars Hand #249109654293: Tournament #3714753620, €13.50+€13.50+€3.00 EUR Hold'em No Limit - Level I (50/100) - 2024/02/26 16:27:14 BRT [2024/02/26 14:27:14 ET]
Table '3714753620 9' 6-max Seat #1 is the button
Seat 1: bistebis (10963 in chips, €13.50 bounty) 
Seat 2: CrocooDeal (9989 in chips, €13.50 bounty) 
Seat 4: kipitSimple (9415 in chips, €13.50 bounty) 
Seat 5: campa4 (8400 in chips, €13.50 bounty) 
Seat 6: deiraisetonuts (11080 in chips, €13.50 bounty) 
bistebis: posts the ante 12
CrocooDeal: posts the ante 12
kipitSimple: posts the ante 12
campa4: posts the ante 12
deiraisetonuts: posts the ante 12
CrocooDeal: posts small blind 50
kipitSimple: posts big blind 100
*** HOLE CARDS ***
Dealt to deiraisetonuts [8s 3d]
campa4: folds 
deiraisetonuts: folds 
bistebis: raises 100 to 200
CrocooDeal: folds 
kipitSimple: raises 700 to 900
bistebis: folds 
Uncalled bet (700) returned to kipitSimple
kipitSimple collected 510 from pot
kipitSimple: doesn't show hand 
*** SUMMARY ***
Total pot 510 | Rake 0 
Seat 1: bistebis (button) folded before Flop
Seat 2: CrocooDeal (small blind) folded before Flop
Seat 4: kipitSimple (big blind) collected (510)
Seat 5: campa4 folded before Flop (didn't bet)
Seat 6: deiraisetonuts folded before Flop (didn't bet)



PokerStars Hand #249109669096: Tournament #3714753620, €13.50+€13.50+€3.00 EUR Hold'em No Limit - Level I (50/100) - 2024/02/26 16:27:57 BRT [2024/02/26 14:27:57 ET]
Table '3714753620 9' 6-max Seat #2 is the button
Seat 1: bistebis (10751 in chips, €13.50 bounty) 
Seat 2: CrocooDeal (9927 in chips, €13.50 bounty) 
Seat 4: kipitSimple (9713 in chips, €13.50 bounty) 
Seat 5: campa4 (8388 in chips, €13.50 bounty) 
Seat 6: deiraisetonuts (11068 in chips, €13.50 bounty) 
bistebis: posts the ante 12
CrocooDeal: posts the ante 12
kipitSimple: posts the ante 12
campa4: posts the ante 12
deiraisetonuts: posts the ante 12
kipitSimple: posts small blind 50
campa4: posts big blind 100
*** HOLE CARDS ***
Dealt to deiraisetonuts [Ts Kd]
deiraisetonuts: raises 100 to 200
bistebis: calls 200
CrocooDeal: folds 
kipitSimple: folds 
campa4: calls 100
*** FLOP *** [Tc 2c 4c]
campa4: checks 
deiraisetonuts: checks 
bistebis: bets 284
campa4: raises 506 to 790
deiraisetonuts: folds 
bistebis: calls 506
*** TURN *** [Tc 2c 4c] [8d]
campa4: bets 1500
bistebis: calls 1500
*** RIVER *** [Tc 2c 4c 8d] [4s]
campa4: checks 
bistebis: checks 
*** SHOW DOWN ***
campa4: shows [Td Ah] (two pair, Tens and Fours)
bistebis: shows [Qc 7c] (a flush, Queen high)
bistebis collected 5290 from pot
*** SUMMARY ***
Total pot 5290 | Rake 0 
Board [Tc 2c 4c 8d 4s]
Seat 1: bistebis showed [Qc 7c] and won (5290) with a flush, Queen high
Seat 2: CrocooDeal (button) folded before Flop (didn't bet)
Seat 4: kipitSimple (small blind) folded before Flop
Seat 5: campa4 (big blind) showed [Td Ah] and lost with two pair, Tens and Fours
Seat 6: deiraisetonuts folded on the Flop



PokerStars Hand #249109713550: Tournament #3714753620, €13.50+€13.50+€3.00 EUR Hold'em No Limit - Level I (50/100) - 2024/02/26 16:30:05 BRT [2024/02/26 14:30:05 ET]
Table '3714753620 9' 6-max Seat #4 is the button
Seat 1: bistebis (13539 in chips, €13.50 bounty) 
Seat 2: CrocooDeal (9915 in chips, €13.50 bounty) 
Seat 3: aesmir.fr (10000 in chips, €13.50 bounty) 
Seat 4: kipitSimple (9651 in chips, €13.50 bounty) 
Seat 5: campa4 (5886 in chips, €13.50 bounty) 
Seat 6: deiraisetonuts (10856 in chips, €13.50 bounty) 
bistebis: posts the ante 12
CrocooDeal: posts the ante 12
aesmir.fr: posts the ante 12
kipitSimple: posts the ante 12
campa4: posts the ante 12
deiraisetonuts: posts the ante 12
campa4: posts small blind 50
deiraisetonuts: posts big blind 100
*** HOLE CARDS ***
Dealt to deiraisetonuts [9s 6h]
bistebis: folds 
CrocooDeal: raises 100 to 200
aesmir.fr: folds 
kipitSimple: folds 
campa4: folds 
deiraisetonuts: calls 100
*** FLOP *** [Ah Qs 5c]
deiraisetonuts: checks 
CrocooDeal: bets 136
deiraisetonuts: folds 
Uncalled bet (136) returned to CrocooDeal
CrocooDeal collected 522 from pot
CrocooDeal: doesn't show hand 
*** SUMMARY ***
Total pot 522 | Rake 0 
Board [Ah Qs 5c]
Seat 1: bistebis folded before Flop (didn't bet)
Seat 2: CrocooDeal collected (522)
Seat 3: aesmir.fr folded before Flop (didn't bet)
Seat 4: kipitSimple (button) folded before Flop (didn't bet)
Seat 5: campa4 (small blind) folded before Flop
Seat 6: deiraisetonuts (big blind) folded on the Flop



PokerStars Hand #249109729987: Tournament #3714753620, €13.50+€13.50+€3.00 EUR Hold'em No Limit - Level I (50/100) - 2024/02/26 16:30:51 BRT [2024/02/26 14:30:51 ET]
Table '3714753620 9' 6-max Seat #5 is the button
Seat 1: bistebis (13527 in chips, €13.50 bounty) 
Seat 2: CrocooDeal (10225 in chips, €13.50 bounty) 
Seat 3: aesmir.fr (9988 in chips, €13.50 bounty) 
Seat 4: kipitSimple (9639 in chips, €13.50 bounty) 
Seat 5: campa4 (5824 in chips, €13.50 bounty) 
Seat 6: deiraisetonuts (10644 in chips, €13.50 bounty) 
bistebis: posts the ante 12
CrocooDeal: posts the ante 12
aesmir.fr: posts the ante 12
kipitSimple: posts the ante 12
campa4: posts the ante 12
deiraisetonuts: posts the ante 12
deiraisetonuts: posts small blind 50
bistebis: posts big blind 100
*** HOLE CARDS ***
Dealt to deiraisetonuts [8d 5h]
CrocooDeal: folds 
aesmir.fr: folds 
kipitSimple: folds 
campa4: folds 
deiraisetonuts: calls 50
bistebis: checks 
*** FLOP *** [Th 9d 8h]
deiraisetonuts: checks 
bistebis: bets 109
deiraisetonuts: folds 
Uncalled bet (109) returned to bistebis
bistebis collected 272 from pot
bistebis: doesn't show hand 
*** SUMMARY ***
Total pot 272 | Rake 0 
Board [Th 9d 8h]
Seat 1: bistebis (big blind) collected (272)
Seat 2: CrocooDeal folded before Flop (didn't bet)
Seat 3: aesmir.fr folded before Flop (didn't bet)
Seat 4: kipitSimple folded before Flop (didn't bet)
Seat 5: campa4 (button) folded before Flop (didn't bet)
Seat 6: deiraisetonuts (small blind) folded on the Flop



PokerStars Hand #249109749335: Tournament #3714753620, €13.50+€13.50+€3.00 EUR Hold'em No Limit - Level I (50/100) - 2024/02/26 16:31:46 BRT [2024/02/26 14:31:46 ET]
Table '3714753620 9' 6-max Seat #6 is the button
Seat 1: bistebis (13687 in chips, €13.50 bounty) 
Seat 2: CrocooDeal (10213 in chips, €13.50 bounty) 
Seat 3: aesmir.fr (9976 in chips, €13.50 bounty) 
Seat 4: kipitSimple (9627 in chips, €13.50 bounty) 
Seat 5: campa4 (5812 in chips, €13.50 bounty) 
Seat 6: deiraisetonuts (10532 in chips, €13.50 bounty) 
bistebis: posts the ante 12
CrocooDeal: posts the ante 12
aesmir.fr: posts the ante 12
kipitSimple: posts the ante 12
campa4: posts the ante 12
deiraisetonuts: posts the ante 12
bistebis: posts small blind 50
CrocooDeal: posts big blind 100
*** HOLE CARDS ***
Dealt to deiraisetonuts [Ts 3h]
aesmir.fr: raises 100 to 200
kipitSimple: folds 
campa4: folds 
deiraisetonuts: folds 
bistebis: folds 
CrocooDeal: calls 100
*** FLOP *** [7c 5s 4s]
CrocooDeal: checks 
aesmir.fr: checks 
*** TURN *** [7c 5s 4s] [As]
CrocooDeal: checks 
aesmir.fr: bets 365
CrocooDeal: calls 365
*** RIVER *** [7c 5s 4s As] [Tc]
CrocooDeal: checks 
aesmir.fr: bets 876
CrocooDeal: calls 876
*** SHOW DOWN ***
aesmir.fr: shows [Kc Ad] (a pair of Aces)
CrocooDeal: mucks hand 
aesmir.fr collected 3004 from pot
*** SUMMARY ***
Total pot 3004 | Rake 0 
Board [7c 5s 4s As Tc]
Seat 1: bistebis (small blind) folded before Flop
Seat 2: CrocooDeal (big blind) mucked [Ah 9c]
Seat 3: aesmir.fr showed [Kc Ad] and won (3004) with a pair of Aces
Seat 4: kipitSimple folded before Flop (didn't bet)
Seat 5: campa4 folded before Flop (didn't bet)
Seat 6: deiraisetonuts (button) folded before Flop (didn't bet)



PokerStars Hand #249109780840: Tournament #3714753620, €13.50+€13.50+€3.00 EUR Hold'em No Limit - Level I (50/100) - 2024/02/26 16:33:15 BRT [2024/02/26 14:33:15 ET]
Table '3714753620 9' 6-max Seat #1 is the button
Seat 1: bistebis (13625 in chips, €13.50 bounty) 
Seat 2: CrocooDeal (8760 in chips, €13.50 bounty) 
Seat 3: aesmir.fr (11527 in chips, €13.50 bounty) 
Seat 4: kipitSimple (9615 in chips, €13.50 bounty) 
Seat 5: campa4 (5800 in chips, €13.50 bounty) 
Seat 6: deiraisetonuts (10520 in chips, €13.50 bounty) 
bistebis: posts the ante 12
CrocooDeal: posts the ante 12
aesmir.fr: posts the ante 12
kipitSimple: posts the ante 12
campa4: posts the ante 12
deiraisetonuts: posts the ante 12
CrocooDeal: posts small blind 50
aesmir.fr: posts big blind 100
*** HOLE CARDS ***
Dealt to deiraisetonuts [4d Qs]
kipitSimple: folds 
campa4: folds 
deiraisetonuts: folds 
bistebis: calls 100
CrocooDeal: folds 
aesmir.fr: checks 
*** FLOP *** [3c Ah 9h]
aesmir.fr: checks 
bistebis: checks 
*** TURN *** [3c Ah 9h] [2s]
aesmir.fr: checks 
bistebis: checks 
*** RIVER *** [3c Ah 9h 2s] [5s]
aesmir.fr: checks 
bistebis: bets 100
aesmir.fr: folds 
Uncalled bet (100) returned to bistebis
bistebis collected 322 from pot
bistebis: doesn't show hand 
*** SUMMARY ***
Total pot 322 | Rake 0 
Board [3c Ah 9h 2s 5s]
Seat 1: bistebis (button) collected (322)
Seat 2: CrocooDeal (small blind) folded before Flop
Seat 3: aesmir.fr (big blind) folded on the River
Seat 4: kipitSimple folded before Flop (didn't bet)
Seat 5: campa4 folded before Flop (didn't bet)
Seat 6: deiraisetonuts folded before Flop (didn't bet)



PokerStars Hand #249109813207: Tournament #3714753620, €13.50+€13.50+€3.00 EUR Hold'em No Limit - Level I (50/100) - 2024/02/26 16:34:46 BRT [2024/02/26 14:34:46 ET]
Table '3714753620 9' 6-max Seat #2 is the button
Seat 1: bistebis (13835 in chips, €13.50 bounty) 
Seat 2: CrocooDeal (8698 in chips, €13.50 bounty) 
Seat 3: aesmir.fr (11415 in chips, €13.50 bounty) 
Seat 4: kipitSimple (9603 in chips, €13.50 bounty) 
Seat 5: campa4 (5788 in chips, €13.50 bounty) 
Seat 6: deiraisetonuts (10508 in chips, €13.50 bounty) 
bistebis: posts the ante 12
CrocooDeal: posts the ante 12
aesmir.fr: posts the ante 12
kipitSimple: posts the ante 12
campa4: posts the ante 12
deiraisetonuts: posts the ante 12
aesmir.fr: posts small blind 50
kipitSimple: posts big blind 100
*** HOLE CARDS ***
Dealt to deiraisetonuts [Js 7c]
campa4: folds 
deiraisetonuts: folds 
bistebis: raises 100 to 200
CrocooDeal: folds 
aesmir.fr: folds 
kipitSimple: calls 100
*** FLOP *** [4h 4d 8c]
kipitSimple: checks 
bistebis: bets 100
kipitSimple: folds 
Uncalled bet (100) returned to bistebis
bistebis collected 522 from pot
bistebis: doesn't show hand 
*** SUMMARY ***
Total pot 522 | Rake 0 
Board [4h 4d 8c]
Seat 1: bistebis collected (522)
Seat 2: CrocooDeal (button) folded before Flop (didn't bet)
Seat 3: aesmir.fr (small blind) folded before Flop
Seat 4: kipitSimple (big blind) folded on the Flop
Seat 5: campa4 folded before Flop (didn't bet)
Seat 6: deiraisetonuts folded before Flop (didn't bet)



PokerStars Hand #249109833782: Tournament #3714753620, €13.50+€13.50+€3.00 EUR Hold'em No Limit - Level I (50/100) - 2024/02/26 16:35:44 BRT [2024/02/26 14:35:44 ET]
Table '3714753620 9' 6-max Seat #3 is the button
Seat 1: bistebis (14145 in chips, €13.50 bounty) 
Seat 2: CrocooDeal (8686 in chips, €13.50 bounty) 
Seat 3: aesmir.fr (11353 in chips, €13.50 bounty) 
Seat 4: kipitSimple (9391 in chips, €13.50 bounty) 
Seat 5: campa4 (5776 in chips, €13.50 bounty) 
Seat 6: deiraisetonuts (10496 in chips, €13.50 bounty) 
bistebis: posts the ante 12
CrocooDeal: posts the ante 12
aesmir.fr: posts the ante 12
kipitSimple: posts the ante 12
campa4: posts the ante 12
deiraisetonuts: posts the ante 12
kipitSimple: posts small blind 50
campa4: posts big blind 100
*** HOLE CARDS ***
Dealt to deiraisetonuts [5c Tc]
deiraisetonuts: folds 
bistebis: folds 
CrocooDeal: folds 
aesmir.fr: folds 
kipitSimple: raises 272 to 372
campa4: raises 472 to 844
kipitSimple: calls 472
*** FLOP *** [7d 7c 9d]
kipitSimple: checks 
campa4: checks 
*** TURN *** [7d 7c 9d] [Qc]
kipitSimple: checks 
campa4: checks 
*** RIVER *** [7d 7c 9d Qc] [6d]
kipitSimple: checks 
campa4: checks 
*** SHOW DOWN ***
kipitSimple: shows [8s As] (a pair of Sevens)
campa4: shows [8h Ah] (a pair of Sevens)
kipitSimple collected 880 from pot
campa4 collected 880 from pot
*** SUMMARY ***
Total pot 1760 | Rake 0 
Board [7d 7c 9d Qc 6d]
Seat 1: bistebis folded before Flop (didn't bet)
Seat 2: CrocooDeal folded before Flop (didn't bet)
Seat 3: aesmir.fr (button) folded before Flop (didn't bet)
Seat 4: kipitSimple (small blind) showed [8s As] and won (880) with a pair of Sevens
Seat 5: campa4 (big blind) showed [8h Ah] and won (880) with a pair of Sevens
Seat 6: deiraisetonuts folded before Flop (didn't bet)



PokerStars Hand #249109875488: Tournament #3714753620, €13.50+€13.50+€3.00 EUR Hold'em No Limit - Level I (50/100) - 2024/02/26 16:37:41 BRT [2024/02/26 14:37:41 ET]
Table '3714753620 9' 6-max Seat #4 is the button
Seat 1: bistebis (14133 in chips, €13.50 bounty) 
Seat 2: CrocooDeal (8674 in chips, €13.50 bounty) 
Seat 3: aesmir.fr (11341 in chips, €13.50 bounty) 
Seat 4: kipitSimple (9415 in chips, €13.50 bounty) 
Seat 5: campa4 (5800 in chips, €13.50 bounty) 
Seat 6: deiraisetonuts (10484 in chips, €13.50 bounty) 
bistebis: posts the ante 12
CrocooDeal: posts the ante 12
aesmir.fr: posts the ante 12
kipitSimple: posts the ante 12
campa4: posts the ante 12
deiraisetonuts: posts the ante 12
campa4: posts small blind 50
deiraisetonuts: posts big blind 100
*** HOLE CARDS ***
Dealt to deiraisetonuts [As Ks]
bistebis: raises 100 to 200
CrocooDeal: folds 
aesmir.fr: calls 200
kipitSimple: folds 
campa4: folds 
deiraisetonuts: raises 1000 to 1200
bistebis: folds 
aesmir.fr: folds 
Uncalled bet (1000) returned to deiraisetonuts
deiraisetonuts collected 722 from pot
deiraisetonuts: doesn't show hand 
*** SUMMARY ***
Total pot 722 | Rake 0 
Seat 1: bistebis folded before Flop
Seat 2: CrocooDeal folded before Flop (didn't bet)
Seat 3: aesmir.fr folded before Flop
Seat 4: kipitSimple (button) folded before Flop (didn't bet)
Seat 5: campa4 (small blind) folded before Flop
Seat 6: deiraisetonuts (big blind) collected (722)



PokerStars Hand #249109894743: Tournament #3714753620, €13.50+€13.50+€3.00 EUR Hold'em No Limit - Level I (50/100) - 2024/02/26 16:38:35 BRT [2024/02/26 14:38:35 ET]
Table '3714753620 9' 6-max Seat #5 is the button
Seat 1: bistebis (13921 in chips, €13.50 bounty) 
Seat 2: CrocooDeal (8662 in chips, €13.50 bounty) 
Seat 3: aesmir.fr (11129 in chips, €13.50 bounty) 
Seat 4: kipitSimple (9403 in chips, €13.50 bounty) 
Seat 5: campa4 (5738 in chips, €13.50 bounty) 
Seat 6: deiraisetonuts (10994 in chips, €13.50 bounty) 
bistebis: posts the ante 12
CrocooDeal: posts the ante 12
aesmir.fr: posts the ante 12
kipitSimple: posts the ante 12
campa4: posts the ante 12
deiraisetonuts: posts the ante 12
deiraisetonuts: posts small blind 50
bistebis: posts big blind 100
*** HOLE CARDS ***
Dealt to deiraisetonuts [6c Qc]
CrocooDeal: folds 
aesmir.fr: folds 
kipitSimple: raises 100 to 200
campa4: raises 520 to 720
deiraisetonuts: folds 
bistebis: folds 
kipitSimple: folds 
Uncalled bet (520) returned to campa4
campa4 collected 622 from pot
*** SUMMARY ***
Total pot 622 | Rake 0 
Seat 1: bistebis (big blind) folded before Flop
Seat 2: CrocooDeal folded before Flop (didn't bet)
Seat 3: aesmir.fr folded before Flop (didn't bet)
Seat 4: kipitSimple folded before Flop
Seat 5: campa4 (button) collected (622)
Seat 6: deiraisetonuts (small blind) folded before Flop



PokerStars Hand #249109910052: Tournament #3714753620, €13.50+€13.50+€3.00 EUR Hold'em No Limit - Level I (50/100) - 2024/02/26 16:39:18 BRT [2024/02/26 14:39:18 ET]
Table '3714753620 9' 6-max Seat #6 is the button
Seat 1: bistebis (13809 in chips, €13.50 bounty) 
Seat 2: CrocooDeal (8650 in chips, €13.50 bounty) 
Seat 3: aesmir.fr (11117 in chips, €13.50 bounty) 
Seat 4: kipitSimple (9191 in chips, €13.50 bounty) 
Seat 5: campa4 (6148 in chips, €13.50 bounty) 
Seat 6: deiraisetonuts (10932 in chips, €13.50 bounty) 
bistebis: posts the ante 12
CrocooDeal: posts the ante 12
aesmir.fr: posts the ante 12
kipitSimple: posts the ante 12
campa4: posts the ante 12
deiraisetonuts: posts the ante 12
bistebis: posts small blind 50
CrocooDeal: posts big blind 100
*** HOLE CARDS ***
Dealt to deiraisetonuts [Ts 5c]
aesmir.fr: folds 
kipitSimple: folds 
campa4: folds 
deiraisetonuts: folds 
bistebis: calls 50
CrocooDeal: checks 
*** FLOP *** [2h 8d 8c]
bistebis: checks 
CrocooDeal: checks 
*** TURN *** [2h 8d 8c] [4c]
bistebis: checks 
CrocooDeal: checks 
*** RIVER *** [2h 8d 8c 4c] [Kh]
bistebis: checks 
CrocooDeal: checks 
*** SHOW DOWN ***
bistebis: shows [Jh 7d] (a pair of Eights)
CrocooDeal: mucks hand 
bistebis collected 272 from pot
*** SUMMARY ***
Total pot 272 | Rake 0 
Board [2h 8d 8c 4c Kh]
Seat 1: bistebis (small blind) showed [Jh 7d] and won (272) with a pair of Eights
Seat 2: CrocooDeal (big blind) mucked [3h 9d]
Seat 3: aesmir.fr folded before Flop (didn't bet)
Seat 4: kipitSimple folded before Flop (didn't bet)
Seat 5: campa4 folded before Flop (didn't bet)
Seat 6: deiraisetonuts (button) folded before Flop (didn't bet)



PokerStars Hand #249109937286: Tournament #3714753620, €13.50+€13.50+€3.00 EUR Hold'em No Limit - Level II (60/120) - 2024/02/26 16:40:34 BRT [2024/02/26 14:40:34 ET]
Table '3714753620 9' 6-max Seat #1 is the button
Seat 1: bistebis (13969 in chips, €13.50 bounty) 
Seat 2: CrocooDeal (8538 in chips, €13.50 bounty) 
Seat 3: aesmir.fr (11105 in chips, €13.50 bounty) 
Seat 4: kipitSimple (9179 in chips, €13.50 bounty) 
Seat 5: campa4 (6136 in chips, €13.50 bounty) 
Seat 6: deiraisetonuts (10920 in chips, €13.50 bounty) 
bistebis: posts the ante 15
CrocooDeal: posts the ante 15
aesmir.fr: posts the ante 15
kipitSimple: posts the ante 15
campa4: posts the ante 15
deiraisetonuts: posts the ante 15
CrocooDeal: posts small blind 60
aesmir.fr: posts big blind 120
*** HOLE CARDS ***
Dealt to deiraisetonuts [4c Ah]
kipitSimple: folds 
campa4: raises 120 to 240
deiraisetonuts: folds 
bistebis: folds 
CrocooDeal: calls 180
aesmir.fr: folds 
*** FLOP *** [2c Th Js]
CrocooDeal: checks 
campa4: checks 
*** TURN *** [2c Th Js] [7c]
CrocooDeal: checks 
campa4: bets 468
CrocooDeal: folds 
Uncalled bet (468) returned to campa4
campa4 collected 690 from pot
*** SUMMARY ***
Total pot 690 | Rake 0 
Board [2c Th Js 7c]
Seat 1: bistebis (button) folded before Flop (didn't bet)
Seat 2: CrocooDeal (small blind) folded on the Turn
Seat 3: aesmir.fr (big blind) folded before Flop
Seat 4: kipitSimple folded before Flop (didn't bet)
Seat 5: campa4 collected (690)
Seat 6: deiraisetonuts folded before Flop (didn't bet)



PokerStars Hand #249109977184: Tournament #3714753620, €13.50+€13.50+€3.00 EUR Hold'em No Limit - Level II (60/120) - 2024/02/26 16:42:25 BRT [2024/02/26 14:42:25 ET]
Table '3714753620 9' 6-max Seat #2 is the button
Seat 1: bistebis (13954 in chips, €13.50 bounty) 
Seat 2: CrocooDeal (8283 in chips, €13.50 bounty) 
Seat 3: aesmir.fr (10970 in chips, €13.50 bounty) 
Seat 4: kipitSimple (9164 in chips, €13.50 bounty) 
Seat 5: campa4 (6571 in chips, €13.50 bounty) 
Seat 6: deiraisetonuts (10905 in chips, €13.50 bounty) 
bistebis: posts the ante 15
CrocooDeal: posts the ante 15
aesmir.fr: posts the ante 15
kipitSimple: posts the ante 15
campa4: posts the ante 15
deiraisetonuts: posts the ante 15
aesmir.fr: posts small blind 60
kipitSimple: posts big blind 120
*** HOLE CARDS ***
Dealt to deiraisetonuts [2d 7d]
campa4: folds 
deiraisetonuts: folds 
bistebis: folds 
CrocooDeal: raises 120 to 240
aesmir.fr: folds 
kipitSimple: calls 120
*** FLOP *** [6s 8h 7h]
kipitSimple: checks 
CrocooDeal: bets 347
kipitSimple: calls 347
*** TURN *** [6s 8h 7h] [Kh]
kipitSimple: checks 
CrocooDeal: bets 728
kipitSimple: calls 728
*** RIVER *** [6s 8h 7h Kh] [8s]
kipitSimple: checks 
CrocooDeal: bets 2224
kipitSimple: folds 
Uncalled bet (2224) returned to CrocooDeal
CrocooDeal collected 2780 from pot
CrocooDeal: doesn't show hand 
*** SUMMARY ***
Total pot 2780 | Rake 0 
Board [6s 8h 7h Kh 8s]
Seat 1: bistebis folded before Flop (didn't bet)
Seat 2: CrocooDeal (button) collected (2780)
Seat 3: aesmir.fr (small blind) folded before Flop
Seat 4: kipitSimple (big blind) folded on the River
Seat 5: campa4 folded before Flop (didn't bet)
Seat 6: deiraisetonuts folded before Flop (didn't bet)



PokerStars Hand #249110011726: Tournament #3714753620, €13.50+€13.50+€3.00 EUR Hold'em No Limit - Level II (60/120) - 2024/02/26 16:44:02 BRT [2024/02/26 14:44:02 ET]
Table '3714753620 9' 6-max Seat #3 is the button
Seat 1: bistebis (13939 in chips, €13.50 bounty) 
Seat 2: CrocooDeal (9733 in chips, €13.50 bounty) 
Seat 3: aesmir.fr (10895 in chips, €13.50 bounty) 
Seat 4: kipitSimple (7834 in chips, €13.50 bounty) 
Seat 5: campa4 (6556 in chips, €13.50 bounty) 
Seat 6: deiraisetonuts (10890 in chips, €13.50 bounty) 
bistebis: posts the ante 15
CrocooDeal: posts the ante 15
aesmir.fr: posts the ante 15
kipitSimple: posts the ante 15
campa4: posts the ante 15
deiraisetonuts: posts the ante 15
kipitSimple: posts small blind 60
campa4: posts big blind 120
*** HOLE CARDS ***
Dealt to deiraisetonuts [Kh 5s]
deiraisetonuts: folds 
bistebis: folds 
CrocooDeal: folds 
aesmir.fr: folds 
kipitSimple: calls 60
campa4: checks 
*** FLOP *** [2h 3c 8s]
kipitSimple: checks 
campa4: checks 
*** TURN *** [2h 3c 8s] [5h]
kipitSimple: checks 
campa4: bets 120
kipitSimple: folds 
Uncalled bet (120) returned to campa4
campa4 collected 330 from pot
*** SUMMARY ***
Total pot 330 | Rake 0 
Board [2h 3c 8s 5h]
Seat 1: bistebis folded before Flop (didn't bet)
Seat 2: CrocooDeal folded before Flop (didn't bet)
Seat 3: aesmir.fr (button) folded before Flop (didn't bet)
Seat 4: kipitSimple (small blind) folded on the Turn
Seat 5: campa4 (big blind) collected (330)
Seat 6: deiraisetonuts folded before Flop (didn't bet)



PokerStars Hand #249110033816: Tournament #3714753620, €13.50+€13.50+€3.00 EUR Hold'em No Limit - Level II (60/120) - 2024/02/26 16:45:04 BRT [2024/02/26 14:45:04 ET]
Table '3714753620 9' 6-max Seat #4 is the button
Seat 1: bistebis (13924 in chips, €13.50 bounty) 
Seat 2: CrocooDeal (9718 in chips, €13.50 bounty) 
Seat 3: aesmir.fr (10880 in chips, €13.50 bounty) 
Seat 4: kipitSimple (7699 in chips, €13.50 bounty) 
Seat 5: campa4 (6751 in chips, €13.50 bounty) 
Seat 6: deiraisetonuts (10875 in chips, €13.50 bounty) 
bistebis: posts the ante 15
CrocooDeal: posts the ante 15
aesmir.fr: posts the ante 15
kipitSimple: posts the ante 15
campa4: posts the ante 15
deiraisetonuts: posts the ante 15
campa4: posts small blind 60
deiraisetonuts: posts big blind 120
*** HOLE CARDS ***
Dealt to deiraisetonuts [5c Tc]
bistebis: raises 120 to 240
CrocooDeal: folds 
aesmir.fr: calls 240
kipitSimple: folds 
campa4: raises 840 to 1080
deiraisetonuts: folds 
bistebis: folds 
aesmir.fr: folds 
Uncalled bet (840) returned to campa4
campa4 collected 930 from pot
*** SUMMARY ***
Total pot 930 | Rake 0 
Seat 1: bistebis folded before Flop
Seat 2: CrocooDeal folded before Flop (didn't bet)
Seat 3: aesmir.fr folded before Flop
Seat 4: kipitSimple (button) folded before Flop (didn't bet)
Seat 5: campa4 (small blind) collected (930)
Seat 6: deiraisetonuts (big blind) folded before Flop



PokerStars Hand #249110051381: Tournament #3714753620, €13.50+€13.50+€3.00 EUR Hold'em No Limit - Level II (60/120) - 2024/02/26 16:45:52 BRT [2024/02/26 14:45:52 ET]
Table '3714753620 9' 6-max Seat #5 is the button
Seat 1: bistebis (13669 in chips, €13.50 bounty) 
Seat 2: CrocooDeal (9703 in chips, €13.50 bounty) 
Seat 3: aesmir.fr (10625 in chips, €13.50 bounty) 
Seat 4: kipitSimple (7684 in chips, €13.50 bounty) 
Seat 5: campa4 (7426 in chips, €13.50 bounty) 
Seat 6: deiraisetonuts (10740 in chips, €13.50 bounty) 
bistebis: posts the ante 15
CrocooDeal: posts the ante 15
aesmir.fr: posts the ante 15
kipitSimple: posts the ante 15
campa4: posts the ante 15
deiraisetonuts: posts the ante 15
deiraisetonuts: posts small blind 60
bistebis: posts big blind 120
*** HOLE CARDS ***
Dealt to deiraisetonuts [7c Qd]
CrocooDeal: folds 
aesmir.fr: folds 
kipitSimple: folds 
campa4: raises 156 to 276
deiraisetonuts: folds 
bistebis: folds 
Uncalled bet (156) returned to campa4
campa4 collected 390 from pot
*** SUMMARY ***
Total pot 390 | Rake 0 
Seat 1: bistebis (big blind) folded before Flop
Seat 2: CrocooDeal folded before Flop (didn't bet)
Seat 3: aesmir.fr folded before Flop (didn't bet)
Seat 4: kipitSimple folded before Flop (didn't bet)
Seat 5: campa4 (button) collected (390)
Seat 6: deiraisetonuts (small blind) folded before Flop



PokerStars Hand #249110060565: Tournament #3714753620, €13.50+€13.50+€3.00 EUR Hold'em No Limit - Level II (60/120) - 2024/02/26 16:46:17 BRT [2024/02/26 14:46:17 ET]
Table '3714753620 9' 6-max Seat #6 is the button
Seat 1: bistebis (13534 in chips, €13.50 bounty) 
Seat 2: CrocooDeal (9688 in chips, €13.50 bounty) 
Seat 3: aesmir.fr (10610 in chips, €13.50 bounty) 
Seat 4: kipitSimple (7669 in chips, €13.50 bounty) 
Seat 5: campa4 (7681 in chips, €13.50 bounty) 
Seat 6: deiraisetonuts (10665 in chips, €13.50 bounty) 
bistebis: posts the ante 15
CrocooDeal: posts the ante 15
aesmir.fr: posts the ante 15
kipitSimple: posts the ante 15
campa4: posts the ante 15
deiraisetonuts: posts the ante 15
bistebis: posts small blind 60
CrocooDeal: posts big blind 120
*** HOLE CARDS ***
Dealt to deiraisetonuts [5s 6d]
aesmir.fr: folds 
kipitSimple: folds 
campa4: folds 
deiraisetonuts: raises 156 to 276
bistebis: raises 156 to 432
CrocooDeal: folds 
deiraisetonuts: calls 156
*** FLOP *** [3d Tc 3s]
bistebis: bets 430
deiraisetonuts: folds 
Uncalled bet (430) returned to bistebis
bistebis collected 1074 from pot
bistebis: doesn't show hand 
*** SUMMARY ***
Total pot 1074 | Rake 0 
Board [3d Tc 3s]
Seat 1: bistebis (small blind) collected (1074)
Seat 2: CrocooDeal (big blind) folded before Flop
Seat 3: aesmir.fr folded before Flop (didn't bet)
Seat 4: kipitSimple folded before Flop (didn't bet)
Seat 5: campa4 folded before Flop (didn't bet)
Seat 6: deiraisetonuts (button) folded on the Flop



PokerStars Hand #249110085931: Tournament #3714753620, €13.50+€13.50+€3.00 EUR Hold'em No Limit - Level II (60/120) - 2024/02/26 16:47:27 BRT [2024/02/26 14:47:27 ET]
Table '3714753620 9' 6-max Seat #1 is the button
Seat 1: bistebis (14161 in chips, €13.50 bounty) 
Seat 2: CrocooDeal (9553 in chips, €13.50 bounty) 
Seat 3: aesmir.fr (10595 in chips, €13.50 bounty) 
Seat 4: kipitSimple (7654 in chips, €13.50 bounty) 
Seat 5: campa4 (7666 in chips, €13.50 bounty) 
Seat 6: deiraisetonuts (10218 in chips, €13.50 bounty) 
bistebis: posts the ante 15
CrocooDeal: posts the ante 15
aesmir.fr: posts the ante 15
kipitSimple: posts the ante 15
campa4: posts the ante 15
deiraisetonuts: posts the ante 15
CrocooDeal: posts small blind 60
aesmir.fr: posts big blind 120
*** HOLE CARDS ***
Dealt to deiraisetonuts [5c 7c]
kipitSimple: folds 
campa4: raises 132 to 252
deiraisetonuts: calls 252
bistebis: folds 
CrocooDeal: folds 
aesmir.fr: folds 
*** FLOP *** [Th 3c Jc]
campa4: checks 
deiraisetonuts: bets 193
campa4: raises 743 to 936
deiraisetonuts: calls 743
*** TURN *** [Th 3c Jc] [Jh]
campa4: checks 
deiraisetonuts: checks 
*** RIVER *** [Th 3c Jc Jh] [2c]
campa4: bets 6463 and is all-in
deiraisetonuts: folds 
Uncalled bet (6463) returned to campa4
campa4 collected 2646 from pot
*** SUMMARY ***
Total pot 2646 | Rake 0 
Board [Th 3c Jc Jh 2c]
Seat 1: bistebis (button) folded before Flop (didn't bet)
Seat 2: CrocooDeal (small blind) folded before Flop
Seat 3: aesmir.fr (big blind) folded before Flop
Seat 4: kipitSimple folded before Flop (didn't bet)
Seat 5: campa4 collected (2646)
Seat 6: deiraisetonuts folded on the River



PokerStars Hand #249110141501: Tournament #3714753620, €13.50+€13.50+€3.00 EUR Hold'em No Limit - Level III (75/150) - 2024/02/26 16:50:01 BRT [2024/02/26 14:50:01 ET]
Table '3714753620 9' 6-max Seat #2 is the button
Seat 1: bistebis (14146 in chips, €13.50 bounty) 
Seat 2: CrocooDeal (9478 in chips, €13.50 bounty) 
Seat 3: aesmir.fr (10460 in chips, €13.50 bounty) 
Seat 4: kipitSimple (7639 in chips, €13.50 bounty) 
Seat 5: campa4 (9109 in chips, €13.50 bounty) 
Seat 6: deiraisetonuts (9015 in chips, €13.50 bounty) 
bistebis: posts the ante 20
CrocooDeal: posts the ante 20
aesmir.fr: posts the ante 20
kipitSimple: posts the ante 20
campa4: posts the ante 20
deiraisetonuts: posts the ante 20
aesmir.fr: posts small blind 75
kipitSimple: posts big blind 150
*** HOLE CARDS ***
Dealt to deiraisetonuts [9h 8d]
campa4: folds 
deiraisetonuts: folds 
bistebis: raises 150 to 300
CrocooDeal: folds 
aesmir.fr: folds 
kipitSimple: calls 150
*** FLOP *** [Ts 3s 8c]
kipitSimple: checks 
bistebis: bets 318
kipitSimple: folds 
Uncalled bet (318) returned to bistebis
bistebis collected 795 from pot
bistebis: doesn't show hand 
*** SUMMARY ***
Total pot 795 | Rake 0 
Board [Ts 3s 8c]
Seat 1: bistebis collected (795)
Seat 2: CrocooDeal (button) folded before Flop (didn't bet)
Seat 3: aesmir.fr (small blind) folded before Flop
Seat 4: kipitSimple (big blind) folded on the Flop
Seat 5: campa4 folded before Flop (didn't bet)
Seat 6: deiraisetonuts folded before Flop (didn't bet)



PokerStars Hand #249110161128: Tournament #3714753620, €13.50+€13.50+€3.00 EUR Hold'em No Limit - Level III (75/150) - 2024/02/26 16:50:56 BRT [2024/02/26 14:50:56 ET]
Table '3714753620 9' 6-max Seat #3 is the button
Seat 1: bistebis (14621 in chips, €13.50 bounty) 
Seat 2: CrocooDeal (9458 in chips, €13.50 bounty) 
Seat 3: aesmir.fr (10365 in chips, €13.50 bounty) 
Seat 4: kipitSimple (7319 in chips, €13.50 bounty) 
Seat 5: campa4 (9089 in chips, €13.50 bounty) 
Seat 6: deiraisetonuts (8995 in chips, €13.50 bounty) 
bistebis: posts the ante 20
CrocooDeal: posts the ante 20
aesmir.fr: posts the ante 20
kipitSimple: posts the ante 20
campa4: posts the ante 20
deiraisetonuts: posts the ante 20
kipitSimple: posts small blind 75
campa4: posts big blind 150
*** HOLE CARDS ***
Dealt to deiraisetonuts [4d 6c]
deiraisetonuts: folds 
bistebis: folds 
CrocooDeal: folds 
aesmir.fr: folds 
kipitSimple: raises 420 to 570
campa4: calls 420
*** FLOP *** [Ah Jh Ks]
kipitSimple: bets 416
campa4: calls 416
*** TURN *** [Ah Jh Ks] [Th]
kipitSimple: bets 1046
campa4: calls 1046
*** RIVER *** [Ah Jh Ks Th] [Ac]
kipitSimple: checks 
campa4: checks 
*** SHOW DOWN ***
kipitSimple: shows [Kc Qd] (a straight, Ten to Ace)
campa4: mucks hand 
kipitSimple collected 4184 from pot
*** SUMMARY ***
Total pot 4184 | Rake 0 
Board [Ah Jh Ks Th Ac]
Seat 1: bistebis folded before Flop (didn't bet)
Seat 2: CrocooDeal folded before Flop (didn't bet)
Seat 3: aesmir.fr (button) folded before Flop (didn't bet)
Seat 4: kipitSimple (small blind) showed [Kc Qd] and won (4184) with a straight, Ten to Ace
Seat 5: campa4 (big blind) mucked [Ad 5c]
Seat 6: deiraisetonuts folded before Flop (didn't bet)



PokerStars Hand #249110191629: Tournament #3714753620, €13.50+€13.50+€3.00 EUR Hold'em No Limit - Level III (75/150) - 2024/02/26 16:52:21 BRT [2024/02/26 14:52:21 ET]
Table '3714753620 9' 6-max Seat #4 is the button
Seat 1: bistebis (14601 in chips, €13.50 bounty) 
Seat 2: CrocooDeal (9438 in chips, €13.50 bounty) 
Seat 3: aesmir.fr (10345 in chips, €13.50 bounty) 
Seat 4: kipitSimple (9451 in chips, €13.50 bounty) 
Seat 5: campa4 (7037 in chips, €13.50 bounty) 
Seat 6: deiraisetonuts (8975 in chips, €13.50 bounty) 
bistebis: posts the ante 20
CrocooDeal: posts the ante 20
aesmir.fr: posts the ante 20
kipitSimple: posts the ante 20
campa4: posts the ante 20
deiraisetonuts: posts the ante 20
campa4: posts small blind 75
deiraisetonuts: posts big blind 150
*** HOLE CARDS ***
Dealt to deiraisetonuts [2d Th]
bistebis: raises 150 to 300
CrocooDeal: folds 
aesmir.fr: folds 
kipitSimple: raises 795 to 1095
campa4: folds 
deiraisetonuts: folds 
bistebis: folds [Ad]
Uncalled bet (795) returned to kipitSimple
kipitSimple collected 945 from pot
kipitSimple: doesn't show hand 
*** SUMMARY ***
Total pot 945 | Rake 0 
Seat 1: bistebis folded before Flop
Seat 2: CrocooDeal folded before Flop (didn't bet)
Seat 3: aesmir.fr folded before Flop (didn't bet)
Seat 4: kipitSimple (button) collected (945)
Seat 5: campa4 (small blind) folded before Flop
Seat 6: deiraisetonuts (big blind) folded before Flop



PokerStars Hand #249110206214: Tournament #3714753620, €13.50+€13.50+€3.00 EUR Hold'em No Limit - Level III (75/150) - 2024/02/26 16:53:01 BRT [2024/02/26 14:53:01 ET]
Table '3714753620 9' 6-max Seat #5 is the button
Seat 1: bistebis (14281 in chips, €13.50 bounty) 
Seat 2: CrocooDeal (9418 in chips, €13.50 bounty) 
Seat 3: aesmir.fr (10325 in chips, €13.50 bounty) 
Seat 4: kipitSimple (10076 in chips, €13.50 bounty) 
Seat 5: campa4 (6942 in chips, €13.50 bounty) 
Seat 6: deiraisetonuts (8805 in chips, €13.50 bounty) 
bistebis: posts the ante 20
CrocooDeal: posts the ante 20
aesmir.fr: posts the ante 20
kipitSimple: posts the ante 20
campa4: posts the ante 20
deiraisetonuts: posts the ante 20
deiraisetonuts: posts small blind 75
bistebis: posts big blind 150
*** HOLE CARDS ***
Dealt to deiraisetonuts [7h Ah]
CrocooDeal: folds 
aesmir.fr: folds 
kipitSimple: raises 150 to 300
campa4: folds 
deiraisetonuts: calls 225
bistebis: folds 
*** FLOP *** [9c Js 3h]
deiraisetonuts: checks 
kipitSimple: bets 435
deiraisetonuts: folds 
Uncalled bet (435) returned to kipitSimple
kipitSimple collected 870 from pot
kipitSimple: doesn't show hand 
*** SUMMARY ***
Total pot 870 | Rake 0 
Board [9c Js 3h]
Seat 1: bistebis (big blind) folded before Flop
Seat 2: CrocooDeal folded before Flop (didn't bet)
Seat 3: aesmir.fr folded before Flop (didn't bet)
Seat 4: kipitSimple collected (870)
Seat 5: campa4 (button) folded before Flop (didn't bet)
Seat 6: deiraisetonuts (small blind) folded on the Flop



PokerStars Hand #249110238357: Tournament #3714753620, €13.50+€13.50+€3.00 EUR Hold'em No Limit - Level III (75/150) - 2024/02/26 16:54:31 BRT [2024/02/26 14:54:31 ET]
Table '3714753620 9' 6-max Seat #6 is the button
Seat 1: bistebis (14111 in chips, €13.50 bounty) 
Seat 2: CrocooDeal (9398 in chips, €13.50 bounty) 
Seat 3: aesmir.fr (10305 in chips, €13.50 bounty) 
Seat 4: kipitSimple (10626 in chips, €13.50 bounty) 
Seat 5: campa4 (6922 in chips, €13.50 bounty) 
Seat 6: deiraisetonuts (8485 in chips, €13.50 bounty) 
bistebis: posts the ante 20
CrocooDeal: posts the ante 20
aesmir.fr: posts the ante 20
kipitSimple: posts the ante 20
campa4: posts the ante 20
deiraisetonuts: posts the ante 20
bistebis: posts small blind 75
CrocooDeal: posts big blind 150
*** HOLE CARDS ***
Dealt to deiraisetonuts [Qh 4h]
aesmir.fr: raises 150 to 300
kipitSimple: folds 
campa4: raises 675 to 975
deiraisetonuts: folds 
bistebis: folds 
CrocooDeal: folds 
aesmir.fr: folds 
Uncalled bet (675) returned to campa4
campa4 collected 945 from pot
*** SUMMARY ***
Total pot 945 | Rake 0 
Seat 1: bistebis (small blind) folded before Flop
Seat 2: CrocooDeal (big blind) folded before Flop
Seat 3: aesmir.fr folded before Flop
Seat 4: kipitSimple folded before Flop (didn't bet)
Seat 5: campa4 collected (945)
Seat 6: deiraisetonuts (button) folded before Flop (didn't bet)



PokerStars Hand #249110382394: Tournament #3714753620, €13.50+€13.50+€3.00 EUR Hold'em No Limit - Level III (75/150) - 2024/02/26 17:02:51 BRT [2024/02/26 15:02:51 ET]
Table '3714753620 9' 6-max Seat #1 is the button
Seat 1: bistebis (14016 in chips, €13.50 bounty) 
Seat 2: CrocooDeal (9228 in chips, €13.50 bounty) 
Seat 3: aesmir.fr (9985 in chips, €13.50 bounty) 
Seat 4: kipitSimple (10606 in chips, €13.50 bounty) 
Seat 5: campa4 (7547 in chips, €13.50 bounty) 
Seat 6: deiraisetonuts (8465 in chips, €13.50 bounty) 
bistebis: posts the ante 20
CrocooDeal: posts the ante 20
aesmir.fr: posts the ante 20
kipitSimple: posts the ante 20
campa4: posts the ante 20
deiraisetonuts: posts the ante 20
CrocooDeal: posts small blind 75
aesmir.fr: posts big blind 150
*** HOLE CARDS ***
Dealt to deiraisetonuts [Ah 6d]
kipitSimple: folds 
campa4: folds 
deiraisetonuts: raises 150 to 300
bistebis: folds 
CrocooDeal: folds 
aesmir.fr: folds 
Uncalled bet (150) returned to deiraisetonuts
deiraisetonuts collected 495 from pot
deiraisetonuts: doesn't show hand 
*** SUMMARY ***
Total pot 495 | Rake 0 
Seat 1: bistebis (button) folded before Flop (didn't bet)
Seat 2: CrocooDeal (small blind) folded before Flop
Seat 3: aesmir.fr (big blind) folded before Flop
Seat 4: kipitSimple folded before Flop (didn't bet)
Seat 5: campa4 folded before Flop (didn't bet)
Seat 6: deiraisetonuts collected (495)



PokerStars Hand #249110394489: Tournament #3714753620, €13.50+€13.50+€3.00 EUR Hold'em No Limit - Level III (75/150) - 2024/02/26 17:03:24 BRT [2024/02/26 15:03:24 ET]
Table '3714753620 9' 6-max Seat #2 is the button
Seat 1: bistebis (13996 in chips, €13.50 bounty) 
Seat 2: CrocooDeal (9133 in chips, €13.50 bounty) 
Seat 3: aesmir.fr (9815 in chips, €13.50 bounty) 
Seat 4: kipitSimple (10586 in chips, €13.50 bounty) 
Seat 5: campa4 (7527 in chips, €13.50 bounty) 
Seat 6: deiraisetonuts (8790 in chips, €13.50 bounty) 
bistebis: posts the ante 20
CrocooDeal: posts the ante 20
aesmir.fr: posts the ante 20
kipitSimple: posts the ante 20
campa4: posts the ante 20
deiraisetonuts: posts the ante 20
aesmir.fr: posts small blind 75
kipitSimple: posts big blind 150
*** HOLE CARDS ***
Dealt to deiraisetonuts [Th 3h]
campa4: raises 195 to 345
deiraisetonuts: folds 
bistebis: folds 
CrocooDeal: folds 
aesmir.fr: folds 
kipitSimple: folds 
Uncalled bet (195) returned to campa4
campa4 collected 495 from pot
campa4: doesn't show hand 
*** SUMMARY ***
Total pot 495 | Rake 0 
Seat 1: bistebis folded before Flop (didn't bet)
Seat 2: CrocooDeal (button) folded before Flop (didn't bet)
Seat 3: aesmir.fr (small blind) folded before Flop
Seat 4: kipitSimple (big blind) folded before Flop
Seat 5: campa4 collected (495)
Seat 6: deiraisetonuts folded before Flop (didn't bet)



PokerStars Hand #249110403730: Tournament #3714753620, €13.50+€13.50+€3.00 EUR Hold'em No Limit - Level III (75/150) - 2024/02/26 17:03:50 BRT [2024/02/26 15:03:50 ET]
Table '3714753620 9' 6-max Seat #3 is the button
Seat 1: bistebis (13976 in chips, €13.50 bounty) 
Seat 2: CrocooDeal (9113 in chips, €13.50 bounty) 
Seat 3: aesmir.fr (9720 in chips, €13.50 bounty) 
Seat 4: kipitSimple (10416 in chips, €13.50 bounty) 
Seat 5: campa4 (7852 in chips, €13.50 bounty) 
Seat 6: deiraisetonuts (8770 in chips, €13.50 bounty) 
bistebis: posts the ante 20
CrocooDeal: posts the ante 20
aesmir.fr: posts the ante 20
kipitSimple: posts the ante 20
campa4: posts the ante 20
deiraisetonuts: posts the ante 20
kipitSimple: posts small blind 75
campa4: posts big blind 150
*** HOLE CARDS ***
Dealt to deiraisetonuts [7d Qs]
deiraisetonuts: folds 
bistebis: folds 
CrocooDeal: folds 
aesmir.fr: raises 150 to 300
kipitSimple: raises 1050 to 1350
campa4: folds 
aesmir.fr: folds 
Uncalled bet (1050) returned to kipitSimple
kipitSimple collected 870 from pot
kipitSimple: doesn't show hand 
*** SUMMARY ***
Total pot 870 | Rake 0 
Seat 1: bistebis folded before Flop (didn't bet)
Seat 2: CrocooDeal folded before Flop (didn't bet)
Seat 3: aesmir.fr (button) folded before Flop
Seat 4: kipitSimple (small blind) collected (870)
Seat 5: campa4 (big blind) folded before Flop
Seat 6: deiraisetonuts folded before Flop (didn't bet)



PokerStars Hand #249110418947: Tournament #3714753620, €13.50+€13.50+€3.00 EUR Hold'em No Limit - Level IV (100/200) - 2024/02/26 17:04:31 BRT [2024/02/26 15:04:31 ET]
Table '3714753620 9' 6-max Seat #4 is the button
Seat 1: bistebis (13956 in chips, €13.50 bounty) 
Seat 2: CrocooDeal (9093 in chips, €13.50 bounty) 
Seat 3: aesmir.fr (9400 in chips, €13.50 bounty) 
Seat 4: kipitSimple (10966 in chips, €13.50 bounty) 
Seat 5: campa4 (7682 in chips, €13.50 bounty) 
Seat 6: deiraisetonuts (8750 in chips, €13.50 bounty) 
bistebis: posts the ante 25
CrocooDeal: posts the ante 25
aesmir.fr: posts the ante 25
kipitSimple: posts the ante 25
campa4: posts the ante 25
deiraisetonuts: posts the ante 25
campa4: posts small blind 100
deiraisetonuts: posts big blind 200
*** HOLE CARDS ***
Dealt to deiraisetonuts [6d 9c]
bistebis: raises 200 to 400
CrocooDeal: folds 
aesmir.fr: folds 
kipitSimple: folds 
campa4: folds 
deiraisetonuts: folds 
Uncalled bet (200) returned to bistebis
bistebis collected 650 from pot
bistebis: doesn't show hand 
*** SUMMARY ***
Total pot 650 | Rake 0 
Seat 1: bistebis collected (650)
Seat 2: CrocooDeal folded before Flop (didn't bet)
Seat 3: aesmir.fr folded before Flop (didn't bet)
Seat 4: kipitSimple (button) folded before Flop (didn't bet)
Seat 5: campa4 (small blind) folded before Flop
Seat 6: deiraisetonuts (big blind) folded before Flop



PokerStars Hand #249110429157: Tournament #3714753620, €13.50+€13.50+€3.00 EUR Hold'em No Limit - Level IV (100/200) - 2024/02/26 17:04:59 BRT [2024/02/26 15:04:59 ET]
Table '3714753620 9' 6-max Seat #5 is the button
Seat 1: bistebis (14381 in chips, €13.50 bounty) 
Seat 2: CrocooDeal (9068 in chips, €13.50 bounty) 
Seat 3: aesmir.fr (9375 in chips, €13.50 bounty) 
Seat 4: kipitSimple (10941 in chips, €13.50 bounty) 
Seat 5: campa4 (7557 in chips, €13.50 bounty) 
Seat 6: deiraisetonuts (8525 in chips, €13.50 bounty) 
bistebis: posts the ante 25
CrocooDeal: posts the ante 25
aesmir.fr: posts the ante 25
kipitSimple: posts the ante 25
campa4: posts the ante 25
deiraisetonuts: posts the ante 25
deiraisetonuts: posts small blind 100
bistebis: posts big blind 200
*** HOLE CARDS ***
Dealt to deiraisetonuts [Qh 6c]
CrocooDeal: folds 
aesmir.fr: folds 
kipitSimple: folds 
campa4: folds 
deiraisetonuts: calls 100
bistebis: checks 
*** FLOP *** [Td Jd As]
deiraisetonuts: bets 200
bistebis: folds 
Uncalled bet (200) returned to deiraisetonuts
deiraisetonuts collected 550 from pot
deiraisetonuts: doesn't show hand 
*** SUMMARY ***
Total pot 550 | Rake 0 
Board [Td Jd As]
Seat 1: bistebis (big blind) folded on the Flop
Seat 2: CrocooDeal folded before Flop (didn't bet)
Seat 3: aesmir.fr folded before Flop (didn't bet)
Seat 4: kipitSimple folded before Flop (didn't bet)
Seat 5: campa4 (button) folded before Flop (didn't bet)
Seat 6: deiraisetonuts (small blind) collected (550)



PokerStars Hand #249110444139: Tournament #3714753620, €13.50+€13.50+€3.00 EUR Hold'em No Limit - Level IV (100/200) - 2024/02/26 17:05:37 BRT [2024/02/26 15:05:37 ET]
Table '3714753620 9' 6-max Seat #6 is the button
Seat 1: bistebis (14156 in chips, €13.50 bounty) 
Seat 2: CrocooDeal (9043 in chips, €13.50 bounty) 
Seat 3: aesmir.fr (9350 in chips, €13.50 bounty) 
Seat 4: kipitSimple (10916 in chips, €13.50 bounty) 
Seat 5: campa4 (7532 in chips, €13.50 bounty) 
Seat 6: deiraisetonuts (8850 in chips, €13.50 bounty) 
bistebis: posts the ante 25
CrocooDeal: posts the ante 25
aesmir.fr: posts the ante 25
kipitSimple: posts the ante 25
campa4: posts the ante 25
deiraisetonuts: posts the ante 25
bistebis: posts small blind 100
CrocooDeal: posts big blind 200
*** HOLE CARDS ***
Dealt to deiraisetonuts [4d Ac]
aesmir.fr: folds 
kipitSimple: folds 
campa4: folds 
deiraisetonuts: raises 200 to 400
bistebis: folds 
CrocooDeal: folds 
Uncalled bet (200) returned to deiraisetonuts
deiraisetonuts collected 650 from pot
deiraisetonuts: doesn't show hand 
*** SUMMARY ***
Total pot 650 | Rake 0 
Seat 1: bistebis (small blind) folded before Flop
Seat 2: CrocooDeal (big blind) folded before Flop
Seat 3: aesmir.fr folded before Flop (didn't bet)
Seat 4: kipitSimple folded before Flop (didn't bet)
Seat 5: campa4 folded before Flop (didn't bet)
Seat 6: deiraisetonuts (button) collected (650)



PokerStars Hand #249110454738: Tournament #3714753620, €13.50+€13.50+€3.00 EUR Hold'em No Limit - Level IV (100/200) - 2024/02/26 17:06:05 BRT [2024/02/26 15:06:05 ET]
Table '3714753620 9' 6-max Seat #1 is the button
Seat 1: bistebis (14031 in chips, €13.50 bounty) 
Seat 2: CrocooDeal (8818 in chips, €13.50 bounty) 
Seat 3: aesmir.fr (9325 in chips, €13.50 bounty) 
Seat 4: kipitSimple (10891 in chips, €13.50 bounty) 
Seat 5: campa4 (7507 in chips, €13.50 bounty) 
Seat 6: deiraisetonuts (9275 in chips, €13.50 bounty) 
bistebis: posts the ante 25
CrocooDeal: posts the ante 25
aesmir.fr: posts the ante 25
kipitSimple: posts the ante 25
campa4: posts the ante 25
deiraisetonuts: posts the ante 25
CrocooDeal: posts small blind 100
aesmir.fr: posts big blind 200
*** HOLE CARDS ***
Dealt to deiraisetonuts [4c Qc]
kipitSimple: folds 
campa4: folds 
deiraisetonuts: raises 200 to 400
bistebis: calls 400
CrocooDeal: folds 
aesmir.fr: folds 
*** FLOP *** [9s Js 7d]
deiraisetonuts: checks 
bistebis: checks 
*** TURN *** [9s Js 7d] [Jh]
deiraisetonuts: checks 
bistebis: bets 500
deiraisetonuts: folds 
Uncalled bet (500) returned to bistebis
bistebis collected 1250 from pot
bistebis: doesn't show hand 
*** SUMMARY ***
Total pot 1250 | Rake 0 
Board [9s Js 7d Jh]
Seat 1: bistebis (button) collected (1250)
Seat 2: CrocooDeal (small blind) folded before Flop
Seat 3: aesmir.fr (big blind) folded before Flop
Seat 4: kipitSimple folded before Flop (didn't bet)
Seat 5: campa4 folded before Flop (didn't bet)
Seat 6: deiraisetonuts folded on the Turn



PokerStars Hand #249110492921: Tournament #3714753620, €13.50+€13.50+€3.00 EUR Hold'em No Limit - Level IV (100/200) - 2024/02/26 17:07:43 BRT [2024/02/26 15:07:43 ET]
Table '3714753620 9' 6-max Seat #2 is the button
Seat 1: bistebis (14856 in chips, €13.50 bounty) 
Seat 2: CrocooDeal (8693 in chips, €13.50 bounty) 
Seat 3: aesmir.fr (9100 in chips, €13.50 bounty) 
Seat 4: kipitSimple (10866 in chips, €13.50 bounty) 
Seat 5: campa4 (7482 in chips, €13.50 bounty) 
Seat 6: deiraisetonuts (8850 in chips, €13.50 bounty) 
bistebis: posts the ante 25
CrocooDeal: posts the ante 25
aesmir.fr: posts the ante 25
kipitSimple: posts the ante 25
campa4: posts the ante 25
deiraisetonuts: posts the ante 25
aesmir.fr: posts small blind 100
kipitSimple: posts big blind 200
*** HOLE CARDS ***
Dealt to deiraisetonuts [8s Js]
campa4: folds 
deiraisetonuts: raises 200 to 400
bistebis: folds 
CrocooDeal: calls 400
aesmir.fr: folds 
kipitSimple: folds 
*** FLOP *** [2s 7d Qs]
deiraisetonuts: checks 
CrocooDeal: bets 325
deiraisetonuts: raises 1047 to 1372
CrocooDeal: calls 1047
*** TURN *** [2s 7d Qs] [8c]
deiraisetonuts: checks 
CrocooDeal: bets 1038
deiraisetonuts: calls 1038
*** RIVER *** [2s 7d Qs 8c] [3h]
deiraisetonuts: checks 
CrocooDeal: bets 5858 and is all-in
deiraisetonuts: calls 5858
*** SHOW DOWN ***
CrocooDeal: shows [Qh Ac] (a pair of Queens)
deiraisetonuts: shows [8s Js] (a pair of Eights)
CrocooDeal collected 17786 from pot
*** SUMMARY ***
Total pot 17786 | Rake 0 
Board [2s 7d Qs 8c 3h]
Seat 1: bistebis folded before Flop (didn't bet)
Seat 2: CrocooDeal (button) showed [Qh Ac] and won (17786) with a pair of Queens
Seat 3: aesmir.fr (small blind) folded before Flop
Seat 4: kipitSimple (big blind) folded before Flop
Seat 5: campa4 folded before Flop (didn't bet)
Seat 6: deiraisetonuts showed [8s Js] and lost with a pair of Eights



PokerStars Hand #249110556409: Tournament #3714753620, €13.50+€13.50+€3.00 EUR Hold'em No Limit - Level IV (100/200) - 2024/02/26 17:10:28 BRT [2024/02/26 15:10:28 ET]
Table '3714753620 9' 6-max Seat #3 is the button
Seat 1: bistebis (14831 in chips, €13.50 bounty) 
Seat 2: CrocooDeal (17786 in chips, €13.50 bounty) 
Seat 3: aesmir.fr (8975 in chips, €13.50 bounty) 
Seat 4: kipitSimple (10641 in chips, €13.50 bounty) 
Seat 5: campa4 (7457 in chips, €13.50 bounty) 
Seat 6: deiraisetonuts (157 in chips, €13.50 bounty) 
bistebis: posts the ante 25
CrocooDeal: posts the ante 25
aesmir.fr: posts the ante 25
kipitSimple: posts the ante 25
campa4: posts the ante 25
deiraisetonuts: posts the ante 25
kipitSimple: posts small blind 100
campa4: posts big blind 200
*** HOLE CARDS ***
Dealt to deiraisetonuts [5h 5s]
deiraisetonuts: calls 132 and is all-in
bistebis: folds 
CrocooDeal: raises 200 to 400
aesmir.fr: calls 400
kipitSimple: folds 
campa4: folds 
*** FLOP *** [2h 8h 3s]
CrocooDeal: bets 559
aesmir.fr: calls 559
*** TURN *** [2h 8h 3s] [Ad]
CrocooDeal: checks 
aesmir.fr: bets 1000
CrocooDeal: folds 
Uncalled bet (1000) returned to aesmir.fr
*** RIVER *** [2h 8h 3s Ad] [As]
*** SHOW DOWN ***
aesmir.fr: shows [Ac 6c] (three of a kind, Aces)
aesmir.fr collected 1722 from side pot
deiraisetonuts: shows [5h 5s] (two pair, Aces and Fives)
aesmir.fr collected 778 from main pot
aesmir.fr wins €6.75 for eliminating deiraisetonuts and their own bounty increases by €6.75 to €20.25
deiraisetonuts finished the tournament
*** SUMMARY ***
Total pot 2500 Main pot 778. Side pot 1722. | Rake 0 
Board [2h 8h 3s Ad As]
Seat 1: bistebis folded before Flop (didn't bet)
Seat 2: CrocooDeal folded on the Turn
Seat 3: aesmir.fr (button) showed [Ac 6c] and won (2500) with three of a kind, Aces
Seat 4: kipitSimple (small blind) folded before Flop
Seat 5: campa4 (big blind) folded before Flop
Seat 6: deiraisetonuts showed [5h 5s] and lost with two pair, Aces and Fives



