Poker Hand #TM326347702: Tournament #208374934, 259-M: $150 GGMasters Festival Edition, $1M GTD [2-Day] Hold'em No Limit - Level15(300/600) - 2025/06/01 22:21:46
Table '464' 8-max Seat #5 is the button
Seat 1: d419a48 (48,537 in chips)
Seat 2: dcffd9da (8,283 in chips)
Seat 3: 6753171c (14,875 in chips)
Seat 4: 577224d8 (12,361 in chips)
Seat 5: b35d4d3a (16,385 in chips)
Seat 6: Hero (5,801 in chips)
Seat 7: ee3f8a98 (9,775 in chips)
Seat 8: 5f2b3259 (15,788 in chips)
dcffd9da: posts the ante 75
ee3f8a98: posts the ante 75
6753171c: posts the ante 75
d419a48: posts the ante 75
Hero: posts the ante 75
5f2b3259: posts the ante 75
b35d4d3a: posts the ante 75
577224d8: posts the ante 75
Hero: posts small blind 300
ee3f8a98: posts big blind 600
*** HOLE CARDS ***
Dealt to d419a48 
Dealt to dcffd9da 
Dealt to 6753171c 
Dealt to 577224d8 
Dealt to b35d4d3a 
Dealt to Hero [Kd Qh]
Dealt to ee3f8a98 
Dealt to 5f2b3259 
5f2b3259: folds
d419a48: folds
dcffd9da: raises 600 to 1,200
6753171c: folds
577224d8: folds
b35d4d3a: folds
Hero: raises 4,526 to 5,726
ee3f8a98: folds
dcffd9da: calls 4,526
Hero: shows [Kd Qh]
dcffd9da: shows [Qs Ah]
*** FLOP *** [9d As 7d]
*** TURN *** [9d As 7d] [Qc]
*** RIVER *** [9d As 7d Qc] [3c]
*** SHOWDOWN ***
dcffd9da collected 12,652 from pot
*** SUMMARY ***
Total pot 12,652 | Rake 0 | Jackpot 0 | Bingo 0 | Fortune 0 | Tax 0
Board [9d As 7d Qc 3c]
Seat 1: d419a48 folded before Flop
Seat 2: dcffd9da showed [Qs Ah] and won (12,652) with two pair, Aces and Queens
Seat 3: 6753171c folded before Flop
Seat 4: 577224d8 folded before Flop
Seat 5: b35d4d3a (button) folded before Flop
Seat 6: Hero (small blind) showed [Kd Qh] and lost with a pair of Queens
Seat 7: ee3f8a98 (big blind) folded before Flop
Seat 8: 5f2b3259 folded before Flop


Poker Hand #TM326347609: Tournament #208374934, 259-M: $150 GGMasters Festival Edition, $1M GTD [2-Day] Hold'em No Limit - Level15(300/600) - 2025/06/01 22:20:47
Table '464' 8-max Seat #4 is the button
Seat 1: d419a48 (48,612 in chips)
Seat 2: dcffd9da (8,358 in chips)
Seat 3: 6753171c (14,950 in chips)
Seat 4: 577224d8 (12,436 in chips)
Seat 5: b35d4d3a (15,260 in chips)
Seat 6: Hero (6,476 in chips)
Seat 7: ee3f8a98 (9,850 in chips)
Seat 8: 5f2b3259 (15,863 in chips)
dcffd9da: posts the ante 75
ee3f8a98: posts the ante 75
6753171c: posts the ante 75
d419a48: posts the ante 75
Hero: posts the ante 75
5f2b3259: posts the ante 75
577224d8: posts the ante 75
b35d4d3a: posts the ante 75
b35d4d3a: posts small blind 300
Hero: posts big blind 600
*** HOLE CARDS ***
Dealt to d419a48 
Dealt to dcffd9da 
Dealt to 6753171c 
Dealt to 577224d8 
Dealt to b35d4d3a 
Dealt to Hero [Kd 2d]
Dealt to ee3f8a98 
Dealt to 5f2b3259 
ee3f8a98: folds
5f2b3259: folds
d419a48: folds
dcffd9da: folds
6753171c: folds
577224d8: folds
b35d4d3a: raises 14,585 to 15,185
Hero: folds
Uncalled bet (14,585) returned to b35d4d3a
*** SHOWDOWN ***
b35d4d3a collected 1,800 from pot
*** SUMMARY ***
Total pot 1,800 | Rake 0 | Jackpot 0 | Bingo 0 | Fortune 0 | Tax 0
Seat 1: d419a48 folded before Flop
Seat 2: dcffd9da folded before Flop
Seat 3: 6753171c folded before Flop
Seat 4: 577224d8 (button) folded before Flop
Seat 5: b35d4d3a (small blind) collected (1,800)
Seat 6: Hero (big blind) folded before Flop
Seat 7: ee3f8a98 folded before Flop
Seat 8: 5f2b3259 folded before Flop


Poker Hand #TM326347558: Tournament #208374934, 259-M: $150 GGMasters Festival Edition, $1M GTD [2-Day] Hold'em No Limit - Level15(300/600) - 2025/06/01 22:20:15
Table '464' 8-max Seat #3 is the button
Seat 1: d419a48 (48,687 in chips)
Seat 2: dcffd9da (8,433 in chips)
Seat 3: 6753171c (15,025 in chips)
Seat 4: 577224d8 (12,811 in chips)
Seat 5: b35d4d3a (14,435 in chips)
Seat 6: Hero (6,551 in chips)
Seat 7: ee3f8a98 (9,925 in chips)
Seat 8: 5f2b3259 (15,938 in chips)
dcffd9da: posts the ante 75
ee3f8a98: posts the ante 75
6753171c: posts the ante 75
d419a48: posts the ante 75
Hero: posts the ante 75
5f2b3259: posts the ante 75
b35d4d3a: posts the ante 75
577224d8: posts the ante 75
577224d8: posts small blind 300
b35d4d3a: posts big blind 600
*** HOLE CARDS ***
Dealt to d419a48 
Dealt to dcffd9da 
Dealt to 6753171c 
Dealt to 577224d8 
Dealt to b35d4d3a 
Dealt to Hero [3s 4d]
Dealt to ee3f8a98 
Dealt to 5f2b3259 
Hero: folds
ee3f8a98: folds
5f2b3259: folds
d419a48: folds
dcffd9da: folds
6753171c: folds
577224d8: folds
Uncalled bet (300) returned to b35d4d3a
*** SHOWDOWN ***
b35d4d3a collected 1,200 from pot
*** SUMMARY ***
Total pot 1,200 | Rake 0 | Jackpot 0 | Bingo 0 | Fortune 0 | Tax 0
Seat 1: d419a48 folded before Flop
Seat 2: dcffd9da folded before Flop
Seat 3: 6753171c (button) folded before Flop
Seat 4: 577224d8 (small blind) folded before Flop
Seat 5: b35d4d3a (big blind) collected (1,200)
Seat 6: Hero folded before Flop
Seat 7: ee3f8a98 folded before Flop
Seat 8: 5f2b3259 folded before Flop


Poker Hand #TM326347506: Tournament #208374934, 259-M: $150 GGMasters Festival Edition, $1M GTD [2-Day] Hold'em No Limit - Level15(300/600) - 2025/06/01 22:19:41
Table '464' 8-max Seat #2 is the button
Seat 1: d419a48 (48,762 in chips)
Seat 2: dcffd9da (8,508 in chips)
Seat 3: 6753171c (15,400 in chips)
Seat 4: 577224d8 (13,486 in chips)
Seat 5: b35d4d3a (14,510 in chips)
Seat 6: Hero (6,626 in chips)
Seat 7: ee3f8a98 (10,000 in chips)
Seat 8: 5f2b3259 (14,513 in chips)
dcffd9da: posts the ante 75
ee3f8a98: posts the ante 75
d419a48: posts the ante 75
6753171c: posts the ante 75
Hero: posts the ante 75
5f2b3259: posts the ante 75
b35d4d3a: posts the ante 75
577224d8: posts the ante 75
6753171c: posts small blind 300
577224d8: posts big blind 600
*** HOLE CARDS ***
Dealt to d419a48 
Dealt to dcffd9da 
Dealt to 6753171c 
Dealt to 577224d8 
Dealt to b35d4d3a 
Dealt to Hero [4h Qd]
Dealt to ee3f8a98 
Dealt to 5f2b3259 
b35d4d3a: folds
Hero: folds
ee3f8a98: folds
5f2b3259: raises 600 to 1,200
d419a48: folds
dcffd9da: folds
6753171c: folds
577224d8: folds
Uncalled bet (600) returned to 5f2b3259
*** SHOWDOWN ***
5f2b3259 collected 2,100 from pot
*** SUMMARY ***
Total pot 2,100 | Rake 0 | Jackpot 0 | Bingo 0 | Fortune 0 | Tax 0
Seat 1: d419a48 folded before Flop
Seat 2: dcffd9da (button) folded before Flop
Seat 3: 6753171c (small blind) folded before Flop
Seat 4: 577224d8 (big blind) folded before Flop
Seat 5: b35d4d3a folded before Flop
Seat 6: Hero folded before Flop
Seat 7: ee3f8a98 folded before Flop
Seat 8: 5f2b3259 collected (2,100)


Poker Hand #TM326347470: Tournament #208374934, 259-M: $150 GGMasters Festival Edition, $1M GTD [2-Day] Hold'em No Limit - Level15(300/600) - 2025/06/01 22:19:18
Table '464' 8-max Seat #1 is the button
Seat 1: d419a48 (48,837 in chips)
Seat 2: dcffd9da (8,883 in chips)
Seat 3: 6753171c (16,075 in chips)
Seat 4: 577224d8 (12,061 in chips)
Seat 5: b35d4d3a (14,585 in chips)
Seat 6: Hero (6,701 in chips)
Seat 7: ee3f8a98 (10,075 in chips)
Seat 8: 5f2b3259 (14,588 in chips)
dcffd9da: posts the ante 75
ee3f8a98: posts the ante 75
d419a48: posts the ante 75
6753171c: posts the ante 75
Hero: posts the ante 75
5f2b3259: posts the ante 75
b35d4d3a: posts the ante 75
577224d8: posts the ante 75
dcffd9da: posts small blind 300
6753171c: posts big blind 600
*** HOLE CARDS ***
Dealt to d419a48 
Dealt to dcffd9da 
Dealt to 6753171c 
Dealt to 577224d8 
Dealt to b35d4d3a 
Dealt to Hero [2c 9d]
Dealt to ee3f8a98 
Dealt to 5f2b3259 
577224d8: raises 600 to 1,200
b35d4d3a: folds
Hero: folds
ee3f8a98: folds
5f2b3259: folds
d419a48: folds
dcffd9da: folds
6753171c: folds
Uncalled bet (600) returned to 577224d8
*** SHOWDOWN ***
577224d8 collected 2,100 from pot
*** SUMMARY ***
Total pot 2,100 | Rake 0 | Jackpot 0 | Bingo 0 | Fortune 0 | Tax 0
Seat 1: d419a48 (button) folded before Flop
Seat 2: dcffd9da (small blind) folded before Flop
Seat 3: 6753171c (big blind) folded before Flop
Seat 4: 577224d8 collected (2,100)
Seat 5: b35d4d3a folded before Flop
Seat 6: Hero folded before Flop
Seat 7: ee3f8a98 folded before Flop
Seat 8: 5f2b3259 folded before Flop


Poker Hand #TM326347429: Tournament #208374934, 259-M: $150 GGMasters Festival Edition, $1M GTD [2-Day] Hold'em No Limit - Level15(300/600) - 2025/06/01 22:18:49
Table '464' 8-max Seat #8 is the button
Seat 1: d419a48 (49,212 in chips)
Seat 2: dcffd9da (9,558 in chips)
Seat 3: 6753171c (16,150 in chips)
Seat 4: 577224d8 (12,136 in chips)
Seat 5: b35d4d3a (14,660 in chips)
Seat 6: Hero (6,776 in chips)
Seat 7: ee3f8a98 (8,650 in chips)
Seat 8: 5f2b3259 (14,663 in chips)
dcffd9da: posts the ante 75
ee3f8a98: posts the ante 75
6753171c: posts the ante 75
d419a48: posts the ante 75
Hero: posts the ante 75
5f2b3259: posts the ante 75
b35d4d3a: posts the ante 75
577224d8: posts the ante 75
d419a48: posts small blind 300
dcffd9da: posts big blind 600
*** HOLE CARDS ***
Dealt to d419a48 
Dealt to dcffd9da 
Dealt to 6753171c 
Dealt to 577224d8 
Dealt to b35d4d3a 
Dealt to Hero [2s Ks]
Dealt to ee3f8a98 
Dealt to 5f2b3259 
6753171c: folds
577224d8: folds
b35d4d3a: folds
Hero: folds
ee3f8a98: raises 7,975 to 8,575
5f2b3259: folds
d419a48: folds
dcffd9da: folds
Uncalled bet (7,975) returned to ee3f8a98
*** SHOWDOWN ***
ee3f8a98 collected 2,100 from pot
*** SUMMARY ***
Total pot 2,100 | Rake 0 | Jackpot 0 | Bingo 0 | Fortune 0 | Tax 0
Seat 1: d419a48 (small blind) folded before Flop
Seat 2: dcffd9da (big blind) folded before Flop
Seat 3: 6753171c folded before Flop
Seat 4: 577224d8 folded before Flop
Seat 5: b35d4d3a folded before Flop
Seat 6: Hero folded before Flop
Seat 7: ee3f8a98 collected (2,100)
Seat 8: 5f2b3259 (button) folded before Flop


Poker Hand #TM326347385: Tournament #208374934, 259-M: $150 GGMasters Festival Edition, $1M GTD [2-Day] Hold'em No Limit - Level15(300/600) - 2025/06/01 22:18:17
Table '464' 8-max Seat #7 is the button
Seat 1: d419a48 (49,887 in chips)
Seat 2: dcffd9da (8,133 in chips)
Seat 3: 6753171c (16,225 in chips)
Seat 4: 577224d8 (12,211 in chips)
Seat 5: b35d4d3a (14,735 in chips)
Seat 6: Hero (6,851 in chips)
Seat 7: ee3f8a98 (8,725 in chips)
Seat 8: 5f2b3259 (15,038 in chips)
dcffd9da: posts the ante 75
ee3f8a98: posts the ante 75
6753171c: posts the ante 75
d419a48: posts the ante 75
Hero: posts the ante 75
5f2b3259: posts the ante 75
b35d4d3a: posts the ante 75
577224d8: posts the ante 75
5f2b3259: posts small blind 300
d419a48: posts big blind 600
*** HOLE CARDS ***
Dealt to d419a48 
Dealt to dcffd9da 
Dealt to 6753171c 
Dealt to 577224d8 
Dealt to b35d4d3a 
Dealt to Hero [3d Ks]
Dealt to ee3f8a98 
Dealt to 5f2b3259 
dcffd9da: raises 600 to 1,200
6753171c: folds
577224d8: folds
b35d4d3a: folds
Hero: folds
ee3f8a98: folds
5f2b3259: folds
d419a48: folds
Uncalled bet (600) returned to dcffd9da
*** SHOWDOWN ***
dcffd9da collected 2,100 from pot
*** SUMMARY ***
Total pot 2,100 | Rake 0 | Jackpot 0 | Bingo 0 | Fortune 0 | Tax 0
Seat 1: d419a48 (big blind) folded before Flop
Seat 2: dcffd9da collected (2,100)
Seat 3: 6753171c folded before Flop
Seat 4: 577224d8 folded before Flop
Seat 5: b35d4d3a folded before Flop
Seat 6: Hero folded before Flop
Seat 7: ee3f8a98 (button) folded before Flop
Seat 8: 5f2b3259 (small blind) folded before Flop


Poker Hand #TM326347344: Tournament #208374934, 259-M: $150 GGMasters Festival Edition, $1M GTD [2-Day] Hold'em No Limit - Level15(300/600) - 2025/06/01 22:17:47
Table '464' 8-max Seat #6 is the button
Seat 1: d419a48 (49,962 in chips)
Seat 2: dcffd9da (6,708 in chips)
Seat 3: 6753171c (16,300 in chips)
Seat 4: 577224d8 (12,286 in chips)
Seat 5: b35d4d3a (14,810 in chips)
Seat 6: Hero (6,926 in chips)
Seat 7: ee3f8a98 (9,100 in chips)
Seat 8: 5f2b3259 (15,713 in chips)
dcffd9da: posts the ante 75
ee3f8a98: posts the ante 75
6753171c: posts the ante 75
d419a48: posts the ante 75
Hero: posts the ante 75
5f2b3259: posts the ante 75
b35d4d3a: posts the ante 75
577224d8: posts the ante 75
ee3f8a98: posts small blind 300
5f2b3259: posts big blind 600
*** HOLE CARDS ***
Dealt to d419a48 
Dealt to dcffd9da 
Dealt to 6753171c 
Dealt to 577224d8 
Dealt to b35d4d3a 
Dealt to Hero [8d Ks]
Dealt to ee3f8a98 
Dealt to 5f2b3259 
d419a48: folds
dcffd9da: raises 600 to 1,200
6753171c: folds
577224d8: folds
b35d4d3a: folds
Hero: folds
ee3f8a98: folds
5f2b3259: folds
Uncalled bet (600) returned to dcffd9da
*** SHOWDOWN ***
dcffd9da collected 2,100 from pot
*** SUMMARY ***
Total pot 2,100 | Rake 0 | Jackpot 0 | Bingo 0 | Fortune 0 | Tax 0
Seat 1: d419a48 folded before Flop
Seat 2: dcffd9da collected (2,100)
Seat 3: 6753171c folded before Flop
Seat 4: 577224d8 folded before Flop
Seat 5: b35d4d3a folded before Flop
Seat 6: Hero (button) folded before Flop
Seat 7: ee3f8a98 (small blind) folded before Flop
Seat 8: 5f2b3259 (big blind) folded before Flop


Poker Hand #TM326347291: Tournament #208374934, 259-M: $150 GGMasters Festival Edition, $1M GTD [2-Day] Hold'em No Limit - Level15(300/600) - 2025/06/01 22:17:19
Table '464' 8-max Seat #5 is the button
Seat 1: d419a48 (50,037 in chips)
Seat 2: dcffd9da (6,783 in chips)
Seat 3: 6753171c (16,375 in chips)
Seat 4: 577224d8 (12,361 in chips)
Seat 5: b35d4d3a (14,885 in chips)
Seat 6: Hero (7,301 in chips)
Seat 7: ee3f8a98 (9,775 in chips)
Seat 8: 5f2b3259 (14,288 in chips)
dcffd9da: posts the ante 75
ee3f8a98: posts the ante 75
6753171c: posts the ante 75
d419a48: posts the ante 75
Hero: posts the ante 75
5f2b3259: posts the ante 75
b35d4d3a: posts the ante 75
577224d8: posts the ante 75
Hero: posts small blind 300
ee3f8a98: posts big blind 600
*** HOLE CARDS ***
Dealt to d419a48 
Dealt to dcffd9da 
Dealt to 6753171c 
Dealt to 577224d8 
Dealt to b35d4d3a 
Dealt to Hero [2h 4d]
Dealt to ee3f8a98 
Dealt to 5f2b3259 
5f2b3259: raises 600 to 1,200
d419a48: folds
dcffd9da: folds
6753171c: folds
577224d8: folds
b35d4d3a: folds
Hero: folds
ee3f8a98: folds
Uncalled bet (600) returned to 5f2b3259
*** SHOWDOWN ***
5f2b3259 collected 2,100 from pot
*** SUMMARY ***
Total pot 2,100 | Rake 0 | Jackpot 0 | Bingo 0 | Fortune 0 | Tax 0
Seat 1: d419a48 folded before Flop
Seat 2: dcffd9da folded before Flop
Seat 3: 6753171c folded before Flop
Seat 4: 577224d8 folded before Flop
Seat 5: b35d4d3a (button) folded before Flop
Seat 6: Hero (small blind) folded before Flop
Seat 7: ee3f8a98 (big blind) folded before Flop
Seat 8: 5f2b3259 collected (2,100)


Poker Hand #TM326347073: Tournament #208374934, 259-M: $150 GGMasters Festival Edition, $1M GTD [2-Day] Hold'em No Limit - Level15(300/600) - 2025/06/01 22:14:55
Table '464' 8-max Seat #4 is the button
Seat 1: d419a48 (37,017 in chips)
Seat 2: dcffd9da (6,858 in chips)
Seat 3: 6753171c (16,450 in chips)
Seat 4: 577224d8 (12,436 in chips)
Seat 5: b35d4d3a (15,260 in chips)
Seat 6: Hero (7,976 in chips)
Seat 7: ee3f8a98 (9,850 in chips)
Seat 8: 5f2b3259 (25,958 in chips)
dcffd9da: posts the ante 75
ee3f8a98: posts the ante 75
6753171c: posts the ante 75
d419a48: posts the ante 75
Hero: posts the ante 75
5f2b3259: posts the ante 75
577224d8: posts the ante 75
b35d4d3a: posts the ante 75
b35d4d3a: posts small blind 300
Hero: posts big blind 600
*** HOLE CARDS ***
Dealt to d419a48 
Dealt to dcffd9da 
Dealt to 6753171c 
Dealt to 577224d8 
Dealt to b35d4d3a 
Dealt to Hero [7h 5h]
Dealt to ee3f8a98 
Dealt to 5f2b3259 
ee3f8a98: folds
5f2b3259: raises 600 to 1,200
d419a48: raises 2,400 to 3,600
dcffd9da: folds
6753171c: folds
577224d8: folds
b35d4d3a: folds
Hero: folds
5f2b3259: calls 2,400
*** FLOP *** [3c Th 2c]
5f2b3259: checks
d419a48: bets 3,480
5f2b3259: calls 3,480
*** TURN *** [3c Th 2c] [As]
5f2b3259: checks
d419a48: bets 4,515
5f2b3259: calls 4,515
*** RIVER *** [3c Th 2c As] [7d]
5f2b3259: checks
d419a48: bets 25,347
5f2b3259: folds
Uncalled bet (25,347) returned to d419a48
*** SHOWDOWN ***
d419a48 collected 24,690 from pot
*** SUMMARY ***
Total pot 24,690 | Rake 0 | Jackpot 0 | Bingo 0 | Fortune 0 | Tax 0
Board [3c Th 2c As 7d]
Seat 1: d419a48 won (24,690)
Seat 2: dcffd9da folded before Flop
Seat 3: 6753171c folded before Flop
Seat 4: 577224d8 (button) folded before Flop
Seat 5: b35d4d3a (small blind) folded before Flop
Seat 6: Hero (big blind) folded before Flop
Seat 7: ee3f8a98 folded before Flop
Seat 8: 5f2b3259 folded on the River


Poker Hand #TM326346969: Tournament #208374934, 259-M: $150 GGMasters Festival Edition, $1M GTD [2-Day] Hold'em No Limit - Level15(300/600) - 2025/06/01 22:13:54
Table '464' 8-max Seat #3 is the button
Seat 1: d419a48 (37,092 in chips)
Seat 2: dcffd9da (2,754 in chips)
Seat 3: 6753171c (16,525 in chips)
Seat 4: 577224d8 (12,811 in chips)
Seat 5: b35d4d3a (15,935 in chips)
Seat 6: Hero (10,730 in chips)
Seat 7: ee3f8a98 (9,925 in chips)
Seat 8: 5f2b3259 (26,033 in chips)
dcffd9da: posts the ante 75
ee3f8a98: posts the ante 75
6753171c: posts the ante 75
d419a48: posts the ante 75
Hero: posts the ante 75
5f2b3259: posts the ante 75
b35d4d3a: posts the ante 75
577224d8: posts the ante 75
577224d8: posts small blind 300
b35d4d3a: posts big blind 600
*** HOLE CARDS ***
Dealt to d419a48 
Dealt to dcffd9da 
Dealt to 6753171c 
Dealt to 577224d8 
Dealt to b35d4d3a 
Dealt to Hero [Th Ac]
Dealt to ee3f8a98 
Dealt to 5f2b3259 
Hero: raises 600 to 1,200
ee3f8a98: folds
5f2b3259: folds
d419a48: folds
dcffd9da: raises 1,479 to 2,679
6753171c: folds
577224d8: folds
b35d4d3a: folds
Hero: calls 1,479
dcffd9da: shows [4s 4d]
Hero: shows [Th Ac]
*** FLOP *** [Ks Jc 5s]
*** TURN *** [Ks Jc 5s] [4h]
*** RIVER *** [Ks Jc 5s 4h] [5c]
*** SHOWDOWN ***
dcffd9da collected 6,858 from pot
*** SUMMARY ***
Total pot 6,858 | Rake 0 | Jackpot 0 | Bingo 0 | Fortune 0 | Tax 0
Board [Ks Jc 5s 4h 5c]
Seat 1: d419a48 folded before Flop
Seat 2: dcffd9da showed [4s 4d] and won (6,858) with a full house, Fours full of Fives
Seat 3: 6753171c (button) folded before Flop
Seat 4: 577224d8 (small blind) folded before Flop
Seat 5: b35d4d3a (big blind) folded before Flop
Seat 6: Hero showed [Th Ac] and lost with a pair of Fives
Seat 7: ee3f8a98 folded before Flop
Seat 8: 5f2b3259 folded before Flop


Poker Hand #TM326346917: Tournament #208374934, 259-M: $150 GGMasters Festival Edition, $1M GTD [2-Day] Hold'em No Limit - Level15(300/600) - 2025/06/01 22:13:29
Table '464' 8-max Seat #2 is the button
Seat 1: d419a48 (37,167 in chips)
Seat 2: dcffd9da (2,829 in chips)
Seat 3: 6753171c (16,900 in chips)
Seat 4: 577224d8 (11,986 in chips)
Seat 5: b35d4d3a (16,010 in chips)
Seat 6: Hero (10,805 in chips)
Seat 7: ee3f8a98 (10,000 in chips)
Seat 8: 5f2b3259 (26,108 in chips)
dcffd9da: posts the ante 75
ee3f8a98: posts the ante 75
d419a48: posts the ante 75
6753171c: posts the ante 75
Hero: posts the ante 75
5f2b3259: posts the ante 75
b35d4d3a: posts the ante 75
577224d8: posts the ante 75
6753171c: posts small blind 300
577224d8: posts big blind 600
*** HOLE CARDS ***
Dealt to d419a48 
Dealt to dcffd9da 
Dealt to 6753171c 
Dealt to 577224d8 
Dealt to b35d4d3a 
Dealt to Hero [8c 4s]
Dealt to ee3f8a98 
Dealt to 5f2b3259 
b35d4d3a: folds
Hero: folds
ee3f8a98: folds
5f2b3259: folds
d419a48: folds
dcffd9da: folds
6753171c: folds
Uncalled bet (300) returned to 577224d8
*** SHOWDOWN ***
577224d8 collected 1,200 from pot
*** SUMMARY ***
Total pot 1,200 | Rake 0 | Jackpot 0 | Bingo 0 | Fortune 0 | Tax 0
Seat 1: d419a48 folded before Flop
Seat 2: dcffd9da (button) folded before Flop
Seat 3: 6753171c (small blind) folded before Flop
Seat 4: 577224d8 (big blind) collected (1,200)
Seat 5: b35d4d3a folded before Flop
Seat 6: Hero folded before Flop
Seat 7: ee3f8a98 folded before Flop
Seat 8: 5f2b3259 folded before Flop


Poker Hand #TM326346768: Tournament #208374934, 259-M: $150 GGMasters Festival Edition, $1M GTD [2-Day] Hold'em No Limit - Level15(300/600) - 2025/06/01 22:11:44
Table '464' 8-max Seat #1 is the button
Seat 1: d419a48 (32,217 in chips)
Seat 2: dcffd9da (3,204 in chips)
Seat 3: 6753171c (18,175 in chips)
Seat 4: 577224d8 (12,061 in chips)
Seat 5: b35d4d3a (16,085 in chips)
Seat 6: Hero (10,880 in chips)
Seat 8: 5f2b3259 (29,183 in chips)
dcffd9da: posts the ante 75
d419a48: posts the ante 75
6753171c: posts the ante 75
Hero: posts the ante 75
5f2b3259: posts the ante 75
b35d4d3a: posts the ante 75
577224d8: posts the ante 75
dcffd9da: posts small blind 300
6753171c: posts big blind 600
*** HOLE CARDS ***
Dealt to d419a48 
Dealt to dcffd9da 
Dealt to 6753171c 
Dealt to 577224d8 
Dealt to b35d4d3a 
Dealt to Hero [6c Ah]
Dealt to 5f2b3259 
577224d8: folds
b35d4d3a: folds
Hero: folds
5f2b3259: raises 600 to 1,200
d419a48: calls 1,200
dcffd9da: folds
6753171c: calls 600
*** FLOP *** [Js 5c 5h]
6753171c: checks
5f2b3259: bets 1,800
d419a48: calls 1,800
6753171c: folds
*** TURN *** [Js 5c 5h] [Kh]
5f2b3259: checks
d419a48: checks
*** RIVER *** [Js 5c 5h Kh] [2d]
5f2b3259: checks
d419a48: bets 4,800
5f2b3259: folds
Uncalled bet (4,800) returned to d419a48
*** SHOWDOWN ***
d419a48 collected 8,025 from pot
*** SUMMARY ***
Total pot 8,025 | Rake 0 | Jackpot 0 | Bingo 0 | Fortune 0 | Tax 0
Board [Js 5c 5h Kh 2d]
Seat 1: d419a48 (button) won (8,025)
Seat 2: dcffd9da (small blind) folded before Flop
Seat 3: 6753171c (big blind) folded on the Flop
Seat 4: 577224d8 folded before Flop
Seat 5: b35d4d3a folded before Flop
Seat 6: Hero folded before Flop
Seat 8: 5f2b3259 folded on the River


Poker Hand #TM326346632: Tournament #208374934, 259-M: $150 GGMasters Festival Edition, $1M GTD [2-Day] Hold'em No Limit - Level14(250/500) - 2025/06/01 22:10:19
Table '464' 8-max Seat #8 is the button
Seat 1: d419a48 (29,889 in chips)
Seat 2: dcffd9da (5,232 in chips)
Seat 3: 6753171c (18,235 in chips)
Seat 4: 577224d8 (12,121 in chips)
Seat 5: b35d4d3a (16,145 in chips)
Seat 6: Hero (10,940 in chips)
Seat 8: 5f2b3259 (29,243 in chips)
dcffd9da: posts the ante 60
6753171c: posts the ante 60
d419a48: posts the ante 60
Hero: posts the ante 60
5f2b3259: posts the ante 60
b35d4d3a: posts the ante 60
577224d8: posts the ante 60
d419a48: posts small blind 250
dcffd9da: posts big blind 500
*** HOLE CARDS ***
Dealt to d419a48 
Dealt to dcffd9da 
Dealt to 6753171c 
Dealt to 577224d8 
Dealt to b35d4d3a 
Dealt to Hero [Jc 6h]
Dealt to 5f2b3259 
6753171c: folds
577224d8: folds
b35d4d3a: folds
Hero: folds
5f2b3259: folds
d419a48: calls 250
dcffd9da: checks
*** FLOP *** [3c Ts Tc]
d419a48: bets 500
dcffd9da: calls 500
*** TURN *** [3c Ts Tc] [7h]
d419a48: bets 968
dcffd9da: calls 968
*** RIVER *** [3c Ts Tc 7h] [8s]
d419a48: checks
dcffd9da: checks
d419a48: shows [4c 8c] (two pair, Tens and Eights)
dcffd9da: shows [3s 2c] (two pair, Tens and Threes)
*** SHOWDOWN ***
d419a48 collected 4,356 from pot
*** SUMMARY ***
Total pot 4,356 | Rake 0 | Jackpot 0 | Bingo 0 | Fortune 0 | Tax 0
Board [3c Ts Tc 7h 8s]
Seat 1: d419a48 (small blind) showed [4c 8c] and won (4,356) with two pair, Tens and Eights
Seat 2: dcffd9da (big blind) showed [3s 2c] and lost with two pair, Tens and Threes
Seat 3: 6753171c folded before Flop
Seat 4: 577224d8 folded before Flop
Seat 5: b35d4d3a folded before Flop
Seat 6: Hero folded before Flop
Seat 8: 5f2b3259 (button) folded before Flop


Poker Hand #TM326346572: Tournament #208374934, 259-M: $150 GGMasters Festival Edition, $1M GTD [2-Day] Hold'em No Limit - Level14(250/500) - 2025/06/01 22:09:41
Table '464' 8-max Seat #6 is the button
Seat 1: d419a48 (30,449 in chips)
Seat 2: dcffd9da (5,292 in chips)
Seat 3: 6753171c (18,295 in chips)
Seat 4: 577224d8 (12,181 in chips)
Seat 5: b35d4d3a (16,205 in chips)
Seat 6: Hero (11,000 in chips)
Seat 8: 5f2b3259 (28,383 in chips)
dcffd9da: posts the ante 60
6753171c: posts the ante 60
d419a48: posts the ante 60
Hero: posts the ante 60
5f2b3259: posts the ante 60
b35d4d3a: posts the ante 60
577224d8: posts the ante 60
5f2b3259: posts small blind 250
d419a48: posts big blind 500
*** HOLE CARDS ***
Dealt to d419a48 
Dealt to dcffd9da 
Dealt to 6753171c 
Dealt to 577224d8 
Dealt to b35d4d3a 
Dealt to Hero [Jd 6h]
Dealt to 5f2b3259 
dcffd9da: folds
6753171c: folds
577224d8: folds
b35d4d3a: folds
Hero: folds
5f2b3259: calls 250
d419a48: checks
*** FLOP *** [Qd As 8h]
5f2b3259: bets 500
d419a48: folds
Uncalled bet (500) returned to 5f2b3259
*** SHOWDOWN ***
5f2b3259 collected 1,420 from pot
*** SUMMARY ***
Total pot 1,420 | Rake 0 | Jackpot 0 | Bingo 0 | Fortune 0 | Tax 0
Board [Qd As 8h]
Seat 1: d419a48 (big blind) folded on the Flop
Seat 2: dcffd9da folded before Flop
Seat 3: 6753171c folded before Flop
Seat 4: 577224d8 folded before Flop
Seat 5: b35d4d3a folded before Flop
Seat 6: Hero (button) folded before Flop
Seat 8: 5f2b3259 (small blind) won (1,420)


Poker Hand #TM326346438: Tournament #208374934, 259-M: $150 GGMasters Festival Edition, $1M GTD [2-Day] Hold'em No Limit - Level14(250/500) - 2025/06/01 22:08:23
Table '464' 8-max Seat #5 is the button
Seat 1: d419a48 (25,711 in chips)
Seat 2: dcffd9da (5,352 in chips)
Seat 3: 6753171c (18,355 in chips)
Seat 4: 577224d8 (15,869 in chips)
Seat 5: b35d4d3a (16,265 in chips)
Seat 6: Hero (11,310 in chips)
Seat 8: 5f2b3259 (28,943 in chips)
dcffd9da: posts the ante 60
6753171c: posts the ante 60
d419a48: posts the ante 60
Hero: posts the ante 60
5f2b3259: posts the ante 60
b35d4d3a: posts the ante 60
577224d8: posts the ante 60
Hero: posts small blind 250
5f2b3259: posts big blind 500
*** HOLE CARDS ***
Dealt to d419a48 
Dealt to dcffd9da 
Dealt to 6753171c 
Dealt to 577224d8 
Dealt to b35d4d3a 
Dealt to Hero [9d Ks]
Dealt to 5f2b3259 
d419a48: raises 600 to 1,100
dcffd9da: folds
6753171c: folds
577224d8: calls 1,100
b35d4d3a: folds
Hero: folds
5f2b3259: folds
*** FLOP *** [7s As 2d]
d419a48: checks
577224d8: checks
*** TURN *** [7s As 2d] [Js]
d419a48: bets 2,528
577224d8: calls 2,528
*** RIVER *** [7s As 2d Js] [3d]
d419a48: bets 22,023
577224d8: folds
Uncalled bet (22,023) returned to d419a48
*** SHOWDOWN ***
d419a48 collected 8,426 from pot
*** SUMMARY ***
Total pot 8,426 | Rake 0 | Jackpot 0 | Bingo 0 | Fortune 0 | Tax 0
Board [7s As 2d Js 3d]
Seat 1: d419a48 won (8,426)
Seat 2: dcffd9da folded before Flop
Seat 3: 6753171c folded before Flop
Seat 4: 577224d8 folded on the River
Seat 5: b35d4d3a (button) folded before Flop
Seat 6: Hero (small blind) folded before Flop
Seat 8: 5f2b3259 (big blind) folded before Flop


Poker Hand #TM326346375: Tournament #208374934, 259-M: $150 GGMasters Festival Edition, $1M GTD [2-Day] Hold'em No Limit - Level14(250/500) - 2025/06/01 22:07:43
Table '464' 8-max Seat #4 is the button
Seat 1: d419a48 (25,771 in chips)
Seat 2: dcffd9da (5,412 in chips)
Seat 3: 6753171c (18,415 in chips)
Seat 4: 577224d8 (14,759 in chips)
Seat 5: b35d4d3a (16,575 in chips)
Seat 6: Hero (11,870 in chips)
Seat 8: 5f2b3259 (29,003 in chips)
dcffd9da: posts the ante 60
6753171c: posts the ante 60
d419a48: posts the ante 60
Hero: posts the ante 60
5f2b3259: posts the ante 60
577224d8: posts the ante 60
b35d4d3a: posts the ante 60
b35d4d3a: posts small blind 250
Hero: posts big blind 500
*** HOLE CARDS ***
Dealt to d419a48 
Dealt to dcffd9da 
Dealt to 6753171c 
Dealt to 577224d8 
Dealt to b35d4d3a 
Dealt to Hero [8d 3h]
Dealt to 5f2b3259 
5f2b3259: folds
d419a48: folds
dcffd9da: folds
6753171c: folds
577224d8: raises 500 to 1,000
b35d4d3a: folds
Hero: folds
Uncalled bet (500) returned to 577224d8
*** SHOWDOWN ***
577224d8 collected 1,670 from pot
*** SUMMARY ***
Total pot 1,670 | Rake 0 | Jackpot 0 | Bingo 0 | Fortune 0 | Tax 0
Seat 1: d419a48 folded before Flop
Seat 2: dcffd9da folded before Flop
Seat 3: 6753171c folded before Flop
Seat 4: 577224d8 (button) collected (1,670)
Seat 5: b35d4d3a (small blind) folded before Flop
Seat 6: Hero (big blind) folded before Flop
Seat 8: 5f2b3259 folded before Flop


Poker Hand #TM326346316: Tournament #208374934, 259-M: $150 GGMasters Festival Edition, $1M GTD [2-Day] Hold'em No Limit - Level14(250/500) - 2025/06/01 22:07:03
Table '464' 8-max Seat #3 is the button
Seat 1: d419a48 (25,831 in chips)
Seat 2: dcffd9da (2,306 in chips)
Seat 3: 6753171c (18,475 in chips)
Seat 4: 577224d8 (17,065 in chips)
Seat 5: b35d4d3a (17,135 in chips)
Seat 6: Hero (11,930 in chips)
Seat 8: 5f2b3259 (29,063 in chips)
dcffd9da: posts the ante 60
6753171c: posts the ante 60
d419a48: posts the ante 60
Hero: posts the ante 60
5f2b3259: posts the ante 60
b35d4d3a: posts the ante 60
577224d8: posts the ante 60
577224d8: posts small blind 250
b35d4d3a: posts big blind 500
*** HOLE CARDS ***
Dealt to d419a48 
Dealt to dcffd9da 
Dealt to 6753171c 
Dealt to 577224d8 
Dealt to b35d4d3a 
Dealt to Hero [6s 9c]
Dealt to 5f2b3259 
Hero: folds
5f2b3259: folds
d419a48: folds
dcffd9da: raises 1,746 to 2,246
6753171c: folds
577224d8: calls 1,996
b35d4d3a: folds
dcffd9da: shows [Ah 4d]
577224d8: shows [Jd Qs]
*** FLOP *** [Ad 3s 7h]
*** TURN *** [Ad 3s 7h] [Ts]
*** RIVER *** [Ad 3s 7h Ts] [9d]
*** SHOWDOWN ***
dcffd9da collected 5,412 from pot
*** SUMMARY ***
Total pot 5,412 | Rake 0 | Jackpot 0 | Bingo 0 | Fortune 0 | Tax 0
Board [Ad 3s 7h Ts 9d]
Seat 1: d419a48 folded before Flop
Seat 2: dcffd9da showed [Ah 4d] and won (5,412) with a pair of Aces
Seat 3: 6753171c (button) folded before Flop
Seat 4: 577224d8 (small blind) showed [Jd Qs] and lost with Ace high
Seat 5: b35d4d3a (big blind) folded before Flop
Seat 6: Hero folded before Flop
Seat 8: 5f2b3259 folded before Flop


Poker Hand #TM326346268: Tournament #208374934, 259-M: $150 GGMasters Festival Edition, $1M GTD [2-Day] Hold'em No Limit - Level14(250/500) - 2025/06/01 22:06:28
Table '464' 8-max Seat #2 is the button
Seat 1: d419a48 (25,891 in chips)
Seat 2: dcffd9da (2,366 in chips)
Seat 3: 6753171c (18,785 in chips)
Seat 4: 577224d8 (17,625 in chips)
Seat 5: b35d4d3a (18,195 in chips)
Seat 6: Hero (9,820 in chips)
Seat 8: 5f2b3259 (29,123 in chips)
dcffd9da: posts the ante 60
d419a48: posts the ante 60
6753171c: posts the ante 60
Hero: posts the ante 60
5f2b3259: posts the ante 60
b35d4d3a: posts the ante 60
577224d8: posts the ante 60
6753171c: posts small blind 250
577224d8: posts big blind 500
*** HOLE CARDS ***
Dealt to d419a48 
Dealt to dcffd9da 
Dealt to 6753171c 
Dealt to 577224d8 
Dealt to b35d4d3a 
Dealt to Hero [7d 7c]
Dealt to 5f2b3259 
b35d4d3a: raises 500 to 1,000
Hero: raises 1,500 to 2,500
5f2b3259: folds
d419a48: folds
dcffd9da: folds
6753171c: folds
577224d8: folds
b35d4d3a: folds
Uncalled bet (1,500) returned to Hero
*** SHOWDOWN ***
Hero collected 3,170 from pot
*** SUMMARY ***
Total pot 3,170 | Rake 0 | Jackpot 0 | Bingo 0 | Fortune 0 | Tax 0
Seat 1: d419a48 folded before Flop
Seat 2: dcffd9da (button) folded before Flop
Seat 3: 6753171c (small blind) folded before Flop
Seat 4: 577224d8 (big blind) folded before Flop
Seat 5: b35d4d3a folded before Flop
Seat 6: Hero collected (3,170)
Seat 8: 5f2b3259 folded before Flop


Poker Hand #TM326346128: Tournament #208374934, 259-M: $150 GGMasters Festival Edition, $1M GTD [2-Day] Hold'em No Limit - Level14(250/500) - 2025/06/01 22:05:10
Table '464' 8-max Seat #1 is the button
Seat 1: d419a48 (23,781 in chips)
Seat 2: dcffd9da (2,676 in chips)
Seat 3: 6753171c (19,345 in chips)
Seat 4: 577224d8 (17,685 in chips)
Seat 5: b35d4d3a (18,255 in chips)
Seat 6: Hero (9,880 in chips)
Seat 8: 5f2b3259 (30,183 in chips)
dcffd9da: posts the ante 60
d419a48: posts the ante 60
6753171c: posts the ante 60
Hero: posts the ante 60
5f2b3259: posts the ante 60
b35d4d3a: posts the ante 60
577224d8: posts the ante 60
dcffd9da: posts small blind 250
6753171c: posts big blind 500
*** HOLE CARDS ***
Dealt to d419a48 
Dealt to dcffd9da 
Dealt to 6753171c 
Dealt to 577224d8 
Dealt to b35d4d3a 
Dealt to Hero [As 6c]
Dealt to 5f2b3259 
577224d8: folds
b35d4d3a: folds
Hero: folds
5f2b3259: raises 500 to 1,000
d419a48: calls 1,000
dcffd9da: folds
6753171c: folds
*** FLOP *** [4s 6d 3c]
5f2b3259: checks
d419a48: checks
*** TURN *** [4s 6d 3c] [9s]
5f2b3259: checks
d419a48: checks
*** RIVER *** [4s 6d 3c 9s] [Tc]
5f2b3259: checks
d419a48: bets 2,378
5f2b3259: folds
Uncalled bet (2,378) returned to d419a48
*** SHOWDOWN ***
d419a48 collected 3,170 from pot
*** SUMMARY ***
Total pot 3,170 | Rake 0 | Jackpot 0 | Bingo 0 | Fortune 0 | Tax 0
Board [4s 6d 3c 9s Tc]
Seat 1: d419a48 (button) won (3,170)
Seat 2: dcffd9da (small blind) folded before Flop
Seat 3: 6753171c (big blind) folded before Flop
Seat 4: 577224d8 folded before Flop
Seat 5: b35d4d3a folded before Flop
Seat 6: Hero folded before Flop
Seat 8: 5f2b3259 folded on the River


Poker Hand #TM326346064: Tournament #208374934, 259-M: $150 GGMasters Festival Edition, $1M GTD [2-Day] Hold'em No Limit - Level14(250/500) - 2025/06/01 22:04:28
Table '464' 8-max Seat #8 is the button
Seat 1: d419a48 (22,921 in chips)
Seat 2: dcffd9da (3,236 in chips)
Seat 3: 6753171c (19,405 in chips)
Seat 4: 577224d8 (17,745 in chips)
Seat 5: b35d4d3a (18,315 in chips)
Seat 6: Hero (9,940 in chips)
Seat 8: 5f2b3259 (30,243 in chips)
dcffd9da: posts the ante 60
6753171c: posts the ante 60
d419a48: posts the ante 60
Hero: posts the ante 60
5f2b3259: posts the ante 60
b35d4d3a: posts the ante 60
577224d8: posts the ante 60
d419a48: posts small blind 250
dcffd9da: posts big blind 500
*** HOLE CARDS ***
Dealt to d419a48 
Dealt to dcffd9da 
Dealt to 6753171c 
Dealt to 577224d8 
Dealt to b35d4d3a 
Dealt to Hero [4s 7s]
Dealt to 5f2b3259 
6753171c: folds
577224d8: folds
b35d4d3a: folds
Hero: folds
5f2b3259: folds
d419a48: raises 22,361 to 22,861
dcffd9da: folds
Uncalled bet (22,361) returned to d419a48
*** SHOWDOWN ***
d419a48 collected 1,420 from pot
*** SUMMARY ***
Total pot 1,420 | Rake 0 | Jackpot 0 | Bingo 0 | Fortune 0 | Tax 0
Seat 1: d419a48 (small blind) collected (1,420)
Seat 2: dcffd9da (big blind) folded before Flop
Seat 3: 6753171c folded before Flop
Seat 4: 577224d8 folded before Flop
Seat 5: b35d4d3a folded before Flop
Seat 6: Hero folded before Flop
Seat 8: 5f2b3259 (button) folded before Flop


Poker Hand #TM326345943: Tournament #208374934, 259-M: $150 GGMasters Festival Edition, $1M GTD [2-Day] Hold'em No Limit - Level14(250/500) - 2025/06/01 22:03:16
Table '464' 8-max Seat #7 is the button
Seat 1: d419a48 (14,452 in chips)
Seat 2: dcffd9da (3,296 in chips)
Seat 3: 6753171c (19,465 in chips)
Seat 4: 577224d8 (17,805 in chips)
Seat 5: b35d4d3a (18,375 in chips)
Seat 6: Hero (10,000 in chips)
Seat 7: 37800de5 (7,859 in chips)
Seat 8: 5f2b3259 (30,553 in chips)
dcffd9da: posts the ante 60
37800de5: posts the ante 60
6753171c: posts the ante 60
d419a48: posts the ante 60
Hero: posts the ante 60
5f2b3259: posts the ante 60
b35d4d3a: posts the ante 60
577224d8: posts the ante 60
5f2b3259: posts small blind 250
d419a48: posts big blind 500
*** HOLE CARDS ***
Dealt to d419a48 
Dealt to dcffd9da 
Dealt to 6753171c 
Dealt to 577224d8 
Dealt to b35d4d3a 
Dealt to Hero [9s 7h]
Dealt to 37800de5 
Dealt to 5f2b3259 
dcffd9da: folds
6753171c: folds
577224d8: folds
b35d4d3a: folds
Hero: folds
37800de5: raises 7,299 to 7,799
5f2b3259: folds
d419a48: calls 7,299
37800de5: shows [3c Ac]
d419a48: shows [8c Ad]
*** FLOP *** [Qs 9d 5s]
*** TURN *** [Qs 9d 5s] [Qd]
*** RIVER *** [Qs 9d 5s Qd] [6s]
*** SHOWDOWN ***
d419a48 collected 16,328 from pot
*** SUMMARY ***
Total pot 16,328 | Rake 0 | Jackpot 0 | Bingo 0 | Fortune 0 | Tax 0
Board [Qs 9d 5s Qd 6s]
Seat 1: d419a48 (big blind) showed [8c Ad] and won (16,328) with a pair of Queens
Seat 2: dcffd9da folded before Flop
Seat 3: 6753171c folded before Flop
Seat 4: 577224d8 folded before Flop
Seat 5: b35d4d3a folded before Flop
Seat 6: Hero folded before Flop
Seat 7: 37800de5 (button) showed [3c Ac] and lost with a pair of Queens
Seat 8: 5f2b3259 (small blind) folded before Flop


