Poker Hand #TM326608809: Tournament #208884300, Sunday Hyper $50 Hold'em No Limit - Level16(600/1,200) - 2025/06/02 00:37:09
Table '4' 6-max Seat #3 is the button
Seat 1: 56f465f6 (15,875 in chips)
Seat 2: 3908e2fc (21,440 in chips)
Seat 3: d524514c (6,050 in chips)
Seat 4: afbb09cf (56,197 in chips)
Seat 5: Hero (13,470 in chips)
Seat 6: dc6f2936 (25,357 in chips)
3908e2fc: posts the ante 180
56f465f6: posts the ante 180
d524514c: posts the ante 180
Hero: posts the ante 180
afbb09cf: posts the ante 180
dc6f2936: posts the ante 180
afbb09cf: posts small blind 600
Hero: posts big blind 1,200
*** HOLE CARDS ***
Dealt to 56f465f6 
Dealt to 3908e2fc 
Dealt to d524514c 
Dealt to afbb09cf 
Dealt to Hero [9s 9h]
Dealt to dc6f2936 
dc6f2936: folds
56f465f6: raises 14,495 to 15,695
3908e2fc: folds
d524514c: folds
afbb09cf: folds
Hero: calls 12,090
Uncalled bet (2,405) returned to 56f465f6
56f465f6: shows [Jc Ks]
Hero: shows [9s 9h]
*** FLOP *** [8c Qc 7h]
*** TURN *** [8c Qc 7h] [4c]
*** RIVER *** [8c Qc 7h 4c] [Js]
*** SHOWDOWN ***
56f465f6 collected 28,260 from pot
*** SUMMARY ***
Total pot 28,260 | Rake 0 | Jackpot 0 | Bingo 0 | Fortune 0 | Tax 0
Board [8c Qc 7h 4c Js]
Seat 1: 56f465f6 showed [Jc Ks] and won (28,260) with a pair of Jacks
Seat 2: 3908e2fc folded before Flop
Seat 3: d524514c (button) folded before Flop
Seat 4: afbb09cf (small blind) folded before Flop
Seat 5: Hero (big blind) showed [9s 9h] and lost with a pair of Nines
Seat 6: dc6f2936 folded before Flop


Poker Hand #TM326608790: Tournament #208884300, Sunday Hyper $50 Hold'em No Limit - Level16(600/1,200) - 2025/06/02 00:36:40
Table '4' 6-max Seat #2 is the button
Seat 1: 56f465f6 (13,175 in chips)
Seat 2: 3908e2fc (21,620 in chips)
Seat 3: d524514c (6,830 in chips)
Seat 4: afbb09cf (57,577 in chips)
Seat 5: Hero (13,650 in chips)
Seat 6: dc6f2936 (25,537 in chips)
3908e2fc: posts the ante 180
56f465f6: posts the ante 180
d524514c: posts the ante 180
Hero: posts the ante 180
afbb09cf: posts the ante 180
dc6f2936: posts the ante 180
d524514c: posts small blind 600
afbb09cf: posts big blind 1,200
*** HOLE CARDS ***
Dealt to 56f465f6 
Dealt to 3908e2fc 
Dealt to d524514c 
Dealt to afbb09cf 
Dealt to Hero [2d 9d]
Dealt to dc6f2936 
Hero: folds
dc6f2936: folds
56f465f6: raises 11,795 to 12,995
3908e2fc: folds
d524514c: folds
afbb09cf: folds
Uncalled bet (11,795) returned to 56f465f6
*** SHOWDOWN ***
56f465f6 collected 4,080 from pot
*** SUMMARY ***
Total pot 4,080 | Rake 0 | Jackpot 0 | Bingo 0 | Fortune 0 | Tax 0
Seat 1: 56f465f6 collected (4,080)
Seat 2: 3908e2fc (button) folded before Flop
Seat 3: d524514c (small blind) folded before Flop
Seat 4: afbb09cf (big blind) folded before Flop
Seat 5: Hero folded before Flop
Seat 6: dc6f2936 folded before Flop


Poker Hand #TM326608761: Tournament #208884300, Sunday Hyper $50 Hold'em No Limit - Level15(500/1,000) - 2025/06/02 00:35:52
Table '4' 6-max Seat #1 is the button
Seat 1: 56f465f6 (13,325 in chips)
Seat 2: 3908e2fc (10,010 in chips)
Seat 3: d524514c (7,980 in chips)
Seat 4: afbb09cf (67,587 in chips)
Seat 5: Hero (13,800 in chips)
Seat 6: dc6f2936 (25,687 in chips)
3908e2fc: posts the ante 150
56f465f6: posts the ante 150
d524514c: posts the ante 150
Hero: posts the ante 150
afbb09cf: posts the ante 150
dc6f2936: posts the ante 150
3908e2fc: posts small blind 500
d524514c: posts big blind 1,000
*** HOLE CARDS ***
Dealt to 56f465f6 
Dealt to 3908e2fc 
Dealt to d524514c 
Dealt to afbb09cf 
Dealt to Hero [2c Td]
Dealt to dc6f2936 
afbb09cf: raises 1,000 to 2,000
Hero: folds
dc6f2936: folds
56f465f6: folds
3908e2fc: raises 7,860 to 9,860
d524514c: folds
afbb09cf: calls 7,860
3908e2fc: shows [Kc Ks]
afbb09cf: shows [Jh Qd]
*** FLOP *** [8h Th 8c]
*** TURN *** [8h Th 8c] [As]
*** RIVER *** [8h Th 8c As] [6s]
*** SHOWDOWN ***
3908e2fc collected 21,620 from pot
*** SUMMARY ***
Total pot 21,620 | Rake 0 | Jackpot 0 | Bingo 0 | Fortune 0 | Tax 0
Board [8h Th 8c As 6s]
Seat 1: 56f465f6 (button) folded before Flop
Seat 2: 3908e2fc (small blind) showed [Kc Ks] and won (21,620) with two pair, Kings and Eights
Seat 3: d524514c (big blind) folded before Flop
Seat 4: afbb09cf showed [Jh Qd] and lost with a pair of Eights
Seat 5: Hero folded before Flop
Seat 6: dc6f2936 folded before Flop


Poker Hand #TM326608748: Tournament #208884300, Sunday Hyper $50 Hold'em No Limit - Level15(500/1,000) - 2025/06/02 00:35:30
Table '4' 6-max Seat #5 is the button
Seat 1: 56f465f6 (13,975 in chips)
Seat 2: 3908e2fc (11,160 in chips)
Seat 3: d524514c (8,130 in chips)
Seat 4: afbb09cf (65,487 in chips)
Seat 5: Hero (13,950 in chips)
3908e2fc: posts the ante 150
56f465f6: posts the ante 150
d524514c: posts the ante 150
Hero: posts the ante 150
afbb09cf: posts the ante 150
56f465f6: posts small blind 500
3908e2fc: posts big blind 1,000
*** HOLE CARDS ***
Dealt to 56f465f6 
Dealt to 3908e2fc 
Dealt to d524514c 
Dealt to afbb09cf 
Dealt to Hero [Tc Jh]
d524514c: folds
afbb09cf: raises 48,000 to 49,000
Hero: folds
56f465f6: folds
3908e2fc: folds
Uncalled bet (48,000) returned to afbb09cf
*** SHOWDOWN ***
afbb09cf collected 3,250 from pot
*** SUMMARY ***
Total pot 3,250 | Rake 0 | Jackpot 0 | Bingo 0 | Fortune 0 | Tax 0
Seat 1: 56f465f6 (small blind) folded before Flop
Seat 2: 3908e2fc (big blind) folded before Flop
Seat 3: d524514c folded before Flop
Seat 4: afbb09cf collected (3,250)
Seat 5: Hero (button) folded before Flop


Poker Hand #TM326608703: Tournament #208884300, Sunday Hyper $50 Hold'em No Limit - Level15(500/1,000) - 2025/06/02 00:34:22
Table '4' 6-max Seat #4 is the button
Seat 1: 56f465f6 (14,125 in chips)
Seat 2: 3908e2fc (11,310 in chips)
Seat 3: d524514c (8,280 in chips)
Seat 4: afbb09cf (48,597 in chips)
Seat 5: Hero (14,600 in chips)
Seat 6: af7c3d86 (15,790 in chips)
3908e2fc: posts the ante 150
af7c3d86: posts the ante 150
56f465f6: posts the ante 150
d524514c: posts the ante 150
Hero: posts the ante 150
afbb09cf: posts the ante 150
Hero: posts small blind 500
af7c3d86: posts big blind 1,000
*** HOLE CARDS ***
Dealt to 56f465f6 
Dealt to 3908e2fc 
Dealt to d524514c 
Dealt to afbb09cf 
Dealt to Hero [5h Ts]
Dealt to af7c3d86 
56f465f6: folds
3908e2fc: folds
d524514c: folds
afbb09cf: raises 1,000 to 2,000
Hero: folds
af7c3d86: calls 1,000
*** FLOP *** [6c 5c 8c]
af7c3d86: checks
afbb09cf: checks
*** TURN *** [6c 5c 8c] [Qh]
af7c3d86: checks
afbb09cf: bets 3,564
af7c3d86: raises 10,076 to 13,640
afbb09cf: calls 10,076
af7c3d86: shows [Qc 9h] (a pair of Queens)
afbb09cf: shows [Kd Qs] (a pair of Queens)
*** RIVER *** [6c 5c 8c Qh] [2h]
*** SHOWDOWN ***
afbb09cf collected 32,680 from pot
*** SUMMARY ***
Total pot 32,680 | Rake 0 | Jackpot 0 | Bingo 0 | Fortune 0 | Tax 0
Board [6c 5c 8c Qh 2h]
Seat 1: 56f465f6 folded before Flop
Seat 2: 3908e2fc folded before Flop
Seat 3: d524514c folded before Flop
Seat 4: afbb09cf (button) showed [Kd Qs] and won (32,680) with a pair of Queens
Seat 5: Hero (small blind) folded before Flop
Seat 6: af7c3d86 (big blind) showed [Qc 9h] and lost with a pair of Queens


Poker Hand #TM326608667: Tournament #208884300, Sunday Hyper $50 Hold'em No Limit - Level15(500/1,000) - 2025/06/02 00:33:31
Table '4' 6-max Seat #3 is the button
Seat 1: 56f465f6 (14,275 in chips)
Seat 2: 3908e2fc (11,460 in chips)
Seat 3: d524514c (8,430 in chips)
Seat 4: afbb09cf (49,247 in chips)
Seat 5: Hero (10,000 in chips)
Seat 6: af7c3d86 (19,290 in chips)
3908e2fc: posts the ante 150
af7c3d86: posts the ante 150
56f465f6: posts the ante 150
d524514c: posts the ante 150
Hero: posts the ante 150
afbb09cf: posts the ante 150
afbb09cf: posts small blind 500
Hero: posts big blind 1,000
*** HOLE CARDS ***
Dealt to 56f465f6 
Dealt to 3908e2fc 
Dealt to d524514c 
Dealt to afbb09cf 
Dealt to Hero [Ts Ks]
Dealt to af7c3d86 
af7c3d86: raises 1,000 to 2,000
56f465f6: folds
3908e2fc: folds
d524514c: folds
afbb09cf: folds
Hero: calls 1,000
*** FLOP *** [Td 2s 6c]
Hero: checks
af7c3d86: bets 1,350
Hero: raises 6,500 to 7,850
af7c3d86: folds
Uncalled bet (6,500) returned to Hero
*** SHOWDOWN ***
Hero collected 8,100 from pot
*** SUMMARY ***
Total pot 8,100 | Rake 0 | Jackpot 0 | Bingo 0 | Fortune 0 | Tax 0
Board [Td 2s 6c]
Seat 1: 56f465f6 folded before Flop
Seat 2: 3908e2fc folded before Flop
Seat 3: d524514c (button) folded before Flop
Seat 4: afbb09cf (small blind) folded before Flop
Seat 5: Hero (big blind) won (8,100)
Seat 6: af7c3d86 folded on the Flop


