Poker Hand #TM314802894: Tournament #209320860, 236-L: $25 Thursday Blitz Masters [Turbo] Hold'em No Limit - Level19(1,200/2,400) - 2025/05/29 23:07:47
Table '36' 8-max Seat #1 is the button
Seat 1: c0141ed9 (16,100 in chips)
Seat 3: 613c4556 (126,094 in chips)
Seat 4: b272f942 (58,573 in chips)
Seat 5: ecddccbe (66,488 in chips)
Seat 6: Hero (13,350 in chips)
Seat 7: f363c284 (14,950 in chips)
Seat 8: 4a8adaae (61,832 in chips)
ecddccbe: posts the ante 300
b272f942: posts the ante 300
4a8adaae: posts the ante 300
f363c284: posts the ante 300
c0141ed9: posts the ante 300
613c4556: posts the ante 300
Hero: posts the ante 300
613c4556: posts small blind 1,200
b272f942: posts big blind 2,400
*** HOLE CARDS ***
Dealt to c0141ed9 
Dealt to 613c4556 
Dealt to b272f942 
Dealt to ecddccbe 
Dealt to Hero [Ah 3s]
Dealt to f363c284 
Dealt to 4a8adaae 
ecddccbe: folds
Hero: raises 10,650 to 13,050
f363c284: raises 1,600 to 14,650
4a8adaae: folds
c0141ed9: folds
613c4556: folds
b272f942: folds
Uncalled bet (1,600) returned to f363c284
f363c284: shows [Js As]
Hero: shows [Ah 3s]
*** FLOP *** [6s 9d Kh]
*** TURN *** [6s 9d Kh] [6c]
*** RIVER *** [6s 9d Kh 6c] [7c]
*** SHOWDOWN ***
f363c284 collected 31,800 from pot
*** SUMMARY ***
Total pot 31,800 | Rake 0 | Jackpot 0 | Bingo 0 | Fortune 0 | Tax 0
Board [6s 9d Kh 6c 7c]
Seat 1: c0141ed9 (button) folded before Flop
Seat 3: 613c4556 (small blind) folded before Flop
Seat 4: b272f942 (big blind) folded before Flop
Seat 5: ecddccbe folded before Flop
Seat 6: Hero showed [Ah 3s] and lost with a pair of Sixes
Seat 7: f363c284 showed [Js As] and won (31,800) with a pair of Sixes
Seat 8: 4a8adaae folded before Flop


Poker Hand #TM314802858: Tournament #209320860, 236-L: $25 Thursday Blitz Masters [Turbo] Hold'em No Limit - Level19(1,200/2,400) - 2025/05/29 23:06:54
Table '36' 8-max Seat #8 is the button
Seat 1: c0141ed9 (17,600 in chips)
Seat 2: 9af5bf67 (18,850 in chips)
Seat 3: 613c4556 (104,244 in chips)
Seat 4: b272f942 (58,873 in chips)
Seat 5: ecddccbe (66,788 in chips)
Seat 6: Hero (13,650 in chips)
Seat 7: f363c284 (15,250 in chips)
Seat 8: 4a8adaae (62,132 in chips)
ecddccbe: posts the ante 300
b272f942: posts the ante 300
4a8adaae: posts the ante 300
9af5bf67: posts the ante 300
f363c284: posts the ante 300
c0141ed9: posts the ante 300
613c4556: posts the ante 300
Hero: posts the ante 300
c0141ed9: posts small blind 1,200
9af5bf67: posts big blind 2,400
*** HOLE CARDS ***
Dealt to c0141ed9 
Dealt to 9af5bf67 
Dealt to 613c4556 
Dealt to b272f942 
Dealt to ecddccbe 
Dealt to Hero [3d 6s]
Dealt to f363c284 
Dealt to 4a8adaae 
613c4556: raises 2,400 to 4,800
b272f942: folds
ecddccbe: folds
Hero: folds
f363c284: folds
4a8adaae: folds
c0141ed9: folds
9af5bf67: raises 13,750 to 18,550
613c4556: calls 13,750
9af5bf67: shows [Kh Ac]
613c4556: shows [Kd Qc]
*** FLOP *** [Td Jc 7d]
*** TURN *** [Td Jc 7d] [2d]
*** RIVER *** [Td Jc 7d 2d] [9s]
*** SHOWDOWN ***
613c4556 collected 40,700 from pot
*** SUMMARY ***
Total pot 40,700 | Rake 0 | Jackpot 0 | Bingo 0 | Fortune 0 | Tax 0
Board [Td Jc 7d 2d 9s]
Seat 1: c0141ed9 (small blind) folded before Flop
Seat 2: 9af5bf67 (big blind) showed [Kh Ac] and lost with Ace high
Seat 3: 613c4556 showed [Kd Qc] and won (40,700) with a straight, King to Nine
Seat 4: b272f942 folded before Flop
Seat 5: ecddccbe folded before Flop
Seat 6: Hero folded before Flop
Seat 7: f363c284 folded before Flop
Seat 8: 4a8adaae (button) folded before Flop


Poker Hand #TM314802827: Tournament #209320860, 236-L: $25 Thursday Blitz Masters [Turbo] Hold'em No Limit - Level19(1,200/2,400) - 2025/05/29 23:06:01
Table '36' 8-max Seat #7 is the button
Seat 1: c0141ed9 (7,450 in chips)
Seat 2: 9af5bf67 (19,150 in chips)
Seat 3: 613c4556 (111,694 in chips)
Seat 4: b272f942 (59,173 in chips)
Seat 6: Hero (13,950 in chips)
Seat 7: f363c284 (15,550 in chips)
Seat 8: 4a8adaae (63,632 in chips)
b272f942: posts the ante 300
9af5bf67: posts the ante 300
4a8adaae: posts the ante 300
f363c284: posts the ante 300
c0141ed9: posts the ante 300
613c4556: posts the ante 300
Hero: posts the ante 300
4a8adaae: posts small blind 1,200
c0141ed9: posts big blind 2,400
*** HOLE CARDS ***
Dealt to c0141ed9 
Dealt to 9af5bf67 
Dealt to 613c4556 
Dealt to b272f942 
Dealt to Hero [6s 2d]
Dealt to f363c284 
Dealt to 4a8adaae 
9af5bf67: folds
613c4556: raises 2,400 to 4,800
b272f942: folds
Hero: folds
f363c284: folds
4a8adaae: folds
c0141ed9: calls 2,400
*** FLOP *** [Jh 5s Ac]
c0141ed9: checks
613c4556: bets 3,870
c0141ed9: calls 2,350
Uncalled bet (1,520) returned to 613c4556
613c4556: shows [7c 7d] (a pair of Sevens)
c0141ed9: shows [Tc 4c] (Ace high)
*** TURN *** [Jh 5s Ac] [3c]
*** RIVER *** [Jh 5s Ac 3c] [Th]
*** SHOWDOWN ***
c0141ed9 collected 17,600 from pot
*** SUMMARY ***
Total pot 17,600 | Rake 0 | Jackpot 0 | Bingo 0 | Fortune 0 | Tax 0
Board [Jh 5s Ac 3c Th]
Seat 1: c0141ed9 (big blind) showed [Tc 4c] and won (17,600) with a pair of Tens
Seat 2: 9af5bf67 folded before Flop
Seat 3: 613c4556 showed [7c 7d] and lost with a pair of Sevens
Seat 4: b272f942 folded before Flop
Seat 6: Hero folded before Flop
Seat 7: f363c284 (button) folded before Flop
Seat 8: 4a8adaae (small blind) folded before Flop


Poker Hand #TM314802772: Tournament #209320860, 236-L: $25 Thursday Blitz Masters [Turbo] Hold'em No Limit - Level19(1,200/2,400) - 2025/05/29 23:04:30
Table '36' 8-max Seat #6 is the button
Seat 2: 9af5bf67 (19,450 in chips)
Seat 3: 613c4556 (67,643 in chips)
Seat 4: b272f942 (59,473 in chips)
Seat 5: 1c268c22 (38,951 in chips)
Seat 6: Hero (14,250 in chips)
Seat 7: f363c284 (17,050 in chips)
Seat 8: 4a8adaae (66,332 in chips)
b272f942: posts the ante 300
9af5bf67: posts the ante 300
4a8adaae: posts the ante 300
f363c284: posts the ante 300
1c268c22: posts the ante 300
613c4556: posts the ante 300
Hero: posts the ante 300
f363c284: posts small blind 1,200
4a8adaae: posts big blind 2,400
*** HOLE CARDS ***
Dealt to 9af5bf67 
Dealt to 613c4556 
Dealt to b272f942 
Dealt to 1c268c22 
Dealt to Hero [4c Qs]
Dealt to f363c284 
Dealt to 4a8adaae 
9af5bf67: folds
613c4556: raises 2,400 to 4,800
b272f942: folds
1c268c22: raises 27,600 to 32,400
Hero: folds
f363c284: folds
4a8adaae: folds
613c4556: raises 27,600 to 60,000
1c268c22: calls 6,251
Uncalled bet (21,349) returned to 613c4556
613c4556: shows [Jh Js]
1c268c22: shows [Ac Jc]
*** FLOP *** [8s 3h 3d]
*** TURN *** [8s 3h 3d] [9d]
*** RIVER *** [8s 3h 3d 9d] [9c]
*** SHOWDOWN ***
613c4556 collected 83,002 from pot
*** SUMMARY ***
Total pot 83,002 | Rake 0 | Jackpot 0 | Bingo 0 | Fortune 0 | Tax 0
Board [8s 3h 3d 9d 9c]
Seat 2: 9af5bf67 folded before Flop
Seat 3: 613c4556 showed [Jh Js] and won (83,002) with two pair, Jacks and Nines
Seat 4: b272f942 folded before Flop
Seat 5: 1c268c22 showed [Ac Jc] and lost with two pair, Nines and Threes
Seat 6: Hero (button) folded before Flop
Seat 7: f363c284 (small blind) folded before Flop
Seat 8: 4a8adaae (big blind) folded before Flop


Poker Hand #TM314802737: Tournament #209320860, 236-L: $25 Thursday Blitz Masters [Turbo] Hold'em No Limit - Level19(1,200/2,400) - 2025/05/29 23:03:39
Table '36' 8-max Seat #5 is the button
Seat 1: 9391529b (20,394 in chips)
Seat 2: 9af5bf67 (19,750 in chips)
Seat 3: 613c4556 (67,943 in chips)
Seat 4: b272f942 (33,679 in chips)
Seat 5: 1c268c22 (39,251 in chips)
Seat 6: Hero (15,750 in chips)
Seat 7: f363c284 (19,750 in chips)
Seat 8: 4a8adaae (66,632 in chips)
b272f942: posts the ante 300
9af5bf67: posts the ante 300
4a8adaae: posts the ante 300
9391529b: posts the ante 300
f363c284: posts the ante 300
1c268c22: posts the ante 300
613c4556: posts the ante 300
Hero: posts the ante 300
Hero: posts small blind 1,200
f363c284: posts big blind 2,400
*** HOLE CARDS ***
Dealt to 9391529b 
Dealt to 9af5bf67 
Dealt to 613c4556 
Dealt to b272f942 
Dealt to 1c268c22 
Dealt to Hero [Ad 8s]
Dealt to f363c284 
Dealt to 4a8adaae 
4a8adaae: folds
9391529b: raises 17,694 to 20,094
9af5bf67: folds
613c4556: folds
b272f942: raises 13,285 to 33,379
1c268c22: folds
Hero: folds
f363c284: folds
Uncalled bet (13,285) returned to b272f942
b272f942: shows [Kc Qd]
9391529b: shows [5c 5h]
*** FLOP *** [9h Th Qc]
*** TURN *** [9h Th Qc] [2d]
*** RIVER *** [9h Th Qc 2d] [Td]
*** SHOWDOWN ***
b272f942 collected 46,188 from pot
*** SUMMARY ***
Total pot 46,188 | Rake 0 | Jackpot 0 | Bingo 0 | Fortune 0 | Tax 0
Board [9h Th Qc 2d Td]
Seat 1: 9391529b showed [5c 5h] and lost with two pair, Tens and Fives
Seat 2: 9af5bf67 folded before Flop
Seat 3: 613c4556 folded before Flop
Seat 4: b272f942 showed [Kc Qd] and won (46,188) with two pair, Queens and Tens
Seat 5: 1c268c22 (button) folded before Flop
Seat 6: Hero (small blind) folded before Flop
Seat 7: f363c284 (big blind) folded before Flop
Seat 8: 4a8adaae folded before Flop


Poker Hand #TM314802679: Tournament #209320860, 236-L: $25 Thursday Blitz Masters [Turbo] Hold'em No Limit - Level18(1,000/2,000) - 2025/05/29 23:02:01
Table '36' 8-max Seat #4 is the button
Seat 1: 9391529b (20,644 in chips)
Seat 2: 9af5bf67 (20,000 in chips)
Seat 3: 613c4556 (68,193 in chips)
Seat 4: b272f942 (33,929 in chips)
Seat 5: 1c268c22 (52,001 in chips)
Seat 6: Hero (20,000 in chips)
Seat 7: f363c284 (20,000 in chips)
Seat 8: 4a8adaae (48,382 in chips)
b272f942: posts the ante 250
9af5bf67: posts the ante 250
4a8adaae: posts the ante 250
9391529b: posts the ante 250
f363c284: posts the ante 250
1c268c22: posts the ante 250
613c4556: posts the ante 250
Hero: posts the ante 250
1c268c22: posts small blind 1,000
Hero: posts big blind 2,000
*** HOLE CARDS ***
Dealt to 9391529b 
Dealt to 9af5bf67 
Dealt to 613c4556 
Dealt to b272f942 
Dealt to 1c268c22 
Dealt to Hero [3h 5h]
Dealt to f363c284 
Dealt to 4a8adaae 
f363c284: folds
4a8adaae: raises 2,000 to 4,000
9391529b: folds
9af5bf67: folds
613c4556: folds
b272f942: folds
1c268c22: calls 3,000
Hero: calls 2,000
*** FLOP *** [8d 2c 9c]
1c268c22: checks
Hero: checks
4a8adaae: checks
*** TURN *** [8d 2c 9c] [Ad]
1c268c22: checks
Hero: checks
4a8adaae: bets 8,500
1c268c22: calls 8,500
Hero: folds
*** RIVER *** [8d 2c 9c Ad] [Kh]
1c268c22: checks
4a8adaae: bets 14,000
1c268c22: folds
Uncalled bet (14,000) returned to 4a8adaae
*** SHOWDOWN ***
4a8adaae collected 31,000 from pot
*** SUMMARY ***
Total pot 31,000 | Rake 0 | Jackpot 0 | Bingo 0 | Fortune 0 | Tax 0
Board [8d 2c 9c Ad Kh]
Seat 1: 9391529b folded before Flop
Seat 2: 9af5bf67 folded before Flop
Seat 3: 613c4556 folded before Flop
Seat 4: b272f942 (button) folded before Flop
Seat 5: 1c268c22 (small blind) folded on the River
Seat 6: Hero (big blind) folded on the Turn
Seat 7: f363c284 folded before Flop
Seat 8: 4a8adaae won (31,000)


