Poker Hand #TM310780891: Tournament #208374574, 228-M: $30 Wednesday Triple Threat [3-Stack] Hold'em No Limit - Level17(1,000/2,000) - 2025/05/29 00:06:22
Table '13' 8-max Seat #7 is the button
Seat 1: 21529465 (90,348 in chips)
Seat 2: b67cf47a (66,310 in chips)
Seat 3: 9073f614 (49,406 in chips)
Seat 4: b7e5a3ef (29,550 in chips)
Seat 5: Hero (28,502 in chips)
Seat 6: 62399f (56,657 in chips)
Seat 7: 6a12b31a (8,199 in chips)
Seat 8: 70e93af0 (62,317 in chips)
6a12b31a: posts the ante 250
21529465: posts the ante 250
b7e5a3ef: posts the ante 250
b67cf47a: posts the ante 250
9073f614: posts the ante 250
Hero: posts the ante 250
62399f: posts the ante 250
70e93af0: posts the ante 250
70e93af0: posts small blind 1,000
21529465: posts big blind 2,000
*** HOLE CARDS ***
Dealt to 21529465 
Dealt to b67cf47a 
Dealt to 9073f614 
Dealt to b7e5a3ef 
Dealt to Hero [Th Ah]
Dealt to 62399f 
Dealt to 6a12b31a 
Dealt to 70e93af0 
b67cf47a: folds
9073f614: folds
b7e5a3ef: raises 2,000 to 4,000
Hero: raises 24,252 to 28,252
62399f: raises 28,155 to 56,407
6a12b31a: folds
70e93af0: folds
21529465: folds
b7e5a3ef: folds
Uncalled bet (28,155) returned to 62399f
62399f: shows [Ac Qd]
Hero: shows [Th Ah]
*** FLOP *** [Ts 2s Kc]
*** TURN *** [Ts 2s Kc] [Js]
*** RIVER *** [Ts 2s Kc Js] [Kd]
*** SHOWDOWN ***
62399f collected 65,504 from pot
*** SUMMARY ***
Total pot 65,504 | Rake 0 | Jackpot 0 | Bingo 0 | Fortune 0 | Tax 0
Board [Ts 2s Kc Js Kd]
Seat 1: 21529465 (big blind) folded before Flop
Seat 2: b67cf47a folded before Flop
Seat 3: 9073f614 folded before Flop
Seat 4: b7e5a3ef folded before Flop
Seat 5: Hero showed [Th Ah] and lost with two pair, Kings and Tens
Seat 6: 62399f showed [Ac Qd] and won (65,504) with a straight, Ace to Ten
Seat 7: 6a12b31a (button) folded before Flop
Seat 8: 70e93af0 (small blind) folded before Flop


Poker Hand #TM310780866: Tournament #208374574, 228-M: $30 Wednesday Triple Threat [3-Stack] Hold'em No Limit - Level17(1,000/2,000) - 2025/05/29 00:04:39
Table '13' 8-max Seat #6 is the button
Seat 1: 21529465 (90,598 in chips)
Seat 2: b67cf47a (66,560 in chips)
Seat 3: 9073f614 (49,656 in chips)
Seat 4: b0ae57a5 (7,207 in chips)
Seat 5: Hero (28,752 in chips)
Seat 6: 62399f (44,950 in chips)
Seat 7: 6a12b31a (9,449 in chips)
Seat 8: 70e93af0 (64,567 in chips)
21529465: posts the ante 250
6a12b31a: posts the ante 250
b67cf47a: posts the ante 250
9073f614: posts the ante 250
Hero: posts the ante 250
b0ae57a5: posts the ante 250
62399f: posts the ante 250
70e93af0: posts the ante 250
6a12b31a: posts small blind 1,000
70e93af0: posts big blind 2,000
*** HOLE CARDS ***
Dealt to 21529465 
Dealt to b67cf47a 
Dealt to 9073f614 
Dealt to b0ae57a5 
Dealt to Hero [Jd 4s]
Dealt to 62399f 
Dealt to 6a12b31a 
Dealt to 70e93af0 
21529465: folds
b67cf47a: folds
9073f614: folds
b0ae57a5: raises 4,957 to 6,957
Hero: folds
62399f: raises 37,743 to 44,700
6a12b31a: folds
70e93af0: folds
Uncalled bet (37,743) returned to 62399f
62399f: shows [Tc Th]
b0ae57a5: shows [8h 7h]
*** FLOP *** [Ts Ac 5h]
*** TURN *** [Ts Ac 5h] [2d]
*** RIVER *** [Ts Ac 5h 2d] [4h]
*** SHOWDOWN ***
62399f collected 18,914 from pot
*** SUMMARY ***
Total pot 18,914 | Rake 0 | Jackpot 0 | Bingo 0 | Fortune 0 | Tax 0
Board [Ts Ac 5h 2d 4h]
Seat 1: 21529465 folded before Flop
Seat 2: b67cf47a folded before Flop
Seat 3: 9073f614 folded before Flop
Seat 4: b0ae57a5 showed [8h 7h] and lost with Ace high
Seat 5: Hero folded before Flop
Seat 6: 62399f (button) showed [Tc Th] and won (18,914) with three of a kind, Tens
Seat 7: 6a12b31a (small blind) folded before Flop
Seat 8: 70e93af0 (big blind) folded before Flop


Poker Hand #TM310780859: Tournament #208374574, 228-M: $30 Wednesday Triple Threat [3-Stack] Hold'em No Limit - Level17(1,000/2,000) - 2025/05/29 00:03:56
Table '13' 8-max Seat #5 is the button
Seat 1: 21529465 (90,848 in chips)
Seat 2: b67cf47a (57,810 in chips)
Seat 3: 9073f614 (49,906 in chips)
Seat 4: b0ae57a5 (7,457 in chips)
Seat 5: Hero (29,002 in chips)
Seat 6: 62399f (46,200 in chips)
Seat 7: 6a12b31a (11,699 in chips)
Seat 8: 70e93af0 (68,817 in chips)
21529465: posts the ante 250
6a12b31a: posts the ante 250
b67cf47a: posts the ante 250
9073f614: posts the ante 250
Hero: posts the ante 250
b0ae57a5: posts the ante 250
70e93af0: posts the ante 250
62399f: posts the ante 250
62399f: posts small blind 1,000
6a12b31a: posts big blind 2,000
*** HOLE CARDS ***
Dealt to 21529465 
Dealt to b67cf47a 
Dealt to 9073f614 
Dealt to b0ae57a5 
Dealt to Hero [6h Js]
Dealt to 62399f 
Dealt to 6a12b31a 
Dealt to 70e93af0 
70e93af0: raises 2,000 to 4,000
21529465: folds
b67cf47a: raises 6,000 to 10,000
9073f614: folds
b0ae57a5: folds
Hero: folds
62399f: folds
6a12b31a: folds
70e93af0: folds
Uncalled bet (6,000) returned to b67cf47a
*** SHOWDOWN ***
b67cf47a collected 13,000 from pot
*** SUMMARY ***
Total pot 13,000 | Rake 0 | Jackpot 0 | Bingo 0 | Fortune 0 | Tax 0
Seat 1: 21529465 folded before Flop
Seat 2: b67cf47a collected (13,000)
Seat 3: 9073f614 folded before Flop
Seat 4: b0ae57a5 folded before Flop
Seat 5: Hero (button) folded before Flop
Seat 6: 62399f (small blind) folded before Flop
Seat 7: 6a12b31a (big blind) folded before Flop
Seat 8: 70e93af0 folded before Flop


Poker Hand #TM310780841: Tournament #208374574, 228-M: $30 Wednesday Triple Threat [3-Stack] Hold'em No Limit - Level17(1,000/2,000) - 2025/05/29 00:02:45
Table '13' 8-max Seat #4 is the button
Seat 1: 21529465 (91,098 in chips)
Seat 2: b67cf47a (79,660 in chips)
Seat 3: 9073f614 (50,156 in chips)
Seat 4: b0ae57a5 (7,707 in chips)
Seat 5: Hero (30,252 in chips)
Seat 6: 62399f (21,850 in chips)
Seat 7: 6a12b31a (11,949 in chips)
Seat 8: 70e93af0 (69,067 in chips)
21529465: posts the ante 250
6a12b31a: posts the ante 250
b67cf47a: posts the ante 250
9073f614: posts the ante 250
b0ae57a5: posts the ante 250
Hero: posts the ante 250
70e93af0: posts the ante 250
62399f: posts the ante 250
Hero: posts small blind 1,000
62399f: posts big blind 2,000
*** HOLE CARDS ***
Dealt to 21529465 
Dealt to b67cf47a 
Dealt to 9073f614 
Dealt to b0ae57a5 
Dealt to Hero [9d Qs]
Dealt to 62399f 
Dealt to 6a12b31a 
Dealt to 70e93af0 
6a12b31a: folds
70e93af0: folds
21529465: folds
b67cf47a: raises 2,000 to 4,000
9073f614: folds
b0ae57a5: folds
Hero: folds
62399f: calls 2,000
*** FLOP *** [7h 4h 6h]
62399f: checks
b67cf47a: bets 3,630
62399f: raises 13,970 to 17,600
b67cf47a: calls 13,970
62399f: shows [7s 5c] (a pair of Sevens)
b67cf47a: shows [9c Ac] (Ace high)
*** TURN *** [7h 4h 6h] [7c]
*** RIVER *** [7h 4h 6h 7c] [8s]
*** SHOWDOWN ***
62399f collected 46,200 from pot
*** SUMMARY ***
Total pot 46,200 | Rake 0 | Jackpot 0 | Bingo 0 | Fortune 0 | Tax 0
Board [7h 4h 6h 7c 8s]
Seat 1: 21529465 folded before Flop
Seat 2: b67cf47a showed [9c Ac] and lost with a pair of Sevens
Seat 3: 9073f614 folded before Flop
Seat 4: b0ae57a5 (button) folded before Flop
Seat 5: Hero (small blind) folded before Flop
Seat 6: 62399f (big blind) showed [7s 5c] and won (46,200) with a straight, Eight to Four
Seat 7: 6a12b31a folded before Flop
Seat 8: 70e93af0 folded before Flop


Poker Hand #TM310780819: Tournament #208374574, 228-M: $30 Wednesday Triple Threat [3-Stack] Hold'em No Limit - Level17(1,000/2,000) - 2025/05/29 00:01:41
Table '13' 8-max Seat #3 is the button
Seat 1: 21529465 (91,348 in chips)
Seat 2: b67cf47a (77,410 in chips)
Seat 3: 9073f614 (50,406 in chips)
Seat 4: b0ae57a5 (8,957 in chips)
Seat 5: Hero (32,502 in chips)
Seat 6: 62399f (22,100 in chips)
Seat 7: 6a12b31a (9,699 in chips)
Seat 8: 70e93af0 (69,317 in chips)
21529465: posts the ante 250
6a12b31a: posts the ante 250
b67cf47a: posts the ante 250
9073f614: posts the ante 250
Hero: posts the ante 250
b0ae57a5: posts the ante 250
70e93af0: posts the ante 250
62399f: posts the ante 250
b0ae57a5: posts small blind 1,000
Hero: posts big blind 2,000
*** HOLE CARDS ***
Dealt to 21529465 
Dealt to b67cf47a 
Dealt to 9073f614 
Dealt to b0ae57a5 
Dealt to Hero [Qc Ts]
Dealt to 62399f 
Dealt to 6a12b31a 
Dealt to 70e93af0 
62399f: folds
6a12b31a: raises 7,449 to 9,449
70e93af0: folds
21529465: folds
b67cf47a: raises 67,711 to 77,160
9073f614: folds
b0ae57a5: folds
Hero: folds
Uncalled bet (67,711) returned to b67cf47a
b67cf47a: shows [Ah Qd]
6a12b31a: shows [Ad 8h]
*** FLOP *** [Jc Jh 2h]
*** TURN *** [Jc Jh 2h] [6d]
*** RIVER *** [Jc Jh 2h 6d] [6h]
*** SHOWDOWN ***
b67cf47a collected 11,949 from pot
6a12b31a collected 11,949 from pot
*** SUMMARY ***
Total pot 23,898 | Rake 0 | Jackpot 0 | Bingo 0 | Fortune 0 | Tax 0
Board [Jc Jh 2h 6d 6h]
Seat 1: 21529465 folded before Flop
Seat 2: b67cf47a showed [Ah Qd] and won (11,949) with two pair, Jacks and Sixes
Seat 3: 9073f614 (button) folded before Flop
Seat 4: b0ae57a5 (small blind) folded before Flop
Seat 5: Hero (big blind) folded before Flop
Seat 6: 62399f folded before Flop
Seat 7: 6a12b31a showed [Ad 8h] and won (11,949) with two pair, Jacks and Sixes
Seat 8: 70e93af0 folded before Flop


Poker Hand #TM310780802: Tournament #208374574, 228-M: $30 Wednesday Triple Threat [3-Stack] Hold'em No Limit - Level16(800/1,600) - 2025/05/28 23:54:50
Table '13' 8-max Seat #2 is the button
Seat 1: 21529465 (91,548 in chips)
Seat 2: b67cf47a (77,610 in chips)
Seat 3: 9073f614 (51,406 in chips)
Seat 4: b0ae57a5 (10,757 in chips)
Seat 5: Hero (32,702 in chips)
Seat 6: 62399f (22,300 in chips)
Seat 7: 6a12b31a (9,899 in chips)
Seat 8: 70e93af0 (65,517 in chips)
21529465: posts the ante 200
6a12b31a: posts the ante 200
b67cf47a: posts the ante 200
9073f614: posts the ante 200
Hero: posts the ante 200
b0ae57a5: posts the ante 200
70e93af0: posts the ante 200
62399f: posts the ante 200
9073f614: posts small blind 800
b0ae57a5: posts big blind 1,600
*** HOLE CARDS ***
Dealt to 21529465 
Dealt to b67cf47a 
Dealt to 9073f614 
Dealt to b0ae57a5 
Dealt to Hero [As 6h]
Dealt to 62399f 
Dealt to 6a12b31a 
Dealt to 70e93af0 
Hero: folds
62399f: folds
6a12b31a: folds
70e93af0: raises 1,600 to 3,200
21529465: folds
b67cf47a: folds
9073f614: folds
b0ae57a5: folds
Uncalled bet (1,600) returned to 70e93af0
*** SHOWDOWN ***
70e93af0 collected 5,600 from pot
*** SUMMARY ***
Total pot 5,600 | Rake 0 | Jackpot 0 | Bingo 0 | Fortune 0 | Tax 0
Seat 1: 21529465 folded before Flop
Seat 2: b67cf47a (button) folded before Flop
Seat 3: 9073f614 (small blind) folded before Flop
Seat 4: b0ae57a5 (big blind) folded before Flop
Seat 5: Hero folded before Flop
Seat 6: 62399f folded before Flop
Seat 7: 6a12b31a folded before Flop
Seat 8: 70e93af0 collected (5,600)


Poker Hand #TM310780791: Tournament #208374574, 228-M: $30 Wednesday Triple Threat [3-Stack] Hold'em No Limit - Level16(800/1,600) - 2025/05/28 23:54:05
Table '13' 8-max Seat #1 is the button
Seat 1: 21529465 (91,748 in chips)
Seat 2: b67cf47a (78,610 in chips)
Seat 3: 9073f614 (53,206 in chips)
Seat 4: b0ae57a5 (10,957 in chips)
Seat 5: Hero (32,902 in chips)
Seat 6: 62399f (18,500 in chips)
Seat 7: 6a12b31a (10,099 in chips)
Seat 8: 70e93af0 (65,717 in chips)
21529465: posts the ante 200
6a12b31a: posts the ante 200
b67cf47a: posts the ante 200
9073f614: posts the ante 200
Hero: posts the ante 200
b0ae57a5: posts the ante 200
70e93af0: posts the ante 200
62399f: posts the ante 200
b67cf47a: posts small blind 800
9073f614: posts big blind 1,600
*** HOLE CARDS ***
Dealt to 21529465 
Dealt to b67cf47a 
Dealt to 9073f614 
Dealt to b0ae57a5 
Dealt to Hero [7c 9c]
Dealt to 62399f 
Dealt to 6a12b31a 
Dealt to 70e93af0 
b0ae57a5: folds
Hero: folds
62399f: raises 16,700 to 18,300
6a12b31a: folds
70e93af0: folds
21529465: folds
b67cf47a: folds
9073f614: folds
Uncalled bet (16,700) returned to 62399f
*** SHOWDOWN ***
62399f collected 5,600 from pot
*** SUMMARY ***
Total pot 5,600 | Rake 0 | Jackpot 0 | Bingo 0 | Fortune 0 | Tax 0
Seat 1: 21529465 (button) folded before Flop
Seat 2: b67cf47a (small blind) folded before Flop
Seat 3: 9073f614 (big blind) folded before Flop
Seat 4: b0ae57a5 folded before Flop
Seat 5: Hero folded before Flop
Seat 6: 62399f collected (5,600)
Seat 7: 6a12b31a folded before Flop
Seat 8: 70e93af0 folded before Flop


Poker Hand #TM310780757: Tournament #208374574, 228-M: $30 Wednesday Triple Threat [3-Stack] Hold'em No Limit - Level16(800/1,600) - 2025/05/28 23:52:40
Table '13' 8-max Seat #8 is the button
Seat 1: 21529465 (92,748 in chips)
Seat 2: b67cf47a (71,010 in chips)
Seat 3: 9073f614 (53,406 in chips)
Seat 4: b0ae57a5 (11,157 in chips)
Seat 5: Hero (38,502 in chips)
Seat 6: 62399f (18,700 in chips)
Seat 7: 6a12b31a (10,299 in chips)
Seat 8: 70e93af0 (65,917 in chips)
6a12b31a: posts the ante 200
21529465: posts the ante 200
b67cf47a: posts the ante 200
9073f614: posts the ante 200
Hero: posts the ante 200
b0ae57a5: posts the ante 200
70e93af0: posts the ante 200
62399f: posts the ante 200
21529465: posts small blind 800
b67cf47a: posts big blind 1,600
*** HOLE CARDS ***
Dealt to 21529465 
Dealt to b67cf47a 
Dealt to 9073f614 
Dealt to b0ae57a5 
Dealt to Hero [Qh Tc]
Dealt to 62399f 
Dealt to 6a12b31a 
Dealt to 70e93af0 
9073f614: folds
b0ae57a5: folds
Hero: raises 1,600 to 3,200
62399f: folds
6a12b31a: folds
70e93af0: folds
21529465: folds
b67cf47a: calls 1,600
*** FLOP *** [4h Ac 7s]
b67cf47a: checks
Hero: bets 2,200
b67cf47a: calls 2,200
*** TURN *** [4h Ac 7s] [2d]
b67cf47a: checks
Hero: checks
*** RIVER *** [4h Ac 7s 2d] [As]
b67cf47a: checks
Hero: checks
b67cf47a: shows [7d Ah] (a full house, Aces full of Sevens)
Hero: shows [Qh Tc] (a pair of Aces)
*** SHOWDOWN ***
b67cf47a collected 13,200 from pot
*** SUMMARY ***
Total pot 13,200 | Rake 0 | Jackpot 0 | Bingo 0 | Fortune 0 | Tax 0
Board [4h Ac 7s 2d As]
Seat 1: 21529465 (small blind) folded before Flop
Seat 2: b67cf47a (big blind) showed [7d Ah] and won (13,200) with a full house, Aces full of Sevens
Seat 3: 9073f614 folded before Flop
Seat 4: b0ae57a5 folded before Flop
Seat 5: Hero showed [Qh Tc] and lost with a pair of Aces
Seat 6: 62399f folded before Flop
Seat 7: 6a12b31a folded before Flop
Seat 8: 70e93af0 (button) folded before Flop


Poker Hand #TM310780737: Tournament #208374574, 228-M: $30 Wednesday Triple Threat [3-Stack] Hold'em No Limit - Level16(800/1,600) - 2025/05/28 23:51:49
Table '13' 8-max Seat #7 is the button
Seat 1: 21529465 (76,216 in chips)
Seat 2: 30d36d3a (41,000 in chips)
Seat 3: 9073f614 (53,606 in chips)
Seat 4: b0ae57a5 (11,357 in chips)
Seat 5: Hero (12,234 in chips)
Seat 6: 62399f (18,900 in chips)
Seat 7: 6a12b31a (10,499 in chips)
Seat 8: 70e93af0 (66,917 in chips)
6a12b31a: posts the ante 200
21529465: posts the ante 200
30d36d3a: posts the ante 200
9073f614: posts the ante 200
Hero: posts the ante 200
b0ae57a5: posts the ante 200
62399f: posts the ante 200
70e93af0: posts the ante 200
70e93af0: posts small blind 800
21529465: posts big blind 1,600
*** HOLE CARDS ***
Dealt to 21529465 
Dealt to 30d36d3a 
Dealt to 9073f614 
Dealt to b0ae57a5 
Dealt to Hero [Td Th]
Dealt to 62399f 
Dealt to 6a12b31a 
Dealt to 70e93af0 
30d36d3a: calls 1,600
9073f614: folds
b0ae57a5: folds
Hero: raises 10,434 to 12,034
62399f: folds
6a12b31a: folds
70e93af0: folds
21529465: raises 63,982 to 76,016
30d36d3a: calls 39,200
Uncalled bet (35,216) returned to 21529465
21529465: shows [8c 8h]
30d36d3a: shows [Kc Kd]
Hero: shows [Td Th]
*** FLOP *** [Jh Tc Qc]
*** TURN *** [Jh Tc Qc] [5s]
*** RIVER *** [Jh Tc Qc 5s] [8s]
*** SHOWDOWN ***
Hero collected 38,502 from pot
21529465 collected 57,532 from pot
*** SUMMARY ***
Total pot 96,034 | Rake 0 | Jackpot 0 | Bingo 0 | Fortune 0 | Tax 0
Board [Jh Tc Qc 5s 8s]
Seat 1: 21529465 (big blind) showed [8c 8h] and won (57,532) with three of a kind, Eights
Seat 2: 30d36d3a showed [Kc Kd] and lost with a pair of Kings
Seat 3: 9073f614 folded before Flop
Seat 4: b0ae57a5 folded before Flop
Seat 5: Hero showed [Td Th] and won (38,502) with three of a kind, Tens
Seat 6: 62399f folded before Flop
Seat 7: 6a12b31a (button) folded before Flop
Seat 8: 70e93af0 (small blind) folded before Flop


Poker Hand #TM310780719: Tournament #208374574, 228-M: $30 Wednesday Triple Threat [3-Stack] Hold'em No Limit - Level16(800/1,600) - 2025/05/28 23:50:52
Table '13' 8-max Seat #6 is the button
Seat 1: 21529465 (76,416 in chips)
Seat 2: 30d36d3a (41,200 in chips)
Seat 3: 9073f614 (53,806 in chips)
Seat 4: b0ae57a5 (20,107 in chips)
Seat 5: Hero (8,750 in chips)
Seat 6: 62399f (19,100 in chips)
Seat 7: 6a12b31a (2,633 in chips)
Seat 8: 70e93af0 (68,717 in chips)
21529465: posts the ante 200
6a12b31a: posts the ante 200
30d36d3a: posts the ante 200
9073f614: posts the ante 200
Hero: posts the ante 200
b0ae57a5: posts the ante 200
62399f: posts the ante 200
70e93af0: posts the ante 200
6a12b31a: posts small blind 800
70e93af0: posts big blind 1,600
*** HOLE CARDS ***
Dealt to 21529465 
Dealt to 30d36d3a 
Dealt to 9073f614 
Dealt to b0ae57a5 
Dealt to Hero [Kd Th]
Dealt to 62399f 
Dealt to 6a12b31a 
Dealt to 70e93af0 
21529465: folds
30d36d3a: folds
9073f614: folds
b0ae57a5: calls 1,600
Hero: raises 6,950 to 8,550
62399f: folds
6a12b31a: calls 1,633
70e93af0: folds
b0ae57a5: calls 6,950
Hero: shows [Kd Th]
6a12b31a: shows [9s 9d]
b0ae57a5: shows [9h Qh]
*** FLOP *** [Ad 2c 5c]
*** TURN *** [Ad 2c 5c] [3d]
*** RIVER *** [Ad 2c 5c 3d] [7s]
*** SHOWDOWN ***
6a12b31a collected 10,499 from pot
Hero collected 12,234 from pot
*** SUMMARY ***
Total pot 22,733 | Rake 0 | Jackpot 0 | Bingo 0 | Fortune 0 | Tax 0
Board [Ad 2c 5c 3d 7s]
Seat 1: 21529465 folded before Flop
Seat 2: 30d36d3a folded before Flop
Seat 3: 9073f614 folded before Flop
Seat 4: b0ae57a5 showed [9h Qh] and lost with Ace high
Seat 5: Hero showed [Kd Th] and won (12,234) with Ace high
Seat 6: 62399f (button) folded before Flop
Seat 7: 6a12b31a (small blind) showed [9s 9d] and won (10,499) with a pair of Nines
Seat 8: 70e93af0 (big blind) folded before Flop


Poker Hand #TM310780680: Tournament #208374574, 228-M: $30 Wednesday Triple Threat [3-Stack] Hold'em No Limit - Level16(800/1,600) - 2025/05/28 23:49:10
Table '13' 8-max Seat #5 is the button
Seat 1: 21529465 (37,208 in chips)
Seat 2: 30d36d3a (41,400 in chips)
Seat 3: 9073f614 (54,006 in chips)
Seat 4: b0ae57a5 (20,307 in chips)
Seat 5: Hero (8,950 in chips)
Seat 6: 62399f (20,100 in chips)
Seat 7: 6a12b31a (39,841 in chips)
Seat 8: 70e93af0 (68,917 in chips)
21529465: posts the ante 200
6a12b31a: posts the ante 200
30d36d3a: posts the ante 200
9073f614: posts the ante 200
Hero: posts the ante 200
b0ae57a5: posts the ante 200
70e93af0: posts the ante 200
62399f: posts the ante 200
62399f: posts small blind 800
6a12b31a: posts big blind 1,600
*** HOLE CARDS ***
Dealt to 21529465 
Dealt to 30d36d3a 
Dealt to 9073f614 
Dealt to b0ae57a5 
Dealt to Hero [Kc 4c]
Dealt to 62399f 
Dealt to 6a12b31a 
Dealt to 70e93af0 
70e93af0: folds
21529465: raises 1,600 to 3,200
30d36d3a: folds
9073f614: folds
b0ae57a5: folds
Hero: folds
62399f: folds
6a12b31a: calls 1,600
*** FLOP *** [6h 6d Kd]
6a12b31a: checks
21529465: bets 3,520
6a12b31a: raises 6,669 to 10,189
21529465: calls 6,669
*** TURN *** [6h 6d Kd] [Td]
6a12b31a: bets 9,337
21529465: calls 9,337
*** RIVER *** [6h 6d Kd Td] [Th]
6a12b31a: bets 16,915
21529465: calls 14,282
Uncalled bet (2,633) returned to 6a12b31a
6a12b31a: shows [Ks 9d] (two pair, Kings and Tens)
21529465: shows [Tc Kh] (a full house, Tens full of Kings)
*** SHOWDOWN ***
21529465 collected 76,416 from pot
*** SUMMARY ***
Total pot 76,416 | Rake 0 | Jackpot 0 | Bingo 0 | Fortune 0 | Tax 0
Board [6h 6d Kd Td Th]
Seat 1: 21529465 showed [Tc Kh] and won (76,416) with a full house, Tens full of Kings
Seat 2: 30d36d3a folded before Flop
Seat 3: 9073f614 folded before Flop
Seat 4: b0ae57a5 folded before Flop
Seat 5: Hero (button) folded before Flop
Seat 6: 62399f (small blind) folded before Flop
Seat 7: 6a12b31a (big blind) showed [Ks 9d] and lost with two pair, Kings and Tens
Seat 8: 70e93af0 folded before Flop


Poker Hand #TM310780666: Tournament #208374574, 228-M: $30 Wednesday Triple Threat [3-Stack] Hold'em No Limit - Level16(800/1,600) - 2025/05/28 23:48:35
Table '13' 8-max Seat #4 is the button
Seat 1: 21529465 (37,408 in chips)
Seat 2: 30d36d3a (34,400 in chips)
Seat 3: 9073f614 (54,206 in chips)
Seat 4: b0ae57a5 (20,507 in chips)
Seat 5: Hero (9,950 in chips)
Seat 6: 62399f (21,900 in chips)
Seat 7: 6a12b31a (40,041 in chips)
Seat 8: 70e93af0 (72,317 in chips)
21529465: posts the ante 200
6a12b31a: posts the ante 200
30d36d3a: posts the ante 200
9073f614: posts the ante 200
b0ae57a5: posts the ante 200
Hero: posts the ante 200
70e93af0: posts the ante 200
62399f: posts the ante 200
Hero: posts small blind 800
62399f: posts big blind 1,600
*** HOLE CARDS ***
Dealt to 21529465 
Dealt to 30d36d3a 
Dealt to 9073f614 
Dealt to b0ae57a5 
Dealt to Hero [9h Jc]
Dealt to 62399f 
Dealt to 6a12b31a 
Dealt to 70e93af0 
6a12b31a: folds
70e93af0: raises 1,600 to 3,200
21529465: folds
30d36d3a: raises 31,000 to 34,200
9073f614: folds
b0ae57a5: folds
Hero: folds
62399f: folds
70e93af0: folds
Uncalled bet (31,000) returned to 30d36d3a
*** SHOWDOWN ***
30d36d3a collected 10,400 from pot
*** SUMMARY ***
Total pot 10,400 | Rake 0 | Jackpot 0 | Bingo 0 | Fortune 0 | Tax 0
Seat 1: 21529465 folded before Flop
Seat 2: 30d36d3a collected (10,400)
Seat 3: 9073f614 folded before Flop
Seat 4: b0ae57a5 (button) folded before Flop
Seat 5: Hero (small blind) folded before Flop
Seat 6: 62399f (big blind) folded before Flop
Seat 7: 6a12b31a folded before Flop
Seat 8: 70e93af0 folded before Flop


Poker Hand #TM310780655: Tournament #208374574, 228-M: $30 Wednesday Triple Threat [3-Stack] Hold'em No Limit - Level16(800/1,600) - 2025/05/28 23:48:02
Table '13' 8-max Seat #3 is the button
Seat 1: 21529465 (37,608 in chips)
Seat 2: 30d36d3a (34,600 in chips)
Seat 3: 9073f614 (54,406 in chips)
Seat 4: b0ae57a5 (21,507 in chips)
Seat 5: Hero (11,750 in chips)
Seat 6: 62399f (18,100 in chips)
Seat 7: 6a12b31a (40,241 in chips)
Seat 8: 70e93af0 (72,517 in chips)
21529465: posts the ante 200
6a12b31a: posts the ante 200
30d36d3a: posts the ante 200
9073f614: posts the ante 200
Hero: posts the ante 200
b0ae57a5: posts the ante 200
70e93af0: posts the ante 200
62399f: posts the ante 200
b0ae57a5: posts small blind 800
Hero: posts big blind 1,600
*** HOLE CARDS ***
Dealt to 21529465 
Dealt to 30d36d3a 
Dealt to 9073f614 
Dealt to b0ae57a5 
Dealt to Hero [Js 2c]
Dealt to 62399f 
Dealt to 6a12b31a 
Dealt to 70e93af0 
62399f: raises 1,600 to 3,200
6a12b31a: folds
70e93af0: folds
21529465: folds
30d36d3a: folds
9073f614: folds
b0ae57a5: folds
Hero: folds
Uncalled bet (1,600) returned to 62399f
*** SHOWDOWN ***
62399f collected 5,600 from pot
*** SUMMARY ***
Total pot 5,600 | Rake 0 | Jackpot 0 | Bingo 0 | Fortune 0 | Tax 0
Seat 1: 21529465 folded before Flop
Seat 2: 30d36d3a folded before Flop
Seat 3: 9073f614 (button) folded before Flop
Seat 4: b0ae57a5 (small blind) folded before Flop
Seat 5: Hero (big blind) folded before Flop
Seat 6: 62399f collected (5,600)
Seat 7: 6a12b31a folded before Flop
Seat 8: 70e93af0 folded before Flop


Poker Hand #TM310780642: Tournament #208374574, 228-M: $30 Wednesday Triple Threat [3-Stack] Hold'em No Limit - Level16(800/1,600) - 2025/05/28 23:47:29
Table '13' 8-max Seat #2 is the button
Seat 1: 21529465 (33,808 in chips)
Seat 2: 30d36d3a (34,800 in chips)
Seat 3: 9073f614 (55,406 in chips)
Seat 4: b0ae57a5 (23,307 in chips)
Seat 5: Hero (11,950 in chips)
Seat 6: 62399f (18,300 in chips)
Seat 7: 6a12b31a (40,441 in chips)
Seat 8: 70e93af0 (72,717 in chips)
21529465: posts the ante 200
6a12b31a: posts the ante 200
30d36d3a: posts the ante 200
9073f614: posts the ante 200
Hero: posts the ante 200
b0ae57a5: posts the ante 200
70e93af0: posts the ante 200
62399f: posts the ante 200
9073f614: posts small blind 800
b0ae57a5: posts big blind 1,600
*** HOLE CARDS ***
Dealt to 21529465 
Dealt to 30d36d3a 
Dealt to 9073f614 
Dealt to b0ae57a5 
Dealt to Hero [Ts 4h]
Dealt to 62399f 
Dealt to 6a12b31a 
Dealt to 70e93af0 
Hero: folds
62399f: folds
6a12b31a: folds
70e93af0: folds
21529465: raises 1,600 to 3,200
30d36d3a: folds
9073f614: folds
b0ae57a5: folds
Uncalled bet (1,600) returned to 21529465
*** SHOWDOWN ***
21529465 collected 5,600 from pot
*** SUMMARY ***
Total pot 5,600 | Rake 0 | Jackpot 0 | Bingo 0 | Fortune 0 | Tax 0
Seat 1: 21529465 collected (5,600)
Seat 2: 30d36d3a (button) folded before Flop
Seat 3: 9073f614 (small blind) folded before Flop
Seat 4: b0ae57a5 (big blind) folded before Flop
Seat 5: Hero folded before Flop
Seat 6: 62399f folded before Flop
Seat 7: 6a12b31a folded before Flop
Seat 8: 70e93af0 folded before Flop


Poker Hand #TM310780603: Tournament #208374574, 228-M: $30 Wednesday Triple Threat [3-Stack] Hold'em No Limit - Level16(800/1,600) - 2025/05/28 23:45:48
Table '13' 8-max Seat #1 is the button
Seat 1: 21529465 (34,008 in chips)
Seat 2: 30d36d3a (51,000 in chips)
Seat 3: 9073f614 (38,006 in chips)
Seat 4: b0ae57a5 (23,507 in chips)
Seat 5: Hero (12,150 in chips)
Seat 6: 62399f (18,500 in chips)
Seat 7: 6a12b31a (40,641 in chips)
Seat 8: 70e93af0 (72,917 in chips)
21529465: posts the ante 200
6a12b31a: posts the ante 200
30d36d3a: posts the ante 200
9073f614: posts the ante 200
Hero: posts the ante 200
b0ae57a5: posts the ante 200
70e93af0: posts the ante 200
62399f: posts the ante 200
30d36d3a: posts small blind 800
9073f614: posts big blind 1,600
*** HOLE CARDS ***
Dealt to 21529465 
Dealt to 30d36d3a 
Dealt to 9073f614 
Dealt to b0ae57a5 
Dealt to Hero [Ah 3s]
Dealt to 62399f 
Dealt to 6a12b31a 
Dealt to 70e93af0 
b0ae57a5: folds
Hero: folds
62399f: folds
6a12b31a: folds
70e93af0: folds
21529465: folds
30d36d3a: calls 800
9073f614: raises 3,200 to 4,800
30d36d3a: calls 3,200
*** FLOP *** [4h Ts Qc]
30d36d3a: bets 11,200
9073f614: calls 11,200
*** TURN *** [4h Ts Qc] [7c]
30d36d3a: checks
9073f614: checks
*** RIVER *** [4h Ts Qc 7c] [Jd]
30d36d3a: checks
9073f614: bets 5,600
30d36d3a: folds
Uncalled bet (5,600) returned to 9073f614
*** SHOWDOWN ***
9073f614 collected 33,600 from pot
*** SUMMARY ***
Total pot 33,600 | Rake 0 | Jackpot 0 | Bingo 0 | Fortune 0 | Tax 0
Board [4h Ts Qc 7c Jd]
Seat 1: 21529465 (button) folded before Flop
Seat 2: 30d36d3a (small blind) folded on the River
Seat 3: 9073f614 (big blind) won (33,600)
Seat 4: b0ae57a5 folded before Flop
Seat 5: Hero folded before Flop
Seat 6: 62399f folded before Flop
Seat 7: 6a12b31a folded before Flop
Seat 8: 70e93af0 folded before Flop


Poker Hand #TM310780571: Tournament #208374574, 228-M: $30 Wednesday Triple Threat [3-Stack] Hold'em No Limit - Level15(600/1,200) - 2025/05/28 23:44:11
Table '13' 8-max Seat #8 is the button
Seat 1: 21529465 (34,758 in chips)
Seat 2: 30d36d3a (53,550 in chips)
Seat 3: 9073f614 (40,556 in chips)
Seat 4: b0ae57a5 (17,057 in chips)
Seat 5: Hero (12,300 in chips)
Seat 6: 62399f (18,650 in chips)
Seat 7: 6a12b31a (40,791 in chips)
Seat 8: 70e93af0 (73,067 in chips)
6a12b31a: posts the ante 150
21529465: posts the ante 150
30d36d3a: posts the ante 150
9073f614: posts the ante 150
Hero: posts the ante 150
b0ae57a5: posts the ante 150
70e93af0: posts the ante 150
62399f: posts the ante 150
21529465: posts small blind 600
30d36d3a: posts big blind 1,200
*** HOLE CARDS ***
Dealt to 21529465 
Dealt to 30d36d3a 
Dealt to 9073f614 
Dealt to b0ae57a5 
Dealt to Hero [Ts 7c]
Dealt to 62399f 
Dealt to 6a12b31a 
Dealt to 70e93af0 
9073f614: raises 1,200 to 2,400
b0ae57a5: calls 2,400
Hero: folds
62399f: folds
6a12b31a: folds
70e93af0: folds
21529465: folds
30d36d3a: calls 1,200
*** FLOP *** [Kd 7h Qc]
30d36d3a: checks
9073f614: checks
b0ae57a5: checks
*** TURN *** [Kd 7h Qc] [Th]
30d36d3a: checks
9073f614: checks
b0ae57a5: checks
*** RIVER *** [Kd 7h Qc Th] [6h]
30d36d3a: checks
9073f614: checks
b0ae57a5: checks
30d36d3a: shows [2d 8h] (King high)
9073f614: shows [9s 9d] (a pair of Nines)
b0ae57a5: shows [Td Ad] (a pair of Tens)
*** SHOWDOWN ***
b0ae57a5 collected 9,000 from pot
*** SUMMARY ***
Total pot 9,000 | Rake 0 | Jackpot 0 | Bingo 0 | Fortune 0 | Tax 0
Board [Kd 7h Qc Th 6h]
Seat 1: 21529465 (small blind) folded before Flop
Seat 2: 30d36d3a (big blind) showed [2d 8h] and lost with King high
Seat 3: 9073f614 showed [9s 9d] and lost with a pair of Nines
Seat 4: b0ae57a5 showed [Td Ad] and won (9,000) with a pair of Tens
Seat 5: Hero folded before Flop
Seat 6: 62399f folded before Flop
Seat 7: 6a12b31a folded before Flop
Seat 8: 70e93af0 (button) folded before Flop


Poker Hand #TM310780551: Tournament #208374574, 228-M: $30 Wednesday Triple Threat [3-Stack] Hold'em No Limit - Level15(600/1,200) - 2025/05/28 23:43:22
Table '13' 8-max Seat #6 is the button
Seat 1: 21529465 (39,108 in chips)
Seat 2: 30d36d3a (53,700 in chips)
Seat 3: 9073f614 (40,706 in chips)
Seat 4: b0ae57a5 (17,207 in chips)
Seat 5: Hero (12,450 in chips)
Seat 6: 62399f (18,800 in chips)
Seat 8: 70e93af0 (67,967 in chips)
21529465: posts the ante 150
30d36d3a: posts the ante 150
9073f614: posts the ante 150
Hero: posts the ante 150
b0ae57a5: posts the ante 150
62399f: posts the ante 150
70e93af0: posts the ante 150
70e93af0: posts small blind 600
21529465: posts big blind 1,200
*** HOLE CARDS ***
Dealt to 21529465 
Dealt to 30d36d3a 
Dealt to 9073f614 
Dealt to b0ae57a5 
Dealt to Hero [6s 8c]
Dealt to 62399f 
Dealt to 70e93af0 
30d36d3a: folds
9073f614: folds
b0ae57a5: folds
Hero: folds
62399f: folds
70e93af0: calls 600
21529465: raises 3,000 to 4,200
70e93af0: raises 63,617 to 67,817
21529465: folds
Uncalled bet (63,617) returned to 70e93af0
*** SHOWDOWN ***
70e93af0 collected 9,450 from pot
*** SUMMARY ***
Total pot 9,450 | Rake 0 | Jackpot 0 | Bingo 0 | Fortune 0 | Tax 0
Seat 1: 21529465 (big blind) folded before Flop
Seat 2: 30d36d3a folded before Flop
Seat 3: 9073f614 folded before Flop
Seat 4: b0ae57a5 folded before Flop
Seat 5: Hero folded before Flop
Seat 6: 62399f (button) folded before Flop
Seat 8: 70e93af0 (small blind) collected (9,450)


Poker Hand #TM310780532: Tournament #208374574, 228-M: $30 Wednesday Triple Threat [3-Stack] Hold'em No Limit - Level15(600/1,200) - 2025/05/28 23:42:27
Table '13' 8-max Seat #5 is the button
Seat 1: 21529465 (39,258 in chips)
Seat 2: 30d36d3a (53,850 in chips)
Seat 3: 9073f614 (40,856 in chips)
Seat 4: b0ae57a5 (17,357 in chips)
Seat 5: Hero (12,600 in chips)
Seat 6: 62399f (12,900 in chips)
Seat 7: 910a285d (5,000 in chips)
Seat 8: 70e93af0 (68,117 in chips)
21529465: posts the ante 150
30d36d3a: posts the ante 150
9073f614: posts the ante 150
Hero: posts the ante 150
b0ae57a5: posts the ante 150
910a285d: posts the ante 150
70e93af0: posts the ante 150
62399f: posts the ante 150
62399f: posts small blind 600
910a285d: posts big blind 1,200
*** HOLE CARDS ***
Dealt to 21529465 
Dealt to 30d36d3a 
Dealt to 9073f614 
Dealt to b0ae57a5 
Dealt to Hero [Td 2c]
Dealt to 62399f 
Dealt to 910a285d 
Dealt to 70e93af0 
70e93af0: folds
21529465: folds
30d36d3a: folds
9073f614: folds
b0ae57a5: folds
Hero: folds
62399f: raises 11,550 to 12,750
910a285d: calls 3,650
Uncalled bet (7,900) returned to 62399f
62399f: shows [6d Kh]
910a285d: shows [Tc Kc]
*** FLOP *** [7h 2s 4s]
*** TURN *** [7h 2s 4s] [6h]
*** RIVER *** [7h 2s 4s 6h] [7d]
*** SHOWDOWN ***
62399f collected 10,900 from pot
*** SUMMARY ***
Total pot 10,900 | Rake 0 | Jackpot 0 | Bingo 0 | Fortune 0 | Tax 0
Board [7h 2s 4s 6h 7d]
Seat 1: 21529465 folded before Flop
Seat 2: 30d36d3a folded before Flop
Seat 3: 9073f614 folded before Flop
Seat 4: b0ae57a5 folded before Flop
Seat 5: Hero (button) folded before Flop
Seat 6: 62399f (small blind) showed [6d Kh] and won (10,900) with two pair, Sevens and Sixes
Seat 7: 910a285d (big blind) showed [Tc Kc] and lost with a pair of Sevens
Seat 8: 70e93af0 folded before Flop


Poker Hand #TM310780506: Tournament #208374574, 228-M: $30 Wednesday Triple Threat [3-Stack] Hold'em No Limit - Level15(600/1,200) - 2025/05/28 23:41:38
Table '13' 8-max Seat #4 is the button
Seat 1: 21529465 (39,408 in chips)
Seat 2: 30d36d3a (54,000 in chips)
Seat 3: 9073f614 (41,006 in chips)
Seat 4: b0ae57a5 (17,507 in chips)
Seat 5: Hero (13,350 in chips)
Seat 6: 62399f (14,250 in chips)
Seat 7: 910a285d (15,066 in chips)
Seat 8: 70e93af0 (50,351 in chips)
21529465: posts the ante 150
30d36d3a: posts the ante 150
9073f614: posts the ante 150
b0ae57a5: posts the ante 150
Hero: posts the ante 150
910a285d: posts the ante 150
70e93af0: posts the ante 150
62399f: posts the ante 150
Hero: posts small blind 600
62399f: posts big blind 1,200
*** HOLE CARDS ***
Dealt to 21529465 
Dealt to 30d36d3a 
Dealt to 9073f614 
Dealt to b0ae57a5 
Dealt to Hero [Kc 3s]
Dealt to 62399f 
Dealt to 910a285d 
Dealt to 70e93af0 
910a285d: raises 13,716 to 14,916
70e93af0: calls 14,916
21529465: folds
30d36d3a: folds
9073f614: folds
b0ae57a5: folds
Hero: folds
62399f: folds
910a285d: shows [Kd Qc]
70e93af0: shows [Qh Ad]
*** FLOP *** [6c 9c 9s]
*** TURN *** [6c 9c 9s] [8d]
*** RIVER *** [6c 9c 9s 8d] [7d]
*** SHOWDOWN ***
70e93af0 collected 32,832 from pot
*** SUMMARY ***
Total pot 32,832 | Rake 0 | Jackpot 0 | Bingo 0 | Fortune 0 | Tax 0
Board [6c 9c 9s 8d 7d]
Seat 1: 21529465 folded before Flop
Seat 2: 30d36d3a folded before Flop
Seat 3: 9073f614 folded before Flop
Seat 4: b0ae57a5 (button) folded before Flop
Seat 5: Hero (small blind) folded before Flop
Seat 6: 62399f (big blind) folded before Flop
Seat 7: 910a285d showed [Kd Qc] and lost with a pair of Nines
Seat 8: 70e93af0 showed [Qh Ad] and won (32,832) with a pair of Nines


Poker Hand #TM310780491: Tournament #208374574, 228-M: $30 Wednesday Triple Threat [3-Stack] Hold'em No Limit - Level15(600/1,200) - 2025/05/28 23:41:03
Table '13' 8-max Seat #3 is the button
Seat 1: 21529465 (39,558 in chips)
Seat 2: 30d36d3a (54,150 in chips)
Seat 3: 9073f614 (41,156 in chips)
Seat 4: b0ae57a5 (18,257 in chips)
Seat 5: Hero (14,700 in chips)
Seat 6: 62399f (14,400 in chips)
Seat 7: 910a285d (12,216 in chips)
Seat 8: 70e93af0 (50,501 in chips)
21529465: posts the ante 150
30d36d3a: posts the ante 150
9073f614: posts the ante 150
Hero: posts the ante 150
b0ae57a5: posts the ante 150
910a285d: posts the ante 150
70e93af0: posts the ante 150
62399f: posts the ante 150
b0ae57a5: posts small blind 600
Hero: posts big blind 1,200
*** HOLE CARDS ***
Dealt to 21529465 
Dealt to 30d36d3a 
Dealt to 9073f614 
Dealt to b0ae57a5 
Dealt to Hero [3c As]
Dealt to 62399f 
Dealt to 910a285d 
Dealt to 70e93af0 
62399f: folds
910a285d: raises 10,866 to 12,066
70e93af0: folds
21529465: folds
30d36d3a: folds
9073f614: folds
b0ae57a5: folds
Hero: folds
Uncalled bet (10,866) returned to 910a285d
*** SHOWDOWN ***
910a285d collected 4,200 from pot
*** SUMMARY ***
Total pot 4,200 | Rake 0 | Jackpot 0 | Bingo 0 | Fortune 0 | Tax 0
Seat 1: 21529465 folded before Flop
Seat 2: 30d36d3a folded before Flop
Seat 3: 9073f614 (button) folded before Flop
Seat 4: b0ae57a5 (small blind) folded before Flop
Seat 5: Hero (big blind) folded before Flop
Seat 6: 62399f folded before Flop
Seat 7: 910a285d collected (4,200)
Seat 8: 70e93af0 folded before Flop


Poker Hand #TM310780451: Tournament #208374574, 228-M: $30 Wednesday Triple Threat [3-Stack] Hold'em No Limit - Level15(600/1,200) - 2025/05/28 23:39:35
Table '13' 8-max Seat #2 is the button
Seat 1: 21529465 (39,708 in chips)
Seat 2: 30d36d3a (54,300 in chips)
Seat 3: 9073f614 (34,274 in chips)
Seat 4: b0ae57a5 (19,607 in chips)
Seat 5: Hero (4,850 in chips)
Seat 6: 62399f (14,550 in chips)
Seat 7: 910a285d (12,366 in chips)
Seat 8: 70e93af0 (55,283 in chips)
21529465: posts the ante 150
30d36d3a: posts the ante 150
9073f614: posts the ante 150
Hero: posts the ante 150
b0ae57a5: posts the ante 150
910a285d: posts the ante 150
70e93af0: posts the ante 150
62399f: posts the ante 150
9073f614: posts small blind 600
b0ae57a5: posts big blind 1,200
*** HOLE CARDS ***
Dealt to 21529465 
Dealt to 30d36d3a 
Dealt to 9073f614 
Dealt to b0ae57a5 
Dealt to Hero [4d 7d]
Dealt to 62399f 
Dealt to 910a285d 
Dealt to 70e93af0 
Hero: folds
62399f: folds
910a285d: folds
70e93af0: raises 1,200 to 2,400
21529465: folds
30d36d3a: folds
9073f614: calls 1,800
b0ae57a5: folds
*** FLOP *** [Kh 7c 3c]
9073f614: checks
70e93af0: bets 2,232
9073f614: raises 3,768 to 6,000
70e93af0: folds
Uncalled bet (3,768) returned to 9073f614
*** SHOWDOWN ***
9073f614 collected 11,664 from pot
*** SUMMARY ***
Total pot 11,664 | Rake 0 | Jackpot 0 | Bingo 0 | Fortune 0 | Tax 0
Board [Kh 7c 3c]
Seat 1: 21529465 folded before Flop
Seat 2: 30d36d3a (button) folded before Flop
Seat 3: 9073f614 (small blind) won (11,664)
Seat 4: b0ae57a5 (big blind) folded before Flop
Seat 5: Hero folded before Flop
Seat 6: 62399f folded before Flop
Seat 7: 910a285d folded before Flop
Seat 8: 70e93af0 folded on the Flop


Poker Hand #TM310780409: Tournament #208374574, 228-M: $30 Wednesday Triple Threat [3-Stack] Hold'em No Limit - Level15(600/1,200) - 2025/05/28 23:38:17
Table '13' 8-max Seat #1 is the button
Seat 1: 21529465 (39,858 in chips)
Seat 2: 30d36d3a (26,100 in chips)
Seat 3: 9073f614 (35,624 in chips)
Seat 4: b0ae57a5 (19,757 in chips)
Seat 5: Hero (5,000 in chips)
Seat 6: 62399f (14,700 in chips)
Seat 7: 910a285d (38,466 in chips)
Seat 8: 70e93af0 (55,433 in chips)
21529465: posts the ante 150
30d36d3a: posts the ante 150
9073f614: posts the ante 150
Hero: posts the ante 150
b0ae57a5: posts the ante 150
910a285d: posts the ante 150
70e93af0: posts the ante 150
62399f: posts the ante 150
30d36d3a: posts small blind 600
9073f614: posts big blind 1,200
*** HOLE CARDS ***
Dealt to 21529465 
Dealt to 30d36d3a 
Dealt to 9073f614 
Dealt to b0ae57a5 
Dealt to Hero [5d 3s]
Dealt to 62399f 
Dealt to 910a285d 
Dealt to 70e93af0 
b0ae57a5: folds
Hero: folds
62399f: folds
910a285d: raises 1,200 to 2,400
70e93af0: folds
21529465: folds
30d36d3a: calls 1,800
9073f614: folds
*** FLOP *** [8c 3c Qh]
30d36d3a: bets 5,400
910a285d: calls 5,400
*** TURN *** [8c 3c Qh] [Ah]
30d36d3a: bets 13,500
910a285d: calls 13,500
*** RIVER *** [8c 3c Qh Ah] [Ks]
30d36d3a: bets 4,650
910a285d: calls 4,650
30d36d3a: shows [Jh Tc] (a straight, Ace to Ten)
910a285d: shows [Qc Qd] (three of a kind, Queens)
*** SHOWDOWN ***
30d36d3a collected 54,300 from pot
*** SUMMARY ***
Total pot 54,300 | Rake 0 | Jackpot 0 | Bingo 0 | Fortune 0 | Tax 0
Board [8c 3c Qh Ah Ks]
Seat 1: 21529465 (button) folded before Flop
Seat 2: 30d36d3a (small blind) showed [Jh Tc] and won (54,300) with a straight, Ace to Ten
Seat 3: 9073f614 (big blind) folded before Flop
Seat 4: b0ae57a5 folded before Flop
Seat 5: Hero folded before Flop
Seat 6: 62399f folded before Flop
Seat 7: 910a285d showed [Qc Qd] and lost with three of a kind, Queens
Seat 8: 70e93af0 folded before Flop


