Poker Hand #TM309387435: Tournament #208084552, Daily Special $88 Hold'em No Limit - Level22(2,500/5,000) - 2025/05/28 22:09:50
Table '2' 8-max Seat #4 is the button
Seat 2: cba6c3ea (76,103 in chips)
Seat 3: f6ad13b0 (49,858 in chips)
Seat 4: 486362ce (239,712 in chips)
Seat 5: 2215a786 (78,152 in chips)
Seat 6: 179ec044 (183,944 in chips)
Seat 7: Hero (36,700 in chips)
Seat 8: 1c2c6ea0 (54,999 in chips)
486362ce: posts the ante 600
cba6c3ea: posts the ante 600
179ec044: posts the ante 600
f6ad13b0: posts the ante 600
2215a786: posts the ante 600
1c2c6ea0: posts the ante 600
Hero: posts the ante 600
2215a786: posts small blind 2,500
179ec044: posts big blind 5,000
*** HOLE CARDS ***
Dealt to cba6c3ea 
Dealt to f6ad13b0 
Dealt to 486362ce 
Dealt to 2215a786 
Dealt to 179ec044 
Dealt to Hero [5d Ad]
Dealt to 1c2c6ea0 
Hero: raises 31,100 to 36,100
1c2c6ea0: folds
cba6c3ea: folds
f6ad13b0: folds
486362ce: folds
2215a786: calls 33,600
179ec044: folds
Hero: shows [5d Ad]
2215a786: shows [Qh Qd]
*** FLOP *** [5h 8h 6d]
*** TURN *** [5h 8h 6d] [Kc]
*** RIVER *** [5h 8h 6d Kc] [6s]
*** SHOWDOWN ***
2215a786 collected 81,400 from pot
*** SUMMARY ***
Total pot 81,400 | Rake 0 | Jackpot 0 | Bingo 0 | Fortune 0 | Tax 0
Board [5h 8h 6d Kc 6s]
Seat 2: cba6c3ea folded before Flop
Seat 3: f6ad13b0 folded before Flop
Seat 4: 486362ce (button) folded before Flop
Seat 5: 2215a786 (small blind) showed [Qh Qd] and won (81,400) with two pair, Queens and Sixes
Seat 6: 179ec044 (big blind) folded before Flop
Seat 7: Hero showed [5d Ad] and lost with two pair, Sixes and Fives
Seat 8: 1c2c6ea0 folded before Flop


Poker Hand #TM309387431: Tournament #208084552, Daily Special $88 Hold'em No Limit - Level22(2,500/5,000) - 2025/05/28 22:08:56
Table '2' 8-max Seat #3 is the button
Seat 2: cba6c3ea (76,703 in chips)
Seat 3: f6ad13b0 (165,714 in chips)
Seat 4: 486362ce (115,856 in chips)
Seat 5: 2215a786 (83,752 in chips)
Seat 6: 179ec044 (184,544 in chips)
Seat 7: Hero (37,300 in chips)
Seat 8: 1c2c6ea0 (55,599 in chips)
486362ce: posts the ante 600
cba6c3ea: posts the ante 600
179ec044: posts the ante 600
f6ad13b0: posts the ante 600
2215a786: posts the ante 600
1c2c6ea0: posts the ante 600
Hero: posts the ante 600
486362ce: posts small blind 2,500
2215a786: posts big blind 5,000
*** HOLE CARDS ***
Dealt to cba6c3ea 
Dealt to f6ad13b0 
Dealt to 486362ce 
Dealt to 2215a786 
Dealt to 179ec044 
Dealt to Hero [4s 8c]
Dealt to 1c2c6ea0 
179ec044: folds
Hero: folds
1c2c6ea0: folds
cba6c3ea: folds
f6ad13b0: raises 5,000 to 10,000
486362ce: raises 105,256 to 115,256
2215a786: folds
f6ad13b0: calls 105,256
486362ce: shows [Jh Qh]
f6ad13b0: shows [Jd Ac]
*** FLOP *** [5s Th 6c]
*** TURN *** [5s Th 6c] [Qs]
*** RIVER *** [5s Th 6c Qs] [2s]
*** SHOWDOWN ***
486362ce collected 239,712 from pot
*** SUMMARY ***
Total pot 239,712 | Rake 0 | Jackpot 0 | Bingo 0 | Fortune 0 | Tax 0
Board [5s Th 6c Qs 2s]
Seat 2: cba6c3ea folded before Flop
Seat 3: f6ad13b0 (button) showed [Jd Ac] and lost with Ace high
Seat 4: 486362ce (small blind) showed [Jh Qh] and won (239,712) with a pair of Queens
Seat 5: 2215a786 (big blind) folded before Flop
Seat 6: 179ec044 folded before Flop
Seat 7: Hero folded before Flop
Seat 8: 1c2c6ea0 folded before Flop


Poker Hand #TM309387420: Tournament #208084552, Daily Special $88 Hold'em No Limit - Level22(2,500/5,000) - 2025/05/28 22:07:54
Table '2' 8-max Seat #2 is the button
Seat 2: cba6c3ea (87,303 in chips)
Seat 3: f6ad13b0 (168,814 in chips)
Seat 4: 486362ce (99,756 in chips)
Seat 5: 2215a786 (84,352 in chips)
Seat 6: 179ec044 (185,144 in chips)
Seat 7: Hero (37,900 in chips)
Seat 8: 1c2c6ea0 (56,199 in chips)
486362ce: posts the ante 600
cba6c3ea: posts the ante 600
179ec044: posts the ante 600
2215a786: posts the ante 600
f6ad13b0: posts the ante 600
1c2c6ea0: posts the ante 600
Hero: posts the ante 600
f6ad13b0: posts small blind 2,500
486362ce: posts big blind 5,000
*** HOLE CARDS ***
Dealt to cba6c3ea 
Dealt to f6ad13b0 
Dealt to 486362ce 
Dealt to 2215a786 
Dealt to 179ec044 
Dealt to Hero [3d Jd]
Dealt to 1c2c6ea0 
2215a786: folds
179ec044: folds
Hero: folds
1c2c6ea0: folds
cba6c3ea: raises 5,000 to 10,000
f6ad13b0: folds
486362ce: raises 15,000 to 25,000
cba6c3ea: folds
Uncalled bet (15,000) returned to 486362ce
*** SHOWDOWN ***
486362ce collected 26,700 from pot
*** SUMMARY ***
Total pot 26,700 | Rake 0 | Jackpot 0 | Bingo 0 | Fortune 0 | Tax 0
Seat 2: cba6c3ea (button) folded before Flop
Seat 3: f6ad13b0 (small blind) folded before Flop
Seat 4: 486362ce (big blind) collected (26,700)
Seat 5: 2215a786 folded before Flop
Seat 6: 179ec044 folded before Flop
Seat 7: Hero folded before Flop
Seat 8: 1c2c6ea0 folded before Flop


Poker Hand #TM309387412: Tournament #208084552, Daily Special $88 Hold'em No Limit - Level22(2,500/5,000) - 2025/05/28 22:06:35
Table '2' 8-max Seat #1 is the button
Seat 1: bb2b8f48 (70,120 in chips)
Seat 2: cba6c3ea (90,403 in chips)
Seat 3: f6ad13b0 (120,294 in chips)
Seat 4: 486362ce (100,356 in chips)
Seat 5: 2215a786 (84,952 in chips)
Seat 6: 179ec044 (185,744 in chips)
Seat 7: Hero (10,800 in chips)
Seat 8: 1c2c6ea0 (56,799 in chips)
486362ce: posts the ante 600
bb2b8f48: posts the ante 600
cba6c3ea: posts the ante 600
179ec044: posts the ante 600
2215a786: posts the ante 600
f6ad13b0: posts the ante 600
1c2c6ea0: posts the ante 600
Hero: posts the ante 600
cba6c3ea: posts small blind 2,500
f6ad13b0: posts big blind 5,000
*** HOLE CARDS ***
Dealt to bb2b8f48 
Dealt to cba6c3ea 
Dealt to f6ad13b0 
Dealt to 486362ce 
Dealt to 2215a786 
Dealt to 179ec044 
Dealt to Hero [Js Qc]
Dealt to 1c2c6ea0 
486362ce: folds
2215a786: folds
179ec044: folds
Hero: raises 5,000 to 10,000
1c2c6ea0: folds
bb2b8f48: raises 59,520 to 69,520
cba6c3ea: folds
f6ad13b0: calls 64,520
Hero: calls 200
bb2b8f48: shows [As 7h]
f6ad13b0: shows [Ts Th]
Hero: shows [Js Qc]
*** FLOP *** [8c Td 3s]
*** TURN *** [8c Td 3s] [9d]
*** RIVER *** [8c Td 3s 9d] [2c]
*** SHOWDOWN ***
Hero collected 37,900 from pot
f6ad13b0 collected 118,640 from pot
*** SUMMARY ***
Total pot 156,540 | Rake 0 | Jackpot 0 | Bingo 0 | Fortune 0 | Tax 0
Board [8c Td 3s 9d 2c]
Seat 1: bb2b8f48 (button) showed [As 7h] and lost with Ace high
Seat 2: cba6c3ea (small blind) folded before Flop
Seat 3: f6ad13b0 (big blind) showed [Ts Th] and won (118,640) with three of a kind, Tens
Seat 4: 486362ce folded before Flop
Seat 5: 2215a786 folded before Flop
Seat 6: 179ec044 folded before Flop
Seat 7: Hero showed [Js Qc] and won (37,900) with a straight, Queen to Eight
Seat 8: 1c2c6ea0 folded before Flop


Poker Hand #TM309387410: Tournament #208084552, Daily Special $88 Hold'em No Limit - Level22(2,500/5,000) - 2025/05/28 22:05:58
Table '2' 8-max Seat #8 is the button
Seat 1: bb2b8f48 (73,220 in chips)
Seat 2: cba6c3ea (96,003 in chips)
Seat 3: f6ad13b0 (120,894 in chips)
Seat 4: 486362ce (110,956 in chips)
Seat 5: 2215a786 (63,252 in chips)
Seat 6: 179ec044 (186,344 in chips)
Seat 7: Hero (11,400 in chips)
Seat 8: 1c2c6ea0 (57,399 in chips)
486362ce: posts the ante 600
cba6c3ea: posts the ante 600
bb2b8f48: posts the ante 600
179ec044: posts the ante 600
2215a786: posts the ante 600
f6ad13b0: posts the ante 600
1c2c6ea0: posts the ante 600
Hero: posts the ante 600
bb2b8f48: posts small blind 2,500
cba6c3ea: posts big blind 5,000
*** HOLE CARDS ***
Dealt to bb2b8f48 
Dealt to cba6c3ea 
Dealt to f6ad13b0 
Dealt to 486362ce 
Dealt to 2215a786 
Dealt to 179ec044 
Dealt to Hero [5c 8d]
Dealt to 1c2c6ea0 
f6ad13b0: folds
486362ce: raises 5,000 to 10,000
2215a786: raises 52,652 to 62,652
179ec044: folds
Hero: folds
1c2c6ea0: folds
bb2b8f48: folds
cba6c3ea: folds
486362ce: folds
Uncalled bet (52,652) returned to 2215a786
*** SHOWDOWN ***
2215a786 collected 32,300 from pot
*** SUMMARY ***
Total pot 32,300 | Rake 0 | Jackpot 0 | Bingo 0 | Fortune 0 | Tax 0
Seat 1: bb2b8f48 (small blind) folded before Flop
Seat 2: cba6c3ea (big blind) folded before Flop
Seat 3: f6ad13b0 folded before Flop
Seat 4: 486362ce folded before Flop
Seat 5: 2215a786 collected (32,300)
Seat 6: 179ec044 folded before Flop
Seat 7: Hero folded before Flop
Seat 8: 1c2c6ea0 (button) folded before Flop


Poker Hand #TM309387406: Tournament #208084552, Daily Special $88 Hold'em No Limit - Level22(2,500/5,000) - 2025/05/28 22:05:23
Table '2' 8-max Seat #7 is the button
Seat 1: bb2b8f48 (78,820 in chips)
Seat 2: cba6c3ea (96,603 in chips)
Seat 3: f6ad13b0 (109,194 in chips)
Seat 4: 486362ce (111,556 in chips)
Seat 5: 2215a786 (63,852 in chips)
Seat 6: 179ec044 (186,944 in chips)
Seat 7: Hero (12,000 in chips)
Seat 8: 1c2c6ea0 (60,499 in chips)
486362ce: posts the ante 600
cba6c3ea: posts the ante 600
bb2b8f48: posts the ante 600
179ec044: posts the ante 600
2215a786: posts the ante 600
f6ad13b0: posts the ante 600
1c2c6ea0: posts the ante 600
Hero: posts the ante 600
1c2c6ea0: posts small blind 2,500
bb2b8f48: posts big blind 5,000
*** HOLE CARDS ***
Dealt to bb2b8f48 
Dealt to cba6c3ea 
Dealt to f6ad13b0 
Dealt to 486362ce 
Dealt to 2215a786 
Dealt to 179ec044 
Dealt to Hero [Tc 5d]
Dealt to 1c2c6ea0 
cba6c3ea: folds
f6ad13b0: raises 5,000 to 10,000
486362ce: folds
2215a786: folds
179ec044: folds
Hero: folds
1c2c6ea0: folds
bb2b8f48: folds
Uncalled bet (5,000) returned to f6ad13b0
*** SHOWDOWN ***
f6ad13b0 collected 17,300 from pot
*** SUMMARY ***
Total pot 17,300 | Rake 0 | Jackpot 0 | Bingo 0 | Fortune 0 | Tax 0
Seat 1: bb2b8f48 (big blind) folded before Flop
Seat 2: cba6c3ea folded before Flop
Seat 3: f6ad13b0 collected (17,300)
Seat 4: 486362ce folded before Flop
Seat 5: 2215a786 folded before Flop
Seat 6: 179ec044 folded before Flop
Seat 7: Hero (button) folded before Flop
Seat 8: 1c2c6ea0 (small blind) folded before Flop


Poker Hand #TM309387400: Tournament #208084552, Daily Special $88 Hold'em No Limit - Level22(2,500/5,000) - 2025/05/28 22:04:50
Table '2' 8-max Seat #6 is the button
Seat 1: bb2b8f48 (79,420 in chips)
Seat 2: cba6c3ea (97,203 in chips)
Seat 3: f6ad13b0 (109,794 in chips)
Seat 4: 486362ce (112,156 in chips)
Seat 5: 2215a786 (64,452 in chips)
Seat 6: 179ec044 (175,244 in chips)
Seat 7: Hero (15,100 in chips)
Seat 8: 1c2c6ea0 (66,099 in chips)
486362ce: posts the ante 600
cba6c3ea: posts the ante 600
bb2b8f48: posts the ante 600
179ec044: posts the ante 600
2215a786: posts the ante 600
f6ad13b0: posts the ante 600
1c2c6ea0: posts the ante 600
Hero: posts the ante 600
Hero: posts small blind 2,500
1c2c6ea0: posts big blind 5,000
*** HOLE CARDS ***
Dealt to bb2b8f48 
Dealt to cba6c3ea 
Dealt to f6ad13b0 
Dealt to 486362ce 
Dealt to 2215a786 
Dealt to 179ec044 
Dealt to Hero [Kh 6c]
Dealt to 1c2c6ea0 
bb2b8f48: folds
cba6c3ea: folds
f6ad13b0: folds
486362ce: folds
2215a786: folds
179ec044: raises 169,644 to 174,644
Hero: folds
1c2c6ea0: folds
Uncalled bet (169,644) returned to 179ec044
*** SHOWDOWN ***
179ec044 collected 17,300 from pot
*** SUMMARY ***
Total pot 17,300 | Rake 0 | Jackpot 0 | Bingo 0 | Fortune 0 | Tax 0
Seat 1: bb2b8f48 folded before Flop
Seat 2: cba6c3ea folded before Flop
Seat 3: f6ad13b0 folded before Flop
Seat 4: 486362ce folded before Flop
Seat 5: 2215a786 folded before Flop
Seat 6: 179ec044 (button) collected (17,300)
Seat 7: Hero (small blind) folded before Flop
Seat 8: 1c2c6ea0 (big blind) folded before Flop


Poker Hand #TM309387394: Tournament #208084552, Daily Special $88 Hold'em No Limit - Level21(2,000/4,000) - 2025/05/28 22:03:59
Table '2' 8-max Seat #5 is the button
Seat 1: bb2b8f48 (79,920 in chips)
Seat 2: cba6c3ea (97,703 in chips)
Seat 3: f6ad13b0 (96,294 in chips)
Seat 4: 486362ce (112,656 in chips)
Seat 5: 2215a786 (64,952 in chips)
Seat 6: 179ec044 (177,744 in chips)
Seat 7: Hero (23,600 in chips)
Seat 8: 1c2c6ea0 (66,599 in chips)
486362ce: posts the ante 500
cba6c3ea: posts the ante 500
bb2b8f48: posts the ante 500
179ec044: posts the ante 500
2215a786: posts the ante 500
f6ad13b0: posts the ante 500
1c2c6ea0: posts the ante 500
Hero: posts the ante 500
179ec044: posts small blind 2,000
Hero: posts big blind 4,000
*** HOLE CARDS ***
Dealt to bb2b8f48 
Dealt to cba6c3ea 
Dealt to f6ad13b0 
Dealt to 486362ce 
Dealt to 2215a786 
Dealt to 179ec044 
Dealt to Hero [3c 4h]
Dealt to 1c2c6ea0 
1c2c6ea0: folds
bb2b8f48: folds
cba6c3ea: folds
f6ad13b0: raises 4,000 to 8,000
486362ce: folds
2215a786: folds
179ec044: folds
Hero: calls 4,000
*** FLOP *** [As 9d Qh]
Hero: checks
f6ad13b0: bets 4,000
Hero: folds
Uncalled bet (4,000) returned to f6ad13b0
*** SHOWDOWN ***
f6ad13b0 collected 22,000 from pot
*** SUMMARY ***
Total pot 22,000 | Rake 0 | Jackpot 0 | Bingo 0 | Fortune 0 | Tax 0
Board [As 9d Qh]
Seat 1: bb2b8f48 folded before Flop
Seat 2: cba6c3ea folded before Flop
Seat 3: f6ad13b0 won (22,000)
Seat 4: 486362ce folded before Flop
Seat 5: 2215a786 (button) folded before Flop
Seat 6: 179ec044 (small blind) folded before Flop
Seat 7: Hero (big blind) folded on the Flop
Seat 8: 1c2c6ea0 folded before Flop


Poker Hand #TM309387387: Tournament #208084552, Daily Special $88 Hold'em No Limit - Level21(2,000/4,000) - 2025/05/28 22:03:12
Table '2' 8-max Seat #4 is the button
Seat 1: bb2b8f48 (35,460 in chips)
Seat 2: cba6c3ea (98,203 in chips)
Seat 3: f6ad13b0 (96,794 in chips)
Seat 4: 486362ce (148,116 in chips)
Seat 5: 2215a786 (67,452 in chips)
Seat 6: 179ec044 (182,244 in chips)
Seat 7: Hero (24,100 in chips)
Seat 8: 1c2c6ea0 (67,099 in chips)
486362ce: posts the ante 500
cba6c3ea: posts the ante 500
bb2b8f48: posts the ante 500
179ec044: posts the ante 500
f6ad13b0: posts the ante 500
2215a786: posts the ante 500
1c2c6ea0: posts the ante 500
Hero: posts the ante 500
2215a786: posts small blind 2,000
179ec044: posts big blind 4,000
*** HOLE CARDS ***
Dealt to bb2b8f48 
Dealt to cba6c3ea 
Dealt to f6ad13b0 
Dealt to 486362ce 
Dealt to 2215a786 
Dealt to 179ec044 
Dealt to Hero [5s 8c]
Dealt to 1c2c6ea0 
Hero: folds
1c2c6ea0: folds
bb2b8f48: raises 30,960 to 34,960
cba6c3ea: folds
f6ad13b0: folds
486362ce: calls 34,960
2215a786: folds
179ec044: folds
bb2b8f48: shows [Jc Ad]
486362ce: shows [9c 9s]
*** FLOP *** [Ah 5c 2s]
*** TURN *** [Ah 5c 2s] [Jh]
*** RIVER *** [Ah 5c 2s Jh] [5d]
*** SHOWDOWN ***
bb2b8f48 collected 79,920 from pot
*** SUMMARY ***
Total pot 79,920 | Rake 0 | Jackpot 0 | Bingo 0 | Fortune 0 | Tax 0
Board [Ah 5c 2s Jh 5d]
Seat 1: bb2b8f48 showed [Jc Ad] and won (79,920) with two pair, Aces and Jacks
Seat 2: cba6c3ea folded before Flop
Seat 3: f6ad13b0 folded before Flop
Seat 4: 486362ce (button) showed [9c 9s] and lost with two pair, Nines and Fives
Seat 5: 2215a786 (small blind) folded before Flop
Seat 6: 179ec044 (big blind) folded before Flop
Seat 7: Hero folded before Flop
Seat 8: 1c2c6ea0 folded before Flop


Poker Hand #TM309387382: Tournament #208084552, Daily Special $88 Hold'em No Limit - Level21(2,000/4,000) - 2025/05/28 22:02:48
Table '2' 8-max Seat #3 is the button
Seat 1: bb2b8f48 (35,960 in chips)
Seat 2: cba6c3ea (98,703 in chips)
Seat 3: f6ad13b0 (97,294 in chips)
Seat 4: 486362ce (150,616 in chips)
Seat 5: 2215a786 (71,952 in chips)
Seat 6: 179ec044 (182,744 in chips)
Seat 7: Hero (24,600 in chips)
Seat 8: 1c2c6ea0 (57,599 in chips)
486362ce: posts the ante 500
cba6c3ea: posts the ante 500
bb2b8f48: posts the ante 500
179ec044: posts the ante 500
f6ad13b0: posts the ante 500
2215a786: posts the ante 500
1c2c6ea0: posts the ante 500
Hero: posts the ante 500
486362ce: posts small blind 2,000
2215a786: posts big blind 4,000
*** HOLE CARDS ***
Dealt to bb2b8f48 
Dealt to cba6c3ea 
Dealt to f6ad13b0 
Dealt to 486362ce 
Dealt to 2215a786 
Dealt to 179ec044 
Dealt to Hero [6s 3c]
Dealt to 1c2c6ea0 
179ec044: folds
Hero: folds
1c2c6ea0: raises 53,099 to 57,099
bb2b8f48: folds
cba6c3ea: folds
f6ad13b0: folds
486362ce: folds
2215a786: folds
Uncalled bet (53,099) returned to 1c2c6ea0
*** SHOWDOWN ***
1c2c6ea0 collected 14,000 from pot
*** SUMMARY ***
Total pot 14,000 | Rake 0 | Jackpot 0 | Bingo 0 | Fortune 0 | Tax 0
Seat 1: bb2b8f48 folded before Flop
Seat 2: cba6c3ea folded before Flop
Seat 3: f6ad13b0 (button) folded before Flop
Seat 4: 486362ce (small blind) folded before Flop
Seat 5: 2215a786 (big blind) folded before Flop
Seat 6: 179ec044 folded before Flop
Seat 7: Hero folded before Flop
Seat 8: 1c2c6ea0 collected (14,000)


Poker Hand #TM309387377: Tournament #208084552, Daily Special $88 Hold'em No Limit - Level21(2,000/4,000) - 2025/05/28 22:02:22
Table '2' 8-max Seat #2 is the button
Seat 2: cba6c3ea (99,203 in chips)
Seat 3: f6ad13b0 (99,794 in chips)
Seat 4: 486362ce (155,116 in chips)
Seat 5: 2215a786 (62,952 in chips)
Seat 6: 179ec044 (183,244 in chips)
Seat 7: Hero (25,100 in chips)
Seat 8: 1c2c6ea0 (58,099 in chips)
486362ce: posts the ante 500
cba6c3ea: posts the ante 500
179ec044: posts the ante 500
2215a786: posts the ante 500
f6ad13b0: posts the ante 500
1c2c6ea0: posts the ante 500
Hero: posts the ante 500
f6ad13b0: posts small blind 2,000
486362ce: posts big blind 4,000
*** HOLE CARDS ***
Dealt to cba6c3ea 
Dealt to f6ad13b0 
Dealt to 486362ce 
Dealt to 2215a786 
Dealt to 179ec044 
Dealt to Hero [7s Kh]
Dealt to 1c2c6ea0 
2215a786: raises 58,452 to 62,452
179ec044: folds
Hero: folds
1c2c6ea0: folds
cba6c3ea: folds
f6ad13b0: folds
486362ce: folds
Uncalled bet (58,452) returned to 2215a786
*** SHOWDOWN ***
2215a786 collected 13,500 from pot
*** SUMMARY ***
Total pot 13,500 | Rake 0 | Jackpot 0 | Bingo 0 | Fortune 0 | Tax 0
Seat 2: cba6c3ea (button) folded before Flop
Seat 3: f6ad13b0 (small blind) folded before Flop
Seat 4: 486362ce (big blind) folded before Flop
Seat 5: 2215a786 collected (13,500)
Seat 6: 179ec044 folded before Flop
Seat 7: Hero folded before Flop
Seat 8: 1c2c6ea0 folded before Flop


Poker Hand #TM309387366: Tournament #208084552, Daily Special $88 Hold'em No Limit - Level21(2,000/4,000) - 2025/05/28 22:01:14
Table '2' 8-max Seat #8 is the button
Seat 2: cba6c3ea (101,703 in chips)
Seat 3: f6ad13b0 (94,794 in chips)
Seat 4: 486362ce (155,616 in chips)
Seat 5: 2215a786 (63,452 in chips)
Seat 6: 179ec044 (183,744 in chips)
Seat 7: Hero (25,600 in chips)
Seat 8: 1c2c6ea0 (58,599 in chips)
486362ce: posts the ante 500
cba6c3ea: posts the ante 500
179ec044: posts the ante 500
2215a786: posts the ante 500
f6ad13b0: posts the ante 500
1c2c6ea0: posts the ante 500
Hero: posts the ante 500
cba6c3ea: posts small blind 2,000
f6ad13b0: posts big blind 4,000
*** HOLE CARDS ***
Dealt to cba6c3ea 
Dealt to f6ad13b0 
Dealt to 486362ce 
Dealt to 2215a786 
Dealt to 179ec044 
Dealt to Hero [3s 7c]
Dealt to 1c2c6ea0 
486362ce: folds
2215a786: folds
179ec044: folds
Hero: folds
1c2c6ea0: folds
cba6c3ea: folds
Uncalled bet (2,000) returned to f6ad13b0
*** SHOWDOWN ***
f6ad13b0 collected 7,500 from pot
*** SUMMARY ***
Total pot 7,500 | Rake 0 | Jackpot 0 | Bingo 0 | Fortune 0 | Tax 0
Seat 2: cba6c3ea (small blind) folded before Flop
Seat 3: f6ad13b0 (big blind) collected (7,500)
Seat 4: 486362ce folded before Flop
Seat 5: 2215a786 folded before Flop
Seat 6: 179ec044 folded before Flop
Seat 7: Hero folded before Flop
Seat 8: 1c2c6ea0 (button) folded before Flop


Poker Hand #TM309387361: Tournament #208084552, Daily Special $88 Hold'em No Limit - Level21(2,000/4,000) - 2025/05/28 21:54:58
Table '2' 8-max Seat #7 is the button
Seat 2: cba6c3ea (88,703 in chips)
Seat 3: f6ad13b0 (95,294 in chips)
Seat 4: 486362ce (156,116 in chips)
Seat 5: 2215a786 (71,952 in chips)
Seat 6: 179ec044 (184,244 in chips)
Seat 7: Hero (26,100 in chips)
Seat 8: 1c2c6ea0 (61,099 in chips)
486362ce: posts the ante 500
cba6c3ea: posts the ante 500
179ec044: posts the ante 500
2215a786: posts the ante 500
f6ad13b0: posts the ante 500
1c2c6ea0: posts the ante 500
Hero: posts the ante 500
1c2c6ea0: posts small blind 2,000
cba6c3ea: posts big blind 4,000
*** HOLE CARDS ***
Dealt to cba6c3ea 
Dealt to f6ad13b0 
Dealt to 486362ce 
Dealt to 2215a786 
Dealt to 179ec044 
Dealt to Hero [7c 4h]
Dealt to 1c2c6ea0 
f6ad13b0: folds
486362ce: folds
2215a786: raises 4,000 to 8,000
179ec044: folds
Hero: folds
1c2c6ea0: folds
cba6c3ea: calls 4,000
*** FLOP *** [8d 9s Qd]
cba6c3ea: checks
2215a786: checks
*** TURN *** [8d 9s Qd] [2h]
cba6c3ea: bets 14,000
2215a786: folds
Uncalled bet (14,000) returned to cba6c3ea
*** SHOWDOWN ***
cba6c3ea collected 21,500 from pot
*** SUMMARY ***
Total pot 21,500 | Rake 0 | Jackpot 0 | Bingo 0 | Fortune 0 | Tax 0
Board [8d 9s Qd 2h]
Seat 2: cba6c3ea (big blind) won (21,500)
Seat 3: f6ad13b0 folded before Flop
Seat 4: 486362ce folded before Flop
Seat 5: 2215a786 folded on the Turn
Seat 6: 179ec044 folded before Flop
Seat 7: Hero (button) folded before Flop
Seat 8: 1c2c6ea0 (small blind) folded before Flop


Poker Hand #TM309387359: Tournament #208084552, Daily Special $88 Hold'em No Limit - Level21(2,000/4,000) - 2025/05/28 21:54:41
Table '2' 8-max Seat #6 is the button
Seat 2: cba6c3ea (89,203 in chips)
Seat 3: f6ad13b0 (86,294 in chips)
Seat 4: 486362ce (156,616 in chips)
Seat 5: 2215a786 (72,452 in chips)
Seat 6: 179ec044 (184,744 in chips)
Seat 7: Hero (28,600 in chips)
Seat 8: 1c2c6ea0 (65,599 in chips)
486362ce: posts the ante 500
cba6c3ea: posts the ante 500
179ec044: posts the ante 500
2215a786: posts the ante 500
f6ad13b0: posts the ante 500
1c2c6ea0: posts the ante 500
Hero: posts the ante 500
Hero: posts small blind 2,000
1c2c6ea0: posts big blind 4,000
*** HOLE CARDS ***
Dealt to cba6c3ea 
Dealt to f6ad13b0 
Dealt to 486362ce 
Dealt to 2215a786 
Dealt to 179ec044 
Dealt to Hero [7h 3h]
Dealt to 1c2c6ea0 
cba6c3ea: folds
f6ad13b0: raises 4,000 to 8,000
486362ce: folds
2215a786: folds
179ec044: folds
Hero: folds
1c2c6ea0: folds
Uncalled bet (4,000) returned to f6ad13b0
*** SHOWDOWN ***
f6ad13b0 collected 13,500 from pot
*** SUMMARY ***
Total pot 13,500 | Rake 0 | Jackpot 0 | Bingo 0 | Fortune 0 | Tax 0
Seat 2: cba6c3ea folded before Flop
Seat 3: f6ad13b0 collected (13,500)
Seat 4: 486362ce folded before Flop
Seat 5: 2215a786 folded before Flop
Seat 6: 179ec044 (button) folded before Flop
Seat 7: Hero (small blind) folded before Flop
Seat 8: 1c2c6ea0 (big blind) folded before Flop


Poker Hand #TM309387352: Tournament #208084552, Daily Special $88 Hold'em No Limit - Level21(2,000/4,000) - 2025/05/28 21:54:21
Table '2' 8-max Seat #5 is the button
Seat 2: cba6c3ea (89,703 in chips)
Seat 3: f6ad13b0 (77,294 in chips)
Seat 4: 486362ce (157,116 in chips)
Seat 5: 2215a786 (72,952 in chips)
Seat 6: 179ec044 (187,244 in chips)
Seat 7: Hero (33,100 in chips)
Seat 8: 1c2c6ea0 (66,099 in chips)
486362ce: posts the ante 500
cba6c3ea: posts the ante 500
179ec044: posts the ante 500
2215a786: posts the ante 500
f6ad13b0: posts the ante 500
1c2c6ea0: posts the ante 500
Hero: posts the ante 500
179ec044: posts small blind 2,000
Hero: posts big blind 4,000
*** HOLE CARDS ***
Dealt to cba6c3ea 
Dealt to f6ad13b0 
Dealt to 486362ce 
Dealt to 2215a786 
Dealt to 179ec044 
Dealt to Hero [5d 4c]
Dealt to 1c2c6ea0 
1c2c6ea0: folds
cba6c3ea: folds
f6ad13b0: raises 4,000 to 8,000
486362ce: folds
2215a786: folds
179ec044: folds
Hero: folds
Uncalled bet (4,000) returned to f6ad13b0
*** SHOWDOWN ***
f6ad13b0 collected 13,500 from pot
*** SUMMARY ***
Total pot 13,500 | Rake 0 | Jackpot 0 | Bingo 0 | Fortune 0 | Tax 0
Seat 2: cba6c3ea folded before Flop
Seat 3: f6ad13b0 collected (13,500)
Seat 4: 486362ce folded before Flop
Seat 5: 2215a786 (button) folded before Flop
Seat 6: 179ec044 (small blind) folded before Flop
Seat 7: Hero (big blind) folded before Flop
Seat 8: 1c2c6ea0 folded before Flop


Poker Hand #TM309387340: Tournament #208084552, Daily Special $88 Hold'em No Limit - Level21(2,000/4,000) - 2025/05/28 21:53:10
Table '2' 8-max Seat #4 is the button
Seat 2: cba6c3ea (85,453 in chips)
Seat 3: f6ad13b0 (73,044 in chips)
Seat 4: 486362ce (157,616 in chips)
Seat 5: 2215a786 (75,452 in chips)
Seat 6: 179ec044 (191,744 in chips)
Seat 7: Hero (33,600 in chips)
Seat 8: 1c2c6ea0 (66,599 in chips)
486362ce: posts the ante 500
cba6c3ea: posts the ante 500
179ec044: posts the ante 500
f6ad13b0: posts the ante 500
2215a786: posts the ante 500
1c2c6ea0: posts the ante 500
Hero: posts the ante 500
2215a786: posts small blind 2,000
179ec044: posts big blind 4,000
*** HOLE CARDS ***
Dealt to cba6c3ea 
Dealt to f6ad13b0 
Dealt to 486362ce 
Dealt to 2215a786 
Dealt to 179ec044 
Dealt to Hero [9h Ts]
Dealt to 1c2c6ea0 
Hero: folds
1c2c6ea0: folds
cba6c3ea: raises 4,000 to 8,000
f6ad13b0: raises 64,544 to 72,544
486362ce: folds
2215a786: folds
179ec044: folds
cba6c3ea: calls 64,544
f6ad13b0: shows [6d 6c]
cba6c3ea: shows [6h 6s]
*** FLOP *** [5c 4h Ks]
*** TURN *** [5c 4h Ks] [4c]
*** RIVER *** [5c 4h Ks 4c] [Jd]
*** SHOWDOWN ***
f6ad13b0 collected 77,294 from pot
cba6c3ea collected 77,294 from pot
*** SUMMARY ***
Total pot 154,588 | Rake 0 | Jackpot 0 | Bingo 0 | Fortune 0 | Tax 0
Board [5c 4h Ks 4c Jd]
Seat 2: cba6c3ea showed [6h 6s] and won (77,294) with two pair, Sixes and Fours
Seat 3: f6ad13b0 showed [6d 6c] and won (77,294) with two pair, Sixes and Fours
Seat 4: 486362ce (button) folded before Flop
Seat 5: 2215a786 (small blind) folded before Flop
Seat 6: 179ec044 (big blind) folded before Flop
Seat 7: Hero folded before Flop
Seat 8: 1c2c6ea0 folded before Flop


Poker Hand #TM309387334: Tournament #208084552, Daily Special $88 Hold'em No Limit - Level21(2,000/4,000) - 2025/05/28 21:52:23
Table '2' 8-max Seat #3 is the button
Seat 2: cba6c3ea (85,953 in chips)
Seat 3: f6ad13b0 (64,044 in chips)
Seat 4: 486362ce (160,116 in chips)
Seat 5: 2215a786 (79,952 in chips)
Seat 6: 179ec044 (192,244 in chips)
Seat 7: Hero (34,100 in chips)
Seat 8: 1c2c6ea0 (67,099 in chips)
486362ce: posts the ante 500
cba6c3ea: posts the ante 500
179ec044: posts the ante 500
f6ad13b0: posts the ante 500
2215a786: posts the ante 500
1c2c6ea0: posts the ante 500
Hero: posts the ante 500
486362ce: posts small blind 2,000
2215a786: posts big blind 4,000
*** HOLE CARDS ***
Dealt to cba6c3ea 
Dealt to f6ad13b0 
Dealt to 486362ce 
Dealt to 2215a786 
Dealt to 179ec044 
Dealt to Hero [6s 8c]
Dealt to 1c2c6ea0 
179ec044: folds
Hero: folds
1c2c6ea0: folds
cba6c3ea: folds
f6ad13b0: raises 59,544 to 63,544
486362ce: folds
2215a786: folds
Uncalled bet (59,544) returned to f6ad13b0
*** SHOWDOWN ***
f6ad13b0 collected 13,500 from pot
*** SUMMARY ***
Total pot 13,500 | Rake 0 | Jackpot 0 | Bingo 0 | Fortune 0 | Tax 0
Seat 2: cba6c3ea folded before Flop
Seat 3: f6ad13b0 (button) collected (13,500)
Seat 4: 486362ce (small blind) folded before Flop
Seat 5: 2215a786 (big blind) folded before Flop
Seat 6: 179ec044 folded before Flop
Seat 7: Hero folded before Flop
Seat 8: 1c2c6ea0 folded before Flop


Poker Hand #TM309387325: Tournament #208084552, Daily Special $88 Hold'em No Limit - Level21(2,000/4,000) - 2025/05/28 21:51:46
Table '2' 8-max Seat #2 is the button
Seat 2: cba6c3ea (86,453 in chips)
Seat 3: f6ad13b0 (57,044 in chips)
Seat 4: 486362ce (164,616 in chips)
Seat 5: 2215a786 (80,452 in chips)
Seat 6: 179ec044 (192,744 in chips)
Seat 7: Hero (34,600 in chips)
Seat 8: 1c2c6ea0 (67,599 in chips)
486362ce: posts the ante 500
cba6c3ea: posts the ante 500
179ec044: posts the ante 500
2215a786: posts the ante 500
f6ad13b0: posts the ante 500
1c2c6ea0: posts the ante 500
Hero: posts the ante 500
f6ad13b0: posts small blind 2,000
486362ce: posts big blind 4,000
*** HOLE CARDS ***
Dealt to cba6c3ea 
Dealt to f6ad13b0 
Dealt to 486362ce 
Dealt to 2215a786 
Dealt to 179ec044 
Dealt to Hero [Js 4s]
Dealt to 1c2c6ea0 
2215a786: folds
179ec044: folds
Hero: folds
1c2c6ea0: folds
cba6c3ea: folds
f6ad13b0: raises 52,544 to 56,544
486362ce: folds
Uncalled bet (52,544) returned to f6ad13b0
*** SHOWDOWN ***
f6ad13b0 collected 11,500 from pot
*** SUMMARY ***
Total pot 11,500 | Rake 0 | Jackpot 0 | Bingo 0 | Fortune 0 | Tax 0
Seat 2: cba6c3ea (button) folded before Flop
Seat 3: f6ad13b0 (small blind) collected (11,500)
Seat 4: 486362ce (big blind) folded before Flop
Seat 5: 2215a786 folded before Flop
Seat 6: 179ec044 folded before Flop
Seat 7: Hero folded before Flop
Seat 8: 1c2c6ea0 folded before Flop


Poker Hand #TM309387322: Tournament #208084552, Daily Special $88 Hold'em No Limit - Level21(2,000/4,000) - 2025/05/28 21:51:26
Table '2' 8-max Seat #8 is the button
Seat 2: cba6c3ea (88,953 in chips)
Seat 3: f6ad13b0 (61,544 in chips)
Seat 4: 486362ce (165,116 in chips)
Seat 5: 2215a786 (80,952 in chips)
Seat 6: 179ec044 (183,744 in chips)
Seat 7: Hero (35,100 in chips)
Seat 8: 1c2c6ea0 (68,099 in chips)
486362ce: posts the ante 500
cba6c3ea: posts the ante 500
179ec044: posts the ante 500
2215a786: posts the ante 500
f6ad13b0: posts the ante 500
1c2c6ea0: posts the ante 500
Hero: posts the ante 500
cba6c3ea: posts small blind 2,000
f6ad13b0: posts big blind 4,000
*** HOLE CARDS ***
Dealt to cba6c3ea 
Dealt to f6ad13b0 
Dealt to 486362ce 
Dealt to 2215a786 
Dealt to 179ec044 
Dealt to Hero [7c 4h]
Dealt to 1c2c6ea0 
486362ce: folds
2215a786: folds
179ec044: raises 179,244 to 183,244
Hero: folds
1c2c6ea0: folds
cba6c3ea: folds
f6ad13b0: folds
Uncalled bet (179,244) returned to 179ec044
*** SHOWDOWN ***
179ec044 collected 13,500 from pot
*** SUMMARY ***
Total pot 13,500 | Rake 0 | Jackpot 0 | Bingo 0 | Fortune 0 | Tax 0
Seat 2: cba6c3ea (small blind) folded before Flop
Seat 3: f6ad13b0 (big blind) folded before Flop
Seat 4: 486362ce folded before Flop
Seat 5: 2215a786 folded before Flop
Seat 6: 179ec044 collected (13,500)
Seat 7: Hero folded before Flop
Seat 8: 1c2c6ea0 (button) folded before Flop


Poker Hand #TM309387316: Tournament #208084552, Daily Special $88 Hold'em No Limit - Level21(2,000/4,000) - 2025/05/28 21:51:00
Table '2' 8-max Seat #7 is the button
Seat 2: cba6c3ea (93,453 in chips)
Seat 3: f6ad13b0 (62,044 in chips)
Seat 4: 486362ce (165,616 in chips)
Seat 5: 2215a786 (71,952 in chips)
Seat 6: 179ec044 (184,244 in chips)
Seat 7: Hero (35,600 in chips)
Seat 8: 1c2c6ea0 (70,599 in chips)
486362ce: posts the ante 500
cba6c3ea: posts the ante 500
179ec044: posts the ante 500
2215a786: posts the ante 500
f6ad13b0: posts the ante 500
1c2c6ea0: posts the ante 500
Hero: posts the ante 500
1c2c6ea0: posts small blind 2,000
cba6c3ea: posts big blind 4,000
*** HOLE CARDS ***
Dealt to cba6c3ea 
Dealt to f6ad13b0 
Dealt to 486362ce 
Dealt to 2215a786 
Dealt to 179ec044 
Dealt to Hero [3d Kc]
Dealt to 1c2c6ea0 
f6ad13b0: folds
486362ce: folds
2215a786: raises 4,000 to 8,000
179ec044: folds
Hero: folds
1c2c6ea0: folds
cba6c3ea: folds
Uncalled bet (4,000) returned to 2215a786
*** SHOWDOWN ***
2215a786 collected 13,500 from pot
*** SUMMARY ***
Total pot 13,500 | Rake 0 | Jackpot 0 | Bingo 0 | Fortune 0 | Tax 0
Seat 2: cba6c3ea (big blind) folded before Flop
Seat 3: f6ad13b0 folded before Flop
Seat 4: 486362ce folded before Flop
Seat 5: 2215a786 collected (13,500)
Seat 6: 179ec044 folded before Flop
Seat 7: Hero (button) folded before Flop
Seat 8: 1c2c6ea0 (small blind) folded before Flop


Poker Hand #TM309387310: Tournament #208084552, Daily Special $88 Hold'em No Limit - Level21(2,000/4,000) - 2025/05/28 21:50:17
Table '2' 8-max Seat #6 is the button
Seat 2: cba6c3ea (93,953 in chips)
Seat 3: f6ad13b0 (57,794 in chips)
Seat 4: 486362ce (166,116 in chips)
Seat 5: 2215a786 (67,702 in chips)
Seat 6: 179ec044 (184,744 in chips)
Seat 7: Hero (38,100 in chips)
Seat 8: 1c2c6ea0 (75,099 in chips)
486362ce: posts the ante 500
cba6c3ea: posts the ante 500
179ec044: posts the ante 500
2215a786: posts the ante 500
f6ad13b0: posts the ante 500
1c2c6ea0: posts the ante 500
Hero: posts the ante 500
Hero: posts small blind 2,000
1c2c6ea0: posts big blind 4,000
*** HOLE CARDS ***
Dealt to cba6c3ea 
Dealt to f6ad13b0 
Dealt to 486362ce 
Dealt to 2215a786 
Dealt to 179ec044 
Dealt to Hero [6c 5s]
Dealt to 1c2c6ea0 
cba6c3ea: folds
f6ad13b0: raises 4,000 to 8,000
486362ce: folds
2215a786: raises 59,202 to 67,202
179ec044: folds
Hero: folds
1c2c6ea0: folds
f6ad13b0: calls 49,294
Uncalled bet (9,908) returned to 2215a786
2215a786: shows [Kd Ad]
f6ad13b0: shows [As Ks]
*** FLOP *** [Kc Ac 3c]
*** TURN *** [Kc Ac 3c] [4h]
*** RIVER *** [Kc Ac 3c 4h] [3d]
*** SHOWDOWN ***
2215a786 collected 62,044 from pot
f6ad13b0 collected 62,044 from pot
*** SUMMARY ***
Total pot 124,088 | Rake 0 | Jackpot 0 | Bingo 0 | Fortune 0 | Tax 0
Board [Kc Ac 3c 4h 3d]
Seat 2: cba6c3ea folded before Flop
Seat 3: f6ad13b0 showed [As Ks] and won (62,044) with two pair, Aces and Kings
Seat 4: 486362ce folded before Flop
Seat 5: 2215a786 showed [Kd Ad] and won (62,044) with two pair, Aces and Kings
Seat 6: 179ec044 (button) folded before Flop
Seat 7: Hero (small blind) folded before Flop
Seat 8: 1c2c6ea0 (big blind) folded before Flop


Poker Hand #TM309387304: Tournament #208084552, Daily Special $88 Hold'em No Limit - Level21(2,000/4,000) - 2025/05/28 21:49:41
Table '2' 8-max Seat #5 is the button
Seat 2: cba6c3ea (94,453 in chips)
Seat 3: f6ad13b0 (58,294 in chips)
Seat 4: 486362ce (157,116 in chips)
Seat 5: 2215a786 (68,202 in chips)
Seat 6: 179ec044 (187,244 in chips)
Seat 7: Hero (42,600 in chips)
Seat 8: 1c2c6ea0 (75,599 in chips)
486362ce: posts the ante 500
cba6c3ea: posts the ante 500
179ec044: posts the ante 500
2215a786: posts the ante 500
f6ad13b0: posts the ante 500
1c2c6ea0: posts the ante 500
Hero: posts the ante 500
179ec044: posts small blind 2,000
Hero: posts big blind 4,000
*** HOLE CARDS ***
Dealt to cba6c3ea 
Dealt to f6ad13b0 
Dealt to 486362ce 
Dealt to 2215a786 
Dealt to 179ec044 
Dealt to Hero [Jd 5h]
Dealt to 1c2c6ea0 
1c2c6ea0: folds
cba6c3ea: folds
f6ad13b0: folds
486362ce: raises 4,000 to 8,000
2215a786: folds
179ec044: folds
Hero: folds
Uncalled bet (4,000) returned to 486362ce
*** SHOWDOWN ***
486362ce collected 13,500 from pot
*** SUMMARY ***
Total pot 13,500 | Rake 0 | Jackpot 0 | Bingo 0 | Fortune 0 | Tax 0
Seat 2: cba6c3ea folded before Flop
Seat 3: f6ad13b0 folded before Flop
Seat 4: 486362ce collected (13,500)
Seat 5: 2215a786 (button) folded before Flop
Seat 6: 179ec044 (small blind) folded before Flop
Seat 7: Hero (big blind) folded before Flop
Seat 8: 1c2c6ea0 folded before Flop


Poker Hand #TM309387300: Tournament #208084552, Daily Special $88 Hold'em No Limit - Level21(2,000/4,000) - 2025/05/28 21:49:19
Table '2' 8-max Seat #4 is the button
Seat 2: cba6c3ea (94,953 in chips)
Seat 3: f6ad13b0 (58,794 in chips)
Seat 4: 486362ce (157,616 in chips)
Seat 5: 2215a786 (72,702 in chips)
Seat 6: 179ec044 (180,244 in chips)
Seat 7: Hero (43,100 in chips)
Seat 8: 1c2c6ea0 (76,099 in chips)
486362ce: posts the ante 500
cba6c3ea: posts the ante 500
179ec044: posts the ante 500
f6ad13b0: posts the ante 500
2215a786: posts the ante 500
1c2c6ea0: posts the ante 500
Hero: posts the ante 500
2215a786: posts small blind 2,000
179ec044: posts big blind 4,000
*** HOLE CARDS ***
Dealt to cba6c3ea 
Dealt to f6ad13b0 
Dealt to 486362ce 
Dealt to 2215a786 
Dealt to 179ec044 
Dealt to Hero [4d 5d]
Dealt to 1c2c6ea0 
Hero: folds
1c2c6ea0: folds
cba6c3ea: folds
f6ad13b0: folds
486362ce: folds
2215a786: calls 2,000
179ec044: raises 175,744 to 179,744
2215a786: folds
Uncalled bet (175,744) returned to 179ec044
*** SHOWDOWN ***
179ec044 collected 11,500 from pot
*** SUMMARY ***
Total pot 11,500 | Rake 0 | Jackpot 0 | Bingo 0 | Fortune 0 | Tax 0
Seat 2: cba6c3ea folded before Flop
Seat 3: f6ad13b0 folded before Flop
Seat 4: 486362ce (button) folded before Flop
Seat 5: 2215a786 (small blind) folded before Flop
Seat 6: 179ec044 (big blind) collected (11,500)
Seat 7: Hero folded before Flop
Seat 8: 1c2c6ea0 folded before Flop


Poker Hand #TM309387290: Tournament #208084552, Daily Special $88 Hold'em No Limit - Level20(1,750/3,500) - 2025/05/28 21:48:00
Table '2' 8-max Seat #3 is the button
Seat 2: cba6c3ea (102,403 in chips)
Seat 3: 15ef0769 (66,085 in chips)
Seat 4: 486362ce (78,781 in chips)
Seat 5: 2215a786 (76,652 in chips)
Seat 6: 179ec044 (180,694 in chips)
Seat 7: Hero (43,550 in chips)
Seat 8: 1c2c6ea0 (76,549 in chips)
486362ce: posts the ante 450
cba6c3ea: posts the ante 450
179ec044: posts the ante 450
15ef0769: posts the ante 450
2215a786: posts the ante 450
1c2c6ea0: posts the ante 450
Hero: posts the ante 450
486362ce: posts small blind 1,750
2215a786: posts big blind 3,500
*** HOLE CARDS ***
Dealt to cba6c3ea 
Dealt to 15ef0769 
Dealt to 486362ce 
Dealt to 2215a786 
Dealt to 179ec044 
Dealt to Hero [3d 3s]
Dealt to 1c2c6ea0 
179ec044: folds
Hero: folds
1c2c6ea0: folds
cba6c3ea: raises 3,500 to 7,000
15ef0769: raises 10,500 to 17,500
486362ce: raises 60,831 to 78,331
2215a786: folds
cba6c3ea: folds
15ef0769: calls 48,135
Uncalled bet (12,696) returned to 486362ce
486362ce: shows [As Kd]
15ef0769: shows [Ts Td]
*** FLOP *** [Kc 5h 7c]
*** TURN *** [Kc 5h 7c] [4d]
*** RIVER *** [Kc 5h 7c 4d] [2d]
*** SHOWDOWN ***
486362ce collected 144,920 from pot
*** SUMMARY ***
Total pot 144,920 | Rake 0 | Jackpot 0 | Bingo 0 | Fortune 0 | Tax 0
Board [Kc 5h 7c 4d 2d]
Seat 2: cba6c3ea folded before Flop
Seat 3: 15ef0769 (button) showed [Ts Td] and lost with a pair of Tens
Seat 4: 486362ce (small blind) showed [As Kd] and won (144,920) with a pair of Kings
Seat 5: 2215a786 (big blind) folded before Flop
Seat 6: 179ec044 folded before Flop
Seat 7: Hero folded before Flop
Seat 8: 1c2c6ea0 folded before Flop


Poker Hand #TM309387284: Tournament #208084552, Daily Special $88 Hold'em No Limit - Level20(1,750/3,500) - 2025/05/28 21:47:30
Table '2' 8-max Seat #2 is the button
Seat 2: cba6c3ea (102,853 in chips)
Seat 3: 15ef0769 (68,285 in chips)
Seat 4: 486362ce (82,731 in chips)
Seat 5: 2215a786 (77,102 in chips)
Seat 6: 179ec044 (181,144 in chips)
Seat 7: Hero (44,000 in chips)
Seat 8: 1c2c6ea0 (68,599 in chips)
486362ce: posts the ante 450
cba6c3ea: posts the ante 450
179ec044: posts the ante 450
2215a786: posts the ante 450
15ef0769: posts the ante 450
1c2c6ea0: posts the ante 450
Hero: posts the ante 450
15ef0769: posts small blind 1,750
486362ce: posts big blind 3,500
*** HOLE CARDS ***
Dealt to cba6c3ea 
Dealt to 15ef0769 
Dealt to 486362ce 
Dealt to 2215a786 
Dealt to 179ec044 
Dealt to Hero [5h 2s]
Dealt to 1c2c6ea0 
2215a786: folds
179ec044: folds
Hero: folds
1c2c6ea0: raises 3,500 to 7,000
cba6c3ea: folds
15ef0769: folds
486362ce: folds
Uncalled bet (3,500) returned to 1c2c6ea0
*** SHOWDOWN ***
1c2c6ea0 collected 11,900 from pot
*** SUMMARY ***
Total pot 11,900 | Rake 0 | Jackpot 0 | Bingo 0 | Fortune 0 | Tax 0
Seat 2: cba6c3ea (button) folded before Flop
Seat 3: 15ef0769 (small blind) folded before Flop
Seat 4: 486362ce (big blind) folded before Flop
Seat 5: 2215a786 folded before Flop
Seat 6: 179ec044 folded before Flop
Seat 7: Hero folded before Flop
Seat 8: 1c2c6ea0 collected (11,900)


Poker Hand #TM309387279: Tournament #208084552, Daily Special $88 Hold'em No Limit - Level20(1,750/3,500) - 2025/05/28 21:46:52
Table '2' 8-max Seat #8 is the button
Seat 2: cba6c3ea (89,653 in chips)
Seat 3: 15ef0769 (79,235 in chips)
Seat 4: 486362ce (83,181 in chips)
Seat 5: 2215a786 (77,552 in chips)
Seat 6: 179ec044 (181,594 in chips)
Seat 7: Hero (44,450 in chips)
Seat 8: 1c2c6ea0 (69,049 in chips)
486362ce: posts the ante 450
cba6c3ea: posts the ante 450
179ec044: posts the ante 450
2215a786: posts the ante 450
15ef0769: posts the ante 450
1c2c6ea0: posts the ante 450
Hero: posts the ante 450
cba6c3ea: posts small blind 1,750
15ef0769: posts big blind 3,500
*** HOLE CARDS ***
Dealt to cba6c3ea 
Dealt to 15ef0769 
Dealt to 486362ce 
Dealt to 2215a786 
Dealt to 179ec044 
Dealt to Hero [3d 9c]
Dealt to 1c2c6ea0 
486362ce: folds
2215a786: folds
179ec044: folds
Hero: folds
1c2c6ea0: folds
cba6c3ea: raises 7,000 to 10,500
15ef0769: calls 7,000
*** FLOP *** [4s Qc Kh]
cba6c3ea: bets 6,038
15ef0769: folds
Uncalled bet (6,038) returned to cba6c3ea
*** SHOWDOWN ***
cba6c3ea collected 24,150 from pot
*** SUMMARY ***
Total pot 24,150 | Rake 0 | Jackpot 0 | Bingo 0 | Fortune 0 | Tax 0
Board [4s Qc Kh]
Seat 2: cba6c3ea (small blind) won (24,150)
Seat 3: 15ef0769 (big blind) folded on the Flop
Seat 4: 486362ce folded before Flop
Seat 5: 2215a786 folded before Flop
Seat 6: 179ec044 folded before Flop
Seat 7: Hero folded before Flop
Seat 8: 1c2c6ea0 (button) folded before Flop


Poker Hand #TM309167072: Tournament #208084552, Daily Special $88 Hold'em No Limit - Level20(1,750/3,500) - 2025/05/28 21:44:02
Table '1' 8-max Seat #8 is the button
Seat 1: 67bd5927 (74,643 in chips)
Seat 2: d0996821 (53,750 in chips)
Seat 3: 5e70f8ad (119,682 in chips)
Seat 4: f08bec8 (39,422 in chips)
Seat 6: cd096dc4 (38,378 in chips)
Seat 7: Hero (44,900 in chips)
Seat 8: c762f2d0 (91,340 in chips)
cd096dc4: posts the ante 450
d0996821: posts the ante 450
67bd5927: posts the ante 450
c762f2d0: posts the ante 450
Hero: posts the ante 450
f08bec8: posts the ante 450
5e70f8ad: posts the ante 450
67bd5927: posts small blind 1,750
d0996821: posts big blind 3,500
*** HOLE CARDS ***
Dealt to 67bd5927 
Dealt to d0996821 
Dealt to 5e70f8ad 
Dealt to f08bec8 
Dealt to cd096dc4 
Dealt to Hero [4c 3c]
Dealt to c762f2d0 
5e70f8ad: folds
f08bec8: folds
cd096dc4: folds
Hero: folds
c762f2d0: raises 3,500 to 7,000
67bd5927: folds
d0996821: calls 3,500
*** FLOP *** [Tc 7h 3h]
d0996821: checks
c762f2d0: checks
*** TURN *** [Tc 7h 3h] [3d]
d0996821: bets 9,450
c762f2d0: calls 9,450
*** RIVER *** [Tc 7h 3h 3d] [4s]
d0996821: bets 36,850
c762f2d0: calls 36,850
d0996821: shows [8h Jd] (a pair of Threes)
c762f2d0: shows [7d 6d] (two pair, Sevens and Threes)
*** SHOWDOWN ***
c762f2d0 collected 111,500 from pot
*** SUMMARY ***
Total pot 111,500 | Rake 0 | Jackpot 0 | Bingo 0 | Fortune 0 | Tax 0
Board [Tc 7h 3h 3d 4s]
Seat 1: 67bd5927 (small blind) folded before Flop
Seat 2: d0996821 (big blind) showed [8h Jd] and lost with a pair of Threes
Seat 3: 5e70f8ad folded before Flop
Seat 4: f08bec8 folded before Flop
Seat 6: cd096dc4 folded before Flop
Seat 7: Hero folded before Flop
Seat 8: c762f2d0 (button) showed [7d 6d] and won (111,500) with two pair, Sevens and Threes


Poker Hand #TM309167067: Tournament #208084552, Daily Special $88 Hold'em No Limit - Level20(1,750/3,500) - 2025/05/28 21:43:27
Table '1' 8-max Seat #7 is the button
Seat 1: 67bd5927 (78,593 in chips)
Seat 2: d0996821 (54,200 in chips)
Seat 3: 5e70f8ad (120,132 in chips)
Seat 4: f08bec8 (39,872 in chips)
Seat 6: cd096dc4 (38,828 in chips)
Seat 7: Hero (36,950 in chips)
Seat 8: c762f2d0 (93,540 in chips)
cd096dc4: posts the ante 450
d0996821: posts the ante 450
67bd5927: posts the ante 450
c762f2d0: posts the ante 450
Hero: posts the ante 450
f08bec8: posts the ante 450
5e70f8ad: posts the ante 450
c762f2d0: posts small blind 1,750
67bd5927: posts big blind 3,500
*** HOLE CARDS ***
Dealt to 67bd5927 
Dealt to d0996821 
Dealt to 5e70f8ad 
Dealt to f08bec8 
Dealt to cd096dc4 
Dealt to Hero [9c As]
Dealt to c762f2d0 
d0996821: folds
5e70f8ad: folds
f08bec8: folds
cd096dc4: folds
Hero: raises 31,500 to 35,000
c762f2d0: folds
67bd5927: folds
Uncalled bet (31,500) returned to Hero
*** SHOWDOWN ***
Hero collected 11,900 from pot
*** SUMMARY ***
Total pot 11,900 | Rake 0 | Jackpot 0 | Bingo 0 | Fortune 0 | Tax 0
Seat 1: 67bd5927 (big blind) folded before Flop
Seat 2: d0996821 folded before Flop
Seat 3: 5e70f8ad folded before Flop
Seat 4: f08bec8 folded before Flop
Seat 6: cd096dc4 folded before Flop
Seat 7: Hero (button) collected (11,900)
Seat 8: c762f2d0 (small blind) folded before Flop


Poker Hand #TM309167060: Tournament #208084552, Daily Special $88 Hold'em No Limit - Level20(1,750/3,500) - 2025/05/28 21:42:20
Table '1' 8-max Seat #6 is the button
Seat 1: 67bd5927 (123,363 in chips)
Seat 2: d0996821 (54,650 in chips)
Seat 3: 5e70f8ad (120,582 in chips)
Seat 4: f08bec8 (40,322 in chips)
Seat 6: cd096dc4 (39,278 in chips)
Seat 7: Hero (39,150 in chips)
Seat 8: c762f2d0 (44,770 in chips)
cd096dc4: posts the ante 450
d0996821: posts the ante 450
67bd5927: posts the ante 450
c762f2d0: posts the ante 450
Hero: posts the ante 450
f08bec8: posts the ante 450
5e70f8ad: posts the ante 450
Hero: posts small blind 1,750
c762f2d0: posts big blind 3,500
*** HOLE CARDS ***
Dealt to 67bd5927 
Dealt to d0996821 
Dealt to 5e70f8ad 
Dealt to f08bec8 
Dealt to cd096dc4 
Dealt to Hero [Kh 7d]
Dealt to c762f2d0 
67bd5927: raises 3,500 to 7,000
d0996821: folds
5e70f8ad: folds
f08bec8: folds
cd096dc4: folds
Hero: folds
c762f2d0: calls 3,500
*** FLOP *** [6c Ad Th]
c762f2d0: checks
67bd5927: bets 9,450
c762f2d0: raises 27,870 to 37,320
67bd5927: calls 27,870
c762f2d0: shows [Ah Ts] (two pair, Aces and Tens)
67bd5927: shows [As 9h] (a pair of Aces)
*** TURN *** [6c Ad Th] [2h]
*** RIVER *** [6c Ad Th 2h] [8h]
*** SHOWDOWN ***
c762f2d0 collected 93,540 from pot
*** SUMMARY ***
Total pot 93,540 | Rake 0 | Jackpot 0 | Bingo 0 | Fortune 0 | Tax 0
Board [6c Ad Th 2h 8h]
Seat 1: 67bd5927 showed [As 9h] and lost with a pair of Aces
Seat 2: d0996821 folded before Flop
Seat 3: 5e70f8ad folded before Flop
Seat 4: f08bec8 folded before Flop
Seat 6: cd096dc4 (button) folded before Flop
Seat 7: Hero (small blind) folded before Flop
Seat 8: c762f2d0 (big blind) showed [Ah Ts] and won (93,540) with two pair, Aces and Tens


Poker Hand #TM309167055: Tournament #208084552, Daily Special $88 Hold'em No Limit - Level20(1,750/3,500) - 2025/05/28 21:41:44
Table '1' 8-max Seat #4 is the button
Seat 1: 67bd5927 (123,813 in chips)
Seat 2: d0996821 (55,100 in chips)
Seat 3: 5e70f8ad (121,032 in chips)
Seat 4: f08bec8 (40,772 in chips)
Seat 6: cd096dc4 (41,478 in chips)
Seat 7: Hero (34,700 in chips)
Seat 8: c762f2d0 (45,220 in chips)
cd096dc4: posts the ante 450
d0996821: posts the ante 450
67bd5927: posts the ante 450
c762f2d0: posts the ante 450
Hero: posts the ante 450
f08bec8: posts the ante 450
5e70f8ad: posts the ante 450
cd096dc4: posts small blind 1,750
Hero: posts big blind 3,500
*** HOLE CARDS ***
Dealt to 67bd5927 
Dealt to d0996821 
Dealt to 5e70f8ad 
Dealt to f08bec8 
Dealt to cd096dc4 
Dealt to Hero [7c Qc]
Dealt to c762f2d0 
c762f2d0: folds
67bd5927: folds
d0996821: folds
5e70f8ad: folds
f08bec8: folds
cd096dc4: folds
Uncalled bet (1,750) returned to Hero
*** SHOWDOWN ***
Hero collected 6,650 from pot
*** SUMMARY ***
Total pot 6,650 | Rake 0 | Jackpot 0 | Bingo 0 | Fortune 0 | Tax 0
Seat 1: 67bd5927 folded before Flop
Seat 2: d0996821 folded before Flop
Seat 3: 5e70f8ad folded before Flop
Seat 4: f08bec8 (button) folded before Flop
Seat 6: cd096dc4 (small blind) folded before Flop
Seat 7: Hero (big blind) collected (6,650)
Seat 8: c762f2d0 folded before Flop


Poker Hand #TM309167045: Tournament #208084552, Daily Special $88 Hold'em No Limit - Level20(1,750/3,500) - 2025/05/28 21:40:32
Table '1' 8-max Seat #3 is the button
Seat 1: 67bd5927 (124,263 in chips)
Seat 2: d0996821 (31,102 in chips)
Seat 3: 5e70f8ad (121,482 in chips)
Seat 4: f08bec8 (42,972 in chips)
Seat 5: 5e985962 (19,548 in chips)
Seat 6: cd096dc4 (41,928 in chips)
Seat 7: Hero (35,150 in chips)
Seat 8: c762f2d0 (45,670 in chips)
cd096dc4: posts the ante 450
d0996821: posts the ante 450
67bd5927: posts the ante 450
5e985962: posts the ante 450
c762f2d0: posts the ante 450
Hero: posts the ante 450
5e70f8ad: posts the ante 450
f08bec8: posts the ante 450
f08bec8: posts small blind 1,750
5e985962: posts big blind 3,500
*** HOLE CARDS ***
Dealt to 67bd5927 
Dealt to d0996821 
Dealt to 5e70f8ad 
Dealt to f08bec8 
Dealt to 5e985962 
Dealt to cd096dc4 
Dealt to Hero [4s 3d]
Dealt to c762f2d0 
cd096dc4: folds
Hero: folds
c762f2d0: folds
67bd5927: folds
d0996821: raises 3,500 to 7,000
5e70f8ad: folds
f08bec8: folds
5e985962: calls 3,500
*** FLOP *** [Qd 6s Jc]
5e985962: checks
d0996821: bets 23,652
5e985962: calls 12,098
Uncalled bet (11,554) returned to d0996821
d0996821: shows [Kh Kd] (a pair of Kings)
5e985962: shows [As 6d] (a pair of Sixes)
*** TURN *** [Qd 6s Jc] [2c]
*** RIVER *** [Qd 6s Jc 2c] [9h]
*** SHOWDOWN ***
d0996821 collected 43,546 from pot
*** SUMMARY ***
Total pot 43,546 | Rake 0 | Jackpot 0 | Bingo 0 | Fortune 0 | Tax 0
Board [Qd 6s Jc 2c 9h]
Seat 1: 67bd5927 folded before Flop
Seat 2: d0996821 showed [Kh Kd] and won (43,546) with a pair of Kings
Seat 3: 5e70f8ad (button) folded before Flop
Seat 4: f08bec8 (small blind) folded before Flop
Seat 5: 5e985962 (big blind) showed [As 6d] and lost with a pair of Sixes
Seat 6: cd096dc4 folded before Flop
Seat 7: Hero folded before Flop
Seat 8: c762f2d0 folded before Flop


Poker Hand #TM309167040: Tournament #208084552, Daily Special $88 Hold'em No Limit - Level20(1,750/3,500) - 2025/05/28 21:39:40
Table '1' 8-max Seat #2 is the button
Seat 1: 67bd5927 (124,713 in chips)
Seat 2: d0996821 (31,552 in chips)
Seat 3: 5e70f8ad (114,832 in chips)
Seat 4: f08bec8 (46,922 in chips)
Seat 5: 5e985962 (19,998 in chips)
Seat 6: cd096dc4 (42,378 in chips)
Seat 7: Hero (35,600 in chips)
Seat 8: c762f2d0 (46,120 in chips)
cd096dc4: posts the ante 450
d0996821: posts the ante 450
67bd5927: posts the ante 450
5e985962: posts the ante 450
c762f2d0: posts the ante 450
Hero: posts the ante 450
f08bec8: posts the ante 450
5e70f8ad: posts the ante 450
5e70f8ad: posts small blind 1,750
f08bec8: posts big blind 3,500
*** HOLE CARDS ***
Dealt to 67bd5927 
Dealt to d0996821 
Dealt to 5e70f8ad 
Dealt to f08bec8 
Dealt to 5e985962 
Dealt to cd096dc4 
Dealt to Hero [6h 8s]
Dealt to c762f2d0 
5e985962: folds
cd096dc4: folds
Hero: folds
c762f2d0: folds
67bd5927: folds
d0996821: folds
5e70f8ad: raises 110,882 to 114,382
f08bec8: folds
Uncalled bet (110,882) returned to 5e70f8ad
*** SHOWDOWN ***
5e70f8ad collected 10,600 from pot
*** SUMMARY ***
Total pot 10,600 | Rake 0 | Jackpot 0 | Bingo 0 | Fortune 0 | Tax 0
Seat 1: 67bd5927 folded before Flop
Seat 2: d0996821 (button) folded before Flop
Seat 3: 5e70f8ad (small blind) collected (10,600)
Seat 4: f08bec8 (big blind) folded before Flop
Seat 5: 5e985962 folded before Flop
Seat 6: cd096dc4 folded before Flop
Seat 7: Hero folded before Flop
Seat 8: c762f2d0 folded before Flop


Poker Hand #TM309464556: Tournament #208084552, Daily Special $88 Hold'em No Limit - Level19(1,500/3,000) - 2025/05/28 21:36:51
Table '9' 8-max Seat #1 is the button
Seat 1: 5730458c (24,882 in chips)
Seat 2: 15ef0769 (80,185 in chips)
Seat 3: 7c766368 (153,111 in chips)
Seat 4: be8569f6 (6,000 in chips)
Seat 5: Hero (35,950 in chips)
Seat 6: f08bec8 (47,272 in chips)
Seat 7: 16d06779 (49,860 in chips)
Seat 8: 476bc9ec (103,948 in chips)
5730458c: posts the ante 350
476bc9ec: posts the ante 350
16d06779: posts the ante 350
15ef0769: posts the ante 350
be8569f6: posts the ante 350
7c766368: posts the ante 350
Hero: posts the ante 350
f08bec8: posts the ante 350
15ef0769: posts small blind 1,500
7c766368: posts big blind 3,000
*** HOLE CARDS ***
Dealt to 5730458c 
Dealt to 15ef0769 
Dealt to 7c766368 
Dealt to be8569f6 
Dealt to Hero [5h Jh]
Dealt to f08bec8 
Dealt to 16d06779 
Dealt to 476bc9ec 
be8569f6: raises 2,650 to 5,650
Hero: folds
f08bec8: folds
16d06779: folds
476bc9ec: raises 9,350 to 15,000
5730458c: folds
15ef0769: folds
7c766368: calls 12,000
*** FLOP *** [Tc Kh 7h]
7c766368: checks
476bc9ec: bets 13,184
7c766368: calls 13,184
*** TURN *** [Tc Kh 7h] [9h]
7c766368: checks
476bc9ec: bets 29,180
7c766368: raises 95,397 to 124,577
476bc9ec: calls 46,234
Uncalled bet (49,163) returned to 7c766368
7c766368: shows [Js Qs] (a straight, King to Nine)
be8569f6: shows [7c Th] (two pair, Tens and Sevens)
476bc9ec: shows [7d 7s] (three of a kind, Sevens)
*** RIVER *** [Tc Kh 7h 9h] [As]
*** SHOWDOWN ***
7c766368 collected 21,250 from pot
7c766368 collected 195,896 from pot
*** SUMMARY ***
Total pot 217,146 | Rake 0 | Jackpot 0 | Bingo 0 | Fortune 0 | Tax 0
Board [Tc Kh 7h 9h As]
Seat 1: 5730458c (button) folded before Flop
Seat 2: 15ef0769 (small blind) folded before Flop
Seat 3: 7c766368 (big blind) showed [Js Qs] and won (217,146) with a straight, Ace to Ten
Seat 4: be8569f6 showed [7c Th] and lost with two pair, Tens and Sevens
Seat 5: Hero folded before Flop
Seat 6: f08bec8 folded before Flop
Seat 7: 16d06779 folded before Flop
Seat 8: 476bc9ec showed [7d 7s] and lost with three of a kind, Sevens


Poker Hand #TM309464539: Tournament #208084552, Daily Special $88 Hold'em No Limit - Level19(1,500/3,000) - 2025/05/28 21:35:29
Table '9' 8-max Seat #8 is the button
Seat 1: 5730458c (26,732 in chips)
Seat 2: 15ef0769 (83,535 in chips)
Seat 3: 7c766368 (168,461 in chips)
Seat 4: be8569f6 (6,350 in chips)
Seat 5: Hero (36,300 in chips)
Seat 6: f08bec8 (47,622 in chips)
Seat 8: 476bc9ec (82,348 in chips)
5730458c: posts the ante 350
476bc9ec: posts the ante 350
15ef0769: posts the ante 350
be8569f6: posts the ante 350
7c766368: posts the ante 350
Hero: posts the ante 350
f08bec8: posts the ante 350
5730458c: posts small blind 1,500
15ef0769: posts big blind 3,000
*** HOLE CARDS ***
Dealt to 5730458c 
Dealt to 15ef0769 
Dealt to 7c766368 
Dealt to be8569f6 
Dealt to Hero [3h 5h]
Dealt to f08bec8 
Dealt to 476bc9ec 
7c766368: raises 3,000 to 6,000
be8569f6: folds
Hero: folds
f08bec8: folds
476bc9ec: raises 9,000 to 15,000
5730458c: folds
15ef0769: folds
7c766368: calls 9,000
*** FLOP *** [Kh 6h 2h]
7c766368: checks
476bc9ec: bets 12,194
7c766368: folds
Uncalled bet (12,194) returned to 476bc9ec
*** SHOWDOWN ***
476bc9ec collected 36,950 from pot
*** SUMMARY ***
Total pot 36,950 | Rake 0 | Jackpot 0 | Bingo 0 | Fortune 0 | Tax 0
Board [Kh 6h 2h]
Seat 1: 5730458c (small blind) folded before Flop
Seat 2: 15ef0769 (big blind) folded before Flop
Seat 3: 7c766368 folded on the Flop
Seat 4: be8569f6 folded before Flop
Seat 5: Hero folded before Flop
Seat 6: f08bec8 folded before Flop
Seat 8: 476bc9ec (button) won (36,950)


Poker Hand #TM309464526: Tournament #208084552, Daily Special $88 Hold'em No Limit - Level19(1,500/3,000) - 2025/05/28 21:34:23
Table '9' 8-max Seat #7 is the button
Seat 1: 5730458c (30,082 in chips)
Seat 2: 15ef0769 (83,885 in chips)
Seat 3: 7c766368 (150,522 in chips)
Seat 4: be8569f6 (6,700 in chips)
Seat 5: Hero (36,650 in chips)
Seat 6: f08bec8 (47,972 in chips)
Seat 7: e8bf8a2d (11,339 in chips)
Seat 8: 476bc9ec (84,198 in chips)
5730458c: posts the ante 350
e8bf8a2d: posts the ante 350
476bc9ec: posts the ante 350
15ef0769: posts the ante 350
be8569f6: posts the ante 350
7c766368: posts the ante 350
Hero: posts the ante 350
f08bec8: posts the ante 350
476bc9ec: posts small blind 1,500
5730458c: posts big blind 3,000
*** HOLE CARDS ***
Dealt to 5730458c 
Dealt to 15ef0769 
Dealt to 7c766368 
Dealt to be8569f6 
Dealt to Hero [9h 3d]
Dealt to f08bec8 
Dealt to e8bf8a2d 
Dealt to 476bc9ec 
15ef0769: folds
7c766368: raises 3,000 to 6,000
be8569f6: folds
Hero: folds
f08bec8: folds
e8bf8a2d: raises 4,989 to 10,989
476bc9ec: folds
5730458c: folds
7c766368: calls 4,989
e8bf8a2d: shows [Kc Jc]
7c766368: shows [7c Tc]
*** FLOP *** [3h 8s Kh]
*** TURN *** [3h 8s Kh] [9c]
*** RIVER *** [3h 8s Kh 9c] [6c]
*** SHOWDOWN ***
7c766368 collected 29,278 from pot
*** SUMMARY ***
Total pot 29,278 | Rake 0 | Jackpot 0 | Bingo 0 | Fortune 0 | Tax 0
Board [3h 8s Kh 9c 6c]
Seat 1: 5730458c (big blind) folded before Flop
Seat 2: 15ef0769 folded before Flop
Seat 3: 7c766368 showed [7c Tc] and won (29,278) with a straight, Ten to Six
Seat 4: be8569f6 folded before Flop
Seat 5: Hero folded before Flop
Seat 6: f08bec8 folded before Flop
Seat 7: e8bf8a2d (button) showed [Kc Jc] and lost with a pair of Kings
Seat 8: 476bc9ec (small blind) folded before Flop


Poker Hand #TM309464501: Tournament #208084552, Daily Special $88 Hold'em No Limit - Level19(1,500/3,000) - 2025/05/28 21:32:12
Table '9' 8-max Seat #6 is the button
Seat 1: 5730458c (30,432 in chips)
Seat 2: 15ef0769 (84,235 in chips)
Seat 3: 7c766368 (150,872 in chips)
Seat 4: be8569f6 (7,050 in chips)
Seat 5: Hero (37,000 in chips)
Seat 6: f08bec8 (48,322 in chips)
Seat 7: e8bf8a2d (13,189 in chips)
Seat 8: 476bc9ec (80,248 in chips)
5730458c: posts the ante 350
e8bf8a2d: posts the ante 350
476bc9ec: posts the ante 350
15ef0769: posts the ante 350
be8569f6: posts the ante 350
7c766368: posts the ante 350
Hero: posts the ante 350
f08bec8: posts the ante 350
e8bf8a2d: posts small blind 1,500
476bc9ec: posts big blind 3,000
*** HOLE CARDS ***
Dealt to 5730458c 
Dealt to 15ef0769 
Dealt to 7c766368 
Dealt to be8569f6 
Dealt to Hero [As 4h]
Dealt to f08bec8 
Dealt to e8bf8a2d 
Dealt to 476bc9ec 
5730458c: folds
15ef0769: folds
7c766368: folds
be8569f6: folds
Hero: folds
f08bec8: folds
e8bf8a2d: folds
Uncalled bet (1,500) returned to 476bc9ec
*** SHOWDOWN ***
476bc9ec collected 5,800 from pot
*** SUMMARY ***
Total pot 5,800 | Rake 0 | Jackpot 0 | Bingo 0 | Fortune 0 | Tax 0
Seat 1: 5730458c folded before Flop
Seat 2: 15ef0769 folded before Flop
Seat 3: 7c766368 folded before Flop
Seat 4: be8569f6 folded before Flop
Seat 5: Hero folded before Flop
Seat 6: f08bec8 (button) folded before Flop
Seat 7: e8bf8a2d (small blind) folded before Flop
Seat 8: 476bc9ec (big blind) collected (5,800)


Poker Hand #TM309464478: Tournament #208084552, Daily Special $88 Hold'em No Limit - Level19(1,500/3,000) - 2025/05/28 21:30:19
Table '9' 8-max Seat #5 is the button
Seat 1: 5730458c (30,782 in chips)
Seat 2: 15ef0769 (77,285 in chips)
Seat 3: 7c766368 (151,222 in chips)
Seat 4: be8569f6 (7,400 in chips)
Seat 5: Hero (37,350 in chips)
Seat 6: f08bec8 (50,172 in chips)
Seat 7: e8bf8a2d (16,539 in chips)
Seat 8: 476bc9ec (80,598 in chips)
5730458c: posts the ante 350
e8bf8a2d: posts the ante 350
476bc9ec: posts the ante 350
15ef0769: posts the ante 350
be8569f6: posts the ante 350
7c766368: posts the ante 350
Hero: posts the ante 350
f08bec8: posts the ante 350
f08bec8: posts small blind 1,500
e8bf8a2d: posts big blind 3,000
*** HOLE CARDS ***
Dealt to 5730458c 
Dealt to 15ef0769 
Dealt to 7c766368 
Dealt to be8569f6 
Dealt to Hero [5h 7d]
Dealt to f08bec8 
Dealt to e8bf8a2d 
Dealt to 476bc9ec 
476bc9ec: folds
5730458c: folds
15ef0769: raises 3,000 to 6,000
7c766368: folds
be8569f6: folds
Hero: folds
f08bec8: folds
e8bf8a2d: folds
Uncalled bet (3,000) returned to 15ef0769
*** SHOWDOWN ***
15ef0769 collected 10,300 from pot
*** SUMMARY ***
Total pot 10,300 | Rake 0 | Jackpot 0 | Bingo 0 | Fortune 0 | Tax 0
Seat 1: 5730458c folded before Flop
Seat 2: 15ef0769 collected (10,300)
Seat 3: 7c766368 folded before Flop
Seat 4: be8569f6 folded before Flop
Seat 5: Hero (button) folded before Flop
Seat 6: f08bec8 (small blind) folded before Flop
Seat 7: e8bf8a2d (big blind) folded before Flop
Seat 8: 476bc9ec folded before Flop


Poker Hand #TM309464448: Tournament #208084552, Daily Special $88 Hold'em No Limit - Level19(1,500/3,000) - 2025/05/28 21:27:50
Table '9' 8-max Seat #4 is the button
Seat 1: 5730458c (31,132 in chips)
Seat 2: 15ef0769 (83,635 in chips)
Seat 3: 7c766368 (135,272 in chips)
Seat 4: be8569f6 (7,750 in chips)
Seat 5: Hero (39,200 in chips)
Seat 6: f08bec8 (56,522 in chips)
Seat 7: e8bf8a2d (16,889 in chips)
Seat 8: 476bc9ec (80,948 in chips)
5730458c: posts the ante 350
e8bf8a2d: posts the ante 350
476bc9ec: posts the ante 350
15ef0769: posts the ante 350
be8569f6: posts the ante 350
7c766368: posts the ante 350
Hero: posts the ante 350
f08bec8: posts the ante 350
Hero: posts small blind 1,500
f08bec8: posts big blind 3,000
*** HOLE CARDS ***
Dealt to 5730458c 
Dealt to 15ef0769 
Dealt to 7c766368 
Dealt to be8569f6 
Dealt to Hero [5c Kc]
Dealt to f08bec8 
Dealt to e8bf8a2d 
Dealt to 476bc9ec 
e8bf8a2d: folds
476bc9ec: folds
5730458c: folds
15ef0769: raises 3,000 to 6,000
7c766368: calls 6,000
be8569f6: folds
Hero: folds
f08bec8: calls 3,000
*** FLOP *** [3s Td 4d]
f08bec8: checks
15ef0769: checks
7c766368: checks
*** TURN *** [3s Td 4d] [Kd]
f08bec8: checks
15ef0769: checks
7c766368: bets 16,218
f08bec8: folds
15ef0769: folds
Uncalled bet (16,218) returned to 7c766368
*** SHOWDOWN ***
7c766368 collected 22,300 from pot
*** SUMMARY ***
Total pot 22,300 | Rake 0 | Jackpot 0 | Bingo 0 | Fortune 0 | Tax 0
Board [3s Td 4d Kd]
Seat 1: 5730458c folded before Flop
Seat 2: 15ef0769 folded on the Turn
Seat 3: 7c766368 won (22,300)
Seat 4: be8569f6 (button) folded before Flop
Seat 5: Hero (small blind) folded before Flop
Seat 6: f08bec8 (big blind) folded on the Turn
Seat 7: e8bf8a2d folded before Flop
Seat 8: 476bc9ec folded before Flop


Poker Hand #TM309464418: Tournament #208084552, Daily Special $88 Hold'em No Limit - Level19(1,500/3,000) - 2025/05/28 21:25:25
Table '9' 8-max Seat #3 is the button
Seat 1: 5730458c (31,482 in chips)
Seat 2: 15ef0769 (77,035 in chips)
Seat 3: 7c766368 (135,622 in chips)
Seat 4: be8569f6 (9,600 in chips)
Seat 5: Hero (42,550 in chips)
Seat 6: f08bec8 (56,872 in chips)
Seat 8: 476bc9ec (81,298 in chips)
5730458c: posts the ante 350
476bc9ec: posts the ante 350
15ef0769: posts the ante 350
7c766368: posts the ante 350
be8569f6: posts the ante 350
Hero: posts the ante 350
f08bec8: posts the ante 350
be8569f6: posts small blind 1,500
Hero: posts big blind 3,000
*** HOLE CARDS ***
Dealt to 5730458c 
Dealt to 15ef0769 
Dealt to 7c766368 
Dealt to be8569f6 
Dealt to Hero [6c 5s]
Dealt to f08bec8 
Dealt to 476bc9ec 
f08bec8: folds
476bc9ec: folds
5730458c: folds
15ef0769: raises 3,000 to 6,000
7c766368: folds
be8569f6: folds
Hero: folds
Uncalled bet (3,000) returned to 15ef0769
*** SHOWDOWN ***
15ef0769 collected 9,950 from pot
*** SUMMARY ***
Total pot 9,950 | Rake 0 | Jackpot 0 | Bingo 0 | Fortune 0 | Tax 0
Seat 1: 5730458c folded before Flop
Seat 2: 15ef0769 collected (9,950)
Seat 3: 7c766368 (button) folded before Flop
Seat 4: be8569f6 (small blind) folded before Flop
Seat 5: Hero (big blind) folded before Flop
Seat 6: f08bec8 folded before Flop
Seat 8: 476bc9ec folded before Flop


Poker Hand #TM309464403: Tournament #208084552, Daily Special $88 Hold'em No Limit - Level19(1,500/3,000) - 2025/05/28 21:23:55
Table '9' 8-max Seat #2 is the button
Seat 1: 5730458c (31,832 in chips)
Seat 2: 15ef0769 (77,385 in chips)
Seat 3: 7c766368 (137,472 in chips)
Seat 4: be8569f6 (12,950 in chips)
Seat 5: Hero (42,900 in chips)
Seat 6: f08bec8 (57,222 in chips)
Seat 7: 5e985962 (9,999 in chips)
Seat 8: 476bc9ec (74,348 in chips)
5730458c: posts the ante 350
5e985962: posts the ante 350
476bc9ec: posts the ante 350
15ef0769: posts the ante 350
be8569f6: posts the ante 350
7c766368: posts the ante 350
Hero: posts the ante 350
f08bec8: posts the ante 350
7c766368: posts small blind 1,500
be8569f6: posts big blind 3,000
*** HOLE CARDS ***
Dealt to 5730458c 
Dealt to 15ef0769 
Dealt to 7c766368 
Dealt to be8569f6 
Dealt to Hero [7h As]
Dealt to f08bec8 
Dealt to 5e985962 
Dealt to 476bc9ec 
Hero: folds
f08bec8: folds
5e985962: folds
476bc9ec: raises 3,600 to 6,600
5730458c: folds
15ef0769: folds
7c766368: folds
be8569f6: folds
Uncalled bet (3,600) returned to 476bc9ec
*** SHOWDOWN ***
476bc9ec collected 10,300 from pot
*** SUMMARY ***
Total pot 10,300 | Rake 0 | Jackpot 0 | Bingo 0 | Fortune 0 | Tax 0
Seat 1: 5730458c folded before Flop
Seat 2: 15ef0769 (button) folded before Flop
Seat 3: 7c766368 (small blind) folded before Flop
Seat 4: be8569f6 (big blind) folded before Flop
Seat 5: Hero folded before Flop
Seat 6: f08bec8 folded before Flop
Seat 7: 5e985962 folded before Flop
Seat 8: 476bc9ec collected (10,300)


Poker Hand #TM309464389: Tournament #208084552, Daily Special $88 Hold'em No Limit - Level18(1,250/2,500) - 2025/05/28 21:22:30
Table '9' 8-max Seat #1 is the button
Seat 1: 5730458c (20,982 in chips)
Seat 2: 15ef0769 (78,935 in chips)
Seat 3: 7c766368 (140,272 in chips)
Seat 4: be8569f6 (13,250 in chips)
Seat 5: Hero (43,200 in chips)
Seat 6: f08bec8 (57,522 in chips)
Seat 7: 5e985962 (10,299 in chips)
Seat 8: 476bc9ec (79,648 in chips)
5730458c: posts the ante 300
5e985962: posts the ante 300
476bc9ec: posts the ante 300
15ef0769: posts the ante 300
be8569f6: posts the ante 300
7c766368: posts the ante 300
Hero: posts the ante 300
f08bec8: posts the ante 300
15ef0769: posts small blind 1,250
7c766368: posts big blind 2,500
*** HOLE CARDS ***
Dealt to 5730458c 
Dealt to 15ef0769 
Dealt to 7c766368 
Dealt to be8569f6 
Dealt to Hero [3h 8d]
Dealt to f08bec8 
Dealt to 5e985962 
Dealt to 476bc9ec 
be8569f6: folds
Hero: folds
f08bec8: folds
5e985962: folds
476bc9ec: raises 2,500 to 5,000
5730458c: raises 15,000 to 20,000
15ef0769: folds
7c766368: folds
476bc9ec: folds
Uncalled bet (15,000) returned to 5730458c
*** SHOWDOWN ***
5730458c collected 16,150 from pot
*** SUMMARY ***
Total pot 16,150 | Rake 0 | Jackpot 0 | Bingo 0 | Fortune 0 | Tax 0
Seat 1: 5730458c (button) collected (16,150)
Seat 2: 15ef0769 (small blind) folded before Flop
Seat 3: 7c766368 (big blind) folded before Flop
Seat 4: be8569f6 folded before Flop
Seat 5: Hero folded before Flop
Seat 6: f08bec8 folded before Flop
Seat 7: 5e985962 folded before Flop
Seat 8: 476bc9ec folded before Flop


Poker Hand #TM309464371: Tournament #208084552, Daily Special $88 Hold'em No Limit - Level18(1,250/2,500) - 2025/05/28 21:20:44
Table '9' 8-max Seat #8 is the button
Seat 1: 5730458c (22,532 in chips)
Seat 2: 15ef0769 (87,985 in chips)
Seat 3: 7c766368 (140,572 in chips)
Seat 4: be8569f6 (13,550 in chips)
Seat 5: Hero (43,500 in chips)
Seat 7: 5e985962 (10,599 in chips)
Seat 8: 476bc9ec (67,848 in chips)
5730458c: posts the ante 300
5e985962: posts the ante 300
476bc9ec: posts the ante 300
15ef0769: posts the ante 300
be8569f6: posts the ante 300
7c766368: posts the ante 300
Hero: posts the ante 300
5730458c: posts small blind 1,250
15ef0769: posts big blind 2,500
*** HOLE CARDS ***
Dealt to 5730458c 
Dealt to 15ef0769 
Dealt to 7c766368 
Dealt to be8569f6 
Dealt to Hero [7h Th]
Dealt to 5e985962 
Dealt to 476bc9ec 
7c766368: folds
be8569f6: folds
Hero: folds
5e985962: folds
476bc9ec: raises 2,500 to 5,000
5730458c: folds
15ef0769: calls 2,500
*** FLOP *** [2h As 5c]
15ef0769: checks
476bc9ec: bets 3,750
15ef0769: calls 3,750
*** TURN *** [2h As 5c] [Td]
15ef0769: checks
476bc9ec: bets 14,179
15ef0769: folds
Uncalled bet (14,179) returned to 476bc9ec
*** SHOWDOWN ***
476bc9ec collected 20,850 from pot
*** SUMMARY ***
Total pot 20,850 | Rake 0 | Jackpot 0 | Bingo 0 | Fortune 0 | Tax 0
Board [2h As 5c Td]
Seat 1: 5730458c (small blind) folded before Flop
Seat 2: 15ef0769 (big blind) folded on the Turn
Seat 3: 7c766368 folded before Flop
Seat 4: be8569f6 folded before Flop
Seat 5: Hero folded before Flop
Seat 7: 5e985962 folded before Flop
Seat 8: 476bc9ec (button) won (20,850)


Poker Hand #TM309464361: Tournament #208084552, Daily Special $88 Hold'em No Limit - Level18(1,250/2,500) - 2025/05/28 21:19:44
Table '9' 8-max Seat #7 is the button
Seat 1: 5730458c (55,706 in chips)
Seat 2: 15ef0769 (88,285 in chips)
Seat 3: 7c766368 (140,872 in chips)
Seat 4: be8569f6 (13,850 in chips)
Seat 5: Hero (43,800 in chips)
Seat 7: 5e985962 (10,899 in chips)
Seat 8: 476bc9ec (33,174 in chips)
5730458c: posts the ante 300
5e985962: posts the ante 300
476bc9ec: posts the ante 300
15ef0769: posts the ante 300
be8569f6: posts the ante 300
7c766368: posts the ante 300
Hero: posts the ante 300
476bc9ec: posts small blind 1,250
5730458c: posts big blind 2,500
*** HOLE CARDS ***
Dealt to 5730458c 
Dealt to 15ef0769 
Dealt to 7c766368 
Dealt to be8569f6 
Dealt to Hero [3s Tc]
Dealt to 5e985962 
Dealt to 476bc9ec 
15ef0769: folds
7c766368: folds
be8569f6: folds
Hero: folds
5e985962: folds
476bc9ec: raises 30,374 to 32,874
5730458c: calls 30,374
476bc9ec: shows [Ah 7s]
5730458c: shows [As 4d]
*** FLOP *** [7h 4h Kc]
*** TURN *** [7h 4h Kc] [8h]
*** RIVER *** [7h 4h Kc 8h] [Qh]
*** SHOWDOWN ***
476bc9ec collected 67,848 from pot
*** SUMMARY ***
Total pot 67,848 | Rake 0 | Jackpot 0 | Bingo 0 | Fortune 0 | Tax 0
Board [7h 4h Kc 8h Qh]
Seat 1: 5730458c (big blind) showed [As 4d] and lost with a pair of Fours
Seat 2: 15ef0769 folded before Flop
Seat 3: 7c766368 folded before Flop
Seat 4: be8569f6 folded before Flop
Seat 5: Hero folded before Flop
Seat 7: 5e985962 (button) folded before Flop
Seat 8: 476bc9ec (small blind) showed [Ah 7s] and won (67,848) with a flush Ace high


Poker Hand #TM309464355: Tournament #208084552, Daily Special $88 Hold'em No Limit - Level18(1,250/2,500) - 2025/05/28 21:19:12
Table '9' 8-max Seat #5 is the button
Seat 1: 5730458c (56,006 in chips)
Seat 2: 15ef0769 (88,585 in chips)
Seat 3: 7c766368 (141,172 in chips)
Seat 4: be8569f6 (14,150 in chips)
Seat 5: Hero (44,100 in chips)
Seat 7: 5e985962 (12,449 in chips)
Seat 8: 476bc9ec (30,124 in chips)
5730458c: posts the ante 300
5e985962: posts the ante 300
476bc9ec: posts the ante 300
15ef0769: posts the ante 300
be8569f6: posts the ante 300
7c766368: posts the ante 300
Hero: posts the ante 300
5e985962: posts small blind 1,250
476bc9ec: posts big blind 2,500
*** HOLE CARDS ***
Dealt to 5730458c 
Dealt to 15ef0769 
Dealt to 7c766368 
Dealt to be8569f6 
Dealt to Hero [4d Td]
Dealt to 5e985962 
Dealt to 476bc9ec 
5730458c: folds
15ef0769: folds
7c766368: folds
be8569f6: folds
Hero: folds
5e985962: folds
Uncalled bet (1,250) returned to 476bc9ec
*** SHOWDOWN ***
476bc9ec collected 4,600 from pot
*** SUMMARY ***
Total pot 4,600 | Rake 0 | Jackpot 0 | Bingo 0 | Fortune 0 | Tax 0
Seat 1: 5730458c folded before Flop
Seat 2: 15ef0769 folded before Flop
Seat 3: 7c766368 folded before Flop
Seat 4: be8569f6 folded before Flop
Seat 5: Hero (button) folded before Flop
Seat 7: 5e985962 (small blind) folded before Flop
Seat 8: 476bc9ec (big blind) collected (4,600)


Poker Hand #TM309464328: Tournament #208084552, Daily Special $88 Hold'em No Limit - Level18(1,250/2,500) - 2025/05/28 21:16:36
Table '9' 8-max Seat #4 is the button
Seat 1: 5730458c (56,306 in chips)
Seat 2: 15ef0769 (93,885 in chips)
Seat 3: 7c766368 (130,622 in chips)
Seat 4: be8569f6 (14,450 in chips)
Seat 5: Hero (45,650 in chips)
Seat 7: 5e985962 (15,249 in chips)
Seat 8: 476bc9ec (30,424 in chips)
5730458c: posts the ante 300
5e985962: posts the ante 300
476bc9ec: posts the ante 300
15ef0769: posts the ante 300
be8569f6: posts the ante 300
7c766368: posts the ante 300
Hero: posts the ante 300
Hero: posts small blind 1,250
5e985962: posts big blind 2,500
*** HOLE CARDS ***
Dealt to 5730458c 
Dealt to 15ef0769 
Dealt to 7c766368 
Dealt to be8569f6 
Dealt to Hero [3d Ah]
Dealt to 5e985962 
Dealt to 476bc9ec 
476bc9ec: folds
5730458c: folds
15ef0769: raises 2,500 to 5,000
7c766368: calls 5,000
be8569f6: folds
Hero: folds
5e985962: folds
*** FLOP *** [Kc Qh 8h]
15ef0769: checks
7c766368: bets 5,231
15ef0769: folds
Uncalled bet (5,231) returned to 7c766368
*** SHOWDOWN ***
7c766368 collected 15,850 from pot
*** SUMMARY ***
Total pot 15,850 | Rake 0 | Jackpot 0 | Bingo 0 | Fortune 0 | Tax 0
Board [Kc Qh 8h]
Seat 1: 5730458c folded before Flop
Seat 2: 15ef0769 folded on the Flop
Seat 3: 7c766368 won (15,850)
Seat 4: be8569f6 (button) folded before Flop
Seat 5: Hero (small blind) folded before Flop
Seat 7: 5e985962 (big blind) folded before Flop
Seat 8: 476bc9ec folded before Flop


Poker Hand #TM309464322: Tournament #208084552, Daily Special $88 Hold'em No Limit - Level18(1,250/2,500) - 2025/05/28 21:15:54
Table '9' 8-max Seat #3 is the button
Seat 1: 5730458c (56,606 in chips)
Seat 2: 15ef0769 (88,335 in chips)
Seat 3: 7c766368 (130,922 in chips)
Seat 4: be8569f6 (16,000 in chips)
Seat 5: Hero (48,450 in chips)
Seat 7: 5e985962 (15,549 in chips)
Seat 8: 476bc9ec (30,724 in chips)
5730458c: posts the ante 300
5e985962: posts the ante 300
476bc9ec: posts the ante 300
15ef0769: posts the ante 300
7c766368: posts the ante 300
be8569f6: posts the ante 300
Hero: posts the ante 300
be8569f6: posts small blind 1,250
Hero: posts big blind 2,500
*** HOLE CARDS ***
Dealt to 5730458c 
Dealt to 15ef0769 
Dealt to 7c766368 
Dealt to be8569f6 
Dealt to Hero [2d Jh]
Dealt to 5e985962 
Dealt to 476bc9ec 
5e985962: folds
476bc9ec: folds
5730458c: folds
15ef0769: raises 2,500 to 5,000
7c766368: folds
be8569f6: folds
Hero: folds
Uncalled bet (2,500) returned to 15ef0769
*** SHOWDOWN ***
15ef0769 collected 8,350 from pot
*** SUMMARY ***
Total pot 8,350 | Rake 0 | Jackpot 0 | Bingo 0 | Fortune 0 | Tax 0
Seat 1: 5730458c folded before Flop
Seat 2: 15ef0769 collected (8,350)
Seat 3: 7c766368 (button) folded before Flop
Seat 4: be8569f6 (small blind) folded before Flop
Seat 5: Hero (big blind) folded before Flop
Seat 7: 5e985962 folded before Flop
Seat 8: 476bc9ec folded before Flop


Poker Hand #TM309464314: Tournament #208084552, Daily Special $88 Hold'em No Limit - Level18(1,250/2,500) - 2025/05/28 21:14:57
Table '9' 8-max Seat #1 is the button
Seat 1: 5730458c (56,906 in chips)
Seat 3: 7c766368 (132,472 in chips)
Seat 4: be8569f6 (18,800 in chips)
Seat 5: Hero (48,750 in chips)
Seat 7: 5e985962 (15,849 in chips)
Seat 8: 476bc9ec (25,474 in chips)
5730458c: posts the ante 300
5e985962: posts the ante 300
476bc9ec: posts the ante 300
be8569f6: posts the ante 300
7c766368: posts the ante 300
Hero: posts the ante 300
7c766368: posts small blind 1,250
be8569f6: posts big blind 2,500
*** HOLE CARDS ***
Dealt to 5730458c 
Dealt to 7c766368 
Dealt to be8569f6 
Dealt to Hero [7c Qh]
Dealt to 5e985962 
Dealt to 476bc9ec 
Hero: folds
5e985962: folds
476bc9ec: raises 2,500 to 5,000
5730458c: folds
7c766368: folds
be8569f6: folds
Uncalled bet (2,500) returned to 476bc9ec
*** SHOWDOWN ***
476bc9ec collected 8,050 from pot
*** SUMMARY ***
Total pot 8,050 | Rake 0 | Jackpot 0 | Bingo 0 | Fortune 0 | Tax 0
Seat 1: 5730458c (button) folded before Flop
Seat 3: 7c766368 (small blind) folded before Flop
Seat 4: be8569f6 (big blind) folded before Flop
Seat 5: Hero folded before Flop
Seat 7: 5e985962 folded before Flop
Seat 8: 476bc9ec collected (8,050)


Poker Hand #TM309464308: Tournament #208084552, Daily Special $88 Hold'em No Limit - Level18(1,250/2,500) - 2025/05/28 21:14:11
Table '9' 8-max Seat #8 is the button
Seat 1: 5730458c (58,456 in chips)
Seat 2: 21fa06cf (20,361 in chips)
Seat 3: 7c766368 (109,361 in chips)
Seat 4: be8569f6 (19,100 in chips)
Seat 5: Hero (49,050 in chips)
Seat 7: 5e985962 (16,149 in chips)
Seat 8: 476bc9ec (25,774 in chips)
5730458c: posts the ante 300
5e985962: posts the ante 300
476bc9ec: posts the ante 300
21fa06cf: posts the ante 300
be8569f6: posts the ante 300
7c766368: posts the ante 300
Hero: posts the ante 300
5730458c: posts small blind 1,250
21fa06cf: posts big blind 2,500
*** HOLE CARDS ***
Dealt to 5730458c 
Dealt to 21fa06cf 
Dealt to 7c766368 
Dealt to be8569f6 
Dealt to Hero [6s Jd]
Dealt to 5e985962 
Dealt to 476bc9ec 
7c766368: raises 2,750 to 5,250
be8569f6: folds
Hero: folds
5e985962: folds
476bc9ec: folds
5730458c: folds
21fa06cf: raises 14,811 to 20,061
7c766368: calls 14,811
21fa06cf: shows [2h 2s]
7c766368: shows [Qh Ad]
*** FLOP *** [Jc 6d Kc]
*** TURN *** [Jc 6d Kc] [Ts]
*** RIVER *** [Jc 6d Kc Ts] [3c]
*** SHOWDOWN ***
7c766368 collected 43,472 from pot
*** SUMMARY ***
Total pot 43,472 | Rake 0 | Jackpot 0 | Bingo 0 | Fortune 0 | Tax 0
Board [Jc 6d Kc Ts 3c]
Seat 1: 5730458c (small blind) folded before Flop
Seat 2: 21fa06cf (big blind) showed [2h 2s] and lost with a pair of Twos
Seat 3: 7c766368 showed [Qh Ad] and won (43,472) with a straight, Ace to Ten
Seat 4: be8569f6 folded before Flop
Seat 5: Hero folded before Flop
Seat 7: 5e985962 folded before Flop
Seat 8: 476bc9ec (button) folded before Flop


Poker Hand #TM309464303: Tournament #208084552, Daily Special $88 Hold'em No Limit - Level17(1,000/2,000) - 2025/05/28 21:13:30
Table '9' 8-max Seat #7 is the button
Seat 1: 5730458c (60,706 in chips)
Seat 2: 21fa06cf (20,611 in chips)
Seat 3: 7c766368 (109,611 in chips)
Seat 4: be8569f6 (19,350 in chips)
Seat 5: Hero (49,300 in chips)
Seat 7: 5e985962 (16,399 in chips)
Seat 8: 476bc9ec (22,274 in chips)
5730458c: posts the ante 250
5e985962: posts the ante 250
21fa06cf: posts the ante 250
476bc9ec: posts the ante 250
be8569f6: posts the ante 250
7c766368: posts the ante 250
Hero: posts the ante 250
476bc9ec: posts small blind 1,000
5730458c: posts big blind 2,000
*** HOLE CARDS ***
Dealt to 5730458c 
Dealt to 21fa06cf 
Dealt to 7c766368 
Dealt to be8569f6 
Dealt to Hero [8c Qc]
Dealt to 5e985962 
Dealt to 476bc9ec 
21fa06cf: folds
7c766368: folds
be8569f6: folds
Hero: folds
5e985962: folds
476bc9ec: raises 20,024 to 22,024
5730458c: folds
Uncalled bet (20,024) returned to 476bc9ec
*** SHOWDOWN ***
476bc9ec collected 5,750 from pot
*** SUMMARY ***
Total pot 5,750 | Rake 0 | Jackpot 0 | Bingo 0 | Fortune 0 | Tax 0
Seat 1: 5730458c (big blind) folded before Flop
Seat 2: 21fa06cf folded before Flop
Seat 3: 7c766368 folded before Flop
Seat 4: be8569f6 folded before Flop
Seat 5: Hero folded before Flop
Seat 7: 5e985962 (button) folded before Flop
Seat 8: 476bc9ec (small blind) collected (5,750)


Poker Hand #TM309464292: Tournament #208084552, Daily Special $88 Hold'em No Limit - Level17(1,000/2,000) - 2025/05/28 21:12:21
Table '9' 8-max Seat #5 is the button
Seat 1: 5730458c (60,956 in chips)
Seat 2: 21fa06cf (20,861 in chips)
Seat 3: 7c766368 (78,242 in chips)
Seat 4: be8569f6 (19,600 in chips)
Seat 5: Hero (49,550 in chips)
Seat 6: f27e03df (27,869 in chips)
Seat 7: 5e985962 (18,649 in chips)
Seat 8: 476bc9ec (22,524 in chips)
5730458c: posts the ante 250
f27e03df: posts the ante 250
5e985962: posts the ante 250
21fa06cf: posts the ante 250
476bc9ec: posts the ante 250
be8569f6: posts the ante 250
7c766368: posts the ante 250
Hero: posts the ante 250
f27e03df: posts small blind 1,000
5e985962: posts big blind 2,000
*** HOLE CARDS ***
Dealt to 5730458c 
Dealt to 21fa06cf 
Dealt to 7c766368 
Dealt to be8569f6 
Dealt to Hero [3c 4c]
Dealt to f27e03df 
Dealt to 5e985962 
Dealt to 476bc9ec 
476bc9ec: folds
5730458c: folds
21fa06cf: folds
7c766368: raises 75,992 to 77,992
be8569f6: folds
Hero: folds
f27e03df: calls 26,619
5e985962: folds
Uncalled bet (50,373) returned to 7c766368
7c766368: shows [4d 4h]
f27e03df: shows [Ad Kc]
*** FLOP *** [Qd 6d Jh]
*** TURN *** [Qd 6d Jh] [2h]
*** RIVER *** [Qd 6d Jh 2h] [Jd]
*** SHOWDOWN ***
7c766368 collected 59,238 from pot
*** SUMMARY ***
Total pot 59,238 | Rake 0 | Jackpot 0 | Bingo 0 | Fortune 0 | Tax 0
Board [Qd 6d Jh 2h Jd]
Seat 1: 5730458c folded before Flop
Seat 2: 21fa06cf folded before Flop
Seat 3: 7c766368 showed [4d 4h] and won (59,238) with two pair, Jacks and Fours
Seat 4: be8569f6 folded before Flop
Seat 5: Hero (button) folded before Flop
Seat 6: f27e03df (small blind) showed [Ad Kc] and lost with a pair of Jacks
Seat 7: 5e985962 (big blind) folded before Flop
Seat 8: 476bc9ec folded before Flop


Poker Hand #TM309464287: Tournament #208084552, Daily Special $88 Hold'em No Limit - Level17(1,000/2,000) - 2025/05/28 21:11:41
Table '9' 8-max Seat #4 is the button
Seat 1: 5730458c (61,206 in chips)
Seat 2: 21fa06cf (16,111 in chips)
Seat 3: 7c766368 (78,492 in chips)
Seat 4: be8569f6 (19,850 in chips)
Seat 5: Hero (50,800 in chips)
Seat 6: f27e03df (30,119 in chips)
Seat 7: 5e985962 (18,899 in chips)
Seat 8: 476bc9ec (22,774 in chips)
5730458c: posts the ante 250
f27e03df: posts the ante 250
5e985962: posts the ante 250
21fa06cf: posts the ante 250
476bc9ec: posts the ante 250
be8569f6: posts the ante 250
7c766368: posts the ante 250
Hero: posts the ante 250
Hero: posts small blind 1,000
f27e03df: posts big blind 2,000
*** HOLE CARDS ***
Dealt to 5730458c 
Dealt to 21fa06cf 
Dealt to 7c766368 
Dealt to be8569f6 
Dealt to Hero [7c 5h]
Dealt to f27e03df 
Dealt to 5e985962 
Dealt to 476bc9ec 
5e985962: folds
476bc9ec: folds
5730458c: folds
21fa06cf: raises 13,861 to 15,861
7c766368: folds
be8569f6: folds
Hero: folds
f27e03df: folds
Uncalled bet (13,861) returned to 21fa06cf
*** SHOWDOWN ***
21fa06cf collected 7,000 from pot
*** SUMMARY ***
Total pot 7,000 | Rake 0 | Jackpot 0 | Bingo 0 | Fortune 0 | Tax 0
Seat 1: 5730458c folded before Flop
Seat 2: 21fa06cf collected (7,000)
Seat 3: 7c766368 folded before Flop
Seat 4: be8569f6 (button) folded before Flop
Seat 5: Hero (small blind) folded before Flop
Seat 6: f27e03df (big blind) folded before Flop
Seat 7: 5e985962 folded before Flop
Seat 8: 476bc9ec folded before Flop


Poker Hand #TM309464282: Tournament #208084552, Daily Special $88 Hold'em No Limit - Level17(1,000/2,000) - 2025/05/28 21:11:04
Table '9' 8-max Seat #2 is the button
Seat 1: 5730458c (61,456 in chips)
Seat 2: 21fa06cf (16,361 in chips)
Seat 4: be8569f6 (21,100 in chips)
Seat 5: Hero (48,300 in chips)
Seat 6: f27e03df (30,369 in chips)
Seat 7: 5e985962 (19,149 in chips)
Seat 8: 476bc9ec (23,024 in chips)
5730458c: posts the ante 250
f27e03df: posts the ante 250
5e985962: posts the ante 250
21fa06cf: posts the ante 250
476bc9ec: posts the ante 250
be8569f6: posts the ante 250
Hero: posts the ante 250
be8569f6: posts small blind 1,000
Hero: posts big blind 2,000
*** HOLE CARDS ***
Dealt to 5730458c 
Dealt to 21fa06cf 
Dealt to be8569f6 
Dealt to Hero [6d 3s]
Dealt to f27e03df 
Dealt to 5e985962 
Dealt to 476bc9ec 
f27e03df: folds
5e985962: folds
476bc9ec: folds
5730458c: folds
21fa06cf: folds
be8569f6: folds
Uncalled bet (1,000) returned to Hero
*** SHOWDOWN ***
Hero collected 3,750 from pot
*** SUMMARY ***
Total pot 3,750 | Rake 0 | Jackpot 0 | Bingo 0 | Fortune 0 | Tax 0
Seat 1: 5730458c folded before Flop
Seat 2: 21fa06cf (button) folded before Flop
Seat 4: be8569f6 (small blind) folded before Flop
Seat 5: Hero (big blind) collected (3,750)
Seat 6: f27e03df folded before Flop
Seat 7: 5e985962 folded before Flop
Seat 8: 476bc9ec folded before Flop


Poker Hand #TM309464274: Tournament #208084552, Daily Special $88 Hold'em No Limit - Level17(1,000/2,000) - 2025/05/28 21:10:06
Table '9' 8-max Seat #1 is the button
Seat 1: 5730458c (61,706 in chips)
Seat 2: 21fa06cf (26,286 in chips)
Seat 4: be8569f6 (9,925 in chips)
Seat 5: Hero (48,550 in chips)
Seat 6: f27e03df (30,619 in chips)
Seat 7: 5e985962 (19,399 in chips)
Seat 8: 476bc9ec (23,274 in chips)
5730458c: posts the ante 250
f27e03df: posts the ante 250
5e985962: posts the ante 250
476bc9ec: posts the ante 250
21fa06cf: posts the ante 250
be8569f6: posts the ante 250
Hero: posts the ante 250
21fa06cf: posts small blind 1,000
be8569f6: posts big blind 2,000
*** HOLE CARDS ***
Dealt to 5730458c 
Dealt to 21fa06cf 
Dealt to be8569f6 
Dealt to Hero [5c Kc]
Dealt to f27e03df 
Dealt to 5e985962 
Dealt to 476bc9ec 
Hero: folds
f27e03df: folds
5e985962: folds
476bc9ec: folds
5730458c: folds
21fa06cf: raises 24,036 to 26,036
be8569f6: calls 7,675
Uncalled bet (16,361) returned to 21fa06cf
21fa06cf: shows [4c 4h]
be8569f6: shows [Jc Ad]
*** FLOP *** [5s 7s Qd]
*** TURN *** [5s 7s Qd] [8h]
*** RIVER *** [5s 7s Qd 8h] [Jd]
*** SHOWDOWN ***
be8569f6 collected 21,100 from pot
*** SUMMARY ***
Total pot 21,100 | Rake 0 | Jackpot 0 | Bingo 0 | Fortune 0 | Tax 0
Board [5s 7s Qd 8h Jd]
Seat 1: 5730458c (button) folded before Flop
Seat 2: 21fa06cf (small blind) showed [4c 4h] and lost with a pair of Fours
Seat 4: be8569f6 (big blind) showed [Jc Ad] and won (21,100) with a pair of Jacks
Seat 5: Hero folded before Flop
Seat 6: f27e03df folded before Flop
Seat 7: 5e985962 folded before Flop
Seat 8: 476bc9ec folded before Flop


Poker Hand #TM309464264: Tournament #208084552, Daily Special $88 Hold'em No Limit - Level17(1,000/2,000) - 2025/05/28 21:08:59
Table '9' 8-max Seat #8 is the button
Seat 1: 5730458c (62,956 in chips)
Seat 2: 21fa06cf (36,798 in chips)
Seat 4: be8569f6 (10,175 in chips)
Seat 5: Hero (48,800 in chips)
Seat 6: f27e03df (30,869 in chips)
Seat 7: 5e985962 (19,649 in chips)
Seat 8: 476bc9ec (10,512 in chips)
5730458c: posts the ante 250
f27e03df: posts the ante 250
5e985962: posts the ante 250
476bc9ec: posts the ante 250
21fa06cf: posts the ante 250
be8569f6: posts the ante 250
Hero: posts the ante 250
5730458c: posts small blind 1,000
21fa06cf: posts big blind 2,000
*** HOLE CARDS ***
Dealt to 5730458c 
Dealt to 21fa06cf 
Dealt to be8569f6 
Dealt to Hero [7s Ts]
Dealt to f27e03df 
Dealt to 5e985962 
Dealt to 476bc9ec 
be8569f6: folds
Hero: folds
f27e03df: folds
5e985962: folds
476bc9ec: raises 8,262 to 10,262
5730458c: folds
21fa06cf: calls 8,262
476bc9ec: shows [Jh 6h]
21fa06cf: shows [2c 2h]
*** FLOP *** [9h Jc 6d]
*** TURN *** [9h Jc 6d] [7c]
*** RIVER *** [9h Jc 6d 7c] [Tc]
*** SHOWDOWN ***
476bc9ec collected 23,274 from pot
*** SUMMARY ***
Total pot 23,274 | Rake 0 | Jackpot 0 | Bingo 0 | Fortune 0 | Tax 0
Board [9h Jc 6d 7c Tc]
Seat 1: 5730458c (small blind) folded before Flop
Seat 2: 21fa06cf (big blind) showed [2c 2h] and lost with a pair of Twos
Seat 4: be8569f6 folded before Flop
Seat 5: Hero folded before Flop
Seat 6: f27e03df folded before Flop
Seat 7: 5e985962 folded before Flop
Seat 8: 476bc9ec (button) showed [Jh 6h] and won (23,274) with two pair, Jacks and Sixes


Poker Hand #TM309464256: Tournament #208084552, Daily Special $88 Hold'em No Limit - Level17(1,000/2,000) - 2025/05/28 21:07:39
Table '9' 8-max Seat #7 is the button
Seat 1: 5730458c (65,206 in chips)
Seat 2: 21fa06cf (16,274 in chips)
Seat 4: be8569f6 (10,425 in chips)
Seat 5: Hero (49,050 in chips)
Seat 6: f27e03df (31,119 in chips)
Seat 7: 5e985962 (35,923 in chips)
Seat 8: 476bc9ec (11,762 in chips)
5730458c: posts the ante 250
f27e03df: posts the ante 250
5e985962: posts the ante 250
21fa06cf: posts the ante 250
476bc9ec: posts the ante 250
be8569f6: posts the ante 250
Hero: posts the ante 250
476bc9ec: posts small blind 1,000
5730458c: posts big blind 2,000
*** HOLE CARDS ***
Dealt to 5730458c 
Dealt to 21fa06cf 
Dealt to be8569f6 
Dealt to Hero [7h 9c]
Dealt to f27e03df 
Dealt to 5e985962 
Dealt to 476bc9ec 
21fa06cf: raises 14,024 to 16,024
be8569f6: folds
Hero: folds
f27e03df: folds
5e985962: raises 14,024 to 30,048
476bc9ec: folds
5730458c: folds
Uncalled bet (14,024) returned to 5e985962
5e985962: shows [Th Ah]
21fa06cf: shows [8h 8c]
*** FLOP *** [Ks Js 4c]
*** TURN *** [Ks Js 4c] [5h]
*** RIVER *** [Ks Js 4c 5h] [4s]
*** SHOWDOWN ***
21fa06cf collected 36,798 from pot
*** SUMMARY ***
Total pot 36,798 | Rake 0 | Jackpot 0 | Bingo 0 | Fortune 0 | Tax 0
Board [Ks Js 4c 5h 4s]
Seat 1: 5730458c (big blind) folded before Flop
Seat 2: 21fa06cf showed [8h 8c] and won (36,798) with two pair, Eights and Fours
Seat 4: be8569f6 folded before Flop
Seat 5: Hero folded before Flop
Seat 6: f27e03df folded before Flop
Seat 7: 5e985962 (button) showed [Th Ah] and lost with a pair of Fours
Seat 8: 476bc9ec (small blind) folded before Flop


Poker Hand #TM309464247: Tournament #208084552, Daily Special $88 Hold'em No Limit - Level17(1,000/2,000) - 2025/05/28 21:06:46
Table '9' 8-max Seat #6 is the button
Seat 1: 5730458c (65,456 in chips)
Seat 2: 21fa06cf (16,524 in chips)
Seat 3: bc818b39 (12,304 in chips)
Seat 4: be8569f6 (10,675 in chips)
Seat 5: Hero (49,300 in chips)
Seat 6: f27e03df (14,315 in chips)
Seat 7: 5e985962 (37,173 in chips)
Seat 8: 476bc9ec (14,012 in chips)
5730458c: posts the ante 250
f27e03df: posts the ante 250
5e985962: posts the ante 250
21fa06cf: posts the ante 250
476bc9ec: posts the ante 250
be8569f6: posts the ante 250
Hero: posts the ante 250
bc818b39: posts the ante 250
5e985962: posts small blind 1,000
476bc9ec: posts big blind 2,000
*** HOLE CARDS ***
Dealt to 5730458c 
Dealt to 21fa06cf 
Dealt to bc818b39 
Dealt to be8569f6 
Dealt to Hero [Jd 6c]
Dealt to f27e03df 
Dealt to 5e985962 
Dealt to 476bc9ec 
5730458c: folds
21fa06cf: folds
bc818b39: raises 10,054 to 12,054
be8569f6: folds
Hero: folds
f27e03df: raises 2,011 to 14,065
5e985962: folds
476bc9ec: folds
Uncalled bet (2,011) returned to f27e03df
f27e03df: shows [Ad 9d]
bc818b39: shows [7h Ac]
*** FLOP *** [Js 4d As]
*** TURN *** [Js 4d As] [3h]
*** RIVER *** [Js 4d As 3h] [8c]
*** SHOWDOWN ***
f27e03df collected 29,108 from pot
*** SUMMARY ***
Total pot 29,108 | Rake 0 | Jackpot 0 | Bingo 0 | Fortune 0 | Tax 0
Board [Js 4d As 3h 8c]
Seat 1: 5730458c folded before Flop
Seat 2: 21fa06cf folded before Flop
Seat 3: bc818b39 showed [7h Ac] and lost with a pair of Aces
Seat 4: be8569f6 folded before Flop
Seat 5: Hero folded before Flop
Seat 6: f27e03df (button) showed [Ad 9d] and won (29,108) with a pair of Aces
Seat 7: 5e985962 (small blind) folded before Flop
Seat 8: 476bc9ec (big blind) folded before Flop


Poker Hand #TM309464240: Tournament #208084552, Daily Special $88 Hold'em No Limit - Level17(1,000/2,000) - 2025/05/28 21:05:29
Table '9' 8-max Seat #5 is the button
Seat 1: 5730458c (65,706 in chips)
Seat 2: 21fa06cf (16,774 in chips)
Seat 3: bc818b39 (12,554 in chips)
Seat 4: be8569f6 (10,925 in chips)
Seat 5: Hero (42,550 in chips)
Seat 6: f27e03df (15,565 in chips)
Seat 7: 5e985962 (41,423 in chips)
Seat 8: 476bc9ec (14,262 in chips)
5730458c: posts the ante 250
f27e03df: posts the ante 250
5e985962: posts the ante 250
21fa06cf: posts the ante 250
476bc9ec: posts the ante 250
be8569f6: posts the ante 250
Hero: posts the ante 250
bc818b39: posts the ante 250
f27e03df: posts small blind 1,000
5e985962: posts big blind 2,000
*** HOLE CARDS ***
Dealt to 5730458c 
Dealt to 21fa06cf 
Dealt to bc818b39 
Dealt to be8569f6 
Dealt to Hero [4h Kh]
Dealt to f27e03df 
Dealt to 5e985962 
Dealt to 476bc9ec 
476bc9ec: folds
5730458c: folds
21fa06cf: folds
bc818b39: folds
be8569f6: folds
Hero: raises 2,000 to 4,000
f27e03df: folds
5e985962: calls 2,000
*** FLOP *** [Td 3s Jd]
5e985962: checks
Hero: bets 2,750
5e985962: folds
Uncalled bet (2,750) returned to Hero
*** SHOWDOWN ***
Hero collected 11,000 from pot
*** SUMMARY ***
Total pot 11,000 | Rake 0 | Jackpot 0 | Bingo 0 | Fortune 0 | Tax 0
Board [Td 3s Jd]
Seat 1: 5730458c folded before Flop
Seat 2: 21fa06cf folded before Flop
Seat 3: bc818b39 folded before Flop
Seat 4: be8569f6 folded before Flop
Seat 5: Hero (button) won (11,000)
Seat 6: f27e03df (small blind) folded before Flop
Seat 7: 5e985962 (big blind) folded on the Flop
Seat 8: 476bc9ec folded before Flop


Poker Hand #TM309464234: Tournament #208084552, Daily Special $88 Hold'em No Limit - Level17(1,000/2,000) - 2025/05/28 21:04:53
Table '9' 8-max Seat #4 is the button
Seat 1: 5730458c (60,956 in chips)
Seat 2: 21fa06cf (17,024 in chips)
Seat 3: bc818b39 (12,804 in chips)
Seat 4: be8569f6 (11,175 in chips)
Seat 5: Hero (43,800 in chips)
Seat 6: f27e03df (17,815 in chips)
Seat 7: 5e985962 (41,673 in chips)
Seat 8: 476bc9ec (14,512 in chips)
5730458c: posts the ante 250
f27e03df: posts the ante 250
5e985962: posts the ante 250
21fa06cf: posts the ante 250
476bc9ec: posts the ante 250
be8569f6: posts the ante 250
Hero: posts the ante 250
bc818b39: posts the ante 250
Hero: posts small blind 1,000
f27e03df: posts big blind 2,000
*** HOLE CARDS ***
Dealt to 5730458c 
Dealt to 21fa06cf 
Dealt to bc818b39 
Dealt to be8569f6 
Dealt to Hero [7c Js]
Dealt to f27e03df 
Dealt to 5e985962 
Dealt to 476bc9ec 
5e985962: folds
476bc9ec: folds
5730458c: raises 2,000 to 4,000
21fa06cf: folds
bc818b39: folds
be8569f6: folds
Hero: folds
f27e03df: folds
Uncalled bet (2,000) returned to 5730458c
*** SHOWDOWN ***
5730458c collected 7,000 from pot
*** SUMMARY ***
Total pot 7,000 | Rake 0 | Jackpot 0 | Bingo 0 | Fortune 0 | Tax 0
Seat 1: 5730458c collected (7,000)
Seat 2: 21fa06cf folded before Flop
Seat 3: bc818b39 folded before Flop
Seat 4: be8569f6 (button) folded before Flop
Seat 5: Hero (small blind) folded before Flop
Seat 6: f27e03df (big blind) folded before Flop
Seat 7: 5e985962 folded before Flop
Seat 8: 476bc9ec folded before Flop


Poker Hand #TM309464228: Tournament #208084552, Daily Special $88 Hold'em No Limit - Level17(1,000/2,000) - 2025/05/28 21:04:00
Table '9' 8-max Seat #3 is the button
Seat 1: 5730458c (61,206 in chips)
Seat 2: 21fa06cf (17,274 in chips)
Seat 3: bc818b39 (13,054 in chips)
Seat 4: be8569f6 (12,425 in chips)
Seat 5: Hero (37,050 in chips)
Seat 6: f27e03df (18,065 in chips)
Seat 7: 5e985962 (45,923 in chips)
Seat 8: 476bc9ec (14,762 in chips)
5730458c: posts the ante 250
f27e03df: posts the ante 250
5e985962: posts the ante 250
21fa06cf: posts the ante 250
476bc9ec: posts the ante 250
be8569f6: posts the ante 250
Hero: posts the ante 250
bc818b39: posts the ante 250
be8569f6: posts small blind 1,000
Hero: posts big blind 2,000
*** HOLE CARDS ***
Dealt to 5730458c 
Dealt to 21fa06cf 
Dealt to bc818b39 
Dealt to be8569f6 
Dealt to Hero [Kd Jd]
Dealt to f27e03df 
Dealt to 5e985962 
Dealt to 476bc9ec 
f27e03df: folds
5e985962: raises 2,000 to 4,000
476bc9ec: folds
5730458c: folds
21fa06cf: folds
bc818b39: folds
be8569f6: folds
Hero: raises 32,800 to 36,800
5e985962: folds
Uncalled bet (32,800) returned to Hero
*** SHOWDOWN ***
Hero collected 11,000 from pot
*** SUMMARY ***
Total pot 11,000 | Rake 0 | Jackpot 0 | Bingo 0 | Fortune 0 | Tax 0
Seat 1: 5730458c folded before Flop
Seat 2: 21fa06cf folded before Flop
Seat 3: bc818b39 (button) folded before Flop
Seat 4: be8569f6 (small blind) folded before Flop
Seat 5: Hero (big blind) collected (11,000)
Seat 6: f27e03df folded before Flop
Seat 7: 5e985962 folded before Flop
Seat 8: 476bc9ec folded before Flop


Poker Hand #TM309464224: Tournament #208084552, Daily Special $88 Hold'em No Limit - Level16(800/1,600) - 2025/05/28 21:03:28
Table '9' 8-max Seat #2 is the button
Seat 1: 5730458c (61,406 in chips)
Seat 2: 21fa06cf (17,474 in chips)
Seat 3: bc818b39 (14,054 in chips)
Seat 4: be8569f6 (14,225 in chips)
Seat 5: Hero (33,250 in chips)
Seat 6: f27e03df (18,265 in chips)
Seat 7: 5e985962 (46,123 in chips)
Seat 8: 476bc9ec (14,962 in chips)
5730458c: posts the ante 200
f27e03df: posts the ante 200
5e985962: posts the ante 200
21fa06cf: posts the ante 200
476bc9ec: posts the ante 200
be8569f6: posts the ante 200
Hero: posts the ante 200
bc818b39: posts the ante 200
bc818b39: posts small blind 800
be8569f6: posts big blind 1,600
*** HOLE CARDS ***
Dealt to 5730458c 
Dealt to 21fa06cf 
Dealt to bc818b39 
Dealt to be8569f6 
Dealt to Hero [Qs Jd]
Dealt to f27e03df 
Dealt to 5e985962 
Dealt to 476bc9ec 
Hero: raises 1,600 to 3,200
f27e03df: folds
5e985962: folds
476bc9ec: folds
5730458c: folds
21fa06cf: folds
bc818b39: folds
be8569f6: folds
Uncalled bet (1,600) returned to Hero
*** SHOWDOWN ***
Hero collected 5,600 from pot
*** SUMMARY ***
Total pot 5,600 | Rake 0 | Jackpot 0 | Bingo 0 | Fortune 0 | Tax 0
Seat 1: 5730458c folded before Flop
Seat 2: 21fa06cf (button) folded before Flop
Seat 3: bc818b39 (small blind) folded before Flop
Seat 4: be8569f6 (big blind) folded before Flop
Seat 5: Hero collected (5,600)
Seat 6: f27e03df folded before Flop
Seat 7: 5e985962 folded before Flop
Seat 8: 476bc9ec folded before Flop


Poker Hand #TM309464218: Tournament #208084552, Daily Special $88 Hold'em No Limit - Level16(800/1,600) - 2025/05/28 21:02:48
Table '9' 8-max Seat #1 is the button
Seat 1: 5730458c (61,606 in chips)
Seat 2: 21fa06cf (18,474 in chips)
Seat 3: bc818b39 (15,854 in chips)
Seat 4: be8569f6 (14,425 in chips)
Seat 5: Hero (33,450 in chips)
Seat 6: f27e03df (14,465 in chips)
Seat 7: 5e985962 (46,323 in chips)
Seat 8: 476bc9ec (15,162 in chips)
5730458c: posts the ante 200
f27e03df: posts the ante 200
5e985962: posts the ante 200
476bc9ec: posts the ante 200
21fa06cf: posts the ante 200
be8569f6: posts the ante 200
Hero: posts the ante 200
bc818b39: posts the ante 200
21fa06cf: posts small blind 800
bc818b39: posts big blind 1,600
*** HOLE CARDS ***
Dealt to 5730458c 
Dealt to 21fa06cf 
Dealt to bc818b39 
Dealt to be8569f6 
Dealt to Hero [3c Js]
Dealt to f27e03df 
Dealt to 5e985962 
Dealt to 476bc9ec 
be8569f6: folds
Hero: folds
f27e03df: raises 12,665 to 14,265
5e985962: folds
476bc9ec: folds
5730458c: folds
21fa06cf: folds
bc818b39: folds
Uncalled bet (12,665) returned to f27e03df
*** SHOWDOWN ***
f27e03df collected 5,600 from pot
*** SUMMARY ***
Total pot 5,600 | Rake 0 | Jackpot 0 | Bingo 0 | Fortune 0 | Tax 0
Seat 1: 5730458c (button) folded before Flop
Seat 2: 21fa06cf (small blind) folded before Flop
Seat 3: bc818b39 (big blind) folded before Flop
Seat 4: be8569f6 folded before Flop
Seat 5: Hero folded before Flop
Seat 6: f27e03df collected (5,600)
Seat 7: 5e985962 folded before Flop
Seat 8: 476bc9ec folded before Flop


Poker Hand #TM309464212: Tournament #208084552, Daily Special $88 Hold'em No Limit - Level16(800/1,600) - 2025/05/28 21:01:51
Table '9' 8-max Seat #8 is the button
Seat 1: 5730458c (62,606 in chips)
Seat 2: 21fa06cf (20,274 in chips)
Seat 3: bc818b39 (16,054 in chips)
Seat 4: be8569f6 (10,625 in chips)
Seat 5: Hero (33,650 in chips)
Seat 6: f27e03df (14,665 in chips)
Seat 7: 5e985962 (46,523 in chips)
Seat 8: 476bc9ec (15,362 in chips)
5730458c: posts the ante 200
f27e03df: posts the ante 200
5e985962: posts the ante 200
476bc9ec: posts the ante 200
21fa06cf: posts the ante 200
be8569f6: posts the ante 200
Hero: posts the ante 200
bc818b39: posts the ante 200
5730458c: posts small blind 800
21fa06cf: posts big blind 1,600
*** HOLE CARDS ***
Dealt to 5730458c 
Dealt to 21fa06cf 
Dealt to bc818b39 
Dealt to be8569f6 
Dealt to Hero [Tc 2s]
Dealt to f27e03df 
Dealt to 5e985962 
Dealt to 476bc9ec 
bc818b39: folds
be8569f6: raises 1,600 to 3,200
Hero: folds
f27e03df: folds
5e985962: folds
476bc9ec: folds
5730458c: folds
21fa06cf: folds
Uncalled bet (1,600) returned to be8569f6
*** SHOWDOWN ***
be8569f6 collected 5,600 from pot
*** SUMMARY ***
Total pot 5,600 | Rake 0 | Jackpot 0 | Bingo 0 | Fortune 0 | Tax 0
Seat 1: 5730458c (small blind) folded before Flop
Seat 2: 21fa06cf (big blind) folded before Flop
Seat 3: bc818b39 folded before Flop
Seat 4: be8569f6 collected (5,600)
Seat 5: Hero folded before Flop
Seat 6: f27e03df folded before Flop
Seat 7: 5e985962 folded before Flop
Seat 8: 476bc9ec (button) folded before Flop


Poker Hand #TM309464206: Tournament #208084552, Daily Special $88 Hold'em No Limit - Level16(800/1,600) - 2025/05/28 21:01:14
Table '9' 8-max Seat #7 is the button
Seat 1: 5730458c (64,406 in chips)
Seat 2: 21fa06cf (20,474 in chips)
Seat 3: bc818b39 (16,254 in chips)
Seat 4: be8569f6 (10,825 in chips)
Seat 5: Hero (33,850 in chips)
Seat 6: f27e03df (14,865 in chips)
Seat 7: 5e985962 (42,723 in chips)
Seat 8: 476bc9ec (16,362 in chips)
5730458c: posts the ante 200
f27e03df: posts the ante 200
5e985962: posts the ante 200
21fa06cf: posts the ante 200
476bc9ec: posts the ante 200
be8569f6: posts the ante 200
Hero: posts the ante 200
bc818b39: posts the ante 200
476bc9ec: posts small blind 800
5730458c: posts big blind 1,600
*** HOLE CARDS ***
Dealt to 5730458c 
Dealt to 21fa06cf 
Dealt to bc818b39 
Dealt to be8569f6 
Dealt to Hero [Qd 2s]
Dealt to f27e03df 
Dealt to 5e985962 
Dealt to 476bc9ec 
21fa06cf: folds
bc818b39: folds
be8569f6: folds
Hero: folds
f27e03df: folds
5e985962: raises 1,600 to 3,200
476bc9ec: folds
5730458c: folds
Uncalled bet (1,600) returned to 5e985962
*** SHOWDOWN ***
5e985962 collected 5,600 from pot
*** SUMMARY ***
Total pot 5,600 | Rake 0 | Jackpot 0 | Bingo 0 | Fortune 0 | Tax 0
Seat 1: 5730458c (big blind) folded before Flop
Seat 2: 21fa06cf folded before Flop
Seat 3: bc818b39 folded before Flop
Seat 4: be8569f6 folded before Flop
Seat 5: Hero folded before Flop
Seat 6: f27e03df folded before Flop
Seat 7: 5e985962 (button) collected (5,600)
Seat 8: 476bc9ec (small blind) folded before Flop


Poker Hand #TM309464199: Tournament #208084552, Daily Special $88 Hold'em No Limit - Level16(800/1,600) - 2025/05/28 20:54:25
Table '9' 8-max Seat #6 is the button
Seat 1: 5730458c (64,606 in chips)
Seat 2: 21fa06cf (20,674 in chips)
Seat 3: bc818b39 (16,454 in chips)
Seat 5: Hero (34,050 in chips)
Seat 6: f27e03df (15,065 in chips)
Seat 7: 5e985962 (37,523 in chips)
Seat 8: 476bc9ec (20,562 in chips)
5730458c: posts the ante 200
f27e03df: posts the ante 200
5e985962: posts the ante 200
21fa06cf: posts the ante 200
476bc9ec: posts the ante 200
Hero: posts the ante 200
bc818b39: posts the ante 200
5e985962: posts small blind 800
476bc9ec: posts big blind 1,600
*** HOLE CARDS ***
Dealt to 5730458c 
Dealt to 21fa06cf 
Dealt to bc818b39 
Dealt to Hero [Js 3s]
Dealt to f27e03df 
Dealt to 5e985962 
Dealt to 476bc9ec 
5730458c: folds
21fa06cf: folds
bc818b39: folds
Hero: folds
f27e03df: folds
5e985962: raises 2,400 to 4,000
476bc9ec: calls 2,400
*** FLOP *** [Ac 5h 6s]
5e985962: bets 1,600
476bc9ec: folds
Uncalled bet (1,600) returned to 5e985962
*** SHOWDOWN ***
5e985962 collected 9,400 from pot
*** SUMMARY ***
Total pot 9,400 | Rake 0 | Jackpot 0 | Bingo 0 | Fortune 0 | Tax 0
Board [Ac 5h 6s]
Seat 1: 5730458c folded before Flop
Seat 2: 21fa06cf folded before Flop
Seat 3: bc818b39 folded before Flop
Seat 5: Hero folded before Flop
Seat 6: f27e03df (button) folded before Flop
Seat 7: 5e985962 (small blind) won (9,400)
Seat 8: 476bc9ec (big blind) folded on the Flop


Poker Hand #TM309464196: Tournament #208084552, Daily Special $88 Hold'em No Limit - Level16(800/1,600) - 2025/05/28 20:53:43
Table '9' 8-max Seat #5 is the button
Seat 1: 5730458c (64,806 in chips)
Seat 2: 21fa06cf (20,874 in chips)
Seat 3: bc818b39 (16,654 in chips)
Seat 5: Hero (34,250 in chips)
Seat 6: f27e03df (12,265 in chips)
Seat 7: 5e985962 (39,323 in chips)
Seat 8: 476bc9ec (20,762 in chips)
5730458c: posts the ante 200
f27e03df: posts the ante 200
5e985962: posts the ante 200
21fa06cf: posts the ante 200
476bc9ec: posts the ante 200
Hero: posts the ante 200
bc818b39: posts the ante 200
f27e03df: posts small blind 800
5e985962: posts big blind 1,600
*** HOLE CARDS ***
Dealt to 5730458c 
Dealt to 21fa06cf 
Dealt to bc818b39 
Dealt to Hero [Ts 2d]
Dealt to f27e03df 
Dealt to 5e985962 
Dealt to 476bc9ec 
476bc9ec: folds
5730458c: folds
21fa06cf: folds
bc818b39: folds
Hero: folds
f27e03df: raises 10,465 to 12,065
5e985962: folds
Uncalled bet (10,465) returned to f27e03df
*** SHOWDOWN ***
f27e03df collected 4,600 from pot
*** SUMMARY ***
Total pot 4,600 | Rake 0 | Jackpot 0 | Bingo 0 | Fortune 0 | Tax 0
Seat 1: 5730458c folded before Flop
Seat 2: 21fa06cf folded before Flop
Seat 3: bc818b39 folded before Flop
Seat 5: Hero (button) folded before Flop
Seat 6: f27e03df (small blind) collected (4,600)
Seat 7: 5e985962 (big blind) folded before Flop
Seat 8: 476bc9ec folded before Flop


Poker Hand #TM309464194: Tournament #208084552, Daily Special $88 Hold'em No Limit - Level16(800/1,600) - 2025/05/28 20:53:09
Table '9' 8-max Seat #3 is the button
Seat 1: 5730458c (65,006 in chips)
Seat 2: 21fa06cf (21,074 in chips)
Seat 3: bc818b39 (13,054 in chips)
Seat 5: Hero (35,250 in chips)
Seat 6: f27e03df (14,065 in chips)
Seat 7: 5e985962 (39,523 in chips)
Seat 8: 476bc9ec (20,962 in chips)
5730458c: posts the ante 200
f27e03df: posts the ante 200
5e985962: posts the ante 200
21fa06cf: posts the ante 200
476bc9ec: posts the ante 200
Hero: posts the ante 200
bc818b39: posts the ante 200
Hero: posts small blind 800
f27e03df: posts big blind 1,600
*** HOLE CARDS ***
Dealt to 5730458c 
Dealt to 21fa06cf 
Dealt to bc818b39 
Dealt to Hero [6s Qs]
Dealt to f27e03df 
Dealt to 5e985962 
Dealt to 476bc9ec 
5e985962: folds
476bc9ec: folds
5730458c: folds
21fa06cf: folds
bc818b39: raises 11,254 to 12,854
Hero: folds
f27e03df: folds
Uncalled bet (11,254) returned to bc818b39
*** SHOWDOWN ***
bc818b39 collected 5,400 from pot
*** SUMMARY ***
Total pot 5,400 | Rake 0 | Jackpot 0 | Bingo 0 | Fortune 0 | Tax 0
Seat 1: 5730458c folded before Flop
Seat 2: 21fa06cf folded before Flop
Seat 3: bc818b39 (button) collected (5,400)
Seat 5: Hero (small blind) folded before Flop
Seat 6: f27e03df (big blind) folded before Flop
Seat 7: 5e985962 folded before Flop
Seat 8: 476bc9ec folded before Flop


Poker Hand #TM309464190: Tournament #208084552, Daily Special $88 Hold'em No Limit - Level16(800/1,600) - 2025/05/28 20:51:55
Table '9' 8-max Seat #2 is the button
Seat 1: 5730458c (65,206 in chips)
Seat 2: 21fa06cf (13,104 in chips)
Seat 3: bc818b39 (14,054 in chips)
Seat 4: f94f79d3 (5,970 in chips)
Seat 5: Hero (35,450 in chips)
Seat 6: f27e03df (14,265 in chips)
Seat 7: 5e985962 (39,723 in chips)
Seat 8: 476bc9ec (21,162 in chips)
5730458c: posts the ante 200
f27e03df: posts the ante 200
f94f79d3: posts the ante 200
5e985962: posts the ante 200
21fa06cf: posts the ante 200
476bc9ec: posts the ante 200
Hero: posts the ante 200
bc818b39: posts the ante 200
bc818b39: posts small blind 800
f94f79d3: posts big blind 1,600
*** HOLE CARDS ***
Dealt to 5730458c 
Dealt to 21fa06cf 
Dealt to bc818b39 
Dealt to f94f79d3 
Dealt to Hero [Ah 2d]
Dealt to f27e03df 
Dealt to 5e985962 
Dealt to 476bc9ec 
Hero: folds
f27e03df: folds
5e985962: folds
476bc9ec: folds
5730458c: folds
21fa06cf: raises 1,600 to 3,200
bc818b39: folds
f94f79d3: calls 1,600
*** FLOP *** [9s 9c Jh]
f94f79d3: checks
21fa06cf: bets 2,200
f94f79d3: raises 370 to 2,570
21fa06cf: calls 370
f94f79d3: shows [Qs 7h] (a pair of Nines)
21fa06cf: shows [As Ac] (two pair, Aces and Nines)
*** TURN *** [9s 9c Jh] [7s]
*** RIVER *** [9s 9c Jh 7s] [4h]
*** SHOWDOWN ***
21fa06cf collected 13,940 from pot
*** SUMMARY ***
Total pot 13,940 | Rake 0 | Jackpot 0 | Bingo 0 | Fortune 0 | Tax 0
Board [9s 9c Jh 7s 4h]
Seat 1: 5730458c folded before Flop
Seat 2: 21fa06cf (button) showed [As Ac] and won (13,940) with two pair, Aces and Nines
Seat 3: bc818b39 (small blind) folded before Flop
Seat 4: f94f79d3 (big blind) showed [Qs 7h] and lost with two pair, Nines and Sevens
Seat 5: Hero folded before Flop
Seat 6: f27e03df folded before Flop
Seat 7: 5e985962 folded before Flop
Seat 8: 476bc9ec folded before Flop


Poker Hand #TM309464185: Tournament #208084552, Daily Special $88 Hold'em No Limit - Level16(800/1,600) - 2025/05/28 20:51:04
Table '9' 8-max Seat #1 is the button
Seat 1: 5730458c (65,406 in chips)
Seat 2: 21fa06cf (14,104 in chips)
Seat 3: bc818b39 (15,854 in chips)
Seat 4: f94f79d3 (1,390 in chips)
Seat 5: Hero (35,650 in chips)
Seat 6: f27e03df (14,465 in chips)
Seat 7: 5e985962 (40,703 in chips)
Seat 8: 476bc9ec (21,362 in chips)
5730458c: posts the ante 200
f27e03df: posts the ante 200
f94f79d3: posts the ante 200
5e985962: posts the ante 200
476bc9ec: posts the ante 200
21fa06cf: posts the ante 200
Hero: posts the ante 200
bc818b39: posts the ante 200
21fa06cf: posts small blind 800
bc818b39: posts big blind 1,600
*** HOLE CARDS ***
Dealt to 5730458c 
Dealt to 21fa06cf 
Dealt to bc818b39 
Dealt to f94f79d3 
Dealt to Hero [6c 9c]
Dealt to f27e03df 
Dealt to 5e985962 
Dealt to 476bc9ec 
f94f79d3: calls 1,190
Hero: folds
f27e03df: folds
5e985962: raises 1,600 to 3,200
476bc9ec: folds
5730458c: folds
21fa06cf: folds
bc818b39: folds
Uncalled bet (1,600) returned to 5e985962
5e985962: shows [Th Qs]
f94f79d3: shows [9s 9d]
*** FLOP *** [7d Kd 3c]
*** TURN *** [7d Kd 3c] [As]
*** RIVER *** [7d Kd 3c As] [Ah]
*** SHOWDOWN ***
f94f79d3 collected 5,970 from pot
5e985962 collected 820 from pot
*** SUMMARY ***
Total pot 6,790 | Rake 0 | Jackpot 0 | Bingo 0 | Fortune 0 | Tax 0
Board [7d Kd 3c As Ah]
Seat 1: 5730458c (button) folded before Flop
Seat 2: 21fa06cf (small blind) folded before Flop
Seat 3: bc818b39 (big blind) folded before Flop
Seat 4: f94f79d3 showed [9s 9d] and won (5,970) with two pair, Aces and Nines
Seat 5: Hero folded before Flop
Seat 6: f27e03df folded before Flop
Seat 7: 5e985962 showed [Th Qs] and won (820) with a pair of Aces
Seat 8: 476bc9ec folded before Flop


Poker Hand #TM309464181: Tournament #208084552, Daily Special $88 Hold'em No Limit - Level16(800/1,600) - 2025/05/28 20:49:52
Table '9' 8-max Seat #8 is the button
Seat 1: 5730458c (31,303 in chips)
Seat 2: 21fa06cf (15,904 in chips)
Seat 3: bc818b39 (16,054 in chips)
Seat 4: f94f79d3 (32,693 in chips)
Seat 5: Hero (35,850 in chips)
Seat 6: f27e03df (14,665 in chips)
Seat 7: 5e985962 (40,903 in chips)
Seat 8: 476bc9ec (21,562 in chips)
5730458c: posts the ante 200
f27e03df: posts the ante 200
f94f79d3: posts the ante 200
5e985962: posts the ante 200
476bc9ec: posts the ante 200
21fa06cf: posts the ante 200
Hero: posts the ante 200
bc818b39: posts the ante 200
5730458c: posts small blind 800
21fa06cf: posts big blind 1,600
*** HOLE CARDS ***
Dealt to 5730458c 
Dealt to 21fa06cf 
Dealt to bc818b39 
Dealt to f94f79d3 
Dealt to Hero [2s 2h]
Dealt to f27e03df 
Dealt to 5e985962 
Dealt to 476bc9ec 
bc818b39: folds
f94f79d3: raises 1,600 to 3,200
Hero: folds
f27e03df: folds
5e985962: folds
476bc9ec: folds
5730458c: raises 27,903 to 31,103
21fa06cf: folds
f94f79d3: calls 27,903
5730458c: shows [As Qd]
f94f79d3: shows [Jh Js]
*** FLOP *** [8h 2c Qs]
*** TURN *** [8h 2c Qs] [Ac]
*** RIVER *** [8h 2c Qs Ac] [9c]
*** SHOWDOWN ***
5730458c collected 65,406 from pot
*** SUMMARY ***
Total pot 65,406 | Rake 0 | Jackpot 0 | Bingo 0 | Fortune 0 | Tax 0
Board [8h 2c Qs Ac 9c]
Seat 1: 5730458c (small blind) showed [As Qd] and won (65,406) with two pair, Aces and Queens
Seat 2: 21fa06cf (big blind) folded before Flop
Seat 3: bc818b39 folded before Flop
Seat 4: f94f79d3 showed [Jh Js] and lost with a pair of Jacks
Seat 5: Hero folded before Flop
Seat 6: f27e03df folded before Flop
Seat 7: 5e985962 folded before Flop
Seat 8: 476bc9ec (button) folded before Flop


Poker Hand #TM309464178: Tournament #208084552, Daily Special $88 Hold'em No Limit - Level16(800/1,600) - 2025/05/28 20:49:26
Table '9' 8-max Seat #7 is the button
Seat 1: 5730458c (33,103 in chips)
Seat 2: 21fa06cf (16,104 in chips)
Seat 3: bc818b39 (16,254 in chips)
Seat 4: f94f79d3 (32,893 in chips)
Seat 5: Hero (36,050 in chips)
Seat 6: f27e03df (14,865 in chips)
Seat 7: 5e985962 (41,103 in chips)
Seat 8: 476bc9ec (18,562 in chips)
5730458c: posts the ante 200
f27e03df: posts the ante 200
f94f79d3: posts the ante 200
5e985962: posts the ante 200
21fa06cf: posts the ante 200
476bc9ec: posts the ante 200
Hero: posts the ante 200
bc818b39: posts the ante 200
476bc9ec: posts small blind 800
5730458c: posts big blind 1,600
*** HOLE CARDS ***
Dealt to 5730458c 
Dealt to 21fa06cf 
Dealt to bc818b39 
Dealt to f94f79d3 
Dealt to Hero [4h Qc]
Dealt to f27e03df 
Dealt to 5e985962 
Dealt to 476bc9ec 
21fa06cf: folds
bc818b39: folds
f94f79d3: folds
Hero: folds
f27e03df: folds
5e985962: folds
476bc9ec: raises 16,762 to 18,362
5730458c: folds
Uncalled bet (16,762) returned to 476bc9ec
*** SHOWDOWN ***
476bc9ec collected 4,800 from pot
*** SUMMARY ***
Total pot 4,800 | Rake 0 | Jackpot 0 | Bingo 0 | Fortune 0 | Tax 0
Seat 1: 5730458c (big blind) folded before Flop
Seat 2: 21fa06cf folded before Flop
Seat 3: bc818b39 folded before Flop
Seat 4: f94f79d3 folded before Flop
Seat 5: Hero folded before Flop
Seat 6: f27e03df folded before Flop
Seat 7: 5e985962 (button) folded before Flop
Seat 8: 476bc9ec (small blind) collected (4,800)


Poker Hand #TM309464170: Tournament #208084552, Daily Special $88 Hold'em No Limit - Level15(600/1,200) - 2025/05/28 20:47:05
Table '9' 8-max Seat #6 is the button
Seat 1: 5730458c (33,253 in chips)
Seat 2: 21fa06cf (16,254 in chips)
Seat 3: bc818b39 (16,404 in chips)
Seat 4: f94f79d3 (33,043 in chips)
Seat 5: Hero (36,200 in chips)
Seat 6: f27e03df (15,015 in chips)
Seat 7: 5e985962 (27,765 in chips)
Seat 8: 476bc9ec (31,000 in chips)
5730458c: posts the ante 150
f27e03df: posts the ante 150
f94f79d3: posts the ante 150
5e985962: posts the ante 150
21fa06cf: posts the ante 150
476bc9ec: posts the ante 150
Hero: posts the ante 150
bc818b39: posts the ante 150
5e985962: posts small blind 600
476bc9ec: posts big blind 1,200
*** HOLE CARDS ***
Dealt to 5730458c 
Dealt to 21fa06cf 
Dealt to bc818b39 
Dealt to f94f79d3 
Dealt to Hero [Td 7c]
Dealt to f27e03df 
Dealt to 5e985962 
Dealt to 476bc9ec 
5730458c: folds
21fa06cf: folds
bc818b39: folds
f94f79d3: folds
Hero: folds
f27e03df: folds
5e985962: calls 600
476bc9ec: raises 2,844 to 4,044
5e985962: calls 2,844
*** FLOP *** [Jh Jd Qd]
5e985962: checks
476bc9ec: checks
*** TURN *** [Jh Jd Qd] [2d]
5e985962: checks
476bc9ec: bets 4,644
5e985962: calls 4,644
*** RIVER *** [Jh Jd Qd 2d] [2s]
5e985962: bets 3,600
476bc9ec: calls 3,600
5e985962: shows [Jc 8c] (a full house, Jacks full of Twos)
476bc9ec: shows [6h Qc] (two pair, Queens and Jacks)
*** SHOWDOWN ***
5e985962 collected 25,776 from pot
*** SUMMARY ***
Total pot 25,776 | Rake 0 | Jackpot 0 | Bingo 0 | Fortune 0 | Tax 0
Board [Jh Jd Qd 2d 2s]
Seat 1: 5730458c folded before Flop
Seat 2: 21fa06cf folded before Flop
Seat 3: bc818b39 folded before Flop
Seat 4: f94f79d3 folded before Flop
Seat 5: Hero folded before Flop
Seat 6: f27e03df (button) folded before Flop
Seat 7: 5e985962 (small blind) showed [Jc 8c] and won (25,776) with a full house, Jacks full of Twos
Seat 8: 476bc9ec (big blind) showed [6h Qc] and lost with two pair, Queens and Jacks


Poker Hand #TM309464166: Tournament #208084552, Daily Special $88 Hold'em No Limit - Level15(600/1,200) - 2025/05/28 20:46:25
Table '9' 8-max Seat #5 is the button
Seat 1: 5730458c (33,403 in chips)
Seat 2: 21fa06cf (13,404 in chips)
Seat 3: bc818b39 (16,554 in chips)
Seat 4: f94f79d3 (33,193 in chips)
Seat 5: Hero (36,350 in chips)
Seat 6: f27e03df (15,765 in chips)
Seat 7: 5e985962 (29,115 in chips)
Seat 8: 476bc9ec (31,150 in chips)
5730458c: posts the ante 150
f94f79d3: posts the ante 150
f27e03df: posts the ante 150
5e985962: posts the ante 150
21fa06cf: posts the ante 150
476bc9ec: posts the ante 150
Hero: posts the ante 150
bc818b39: posts the ante 150
f27e03df: posts small blind 600
5e985962: posts big blind 1,200
*** HOLE CARDS ***
Dealt to 5730458c 
Dealt to 21fa06cf 
Dealt to bc818b39 
Dealt to f94f79d3 
Dealt to Hero [Ad 2c]
Dealt to f27e03df 
Dealt to 5e985962 
Dealt to 476bc9ec 
476bc9ec: folds
5730458c: folds
21fa06cf: raises 12,054 to 13,254
bc818b39: folds
f94f79d3: folds
Hero: folds
f27e03df: folds
5e985962: folds
Uncalled bet (12,054) returned to 21fa06cf
*** SHOWDOWN ***
21fa06cf collected 4,200 from pot
*** SUMMARY ***
Total pot 4,200 | Rake 0 | Jackpot 0 | Bingo 0 | Fortune 0 | Tax 0
Seat 1: 5730458c folded before Flop
Seat 2: 21fa06cf collected (4,200)
Seat 3: bc818b39 folded before Flop
Seat 4: f94f79d3 folded before Flop
Seat 5: Hero (button) folded before Flop
Seat 6: f27e03df (small blind) folded before Flop
Seat 7: 5e985962 (big blind) folded before Flop
Seat 8: 476bc9ec folded before Flop


Poker Hand #TM309464164: Tournament #208084552, Daily Special $88 Hold'em No Limit - Level15(600/1,200) - 2025/05/28 20:45:39
Table '9' 8-max Seat #4 is the button
Seat 1: 5730458c (33,553 in chips)
Seat 2: 21fa06cf (13,554 in chips)
Seat 3: bc818b39 (16,704 in chips)
Seat 4: f94f79d3 (33,343 in chips)
Seat 5: Hero (37,100 in chips)
Seat 6: f27e03df (14,115 in chips)
Seat 7: 5e985962 (29,265 in chips)
Seat 8: 476bc9ec (31,300 in chips)
5730458c: posts the ante 150
f94f79d3: posts the ante 150
f27e03df: posts the ante 150
5e985962: posts the ante 150
21fa06cf: posts the ante 150
476bc9ec: posts the ante 150
Hero: posts the ante 150
bc818b39: posts the ante 150
Hero: posts small blind 600
f27e03df: posts big blind 1,200
*** HOLE CARDS ***
Dealt to 5730458c 
Dealt to 21fa06cf 
Dealt to bc818b39 
Dealt to f94f79d3 
Dealt to Hero [5d 4s]
Dealt to f27e03df 
Dealt to 5e985962 
Dealt to 476bc9ec 
5e985962: folds
476bc9ec: folds
5730458c: folds
21fa06cf: folds
bc818b39: folds
f94f79d3: folds
Hero: folds
Uncalled bet (600) returned to f27e03df
*** SHOWDOWN ***
f27e03df collected 2,400 from pot
*** SUMMARY ***
Total pot 2,400 | Rake 0 | Jackpot 0 | Bingo 0 | Fortune 0 | Tax 0
Seat 1: 5730458c folded before Flop
Seat 2: 21fa06cf folded before Flop
Seat 3: bc818b39 folded before Flop
Seat 4: f94f79d3 (button) folded before Flop
Seat 5: Hero (small blind) folded before Flop
Seat 6: f27e03df (big blind) collected (2,400)
Seat 7: 5e985962 folded before Flop
Seat 8: 476bc9ec folded before Flop


Poker Hand #TM309464159: Tournament #208084552, Daily Special $88 Hold'em No Limit - Level15(600/1,200) - 2025/05/28 20:44:35
Table '9' 8-max Seat #3 is the button
Seat 1: 5730458c (33,703 in chips)
Seat 2: 21fa06cf (13,704 in chips)
Seat 3: bc818b39 (19,254 in chips)
Seat 4: f94f79d3 (26,293 in chips)
Seat 5: Hero (38,450 in chips)
Seat 6: f27e03df (14,265 in chips)
Seat 7: 5e985962 (31,815 in chips)
Seat 8: 476bc9ec (31,450 in chips)
5730458c: posts the ante 150
f27e03df: posts the ante 150
f94f79d3: posts the ante 150
5e985962: posts the ante 150
21fa06cf: posts the ante 150
476bc9ec: posts the ante 150
Hero: posts the ante 150
bc818b39: posts the ante 150
f94f79d3: posts small blind 600
Hero: posts big blind 1,200
*** HOLE CARDS ***
Dealt to 5730458c 
Dealt to 21fa06cf 
Dealt to bc818b39 
Dealt to f94f79d3 
Dealt to Hero [2h Jc]
Dealt to f27e03df 
Dealt to 5e985962 
Dealt to 476bc9ec 
f27e03df: folds
5e985962: raises 1,200 to 2,400
476bc9ec: folds
5730458c: folds
21fa06cf: folds
bc818b39: calls 2,400
f94f79d3: raises 23,743 to 26,143
Hero: folds
5e985962: folds
bc818b39: folds
Uncalled bet (23,743) returned to f94f79d3
*** SHOWDOWN ***
f94f79d3 collected 9,600 from pot
*** SUMMARY ***
Total pot 9,600 | Rake 0 | Jackpot 0 | Bingo 0 | Fortune 0 | Tax 0
Seat 1: 5730458c folded before Flop
Seat 2: 21fa06cf folded before Flop
Seat 3: bc818b39 (button) folded before Flop
Seat 4: f94f79d3 (small blind) collected (9,600)
Seat 5: Hero (big blind) folded before Flop
Seat 6: f27e03df folded before Flop
Seat 7: 5e985962 folded before Flop
Seat 8: 476bc9ec folded before Flop


Poker Hand #TM309464157: Tournament #208084552, Daily Special $88 Hold'em No Limit - Level15(600/1,200) - 2025/05/28 20:44:14
Table '9' 8-max Seat #2 is the button
Seat 1: 5730458c (33,853 in chips)
Seat 2: 21fa06cf (13,854 in chips)
Seat 3: bc818b39 (20,004 in chips)
Seat 4: f94f79d3 (27,643 in chips)
Seat 5: Hero (38,600 in chips)
Seat 6: f27e03df (11,415 in chips)
Seat 7: 5e985962 (31,965 in chips)
Seat 8: 476bc9ec (31,600 in chips)
5730458c: posts the ante 150
f27e03df: posts the ante 150
f94f79d3: posts the ante 150
5e985962: posts the ante 150
21fa06cf: posts the ante 150
476bc9ec: posts the ante 150
Hero: posts the ante 150
bc818b39: posts the ante 150
bc818b39: posts small blind 600
f94f79d3: posts big blind 1,200
*** HOLE CARDS ***
Dealt to 5730458c 
Dealt to 21fa06cf 
Dealt to bc818b39 
Dealt to f94f79d3 
Dealt to Hero [6h Jh]
Dealt to f27e03df 
Dealt to 5e985962 
Dealt to 476bc9ec 
Hero: folds
f27e03df: raises 10,065 to 11,265
5e985962: folds
476bc9ec: folds
5730458c: folds
21fa06cf: folds
bc818b39: folds
f94f79d3: folds
Uncalled bet (10,065) returned to f27e03df
*** SHOWDOWN ***
f27e03df collected 4,200 from pot
*** SUMMARY ***
Total pot 4,200 | Rake 0 | Jackpot 0 | Bingo 0 | Fortune 0 | Tax 0
Seat 1: 5730458c folded before Flop
Seat 2: 21fa06cf (button) folded before Flop
Seat 3: bc818b39 (small blind) folded before Flop
Seat 4: f94f79d3 (big blind) folded before Flop
Seat 5: Hero folded before Flop
Seat 6: f27e03df collected (4,200)
Seat 7: 5e985962 folded before Flop
Seat 8: 476bc9ec folded before Flop


Poker Hand #TM309266745: Tournament #208084552, Daily Special $88 Hold'em No Limit - Level15(600/1,200) - 2025/05/28 20:43:06
Table '31' 8-max Seat #4 is the button
Seat 1: 4a76c926 (11,450 in chips)
Seat 2: a07228c8 (46,906 in chips)
Seat 3: Hero (12,375 in chips)
Seat 4: ff3f0f46 (8,325 in chips)
Seat 5: 88383fd0 (4,100 in chips)
Seat 6: a478a80a (7,250 in chips)
Seat 7: a3156c13 (22,300 in chips)
4a76c926: posts the ante 150
a478a80a: posts the ante 150
ff3f0f46: posts the ante 150
a07228c8: posts the ante 150
88383fd0: posts the ante 150
a3156c13: posts the ante 150
Hero: posts the ante 150
88383fd0: posts small blind 600
a478a80a: posts big blind 1,200
*** HOLE CARDS ***
Dealt to 4a76c926 
Dealt to a07228c8 
Dealt to Hero [Td Tc]
Dealt to ff3f0f46 
Dealt to 88383fd0 
Dealt to a478a80a 
Dealt to a3156c13 
a3156c13: folds
4a76c926: raises 10,100 to 11,300
a07228c8: raises 10,100 to 21,400
Hero: calls 12,225
ff3f0f46: folds
88383fd0: folds
a478a80a: folds
Uncalled bet (9,175) returned to a07228c8
a07228c8: shows [8h 8c]
Hero: shows [Td Tc]
4a76c926: shows [Qs Kh]
*** FLOP *** [2d 4c 5h]
*** TURN *** [2d 4c 5h] [Jh]
*** RIVER *** [2d 4c 5h Jh] [5d]
*** SHOWDOWN ***
Hero collected 36,750 from pot
Hero collected 1,850 from pot
*** SUMMARY ***
Total pot 38,600 | Rake 0 | Jackpot 0 | Bingo 0 | Fortune 0 | Tax 0
Board [2d 4c 5h Jh 5d]
Seat 1: 4a76c926 showed [Qs Kh] and lost with a pair of Fives
Seat 2: a07228c8 showed [8h 8c] and lost with two pair, Eights and Fives
Seat 3: Hero showed [Td Tc] and won (38,600) with two pair, Tens and Fives
Seat 4: ff3f0f46 (button) folded before Flop
Seat 5: 88383fd0 (small blind) folded before Flop
Seat 6: a478a80a (big blind) folded before Flop
Seat 7: a3156c13 folded before Flop


Poker Hand #TM309266740: Tournament #208084552, Daily Special $88 Hold'em No Limit - Level15(600/1,200) - 2025/05/28 20:41:50
Table '31' 8-max Seat #3 is the button
Seat 1: 4a76c926 (11,600 in chips)
Seat 2: a07228c8 (32,706 in chips)
Seat 3: Hero (12,525 in chips)
Seat 4: ff3f0f46 (9,075 in chips)
Seat 5: 88383fd0 (5,450 in chips)
Seat 6: a478a80a (7,400 in chips)
Seat 7: a3156c13 (22,450 in chips)
Seat 8: 44ad4114 (11,500 in chips)
4a76c926: posts the ante 150
a478a80a: posts the ante 150
44ad4114: posts the ante 150
ff3f0f46: posts the ante 150
a07228c8: posts the ante 150
88383fd0: posts the ante 150
a3156c13: posts the ante 150
Hero: posts the ante 150
ff3f0f46: posts small blind 600
88383fd0: posts big blind 1,200
*** HOLE CARDS ***
Dealt to 4a76c926 
Dealt to a07228c8 
Dealt to Hero [7d 8d]
Dealt to ff3f0f46 
Dealt to 88383fd0 
Dealt to a478a80a 
Dealt to a3156c13 
Dealt to 44ad4114 
a478a80a: folds
a3156c13: folds
44ad4114: raises 10,150 to 11,350
4a76c926: folds
a07228c8: raises 19,250 to 30,600
Hero: folds
ff3f0f46: folds
88383fd0: folds
Uncalled bet (19,250) returned to a07228c8
a07228c8: shows [Kd Ks]
44ad4114: shows [As Js]
*** FLOP *** [2c 8c 9h]
*** TURN *** [2c 8c 9h] [Td]
*** RIVER *** [2c 8c 9h Td] [Th]
*** SHOWDOWN ***
a07228c8 collected 25,700 from pot
*** SUMMARY ***
Total pot 25,700 | Rake 0 | Jackpot 0 | Bingo 0 | Fortune 0 | Tax 0
Board [2c 8c 9h Td Th]
Seat 1: 4a76c926 folded before Flop
Seat 2: a07228c8 showed [Kd Ks] and won (25,700) with two pair, Kings and Tens
Seat 3: Hero (button) folded before Flop
Seat 4: ff3f0f46 (small blind) folded before Flop
Seat 5: 88383fd0 (big blind) folded before Flop
Seat 6: a478a80a folded before Flop
Seat 7: a3156c13 folded before Flop
Seat 8: 44ad4114 showed [As Js] and lost with a pair of Tens


Poker Hand #TM309266737: Tournament #208084552, Daily Special $88 Hold'em No Limit - Level15(600/1,200) - 2025/05/28 20:40:49
Table '31' 8-max Seat #1 is the button
Seat 1: 4a76c926 (11,750 in chips)
Seat 3: Hero (13,275 in chips)
Seat 4: ff3f0f46 (10,425 in chips)
Seat 5: 88383fd0 (15,400 in chips)
Seat 6: a478a80a (7,550 in chips)
Seat 7: a3156c13 (9,950 in chips)
Seat 8: 44ad4114 (11,650 in chips)
4a76c926: posts the ante 150
a478a80a: posts the ante 150
44ad4114: posts the ante 150
ff3f0f46: posts the ante 150
88383fd0: posts the ante 150
a3156c13: posts the ante 150
Hero: posts the ante 150
Hero: posts small blind 600
ff3f0f46: posts big blind 1,200
*** HOLE CARDS ***
Dealt to 4a76c926 
Dealt to Hero [3s Ad]
Dealt to ff3f0f46 
Dealt to 88383fd0 
Dealt to a478a80a 
Dealt to a3156c13 
Dealt to 44ad4114 
88383fd0: raises 1,200 to 2,400
a478a80a: folds
a3156c13: raises 7,400 to 9,800
44ad4114: folds
4a76c926: folds
Hero: folds
ff3f0f46: folds
88383fd0: calls 7,400
a3156c13: shows [Kd Jd]
88383fd0: shows [Ah Qh]
*** FLOP *** [Qd As Td]
*** TURN *** [Qd As Td] [9s]
*** RIVER *** [Qd As Td 9s] [2s]
*** SHOWDOWN ***
a3156c13 collected 22,450 from pot
*** SUMMARY ***
Total pot 22,450 | Rake 0 | Jackpot 0 | Bingo 0 | Fortune 0 | Tax 0
Board [Qd As Td 9s 2s]
Seat 1: 4a76c926 (button) folded before Flop
Seat 3: Hero (small blind) folded before Flop
Seat 4: ff3f0f46 (big blind) folded before Flop
Seat 5: 88383fd0 showed [Ah Qh] and lost with two pair, Aces and Queens
Seat 6: a478a80a folded before Flop
Seat 7: a3156c13 showed [Kd Jd] and won (22,450) with a straight, Ace to Ten
Seat 8: 44ad4114 folded before Flop


Poker Hand #TM309266733: Tournament #208084552, Daily Special $88 Hold'em No Limit - Level15(600/1,200) - 2025/05/28 20:39:54
Table '31' 8-max Seat #8 is the button
Seat 1: 4a76c926 (12,500 in chips)
Seat 2: 18872241 (4,200 in chips)
Seat 3: Hero (7,575 in chips)
Seat 4: ff3f0f46 (10,575 in chips)
Seat 5: 88383fd0 (15,550 in chips)
Seat 6: a478a80a (7,700 in chips)
Seat 7: a3156c13 (10,100 in chips)
Seat 8: 44ad4114 (11,800 in chips)
a478a80a: posts the ante 150
4a76c926: posts the ante 150
44ad4114: posts the ante 150
ff3f0f46: posts the ante 150
88383fd0: posts the ante 150
a3156c13: posts the ante 150
18872241: posts the ante 150
Hero: posts the ante 150
4a76c926: posts small blind 600
18872241: posts big blind 1,200
*** HOLE CARDS ***
Dealt to 4a76c926 
Dealt to 18872241 
Dealt to Hero [Kh Jc]
Dealt to ff3f0f46 
Dealt to 88383fd0 
Dealt to a478a80a 
Dealt to a3156c13 
Dealt to 44ad4114 
Hero: raises 6,225 to 7,425
ff3f0f46: folds
88383fd0: folds
a478a80a: folds
a3156c13: folds
44ad4114: folds
4a76c926: folds
18872241: calls 2,850
Uncalled bet (3,375) returned to Hero
Hero: shows [Kh Jc]
18872241: shows [Qh 9d]
*** FLOP *** [8s 6d 3d]
*** TURN *** [8s 6d 3d] [Kd]
*** RIVER *** [8s 6d 3d Kd] [Ac]
*** SHOWDOWN ***
Hero collected 9,900 from pot
*** SUMMARY ***
Total pot 9,900 | Rake 0 | Jackpot 0 | Bingo 0 | Fortune 0 | Tax 0
Board [8s 6d 3d Kd Ac]
Seat 1: 4a76c926 (small blind) folded before Flop
Seat 2: 18872241 (big blind) showed [Qh 9d] and lost with Ace high
Seat 3: Hero showed [Kh Jc] and won (9,900) with a pair of Kings
Seat 4: ff3f0f46 folded before Flop
Seat 5: 88383fd0 folded before Flop
Seat 6: a478a80a folded before Flop
Seat 7: a3156c13 folded before Flop
Seat 8: 44ad4114 (button) folded before Flop


Poker Hand #TM309266729: Tournament #208084552, Daily Special $88 Hold'em No Limit - Level15(600/1,200) - 2025/05/28 20:39:08
Table '31' 8-max Seat #7 is the button
Seat 1: 4a76c926 (13,850 in chips)
Seat 2: 18872241 (4,350 in chips)
Seat 3: Hero (7,725 in chips)
Seat 4: ff3f0f46 (7,725 in chips)
Seat 5: 88383fd0 (15,700 in chips)
Seat 6: a478a80a (7,850 in chips)
Seat 7: a3156c13 (10,250 in chips)
Seat 8: 44ad4114 (12,550 in chips)
a478a80a: posts the ante 150
4a76c926: posts the ante 150
44ad4114: posts the ante 150
ff3f0f46: posts the ante 150
88383fd0: posts the ante 150
a3156c13: posts the ante 150
18872241: posts the ante 150
Hero: posts the ante 150
44ad4114: posts small blind 600
4a76c926: posts big blind 1,200
*** HOLE CARDS ***
Dealt to 4a76c926 
Dealt to 18872241 
Dealt to Hero [4c Kh]
Dealt to ff3f0f46 
Dealt to 88383fd0 
Dealt to a478a80a 
Dealt to a3156c13 
Dealt to 44ad4114 
18872241: folds
Hero: folds
ff3f0f46: raises 6,375 to 7,575
88383fd0: folds
a478a80a: folds
a3156c13: folds
44ad4114: folds
4a76c926: folds
Uncalled bet (6,375) returned to ff3f0f46
*** SHOWDOWN ***
ff3f0f46 collected 4,200 from pot
*** SUMMARY ***
Total pot 4,200 | Rake 0 | Jackpot 0 | Bingo 0 | Fortune 0 | Tax 0
Seat 1: 4a76c926 (big blind) folded before Flop
Seat 2: 18872241 folded before Flop
Seat 3: Hero folded before Flop
Seat 4: ff3f0f46 collected (4,200)
Seat 5: 88383fd0 folded before Flop
Seat 6: a478a80a folded before Flop
Seat 7: a3156c13 (button) folded before Flop
Seat 8: 44ad4114 (small blind) folded before Flop


Poker Hand #TM309266725: Tournament #208084552, Daily Special $88 Hold'em No Limit - Level15(600/1,200) - 2025/05/28 20:37:46
Table '31' 8-max Seat #6 is the button
Seat 1: 4a76c926 (14,000 in chips)
Seat 2: 18872241 (1,000 in chips)
Seat 3: Hero (7,875 in chips)
Seat 4: ff3f0f46 (7,875 in chips)
Seat 5: 88383fd0 (18,250 in chips)
Seat 6: a478a80a (8,000 in chips)
Seat 7: a3156c13 (11,000 in chips)
Seat 8: 44ad4114 (12,000 in chips)
a478a80a: posts the ante 150
4a76c926: posts the ante 150
44ad4114: posts the ante 150
ff3f0f46: posts the ante 150
88383fd0: posts the ante 150
18872241: posts the ante 150
a3156c13: posts the ante 150
Hero: posts the ante 150
a3156c13: posts small blind 600
44ad4114: posts big blind 1,200
*** HOLE CARDS ***
Dealt to 4a76c926 
Dealt to 18872241 
Dealt to Hero [9c 6c]
Dealt to ff3f0f46 
Dealt to 88383fd0 
Dealt to a478a80a 
Dealt to a3156c13 
Dealt to 44ad4114 
4a76c926: folds
18872241: calls 850
Hero: folds
ff3f0f46: folds
88383fd0: raises 1,200 to 2,400
a478a80a: folds
a3156c13: folds
44ad4114: raises 9,313 to 11,713
88383fd0: folds
Uncalled bet (9,313) returned to 44ad4114
44ad4114: shows [Kh Ad]
18872241: shows [Ah 5d]
*** FLOP *** [8h 7c 3s]
*** TURN *** [8h 7c 3s] [5s]
*** RIVER *** [8h 7c 3s 5s] [Qd]
*** SHOWDOWN ***
18872241 collected 4,350 from pot
44ad4114 collected 3,100 from pot
*** SUMMARY ***
Total pot 7,450 | Rake 0 | Jackpot 0 | Bingo 0 | Fortune 0 | Tax 0
Board [8h 7c 3s 5s Qd]
Seat 1: 4a76c926 folded before Flop
Seat 2: 18872241 showed [Ah 5d] and won (4,350) with a pair of Fives
Seat 3: Hero folded before Flop
Seat 4: ff3f0f46 folded before Flop
Seat 5: 88383fd0 folded before Flop
Seat 6: a478a80a (button) folded before Flop
Seat 7: a3156c13 (small blind) folded before Flop
Seat 8: 44ad4114 (big blind) showed [Kh Ad] and won (3,100) with Ace high


Poker Hand #TM309266722: Tournament #208084552, Daily Special $88 Hold'em No Limit - Level14(500/1,000) - 2025/05/28 20:36:42
Table '31' 8-max Seat #5 is the button
Seat 1: 4a76c926 (14,125 in chips)
Seat 2: 18872241 (9,000 in chips)
Seat 3: Hero (8,000 in chips)
Seat 4: ff3f0f46 (8,000 in chips)
Seat 5: 88383fd0 (8,000 in chips)
Seat 6: a478a80a (8,625 in chips)
Seat 7: a3156c13 (12,125 in chips)
Seat 8: 44ad4114 (12,125 in chips)
4a76c926: posts the ante 125
a478a80a: posts the ante 125
44ad4114: posts the ante 125
ff3f0f46: posts the ante 125
88383fd0: posts the ante 125
18872241: posts the ante 125
a3156c13: posts the ante 125
Hero: posts the ante 125
a478a80a: posts small blind 500
a3156c13: posts big blind 1,000
*** HOLE CARDS ***
Dealt to 4a76c926 
Dealt to 18872241 
Dealt to Hero [Qc Js]
Dealt to ff3f0f46 
Dealt to 88383fd0 
Dealt to a478a80a 
Dealt to a3156c13 
Dealt to 44ad4114 
44ad4114: folds
4a76c926: folds
18872241: raises 7,875 to 8,875
Hero: folds
ff3f0f46: folds
88383fd0: calls 7,875
a478a80a: folds
a3156c13: folds
Uncalled bet (1,000) returned to 18872241
18872241: shows [Ah 5s]
88383fd0: shows [6s 6c]
*** FLOP *** [Kh Td Th]
*** TURN *** [Kh Td Th] [8d]
*** RIVER *** [Kh Td Th 8d] [4s]
*** SHOWDOWN ***
88383fd0 collected 18,250 from pot
*** SUMMARY ***
Total pot 18,250 | Rake 0 | Jackpot 0 | Bingo 0 | Fortune 0 | Tax 0
Board [Kh Td Th 8d 4s]
Seat 1: 4a76c926 folded before Flop
Seat 2: 18872241 showed [Ah 5s] and lost with a pair of Tens
Seat 3: Hero folded before Flop
Seat 4: ff3f0f46 folded before Flop
Seat 5: 88383fd0 (button) showed [6s 6c] and won (18,250) with two pair, Tens and Sixes
Seat 6: a478a80a (small blind) folded before Flop
Seat 7: a3156c13 (big blind) folded before Flop
Seat 8: 44ad4114 folded before Flop


Poker Hand #TM309266718: Tournament #208084552, Daily Special $88 Hold'em No Limit - Level14(500/1,000) - 2025/05/28 20:36:02
Table '31' 8-max Seat #4 is the button
Seat 1: 4a76c926 (11,750 in chips)
Seat 2: 18872241 (9,125 in chips)
Seat 3: Hero (8,125 in chips)
Seat 4: ff3f0f46 (8,125 in chips)
Seat 5: 88383fd0 (8,625 in chips)
Seat 6: a478a80a (9,750 in chips)
Seat 7: a3156c13 (12,250 in chips)
Seat 8: 44ad4114 (12,250 in chips)
4a76c926: posts the ante 125
a478a80a: posts the ante 125
44ad4114: posts the ante 125
ff3f0f46: posts the ante 125
88383fd0: posts the ante 125
18872241: posts the ante 125
a3156c13: posts the ante 125
Hero: posts the ante 125
88383fd0: posts small blind 500
a478a80a: posts big blind 1,000
*** HOLE CARDS ***
Dealt to 4a76c926 
Dealt to 18872241 
Dealt to Hero [Kh 3d]
Dealt to ff3f0f46 
Dealt to 88383fd0 
Dealt to a478a80a 
Dealt to a3156c13 
Dealt to 44ad4114 
a3156c13: folds
44ad4114: folds
4a76c926: raises 10,625 to 11,625
18872241: folds
Hero: folds
ff3f0f46: folds
88383fd0: folds
a478a80a: folds
Uncalled bet (10,625) returned to 4a76c926
*** SHOWDOWN ***
4a76c926 collected 3,500 from pot
*** SUMMARY ***
Total pot 3,500 | Rake 0 | Jackpot 0 | Bingo 0 | Fortune 0 | Tax 0
Seat 1: 4a76c926 collected (3,500)
Seat 2: 18872241 folded before Flop
Seat 3: Hero folded before Flop
Seat 4: ff3f0f46 (button) folded before Flop
Seat 5: 88383fd0 (small blind) folded before Flop
Seat 6: a478a80a (big blind) folded before Flop
Seat 7: a3156c13 folded before Flop
Seat 8: 44ad4114 folded before Flop


Poker Hand #TM309266716: Tournament #208084552, Daily Special $88 Hold'em No Limit - Level14(500/1,000) - 2025/05/28 20:35:25
Table '31' 8-max Seat #3 is the button
Seat 1: 4a76c926 (11,875 in chips)
Seat 2: 18872241 (9,250 in chips)
Seat 3: Hero (8,250 in chips)
Seat 4: ff3f0f46 (8,750 in chips)
Seat 5: 88383fd0 (9,750 in chips)
Seat 6: a478a80a (9,875 in chips)
Seat 7: a3156c13 (9,875 in chips)
Seat 8: 44ad4114 (12,375 in chips)
4a76c926: posts the ante 125
a478a80a: posts the ante 125
44ad4114: posts the ante 125
ff3f0f46: posts the ante 125
88383fd0: posts the ante 125
18872241: posts the ante 125
a3156c13: posts the ante 125
Hero: posts the ante 125
ff3f0f46: posts small blind 500
88383fd0: posts big blind 1,000
*** HOLE CARDS ***
Dealt to 4a76c926 
Dealt to 18872241 
Dealt to Hero [7d 9d]
Dealt to ff3f0f46 
Dealt to 88383fd0 
Dealt to a478a80a 
Dealt to a3156c13 
Dealt to 44ad4114 
a478a80a: folds
a3156c13: raises 8,750 to 9,750
44ad4114: folds
4a76c926: folds
18872241: folds
Hero: folds
ff3f0f46: folds
88383fd0: folds
Uncalled bet (8,750) returned to a3156c13
*** SHOWDOWN ***
a3156c13 collected 3,500 from pot
*** SUMMARY ***
Total pot 3,500 | Rake 0 | Jackpot 0 | Bingo 0 | Fortune 0 | Tax 0
Seat 1: 4a76c926 folded before Flop
Seat 2: 18872241 folded before Flop
Seat 3: Hero (button) folded before Flop
Seat 4: ff3f0f46 (small blind) folded before Flop
Seat 5: 88383fd0 (big blind) folded before Flop
Seat 6: a478a80a folded before Flop
Seat 7: a3156c13 collected (3,500)
Seat 8: 44ad4114 folded before Flop


Poker Hand #TM309266713: Tournament #208084552, Daily Special $88 Hold'em No Limit - Level14(500/1,000) - 2025/05/28 20:34:59
Table '31' 8-max Seat #2 is the button
Seat 1: 4a76c926 (12,000 in chips)
Seat 2: 18872241 (9,375 in chips)
Seat 3: Hero (8,875 in chips)
Seat 4: ff3f0f46 (9,875 in chips)
Seat 5: 88383fd0 (9,875 in chips)
Seat 6: a478a80a (10,000 in chips)
Seat 7: a3156c13 (10,000 in chips)
Seat 8: 44ad4114 (10,000 in chips)
4a76c926: posts the ante 125
a478a80a: posts the ante 125
44ad4114: posts the ante 125
ff3f0f46: posts the ante 125
88383fd0: posts the ante 125
18872241: posts the ante 125
a3156c13: posts the ante 125
Hero: posts the ante 125
Hero: posts small blind 500
ff3f0f46: posts big blind 1,000
*** HOLE CARDS ***
Dealt to 4a76c926 
Dealt to 18872241 
Dealt to Hero [Qd 8s]
Dealt to ff3f0f46 
Dealt to 88383fd0 
Dealt to a478a80a 
Dealt to a3156c13 
Dealt to 44ad4114 
88383fd0: folds
a478a80a: folds
a3156c13: folds
44ad4114: raises 8,875 to 9,875
4a76c926: folds
18872241: folds
Hero: folds
ff3f0f46: folds
Uncalled bet (8,875) returned to 44ad4114
*** SHOWDOWN ***
44ad4114 collected 3,500 from pot
*** SUMMARY ***
Total pot 3,500 | Rake 0 | Jackpot 0 | Bingo 0 | Fortune 0 | Tax 0
Seat 1: 4a76c926 folded before Flop
Seat 2: 18872241 (button) folded before Flop
Seat 3: Hero (small blind) folded before Flop
Seat 4: ff3f0f46 (big blind) folded before Flop
Seat 5: 88383fd0 folded before Flop
Seat 6: a478a80a folded before Flop
Seat 7: a3156c13 folded before Flop
Seat 8: 44ad4114 collected (3,500)


Poker Hand #TM309266710: Tournament #208084552, Daily Special $88 Hold'em No Limit - Level14(500/1,000) - 2025/05/28 20:34:12
Table '31' 8-max Seat #1 is the button
Seat 1: 4a76c926 (10,000 in chips)
Seat 2: 18872241 (10,000 in chips)
Seat 3: Hero (10,000 in chips)
Seat 4: ff3f0f46 (10,000 in chips)
Seat 5: 88383fd0 (10,000 in chips)
4a76c926: posts the ante 125
ff3f0f46: posts the ante 125
88383fd0: posts the ante 125
18872241: posts the ante 125
Hero: posts the ante 125
18872241: posts small blind 500
Hero: posts big blind 1,000
*** HOLE CARDS ***
Dealt to 4a76c926 
Dealt to 18872241 
Dealt to Hero [4c 5d]
Dealt to ff3f0f46 
Dealt to 88383fd0 
ff3f0f46: folds
88383fd0: folds
4a76c926: raises 8,875 to 9,875
18872241: folds
Hero: folds
Uncalled bet (8,875) returned to 4a76c926
*** SHOWDOWN ***
4a76c926 collected 3,125 from pot
*** SUMMARY ***
Total pot 3,125 | Rake 0 | Jackpot 0 | Bingo 0 | Fortune 0 | Tax 0
Seat 1: 4a76c926 (button) collected (3,125)
Seat 2: 18872241 (small blind) folded before Flop
Seat 3: Hero (big blind) folded before Flop
Seat 4: ff3f0f46 folded before Flop
Seat 5: 88383fd0 folded before Flop


