Poker Hand #TM320643928: Tournament #209334172, 247-M: $30 Saturday Warm-Up [6-Max] Hold'em No Limit - Level15(1,250/2,500) - 2025/05/31 19:41:10
Table '123' 6-max Seat #1 is the button
Seat 1: bfa013b5 (122,486 in chips)
Seat 2: Hero (32,400 in chips)
Seat 3: 192d567d (55,564 in chips)
Seat 4: 833cf8d3 (83,450 in chips)
Seat 5: 79fa39e8 (17,050 in chips)
Seat 6: 90db98e3 (94,109 in chips)
79fa39e8: posts the ante 300
192d567d: posts the ante 300
90db98e3: posts the ante 300
Hero: posts the ante 300
bfa013b5: posts the ante 300
833cf8d3: posts the ante 300
Hero: posts small blind 1,250
192d567d: posts big blind 2,500
*** HOLE CARDS ***
Dealt to bfa013b5 
Dealt to Hero [Tc Qc]
Dealt to 192d567d 
Dealt to 833cf8d3 
Dealt to 79fa39e8 
Dealt to 90db98e3 
833cf8d3: folds
79fa39e8: raises 14,250 to 16,750
90db98e3: folds
bfa013b5: folds
Hero: raises 14,250 to 31,000
192d567d: calls 28,500
*** FLOP *** [4h Ts As]
Hero: bets 1,100
192d567d: calls 1,100
Hero: shows [Tc Qc] (a pair of Tens)
192d567d: shows [Js Ad] (a pair of Aces)
79fa39e8: shows [8d Kd] (Ace high)
*** TURN *** [4h Ts As] [2h]
*** RIVER *** [4h Ts As 2h] [Jc]
*** SHOWDOWN ***
192d567d collected 52,050 from pot
192d567d collected 30,700 from pot
*** SUMMARY ***
Total pot 82,750 | Rake 0 | Jackpot 0 | Bingo 0 | Fortune 0 | Tax 0
Board [4h Ts As 2h Jc]
Seat 1: bfa013b5 (button) folded before Flop
Seat 2: Hero (small blind) showed [Tc Qc] and lost with a pair of Tens
Seat 3: 192d567d (big blind) showed [Js Ad] and won (82,750) with two pair, Aces and Jacks
Seat 4: 833cf8d3 folded before Flop
Seat 5: 79fa39e8 showed [8d Kd] and lost with Ace high
Seat 6: 90db98e3 folded before Flop


Poker Hand #TM320643923: Tournament #209334172, 247-M: $30 Saturday Warm-Up [6-Max] Hold'em No Limit - Level15(1,250/2,500) - 2025/05/31 19:40:58
Table '123' 6-max Seat #6 is the button
Seat 1: bfa013b5 (124,036 in chips)
Seat 2: Hero (29,650 in chips)
Seat 3: 192d567d (55,864 in chips)
Seat 4: 833cf8d3 (83,750 in chips)
Seat 5: 79fa39e8 (17,350 in chips)
Seat 6: 90db98e3 (94,409 in chips)
79fa39e8: posts the ante 300
192d567d: posts the ante 300
90db98e3: posts the ante 300
Hero: posts the ante 300
833cf8d3: posts the ante 300
bfa013b5: posts the ante 300
bfa013b5: posts small blind 1,250
Hero: posts big blind 2,500
*** HOLE CARDS ***
Dealt to bfa013b5 
Dealt to Hero [Jd Qc]
Dealt to 192d567d 
Dealt to 833cf8d3 
Dealt to 79fa39e8 
Dealt to 90db98e3 
192d567d: folds
833cf8d3: folds
79fa39e8: folds
90db98e3: folds
bfa013b5: folds
Uncalled bet (1,250) returned to Hero
*** SHOWDOWN ***
Hero collected 4,300 from pot
*** SUMMARY ***
Total pot 4,300 | Rake 0 | Jackpot 0 | Bingo 0 | Fortune 0 | Tax 0
Seat 1: bfa013b5 (small blind) folded before Flop
Seat 2: Hero (big blind) collected (4,300)
Seat 3: 192d567d folded before Flop
Seat 4: 833cf8d3 folded before Flop
Seat 5: 79fa39e8 folded before Flop
Seat 6: 90db98e3 (button) folded before Flop


Poker Hand #TM320643880: Tournament #209334172, 247-M: $30 Saturday Warm-Up [6-Max] Hold'em No Limit - Level15(1,250/2,500) - 2025/05/31 19:40:03
Table '123' 6-max Seat #5 is the button
Seat 1: bfa013b5 (129,336 in chips)
Seat 2: Hero (29,950 in chips)
Seat 3: 192d567d (48,114 in chips)
Seat 4: 833cf8d3 (84,050 in chips)
Seat 5: 79fa39e8 (17,650 in chips)
Seat 6: 90db98e3 (95,959 in chips)
79fa39e8: posts the ante 300
192d567d: posts the ante 300
90db98e3: posts the ante 300
Hero: posts the ante 300
833cf8d3: posts the ante 300
bfa013b5: posts the ante 300
90db98e3: posts small blind 1,250
bfa013b5: posts big blind 2,500
*** HOLE CARDS ***
Dealt to bfa013b5 
Dealt to Hero [9c Ks]
Dealt to 192d567d 
Dealt to 833cf8d3 
Dealt to 79fa39e8 
Dealt to 90db98e3 
Hero: folds
192d567d: raises 2,500 to 5,000
833cf8d3: folds
79fa39e8: folds
90db98e3: folds
bfa013b5: calls 2,500
*** FLOP *** [5d As 2s]
bfa013b5: checks
192d567d: bets 3,750
bfa013b5: folds
Uncalled bet (3,750) returned to 192d567d
*** SHOWDOWN ***
192d567d collected 13,050 from pot
*** SUMMARY ***
Total pot 13,050 | Rake 0 | Jackpot 0 | Bingo 0 | Fortune 0 | Tax 0
Board [5d As 2s]
Seat 1: bfa013b5 (big blind) folded on the Flop
Seat 2: Hero folded before Flop
Seat 3: 192d567d won (13,050)
Seat 4: 833cf8d3 folded before Flop
Seat 5: 79fa39e8 (button) folded before Flop
Seat 6: 90db98e3 (small blind) folded before Flop


Poker Hand #TM320643859: Tournament #209334172, 247-M: $30 Saturday Warm-Up [6-Max] Hold'em No Limit - Level15(1,250/2,500) - 2025/05/31 19:39:33
Table '123' 6-max Seat #4 is the button
Seat 1: bfa013b5 (129,636 in chips)
Seat 2: Hero (24,700 in chips)
Seat 3: 192d567d (48,414 in chips)
Seat 4: 833cf8d3 (84,350 in chips)
Seat 5: 79fa39e8 (19,200 in chips)
Seat 6: 90db98e3 (98,759 in chips)
192d567d: posts the ante 300
79fa39e8: posts the ante 300
90db98e3: posts the ante 300
Hero: posts the ante 300
833cf8d3: posts the ante 300
bfa013b5: posts the ante 300
79fa39e8: posts small blind 1,250
90db98e3: posts big blind 2,500
*** HOLE CARDS ***
Dealt to bfa013b5 
Dealt to Hero [Ad 6d]
Dealt to 192d567d 
Dealt to 833cf8d3 
Dealt to 79fa39e8 
Dealt to 90db98e3 
bfa013b5: folds
Hero: raises 21,900 to 24,400
192d567d: folds
833cf8d3: folds
79fa39e8: folds
90db98e3: folds
Uncalled bet (21,900) returned to Hero
*** SHOWDOWN ***
Hero collected 8,050 from pot
*** SUMMARY ***
Total pot 8,050 | Rake 0 | Jackpot 0 | Bingo 0 | Fortune 0 | Tax 0
Seat 1: bfa013b5 folded before Flop
Seat 2: Hero collected (8,050)
Seat 3: 192d567d folded before Flop
Seat 4: 833cf8d3 (button) folded before Flop
Seat 5: 79fa39e8 (small blind) folded before Flop
Seat 6: 90db98e3 (big blind) folded before Flop


Poker Hand #TM320643822: Tournament #209334172, 247-M: $30 Saturday Warm-Up [6-Max] Hold'em No Limit - Level15(1,250/2,500) - 2025/05/31 19:38:41
Table '123' 6-max Seat #3 is the button
Seat 1: bfa013b5 (129,936 in chips)
Seat 2: Hero (25,000 in chips)
Seat 3: 192d567d (48,714 in chips)
Seat 4: 833cf8d3 (85,900 in chips)
Seat 5: 79fa39e8 (25,000 in chips)
Seat 6: 90db98e3 (90,509 in chips)
192d567d: posts the ante 300
79fa39e8: posts the ante 300
90db98e3: posts the ante 300
Hero: posts the ante 300
bfa013b5: posts the ante 300
833cf8d3: posts the ante 300
833cf8d3: posts small blind 1,250
79fa39e8: posts big blind 2,500
*** HOLE CARDS ***
Dealt to bfa013b5 
Dealt to Hero [Kh 7c]
Dealt to 192d567d 
Dealt to 833cf8d3 
Dealt to 79fa39e8 
Dealt to 90db98e3 
90db98e3: raises 3,000 to 5,500
bfa013b5: folds
Hero: folds
192d567d: folds
833cf8d3: folds
79fa39e8: calls 3,000
*** FLOP *** [Ah 4d 2h]
79fa39e8: checks
90db98e3: checks
*** TURN *** [Ah 4d 2h] [3d]
79fa39e8: checks
90db98e3: checks
*** RIVER *** [Ah 4d 2h 3d] [8d]
79fa39e8: checks
90db98e3: checks
79fa39e8: shows [6c Jd] (Ace high)
90db98e3: shows [Kc Qc] (Ace high)
*** SHOWDOWN ***
90db98e3 collected 14,050 from pot
*** SUMMARY ***
Total pot 14,050 | Rake 0 | Jackpot 0 | Bingo 0 | Fortune 0 | Tax 0
Board [Ah 4d 2h 3d 8d]
Seat 1: bfa013b5 folded before Flop
Seat 2: Hero folded before Flop
Seat 3: 192d567d (button) folded before Flop
Seat 4: 833cf8d3 (small blind) folded before Flop
Seat 5: 79fa39e8 (big blind) showed [6c Jd] and lost with Ace high
Seat 6: 90db98e3 showed [Kc Qc] and won (14,050) with Ace high


