Poker Hand #TM324120613: Tournament #207800252, The Weekender [Last Chance] Hold'em No Limit - Level9(250/500) - 2025/06/01 19:14:22
Table '17' 8-max Seat #6 is the button
Seat 1: 2e27c619 (47,848 in chips)
Seat 2: 5759a085 (13,723 in chips)
Seat 3: 286dddd3 (16,583 in chips)
Seat 4: 3aced227 (19,873 in chips)
Seat 5: 2141c77b (10,000 in chips)
Seat 6: Hero (8,169 in chips)
Seat 7: 64ff4402 (17,259 in chips)
Seat 8: 233a4a1e (8,680 in chips)
233a4a1e: posts the ante 60
286dddd3: posts the ante 60
2141c77b: posts the ante 60
3aced227: posts the ante 60
2e27c619: posts the ante 60
64ff4402: posts the ante 60
5759a085: posts the ante 60
Hero: posts the ante 60
64ff4402: posts small blind 250
233a4a1e: posts big blind 500
*** HOLE CARDS ***
Dealt to 2e27c619 
Dealt to 5759a085 
Dealt to 286dddd3 
Dealt to 3aced227 
Dealt to 2141c77b 
Dealt to Hero [Qs Ad]
Dealt to 64ff4402 
Dealt to 233a4a1e 
2e27c619: folds
5759a085: folds
286dddd3: raises 500 to 1,000
3aced227: folds
2141c77b: folds
Hero: raises 7,109 to 8,109
64ff4402: folds
233a4a1e: raises 511 to 8,620
286dddd3: folds
Uncalled bet (511) returned to 233a4a1e
233a4a1e: shows [Ts Tc]
Hero: shows [Qs Ad]
*** FLOP *** [7d 4d 6c]
*** TURN *** [7d 4d 6c] [5c]
*** RIVER *** [7d 4d 6c 5c] [6s]
*** SHOWDOWN ***
233a4a1e collected 17,948 from pot
*** SUMMARY ***
Total pot 17,948 | Rake 0 | Jackpot 0 | Bingo 0 | Fortune 0 | Tax 0
Board [7d 4d 6c 5c 6s]
Seat 1: 2e27c619 folded before Flop
Seat 2: 5759a085 folded before Flop
Seat 3: 286dddd3 folded before Flop
Seat 4: 3aced227 folded before Flop
Seat 5: 2141c77b folded before Flop
Seat 6: Hero (button) showed [Qs Ad] and lost with a pair of Sixes
Seat 7: 64ff4402 (small blind) folded before Flop
Seat 8: 233a4a1e (big blind) showed [Ts Tc] and won (17,948) with two pair, Tens and Sixes


Poker Hand #TM324120492: Tournament #207800252, The Weekender [Last Chance] Hold'em No Limit - Level9(250/500) - 2025/06/01 19:13:35
Table '17' 8-max Seat #4 is the button
Seat 1: 2e27c619 (47,908 in chips)
Seat 2: 5759a085 (13,783 in chips)
Seat 3: 286dddd3 (9,386 in chips)
Seat 4: 3aced227 (19,933 in chips)
Seat 5: 284dabea (6,337 in chips)
Seat 6: Hero (8,729 in chips)
Seat 7: 64ff4402 (17,319 in chips)
Seat 8: 233a4a1e (8,740 in chips)
233a4a1e: posts the ante 60
286dddd3: posts the ante 60
284dabea: posts the ante 60
3aced227: posts the ante 60
2e27c619: posts the ante 60
64ff4402: posts the ante 60
5759a085: posts the ante 60
Hero: posts the ante 60
284dabea: posts small blind 250
Hero: posts big blind 500
*** HOLE CARDS ***
Dealt to 2e27c619 
Dealt to 5759a085 
Dealt to 286dddd3 
Dealt to 3aced227 
Dealt to 284dabea 
Dealt to Hero [3s Kd]
Dealt to 64ff4402 
Dealt to 233a4a1e 
64ff4402: folds
233a4a1e: folds
2e27c619: folds
5759a085: folds
286dddd3: raises 500 to 1,000
3aced227: folds
284dabea: raises 5,277 to 6,277
Hero: folds
286dddd3: calls 5,277
284dabea: shows [Jh Th]
286dddd3: shows [Kh Kc]
*** FLOP *** [5s 6d 7c]
*** TURN *** [5s 6d 7c] [Qs]
*** RIVER *** [5s 6d 7c Qs] [4c]
*** SHOWDOWN ***
286dddd3 collected 13,534 from pot
*** SUMMARY ***
Total pot 13,534 | Rake 0 | Jackpot 0 | Bingo 0 | Fortune 0 | Tax 0
Board [5s 6d 7c Qs 4c]
Seat 1: 2e27c619 folded before Flop
Seat 2: 5759a085 folded before Flop
Seat 3: 286dddd3 showed [Kh Kc] and won (13,534) with a pair of Kings
Seat 4: 3aced227 (button) folded before Flop
Seat 5: 284dabea (small blind) showed [Jh Th] and lost with Queen high
Seat 6: Hero (big blind) folded before Flop
Seat 7: 64ff4402 folded before Flop
Seat 8: 233a4a1e folded before Flop


Poker Hand #TM324120324: Tournament #207800252, The Weekender [Last Chance] Hold'em No Limit - Level9(250/500) - 2025/06/01 19:12:32
Table '17' 8-max Seat #3 is the button
Seat 1: 2e27c619 (46,238 in chips)
Seat 2: 5759a085 (13,843 in chips)
Seat 3: 286dddd3 (9,446 in chips)
Seat 4: 3aced227 (20,243 in chips)
Seat 5: 284dabea (7,397 in chips)
Seat 6: Hero (8,789 in chips)
Seat 7: 64ff4402 (17,379 in chips)
Seat 8: 233a4a1e (8,800 in chips)
233a4a1e: posts the ante 60
286dddd3: posts the ante 60
284dabea: posts the ante 60
3aced227: posts the ante 60
2e27c619: posts the ante 60
64ff4402: posts the ante 60
5759a085: posts the ante 60
Hero: posts the ante 60
3aced227: posts small blind 250
284dabea: posts big blind 500
*** HOLE CARDS ***
Dealt to 2e27c619 
Dealt to 5759a085 
Dealt to 286dddd3 
Dealt to 3aced227 
Dealt to 284dabea 
Dealt to Hero [As 7d]
Dealt to 64ff4402 
Dealt to 233a4a1e 
Hero: folds
64ff4402: folds
233a4a1e: folds
2e27c619: raises 500 to 1,000
5759a085: folds
286dddd3: folds
3aced227: folds
284dabea: calls 500
*** FLOP *** [5h Jh Th]
284dabea: checks
2e27c619: checks
*** TURN *** [5h Jh Th] [2c]
284dabea: checks
2e27c619: bets 1,502
284dabea: folds
Uncalled bet (1,502) returned to 2e27c619
*** SHOWDOWN ***
2e27c619 collected 2,730 from pot
*** SUMMARY ***
Total pot 2,730 | Rake 0 | Jackpot 0 | Bingo 0 | Fortune 0 | Tax 0
Board [5h Jh Th 2c]
Seat 1: 2e27c619 won (2,730)
Seat 2: 5759a085 folded before Flop
Seat 3: 286dddd3 (button) folded before Flop
Seat 4: 3aced227 (small blind) folded before Flop
Seat 5: 284dabea (big blind) folded on the Turn
Seat 6: Hero folded before Flop
Seat 7: 64ff4402 folded before Flop
Seat 8: 233a4a1e folded before Flop


Poker Hand #TM324119984: Tournament #207800252, The Weekender [Last Chance] Hold'em No Limit - Level8(200/400) - 2025/06/01 19:10:20
Table '17' 8-max Seat #1 is the button
Seat 1: 2e27c619 (46,288 in chips)
Seat 3: 286dddd3 (9,696 in chips)
Seat 4: 3aced227 (16,943 in chips)
Seat 5: 284dabea (10,247 in chips)
Seat 6: Hero (8,839 in chips)
Seat 7: 64ff4402 (17,429 in chips)
Seat 8: 233a4a1e (8,850 in chips)
233a4a1e: posts the ante 50
284dabea: posts the ante 50
286dddd3: posts the ante 50
3aced227: posts the ante 50
2e27c619: posts the ante 50
64ff4402: posts the ante 50
Hero: posts the ante 50
286dddd3: posts small blind 200
3aced227: posts big blind 400
*** HOLE CARDS ***
Dealt to 2e27c619 
Dealt to 286dddd3 
Dealt to 3aced227 
Dealt to 284dabea 
Dealt to Hero [5c Ac]
Dealt to 64ff4402 
Dealt to 233a4a1e 
284dabea: raises 400 to 800
Hero: folds
64ff4402: folds
233a4a1e: folds
2e27c619: folds
286dddd3: folds
3aced227: calls 400
*** FLOP *** [Js Ts Tc]
3aced227: checks
284dabea: bets 600
3aced227: raises 1,400 to 2,000
284dabea: calls 1,400
*** TURN *** [Js Ts Tc] [2c]
3aced227: checks
284dabea: checks
*** RIVER *** [Js Ts Tc 2c] [3d]
3aced227: checks
284dabea: checks
3aced227: shows [Jc 8c] (two pair, Jacks and Tens)
284dabea: shows [9s 9h] (two pair, Tens and Nines)
*** SHOWDOWN ***
3aced227 collected 6,150 from pot
*** SUMMARY ***
Total pot 6,150 | Rake 0 | Jackpot 0 | Bingo 0 | Fortune 0 | Tax 0
Board [Js Ts Tc 2c 3d]
Seat 1: 2e27c619 (button) folded before Flop
Seat 3: 286dddd3 (small blind) folded before Flop
Seat 4: 3aced227 (big blind) showed [Jc 8c] and won (6,150) with two pair, Jacks and Tens
Seat 5: 284dabea showed [9s 9h] and lost with two pair, Tens and Nines
Seat 6: Hero folded before Flop
Seat 7: 64ff4402 folded before Flop
Seat 8: 233a4a1e folded before Flop


Poker Hand #TM324119800: Tournament #207800252, The Weekender [Last Chance] Hold'em No Limit - Level8(200/400) - 2025/06/01 19:09:10
Table '17' 8-max Seat #8 is the button
Seat 1: 2e27c619 (35,360 in chips)
Seat 2: f11d42fe (9,028 in chips)
Seat 3: 286dddd3 (9,746 in chips)
Seat 4: 3aced227 (17,793 in chips)
Seat 5: 284dabea (10,297 in chips)
Seat 6: Hero (8,889 in chips)
Seat 7: 64ff4402 (17,479 in chips)
Seat 8: 233a4a1e (9,700 in chips)
233a4a1e: posts the ante 50
284dabea: posts the ante 50
286dddd3: posts the ante 50
3aced227: posts the ante 50
f11d42fe: posts the ante 50
2e27c619: posts the ante 50
64ff4402: posts the ante 50
Hero: posts the ante 50
2e27c619: posts small blind 200
f11d42fe: posts big blind 400
*** HOLE CARDS ***
Dealt to 2e27c619 
Dealt to f11d42fe 
Dealt to 286dddd3 
Dealt to 3aced227 
Dealt to 284dabea 
Dealt to Hero [9d Ts]
Dealt to 64ff4402 
Dealt to 233a4a1e 
286dddd3: folds
3aced227: raises 400 to 800
284dabea: folds
Hero: folds
64ff4402: folds
233a4a1e: calls 800
2e27c619: raises 3,200 to 4,000
f11d42fe: raises 4,978 to 8,978
3aced227: folds
233a4a1e: folds
2e27c619: calls 4,978
f11d42fe: shows [6d 6s]
2e27c619: shows [Ad Kc]
*** FLOP *** [Qc 3d 5s]
*** TURN *** [Qc 3d 5s] [Ah]
*** RIVER *** [Qc 3d 5s Ah] [Ac]
*** SHOWDOWN ***
2e27c619 collected 19,956 from pot
*** SUMMARY ***
Total pot 19,956 | Rake 0 | Jackpot 0 | Bingo 0 | Fortune 0 | Tax 0
Board [Qc 3d 5s Ah Ac]
Seat 1: 2e27c619 (small blind) showed [Ad Kc] and won (19,956) with three of a kind, Aces
Seat 2: f11d42fe (big blind) showed [6d 6s] and lost with two pair, Aces and Sixes
Seat 3: 286dddd3 folded before Flop
Seat 4: 3aced227 folded before Flop
Seat 5: 284dabea folded before Flop
Seat 6: Hero folded before Flop
Seat 7: 64ff4402 folded before Flop
Seat 8: 233a4a1e (button) folded before Flop


Poker Hand #TM324119620: Tournament #207800252, The Weekender [Last Chance] Hold'em No Limit - Level8(200/400) - 2025/06/01 19:08:04
Table '17' 8-max Seat #7 is the button
Seat 1: 2e27c619 (35,810 in chips)
Seat 2: f11d42fe (9,878 in chips)
Seat 3: 286dddd3 (9,796 in chips)
Seat 4: 3aced227 (20,643 in chips)
Seat 5: 284dabea (10,347 in chips)
Seat 6: Hero (8,939 in chips)
Seat 7: 64ff4402 (12,329 in chips)
Seat 8: 233a4a1e (10,550 in chips)
233a4a1e: posts the ante 50
284dabea: posts the ante 50
286dddd3: posts the ante 50
3aced227: posts the ante 50
f11d42fe: posts the ante 50
2e27c619: posts the ante 50
64ff4402: posts the ante 50
Hero: posts the ante 50
233a4a1e: posts small blind 200
2e27c619: posts big blind 400
*** HOLE CARDS ***
Dealt to 2e27c619 
Dealt to f11d42fe 
Dealt to 286dddd3 
Dealt to 3aced227 
Dealt to 284dabea 
Dealt to Hero [5d 9s]
Dealt to 64ff4402 
Dealt to 233a4a1e 
f11d42fe: raises 400 to 800
286dddd3: folds
3aced227: calls 800
284dabea: folds
Hero: folds
64ff4402: calls 800
233a4a1e: calls 600
2e27c619: folds
*** FLOP *** [4d 3d 6h]
233a4a1e: checks
f11d42fe: checks
3aced227: bets 2,000
64ff4402: raises 6,000 to 8,000
233a4a1e: folds
f11d42fe: folds
3aced227: folds
Uncalled bet (6,000) returned to 64ff4402
*** SHOWDOWN ***
64ff4402 collected 8,000 from pot
*** SUMMARY ***
Total pot 8,000 | Rake 0 | Jackpot 0 | Bingo 0 | Fortune 0 | Tax 0
Board [4d 3d 6h]
Seat 1: 2e27c619 (big blind) folded before Flop
Seat 2: f11d42fe folded on the Flop
Seat 3: 286dddd3 folded before Flop
Seat 4: 3aced227 folded on the Flop
Seat 5: 284dabea folded before Flop
Seat 6: Hero folded before Flop
Seat 7: 64ff4402 (button) won (8,000)
Seat 8: 233a4a1e (small blind) folded on the Flop


Poker Hand #TM324119544: Tournament #207800252, The Weekender [Last Chance] Hold'em No Limit - Level8(200/400) - 2025/06/01 19:07:35
Table '17' 8-max Seat #6 is the button
Seat 1: 2e27c619 (35,860 in chips)
Seat 2: f11d42fe (9,928 in chips)
Seat 3: 286dddd3 (9,846 in chips)
Seat 4: 3aced227 (20,693 in chips)
Seat 5: 284dabea (10,397 in chips)
Seat 6: Hero (8,989 in chips)
Seat 7: 64ff4402 (12,579 in chips)
Seat 8: 233a4a1e (10,000 in chips)
233a4a1e: posts the ante 50
284dabea: posts the ante 50
286dddd3: posts the ante 50
3aced227: posts the ante 50
f11d42fe: posts the ante 50
2e27c619: posts the ante 50
64ff4402: posts the ante 50
Hero: posts the ante 50
64ff4402: posts small blind 200
233a4a1e: posts big blind 400
*** HOLE CARDS ***
Dealt to 2e27c619 
Dealt to f11d42fe 
Dealt to 286dddd3 
Dealt to 3aced227 
Dealt to 284dabea 
Dealt to Hero [7d Qh]
Dealt to 64ff4402 
Dealt to 233a4a1e 
2e27c619: folds
f11d42fe: folds
286dddd3: folds
3aced227: folds
284dabea: folds
Hero: folds
64ff4402: folds
Uncalled bet (200) returned to 233a4a1e
*** SHOWDOWN ***
233a4a1e collected 800 from pot
*** SUMMARY ***
Total pot 800 | Rake 0 | Jackpot 0 | Bingo 0 | Fortune 0 | Tax 0
Seat 1: 2e27c619 folded before Flop
Seat 2: f11d42fe folded before Flop
Seat 3: 286dddd3 folded before Flop
Seat 4: 3aced227 folded before Flop
Seat 5: 284dabea folded before Flop
Seat 6: Hero (button) folded before Flop
Seat 7: 64ff4402 (small blind) folded before Flop
Seat 8: 233a4a1e (big blind) collected (800)


Poker Hand #TM324119435: Tournament #207800252, The Weekender [Last Chance] Hold'em No Limit - Level8(200/400) - 2025/06/01 19:06:55
Table '17' 8-max Seat #5 is the button
Seat 1: 2e27c619 (35,910 in chips)
Seat 2: f11d42fe (9,978 in chips)
Seat 3: 286dddd3 (9,896 in chips)
Seat 4: 3aced227 (20,743 in chips)
Seat 5: 284dabea (11,247 in chips)
Seat 6: Hero (9,239 in chips)
Seat 7: 64ff4402 (11,279 in chips)
284dabea: posts the ante 50
286dddd3: posts the ante 50
3aced227: posts the ante 50
f11d42fe: posts the ante 50
2e27c619: posts the ante 50
64ff4402: posts the ante 50
Hero: posts the ante 50
Hero: posts small blind 200
64ff4402: posts big blind 400
*** HOLE CARDS ***
Dealt to 2e27c619 
Dealt to f11d42fe 
Dealt to 286dddd3 
Dealt to 3aced227 
Dealt to 284dabea 
Dealt to Hero [3s Kd]
Dealt to 64ff4402 
2e27c619: folds
f11d42fe: folds
286dddd3: folds
3aced227: folds
284dabea: raises 400 to 800
Hero: folds
64ff4402: raises 10,429 to 11,229
284dabea: folds
Uncalled bet (10,429) returned to 64ff4402
*** SHOWDOWN ***
64ff4402 collected 2,150 from pot
*** SUMMARY ***
Total pot 2,150 | Rake 0 | Jackpot 0 | Bingo 0 | Fortune 0 | Tax 0
Seat 1: 2e27c619 folded before Flop
Seat 2: f11d42fe folded before Flop
Seat 3: 286dddd3 folded before Flop
Seat 4: 3aced227 folded before Flop
Seat 5: 284dabea (button) folded before Flop
Seat 6: Hero (small blind) folded before Flop
Seat 7: 64ff4402 (big blind) collected (2,150)


Poker Hand #TM324119287: Tournament #207800252, The Weekender [Last Chance] Hold'em No Limit - Level8(200/400) - 2025/06/01 19:05:57
Table '17' 8-max Seat #4 is the button
Seat 1: 2e27c619 (35,960 in chips)
Seat 2: f11d42fe (10,028 in chips)
Seat 3: 286dddd3 (4,609 in chips)
Seat 4: 3aced227 (20,793 in chips)
Seat 5: 284dabea (11,497 in chips)
Seat 6: Hero (9,689 in chips)
Seat 7: 64ff4402 (11,329 in chips)
Seat 8: dd7a291b (4,387 in chips)
dd7a291b: posts the ante 50
286dddd3: posts the ante 50
284dabea: posts the ante 50
3aced227: posts the ante 50
f11d42fe: posts the ante 50
2e27c619: posts the ante 50
64ff4402: posts the ante 50
Hero: posts the ante 50
284dabea: posts small blind 200
Hero: posts big blind 400
*** HOLE CARDS ***
Dealt to 2e27c619 
Dealt to f11d42fe 
Dealt to 286dddd3 
Dealt to 3aced227 
Dealt to 284dabea 
Dealt to Hero [2d Js]
Dealt to 64ff4402 
Dealt to dd7a291b 
64ff4402: folds
dd7a291b: raises 3,937 to 4,337
2e27c619: folds
f11d42fe: folds
286dddd3: raises 222 to 4,559
3aced227: folds
284dabea: folds
Hero: folds
Uncalled bet (222) returned to 286dddd3
286dddd3: shows [9c 9h]
dd7a291b: shows [Ah Jh]
*** FLOP *** [3c 4d 4s]
*** TURN *** [3c 4d 4s] [Kd]
*** RIVER *** [3c 4d 4s Kd] [9s]
*** SHOWDOWN ***
286dddd3 collected 9,674 from pot
*** SUMMARY ***
Total pot 9,674 | Rake 0 | Jackpot 0 | Bingo 0 | Fortune 0 | Tax 0
Board [3c 4d 4s Kd 9s]
Seat 1: 2e27c619 folded before Flop
Seat 2: f11d42fe folded before Flop
Seat 3: 286dddd3 showed [9c 9h] and won (9,674) with a full house, Nines full of Fours
Seat 4: 3aced227 (button) folded before Flop
Seat 5: 284dabea (small blind) folded before Flop
Seat 6: Hero (big blind) folded before Flop
Seat 7: 64ff4402 folded before Flop
Seat 8: dd7a291b showed [Ah Jh] and lost with a pair of Fours


Poker Hand #TM324119202: Tournament #207800252, The Weekender [Last Chance] Hold'em No Limit - Level8(200/400) - 2025/06/01 19:05:27
Table '17' 8-max Seat #3 is the button
Seat 1: 2e27c619 (35,010 in chips)
Seat 2: f11d42fe (10,078 in chips)
Seat 3: 286dddd3 (4,659 in chips)
Seat 4: 3aced227 (21,043 in chips)
Seat 5: 284dabea (11,947 in chips)
Seat 6: Hero (9,739 in chips)
Seat 7: 64ff4402 (11,379 in chips)
Seat 8: dd7a291b (4,437 in chips)
dd7a291b: posts the ante 50
286dddd3: posts the ante 50
284dabea: posts the ante 50
3aced227: posts the ante 50
f11d42fe: posts the ante 50
2e27c619: posts the ante 50
64ff4402: posts the ante 50
Hero: posts the ante 50
3aced227: posts small blind 200
284dabea: posts big blind 400
*** HOLE CARDS ***
Dealt to 2e27c619 
Dealt to f11d42fe 
Dealt to 286dddd3 
Dealt to 3aced227 
Dealt to 284dabea 
Dealt to Hero [3h 7s]
Dealt to 64ff4402 
Dealt to dd7a291b 
Hero: folds
64ff4402: folds
dd7a291b: folds
2e27c619: raises 400 to 800
f11d42fe: folds
286dddd3: folds
3aced227: folds
284dabea: folds
Uncalled bet (400) returned to 2e27c619
*** SHOWDOWN ***
2e27c619 collected 1,400 from pot
*** SUMMARY ***
Total pot 1,400 | Rake 0 | Jackpot 0 | Bingo 0 | Fortune 0 | Tax 0
Seat 1: 2e27c619 collected (1,400)
Seat 2: f11d42fe folded before Flop
Seat 3: 286dddd3 (button) folded before Flop
Seat 4: 3aced227 (small blind) folded before Flop
Seat 5: 284dabea (big blind) folded before Flop
Seat 6: Hero folded before Flop
Seat 7: 64ff4402 folded before Flop
Seat 8: dd7a291b folded before Flop


Poker Hand #TM324118949: Tournament #207800252, The Weekender [Last Chance] Hold'em No Limit - Level8(200/400) - 2025/06/01 19:03:48
Table '17' 8-max Seat #2 is the button
Seat 1: 2e27c619 (35,060 in chips)
Seat 2: f11d42fe (10,128 in chips)
Seat 3: 286dddd3 (4,909 in chips)
Seat 4: 3aced227 (23,732 in chips)
Seat 5: 284dabea (11,997 in chips)
Seat 6: Hero (6,550 in chips)
Seat 7: 64ff4402 (11,429 in chips)
Seat 8: dd7a291b (4,487 in chips)
dd7a291b: posts the ante 50
284dabea: posts the ante 50
286dddd3: posts the ante 50
3aced227: posts the ante 50
f11d42fe: posts the ante 50
2e27c619: posts the ante 50
64ff4402: posts the ante 50
Hero: posts the ante 50
286dddd3: posts small blind 200
3aced227: posts big blind 400
*** HOLE CARDS ***
Dealt to 2e27c619 
Dealt to f11d42fe 
Dealt to 286dddd3 
Dealt to 3aced227 
Dealt to 284dabea 
Dealt to Hero [Ac Qs]
Dealt to 64ff4402 
Dealt to dd7a291b 
284dabea: folds
Hero: raises 400 to 800
64ff4402: folds
dd7a291b: folds
2e27c619: folds
f11d42fe: folds
286dddd3: folds
3aced227: calls 400
*** FLOP *** [Tc Qc 7c]
3aced227: checks
Hero: bets 550
3aced227: calls 550
*** TURN *** [Tc Qc 7c] [Kd]
3aced227: checks
Hero: bets 1,289
3aced227: calls 1,289
*** RIVER *** [Tc Qc 7c Kd] [6d]
3aced227: checks
Hero: checks
3aced227: shows [Jh Th] (a pair of Tens)
Hero: shows [Ac Qs] (a pair of Queens)
*** SHOWDOWN ***
Hero collected 5,878 from pot
*** SUMMARY ***
Total pot 5,878 | Rake 0 | Jackpot 0 | Bingo 0 | Fortune 0 | Tax 0
Board [Tc Qc 7c Kd 6d]
Seat 1: 2e27c619 folded before Flop
Seat 2: f11d42fe (button) folded before Flop
Seat 3: 286dddd3 (small blind) folded before Flop
Seat 4: 3aced227 (big blind) showed [Jh Th] and lost with a pair of Tens
Seat 5: 284dabea folded before Flop
Seat 6: Hero showed [Ac Qs] and won (5,878) with a pair of Queens
Seat 7: 64ff4402 folded before Flop
Seat 8: dd7a291b folded before Flop


Poker Hand #TM324118852: Tournament #207800252, The Weekender [Last Chance] Hold'em No Limit - Level7(175/350) - 2025/06/01 19:02:47
Table '17' 8-max Seat #1 is the button
Seat 1: 2e27c619 (33,170 in chips)
Seat 2: f11d42fe (10,348 in chips)
Seat 3: 286dddd3 (5,654 in chips)
Seat 4: 3aced227 (24,477 in chips)
Seat 5: 284dabea (12,042 in chips)
Seat 6: Hero (6,595 in chips)
Seat 7: 64ff4402 (11,474 in chips)
Seat 8: dd7a291b (4,532 in chips)
dd7a291b: posts the ante 45
284dabea: posts the ante 45
286dddd3: posts the ante 45
3aced227: posts the ante 45
2e27c619: posts the ante 45
f11d42fe: posts the ante 45
64ff4402: posts the ante 45
Hero: posts the ante 45
f11d42fe: posts small blind 175
286dddd3: posts big blind 350
*** HOLE CARDS ***
Dealt to 2e27c619 
Dealt to f11d42fe 
Dealt to 286dddd3 
Dealt to 3aced227 
Dealt to 284dabea 
Dealt to Hero [3s Ks]
Dealt to 64ff4402 
Dealt to dd7a291b 
3aced227: raises 350 to 700
284dabea: folds
Hero: folds
64ff4402: folds
dd7a291b: folds
2e27c619: calls 700
f11d42fe: folds
286dddd3: calls 350
*** FLOP *** [4s 3d 7s]
286dddd3: checks
3aced227: checks
2e27c619: bets 1,450
286dddd3: folds
3aced227: folds
Uncalled bet (1,450) returned to 2e27c619
*** SHOWDOWN ***
2e27c619 collected 2,635 from pot
*** SUMMARY ***
Total pot 2,635 | Rake 0 | Jackpot 0 | Bingo 0 | Fortune 0 | Tax 0
Board [4s 3d 7s]
Seat 1: 2e27c619 (button) won (2,635)
Seat 2: f11d42fe (small blind) folded before Flop
Seat 3: 286dddd3 (big blind) folded on the Flop
Seat 4: 3aced227 folded on the Flop
Seat 5: 284dabea folded before Flop
Seat 6: Hero folded before Flop
Seat 7: 64ff4402 folded before Flop
Seat 8: dd7a291b folded before Flop


Poker Hand #TM324118708: Tournament #207800252, The Weekender [Last Chance] Hold'em No Limit - Level7(175/350) - 2025/06/01 19:01:53
Table '17' 8-max Seat #8 is the button
Seat 1: 2e27c619 (33,390 in chips)
Seat 2: f11d42fe (11,093 in chips)
Seat 3: 286dddd3 (5,699 in chips)
Seat 4: 3aced227 (24,522 in chips)
Seat 5: 284dabea (12,087 in chips)
Seat 6: Hero (6,640 in chips)
Seat 7: 64ff4402 (10,284 in chips)
Seat 8: dd7a291b (4,577 in chips)
dd7a291b: posts the ante 45
284dabea: posts the ante 45
286dddd3: posts the ante 45
3aced227: posts the ante 45
f11d42fe: posts the ante 45
2e27c619: posts the ante 45
64ff4402: posts the ante 45
Hero: posts the ante 45
2e27c619: posts small blind 175
f11d42fe: posts big blind 350
*** HOLE CARDS ***
Dealt to 2e27c619 
Dealt to f11d42fe 
Dealt to 286dddd3 
Dealt to 3aced227 
Dealt to 284dabea 
Dealt to Hero [7s 9c]
Dealt to 64ff4402 
Dealt to dd7a291b 
286dddd3: folds
3aced227: folds
284dabea: folds
Hero: folds
64ff4402: raises 350 to 700
dd7a291b: folds
2e27c619: folds
f11d42fe: calls 350
*** FLOP *** [Kh Ac Kd]
f11d42fe: checks
64ff4402: bets 490
f11d42fe: folds
Uncalled bet (490) returned to 64ff4402
*** SHOWDOWN ***
64ff4402 collected 1,935 from pot
*** SUMMARY ***
Total pot 1,935 | Rake 0 | Jackpot 0 | Bingo 0 | Fortune 0 | Tax 0
Board [Kh Ac Kd]
Seat 1: 2e27c619 (small blind) folded before Flop
Seat 2: f11d42fe (big blind) folded on the Flop
Seat 3: 286dddd3 folded before Flop
Seat 4: 3aced227 folded before Flop
Seat 5: 284dabea folded before Flop
Seat 6: Hero folded before Flop
Seat 7: 64ff4402 won (1,935)
Seat 8: dd7a291b (button) folded before Flop


Poker Hand #TM324118550: Tournament #207800252, The Weekender [Last Chance] Hold'em No Limit - Level7(175/350) - 2025/06/01 18:54:08
Table '17' 8-max Seat #7 is the button
Seat 1: 2e27c619 (33,785 in chips)
Seat 2: f11d42fe (11,138 in chips)
Seat 3: 286dddd3 (5,744 in chips)
Seat 4: 3aced227 (24,567 in chips)
Seat 5: 284dabea (11,247 in chips)
Seat 6: Hero (6,685 in chips)
Seat 7: 64ff4402 (10,329 in chips)
Seat 8: dd7a291b (4,797 in chips)
dd7a291b: posts the ante 45
284dabea: posts the ante 45
286dddd3: posts the ante 45
3aced227: posts the ante 45
f11d42fe: posts the ante 45
2e27c619: posts the ante 45
64ff4402: posts the ante 45
Hero: posts the ante 45
dd7a291b: posts small blind 175
2e27c619: posts big blind 350
*** HOLE CARDS ***
Dealt to 2e27c619 
Dealt to f11d42fe 
Dealt to 286dddd3 
Dealt to 3aced227 
Dealt to 284dabea 
Dealt to Hero [3h 3c]
Dealt to 64ff4402 
Dealt to dd7a291b 
f11d42fe: folds
286dddd3: folds
3aced227: folds
284dabea: raises 350 to 700
Hero: folds
64ff4402: folds
dd7a291b: folds
2e27c619: folds
Uncalled bet (350) returned to 284dabea
*** SHOWDOWN ***
284dabea collected 1,235 from pot
*** SUMMARY ***
Total pot 1,235 | Rake 0 | Jackpot 0 | Bingo 0 | Fortune 0 | Tax 0
Seat 1: 2e27c619 (big blind) folded before Flop
Seat 2: f11d42fe folded before Flop
Seat 3: 286dddd3 folded before Flop
Seat 4: 3aced227 folded before Flop
Seat 5: 284dabea collected (1,235)
Seat 6: Hero folded before Flop
Seat 7: 64ff4402 (button) folded before Flop
Seat 8: dd7a291b (small blind) folded before Flop


Poker Hand #TM324118458: Tournament #207800252, The Weekender [Last Chance] Hold'em No Limit - Level7(175/350) - 2025/06/01 18:53:30
Table '17' 8-max Seat #6 is the button
Seat 1: 2e27c619 (33,830 in chips)
Seat 2: f11d42fe (11,183 in chips)
Seat 3: 286dddd3 (5,789 in chips)
Seat 4: 3aced227 (25,382 in chips)
Seat 5: 284dabea (9,637 in chips)
Seat 6: Hero (6,730 in chips)
Seat 7: 64ff4402 (10,549 in chips)
Seat 8: dd7a291b (5,192 in chips)
dd7a291b: posts the ante 45
284dabea: posts the ante 45
286dddd3: posts the ante 45
3aced227: posts the ante 45
f11d42fe: posts the ante 45
2e27c619: posts the ante 45
64ff4402: posts the ante 45
Hero: posts the ante 45
64ff4402: posts small blind 175
dd7a291b: posts big blind 350
*** HOLE CARDS ***
Dealt to 2e27c619 
Dealt to f11d42fe 
Dealt to 286dddd3 
Dealt to 3aced227 
Dealt to 284dabea 
Dealt to Hero [5d Ac]
Dealt to 64ff4402 
Dealt to dd7a291b 
2e27c619: folds
f11d42fe: folds
286dddd3: folds
3aced227: raises 420 to 770
284dabea: raises 970 to 1,740
Hero: folds
64ff4402: folds
dd7a291b: folds
3aced227: folds
Uncalled bet (970) returned to 284dabea
*** SHOWDOWN ***
284dabea collected 2,425 from pot
*** SUMMARY ***
Total pot 2,425 | Rake 0 | Jackpot 0 | Bingo 0 | Fortune 0 | Tax 0
Seat 1: 2e27c619 folded before Flop
Seat 2: f11d42fe folded before Flop
Seat 3: 286dddd3 folded before Flop
Seat 4: 3aced227 folded before Flop
Seat 5: 284dabea collected (2,425)
Seat 6: Hero (button) folded before Flop
Seat 7: 64ff4402 (small blind) folded before Flop
Seat 8: dd7a291b (big blind) folded before Flop


Poker Hand #TM324118323: Tournament #207800252, The Weekender [Last Chance] Hold'em No Limit - Level7(175/350) - 2025/06/01 18:52:33
Table '17' 8-max Seat #5 is the button
Seat 1: 2e27c619 (33,875 in chips)
Seat 2: f11d42fe (11,228 in chips)
Seat 3: 286dddd3 (5,834 in chips)
Seat 4: 3aced227 (26,197 in chips)
Seat 5: 284dabea (10,452 in chips)
Seat 6: Hero (6,950 in chips)
Seat 7: 64ff4402 (8,519 in chips)
Seat 8: dd7a291b (5,237 in chips)
dd7a291b: posts the ante 45
284dabea: posts the ante 45
286dddd3: posts the ante 45
3aced227: posts the ante 45
f11d42fe: posts the ante 45
2e27c619: posts the ante 45
64ff4402: posts the ante 45
Hero: posts the ante 45
Hero: posts small blind 175
64ff4402: posts big blind 350
*** HOLE CARDS ***
Dealt to 2e27c619 
Dealt to f11d42fe 
Dealt to 286dddd3 
Dealt to 3aced227 
Dealt to 284dabea 
Dealt to Hero [6c Td]
Dealt to 64ff4402 
Dealt to dd7a291b 
dd7a291b: folds
2e27c619: folds
f11d42fe: folds
286dddd3: folds
3aced227: raises 420 to 770
284dabea: calls 770
Hero: folds
64ff4402: raises 7,704 to 8,474
3aced227: folds
284dabea: folds
Uncalled bet (7,704) returned to 64ff4402
*** SHOWDOWN ***
64ff4402 collected 2,845 from pot
*** SUMMARY ***
Total pot 2,845 | Rake 0 | Jackpot 0 | Bingo 0 | Fortune 0 | Tax 0
Seat 1: 2e27c619 folded before Flop
Seat 2: f11d42fe folded before Flop
Seat 3: 286dddd3 folded before Flop
Seat 4: 3aced227 folded before Flop
Seat 5: 284dabea (button) folded before Flop
Seat 6: Hero (small blind) folded before Flop
Seat 7: 64ff4402 (big blind) collected (2,845)
Seat 8: dd7a291b folded before Flop


Poker Hand #TM324118144: Tournament #207800252, The Weekender [Last Chance] Hold'em No Limit - Level7(175/350) - 2025/06/01 18:51:15
Table '17' 8-max Seat #4 is the button
Seat 1: 2e27c619 (33,920 in chips)
Seat 2: f11d42fe (11,273 in chips)
Seat 3: 286dddd3 (5,879 in chips)
Seat 4: 3aced227 (22,837 in chips)
Seat 5: 284dabea (10,672 in chips)
Seat 6: Hero (9,865 in chips)
Seat 7: 64ff4402 (8,564 in chips)
Seat 8: dd7a291b (5,282 in chips)
dd7a291b: posts the ante 45
286dddd3: posts the ante 45
284dabea: posts the ante 45
3aced227: posts the ante 45
f11d42fe: posts the ante 45
2e27c619: posts the ante 45
64ff4402: posts the ante 45
Hero: posts the ante 45
284dabea: posts small blind 175
Hero: posts big blind 350
*** HOLE CARDS ***
Dealt to 2e27c619 
Dealt to f11d42fe 
Dealt to 286dddd3 
Dealt to 3aced227 
Dealt to 284dabea 
Dealt to Hero [Ks 9d]
Dealt to 64ff4402 
Dealt to dd7a291b 
64ff4402: folds
dd7a291b: folds
2e27c619: folds
f11d42fe: folds
286dddd3: folds
3aced227: raises 420 to 770
284dabea: folds
Hero: calls 420
*** FLOP *** [7s 7d Jh]
Hero: checks
3aced227: checks
*** TURN *** [7s 7d Jh] [8h]
Hero: bets 2,100
3aced227: calls 2,100
*** RIVER *** [7s 7d Jh 8h] [Js]
Hero: checks
3aced227: bets 1,569
Hero: folds
Uncalled bet (1,569) returned to 3aced227
*** SHOWDOWN ***
3aced227 collected 6,275 from pot
*** SUMMARY ***
Total pot 6,275 | Rake 0 | Jackpot 0 | Bingo 0 | Fortune 0 | Tax 0
Board [7s 7d Jh 8h Js]
Seat 1: 2e27c619 folded before Flop
Seat 2: f11d42fe folded before Flop
Seat 3: 286dddd3 folded before Flop
Seat 4: 3aced227 (button) won (6,275)
Seat 5: 284dabea (small blind) folded before Flop
Seat 6: Hero (big blind) folded on the River
Seat 7: 64ff4402 folded before Flop
Seat 8: dd7a291b folded before Flop


Poker Hand #TM324118051: Tournament #207800252, The Weekender [Last Chance] Hold'em No Limit - Level7(175/350) - 2025/06/01 18:50:35
Table '17' 8-max Seat #3 is the button
Seat 1: 2e27c619 (33,965 in chips)
Seat 2: f11d42fe (11,318 in chips)
Seat 3: 286dddd3 (5,039 in chips)
Seat 4: 3aced227 (23,057 in chips)
Seat 5: 284dabea (11,067 in chips)
Seat 6: Hero (9,910 in chips)
Seat 7: 64ff4402 (8,609 in chips)
Seat 8: dd7a291b (5,327 in chips)
dd7a291b: posts the ante 45
286dddd3: posts the ante 45
284dabea: posts the ante 45
3aced227: posts the ante 45
f11d42fe: posts the ante 45
2e27c619: posts the ante 45
64ff4402: posts the ante 45
Hero: posts the ante 45
3aced227: posts small blind 175
284dabea: posts big blind 350
*** HOLE CARDS ***
Dealt to 2e27c619 
Dealt to f11d42fe 
Dealt to 286dddd3 
Dealt to 3aced227 
Dealt to 284dabea 
Dealt to Hero [Kh 4s]
Dealt to 64ff4402 
Dealt to dd7a291b 
Hero: folds
64ff4402: folds
dd7a291b: folds
2e27c619: folds
f11d42fe: folds
286dddd3: raises 4,644 to 4,994
3aced227: folds
284dabea: folds
Uncalled bet (4,644) returned to 286dddd3
*** SHOWDOWN ***
286dddd3 collected 1,235 from pot
*** SUMMARY ***
Total pot 1,235 | Rake 0 | Jackpot 0 | Bingo 0 | Fortune 0 | Tax 0
Seat 1: 2e27c619 folded before Flop
Seat 2: f11d42fe folded before Flop
Seat 3: 286dddd3 (button) collected (1,235)
Seat 4: 3aced227 (small blind) folded before Flop
Seat 5: 284dabea (big blind) folded before Flop
Seat 6: Hero folded before Flop
Seat 7: 64ff4402 folded before Flop
Seat 8: dd7a291b folded before Flop


Poker Hand #TM324117956: Tournament #207800252, The Weekender [Last Chance] Hold'em No Limit - Level7(175/350) - 2025/06/01 18:49:59
Table '17' 8-max Seat #2 is the button
Seat 1: 2e27c619 (33,125 in chips)
Seat 2: f11d42fe (11,363 in chips)
Seat 3: 286dddd3 (5,259 in chips)
Seat 4: 3aced227 (23,452 in chips)
Seat 5: 284dabea (11,112 in chips)
Seat 6: Hero (9,955 in chips)
Seat 7: 64ff4402 (8,654 in chips)
Seat 8: dd7a291b (5,372 in chips)
dd7a291b: posts the ante 45
284dabea: posts the ante 45
286dddd3: posts the ante 45
3aced227: posts the ante 45
f11d42fe: posts the ante 45
2e27c619: posts the ante 45
64ff4402: posts the ante 45
Hero: posts the ante 45
286dddd3: posts small blind 175
3aced227: posts big blind 350
*** HOLE CARDS ***
Dealt to 2e27c619 
Dealt to f11d42fe 
Dealt to 286dddd3 
Dealt to 3aced227 
Dealt to 284dabea 
Dealt to Hero [Th 5h]
Dealt to 64ff4402 
Dealt to dd7a291b 
284dabea: folds
Hero: folds
64ff4402: folds
dd7a291b: folds
2e27c619: raises 350 to 700
f11d42fe: folds
286dddd3: folds
3aced227: folds
Uncalled bet (350) returned to 2e27c619
*** SHOWDOWN ***
2e27c619 collected 1,235 from pot
*** SUMMARY ***
Total pot 1,235 | Rake 0 | Jackpot 0 | Bingo 0 | Fortune 0 | Tax 0
Seat 1: 2e27c619 collected (1,235)
Seat 2: f11d42fe (button) folded before Flop
Seat 3: 286dddd3 (small blind) folded before Flop
Seat 4: 3aced227 (big blind) folded before Flop
Seat 5: 284dabea folded before Flop
Seat 6: Hero folded before Flop
Seat 7: 64ff4402 folded before Flop
Seat 8: dd7a291b folded before Flop


Poker Hand #TM324117837: Tournament #207800252, The Weekender [Last Chance] Hold'em No Limit - Level7(175/350) - 2025/06/01 18:49:08
Table '17' 8-max Seat #1 is the button
Seat 1: 2e27c619 (33,170 in chips)
Seat 2: f11d42fe (11,583 in chips)
Seat 3: 286dddd3 (5,654 in chips)
Seat 4: 3aced227 (23,497 in chips)
Seat 5: 284dabea (11,857 in chips)
Seat 6: Hero (10,000 in chips)
Seat 7: 64ff4402 (7,114 in chips)
Seat 8: dd7a291b (5,417 in chips)
dd7a291b: posts the ante 45
284dabea: posts the ante 45
286dddd3: posts the ante 45
3aced227: posts the ante 45
2e27c619: posts the ante 45
f11d42fe: posts the ante 45
64ff4402: posts the ante 45
Hero: posts the ante 45
f11d42fe: posts small blind 175
286dddd3: posts big blind 350
*** HOLE CARDS ***
Dealt to 2e27c619 
Dealt to f11d42fe 
Dealt to 286dddd3 
Dealt to 3aced227 
Dealt to 284dabea 
Dealt to Hero [8d 5d]
Dealt to 64ff4402 
Dealt to dd7a291b 
3aced227: folds
284dabea: raises 350 to 700
Hero: folds
64ff4402: raises 6,369 to 7,069
dd7a291b: folds
2e27c619: folds
f11d42fe: folds
286dddd3: folds
284dabea: folds
Uncalled bet (6,369) returned to 64ff4402
*** SHOWDOWN ***
64ff4402 collected 2,285 from pot
*** SUMMARY ***
Total pot 2,285 | Rake 0 | Jackpot 0 | Bingo 0 | Fortune 0 | Tax 0
Seat 1: 2e27c619 (button) folded before Flop
Seat 2: f11d42fe (small blind) folded before Flop
Seat 3: 286dddd3 (big blind) folded before Flop
Seat 4: 3aced227 folded before Flop
Seat 5: 284dabea folded before Flop
Seat 6: Hero folded before Flop
Seat 7: 64ff4402 collected (2,285)
Seat 8: dd7a291b folded before Flop


