Poker Hand #TM297041419: Tournament #207512323, Bounty Hunters Sunday Forty Stack $44 Hold'em No Limit - Level9(600/1,200) - 2025/05/25 19:29:41
Table '176' 8-max Seat #4 is the button
Seat 1: 55082363 (53,646 in chips)
Seat 2: bf85e3c9 (66,978 in chips)
Seat 3: d43770e0 (62,485 in chips)
Seat 4: 4eaba01f (40,940 in chips)
Seat 5: 82584efd (66,936 in chips)
Seat 6: Hero (20,682 in chips)
Seat 7: dfe132a0 (44,455 in chips)
Seat 8: 8bd244a4 (33,782 in chips)
bf85e3c9: posts the ante 180
dfe132a0: posts the ante 180
8bd244a4: posts the ante 180
d43770e0: posts the ante 180
55082363: posts the ante 180
Hero: posts the ante 180
4eaba01f: posts the ante 180
82584efd: posts the ante 180
82584efd: posts small blind 600
Hero: posts big blind 1,200
*** HOLE CARDS ***
Dealt to 55082363 
Dealt to bf85e3c9 
Dealt to d43770e0 
Dealt to 4eaba01f 
Dealt to 82584efd 
Dealt to Hero [Ts 7c]
Dealt to dfe132a0 
Dealt to 8bd244a4 
dfe132a0: folds
8bd244a4: folds
55082363: raises 1,200 to 2,400
bf85e3c9: folds
d43770e0: folds
4eaba01f: folds
82584efd: folds
Hero: calls 1,200
*** FLOP *** [Th 9s 7s]
Hero: checks
55082363: bets 2,258
Hero: raises 15,844 to 18,102
55082363: calls 15,844
Hero: shows [Ts 7c] (two pair, Tens and Sevens)
55082363: shows [Js As] (Ace high)
*** TURN *** [Th 9s 7s] [3s]
*** RIVER *** [Th 9s 7s 3s] [3h]
*** SHOWDOWN ***
55082363 collected 43,044 from pot
*** SUMMARY ***
Total pot 43,044 | Rake 0 | Jackpot 0 | Bingo 0 | Fortune 0 | Tax 0
Board [Th 9s 7s 3s 3h]
Seat 1: 55082363 showed [Js As] and won (43,044) with a flush Ace high
Seat 2: bf85e3c9 folded before Flop
Seat 3: d43770e0 folded before Flop
Seat 4: 4eaba01f (button) folded before Flop
Seat 5: 82584efd (small blind) folded before Flop
Seat 6: Hero (big blind) showed [Ts 7c] and lost with two pair, Tens and Sevens
Seat 7: dfe132a0 folded before Flop
Seat 8: 8bd244a4 folded before Flop


Poker Hand #TM297041335: Tournament #207512323, Bounty Hunters Sunday Forty Stack $44 Hold'em No Limit - Level9(600/1,200) - 2025/05/25 19:28:35
Table '176' 8-max Seat #3 is the button
Seat 1: 55082363 (53,826 in chips)
Seat 2: bf85e3c9 (60,318 in chips)
Seat 3: d43770e0 (62,665 in chips)
Seat 4: 4eaba01f (41,720 in chips)
Seat 5: 82584efd (69,516 in chips)
Seat 6: Hero (20,862 in chips)
Seat 7: dfe132a0 (47,035 in chips)
Seat 8: 8bd244a4 (33,962 in chips)
bf85e3c9: posts the ante 180
dfe132a0: posts the ante 180
8bd244a4: posts the ante 180
d43770e0: posts the ante 180
55082363: posts the ante 180
Hero: posts the ante 180
82584efd: posts the ante 180
4eaba01f: posts the ante 180
4eaba01f: posts small blind 600
82584efd: posts big blind 1,200
*** HOLE CARDS ***
Dealt to 55082363 
Dealt to bf85e3c9 
Dealt to d43770e0 
Dealt to 4eaba01f 
Dealt to 82584efd 
Dealt to Hero [5s Ah]
Dealt to dfe132a0 
Dealt to 8bd244a4 
Hero: folds
dfe132a0: raises 1,200 to 2,400
8bd244a4: folds
55082363: folds
bf85e3c9: calls 2,400
d43770e0: folds
4eaba01f: folds
82584efd: calls 1,200
*** FLOP *** [6h Jd Tc]
82584efd: checks
dfe132a0: checks
bf85e3c9: checks
*** TURN *** [6h Jd Tc] [3c]
82584efd: checks
dfe132a0: checks
bf85e3c9: checks
*** RIVER *** [6h Jd Tc 3c] [6c]
82584efd: checks
dfe132a0: checks
bf85e3c9: checks
82584efd: shows [Kh 7s] (a pair of Sixes)
dfe132a0: shows [2h 2d] (two pair, Sixes and Twos)
bf85e3c9: shows [9h 9c] (two pair, Nines and Sixes)
*** SHOWDOWN ***
bf85e3c9 collected 9,240 from pot
*** SUMMARY ***
Total pot 9,240 | Rake 0 | Jackpot 0 | Bingo 0 | Fortune 0 | Tax 0
Board [6h Jd Tc 3c 6c]
Seat 1: 55082363 folded before Flop
Seat 2: bf85e3c9 showed [9h 9c] and won (9,240) with two pair, Nines and Sixes
Seat 3: d43770e0 (button) folded before Flop
Seat 4: 4eaba01f (small blind) folded before Flop
Seat 5: 82584efd (big blind) showed [Kh 7s] and lost with a pair of Sixes
Seat 6: Hero folded before Flop
Seat 7: dfe132a0 showed [2h 2d] and lost with two pair, Sixes and Twos
Seat 8: 8bd244a4 folded before Flop


Poker Hand #TM297041283: Tournament #207512323, Bounty Hunters Sunday Forty Stack $44 Hold'em No Limit - Level9(600/1,200) - 2025/05/25 19:27:52
Table '176' 8-max Seat #2 is the button
Seat 1: 55082363 (54,006 in chips)
Seat 2: bf85e3c9 (57,258 in chips)
Seat 3: d43770e0 (63,445 in chips)
Seat 4: 4eaba01f (43,100 in chips)
Seat 5: 82584efd (69,696 in chips)
Seat 6: Hero (21,042 in chips)
Seat 7: dfe132a0 (47,215 in chips)
Seat 8: 8bd244a4 (34,142 in chips)
bf85e3c9: posts the ante 180
dfe132a0: posts the ante 180
8bd244a4: posts the ante 180
d43770e0: posts the ante 180
55082363: posts the ante 180
Hero: posts the ante 180
82584efd: posts the ante 180
4eaba01f: posts the ante 180
d43770e0: posts small blind 600
4eaba01f: posts big blind 1,200
*** HOLE CARDS ***
Dealt to 55082363 
Dealt to bf85e3c9 
Dealt to d43770e0 
Dealt to 4eaba01f 
Dealt to 82584efd 
Dealt to Hero [Qd 7c]
Dealt to dfe132a0 
Dealt to 8bd244a4 
82584efd: folds
Hero: folds
dfe132a0: folds
8bd244a4: folds
55082363: folds
bf85e3c9: raises 1,200 to 2,400
d43770e0: folds
4eaba01f: folds
Uncalled bet (1,200) returned to bf85e3c9
*** SHOWDOWN ***
bf85e3c9 collected 4,440 from pot
*** SUMMARY ***
Total pot 4,440 | Rake 0 | Jackpot 0 | Bingo 0 | Fortune 0 | Tax 0
Seat 1: 55082363 folded before Flop
Seat 2: bf85e3c9 (button) collected (4,440)
Seat 3: d43770e0 (small blind) folded before Flop
Seat 4: 4eaba01f (big blind) folded before Flop
Seat 5: 82584efd folded before Flop
Seat 6: Hero folded before Flop
Seat 7: dfe132a0 folded before Flop
Seat 8: 8bd244a4 folded before Flop


Poker Hand #TM297041200: Tournament #207512323, Bounty Hunters Sunday Forty Stack $44 Hold'em No Limit - Level8(500/1,000) - 2025/05/25 19:26:54
Table '176' 8-max Seat #1 is the button
Seat 1: 55082363 (61,156 in chips)
Seat 2: bf85e3c9 (57,908 in chips)
Seat 3: d43770e0 (52,895 in chips)
Seat 4: 4eaba01f (43,250 in chips)
Seat 5: 82584efd (69,846 in chips)
Seat 6: Hero (21,192 in chips)
Seat 7: dfe132a0 (49,365 in chips)
Seat 8: 8bd244a4 (34,292 in chips)
dfe132a0: posts the ante 150
bf85e3c9: posts the ante 150
8bd244a4: posts the ante 150
d43770e0: posts the ante 150
55082363: posts the ante 150
Hero: posts the ante 150
82584efd: posts the ante 150
4eaba01f: posts the ante 150
bf85e3c9: posts small blind 500
d43770e0: posts big blind 1,000
*** HOLE CARDS ***
Dealt to 55082363 
Dealt to bf85e3c9 
Dealt to d43770e0 
Dealt to 4eaba01f 
Dealt to 82584efd 
Dealt to Hero [As 2s]
Dealt to dfe132a0 
Dealt to 8bd244a4 
4eaba01f: folds
82584efd: folds
Hero: folds
dfe132a0: raises 1,000 to 2,000
8bd244a4: folds
55082363: raises 5,000 to 7,000
bf85e3c9: folds
d43770e0: raises 45,745 to 52,745
dfe132a0: folds
55082363: folds
Uncalled bet (45,745) returned to d43770e0
*** SHOWDOWN ***
d43770e0 collected 17,700 from pot
*** SUMMARY ***
Total pot 17,700 | Rake 0 | Jackpot 0 | Bingo 0 | Fortune 0 | Tax 0
Seat 1: 55082363 (button) folded before Flop
Seat 2: bf85e3c9 (small blind) folded before Flop
Seat 3: d43770e0 (big blind) collected (17,700)
Seat 4: 4eaba01f folded before Flop
Seat 5: 82584efd folded before Flop
Seat 6: Hero folded before Flop
Seat 7: dfe132a0 folded before Flop
Seat 8: 8bd244a4 folded before Flop


Poker Hand #TM297041117: Tournament #207512323, Bounty Hunters Sunday Forty Stack $44 Hold'em No Limit - Level8(500/1,000) - 2025/05/25 19:25:47
Table '176' 8-max Seat #8 is the button
Seat 1: 55082363 (61,806 in chips)
Seat 2: bf85e3c9 (60,058 in chips)
Seat 3: d43770e0 (53,045 in chips)
Seat 4: 4eaba01f (39,700 in chips)
Seat 5: 82584efd (69,996 in chips)
Seat 6: Hero (21,342 in chips)
Seat 7: dfe132a0 (49,515 in chips)
Seat 8: 8bd244a4 (34,442 in chips)
dfe132a0: posts the ante 150
bf85e3c9: posts the ante 150
8bd244a4: posts the ante 150
d43770e0: posts the ante 150
55082363: posts the ante 150
Hero: posts the ante 150
82584efd: posts the ante 150
4eaba01f: posts the ante 150
55082363: posts small blind 500
bf85e3c9: posts big blind 1,000
*** HOLE CARDS ***
Dealt to 55082363 
Dealt to bf85e3c9 
Dealt to d43770e0 
Dealt to 4eaba01f 
Dealt to 82584efd 
Dealt to Hero [9h Qd]
Dealt to dfe132a0 
Dealt to 8bd244a4 
d43770e0: folds
4eaba01f: raises 1,000 to 2,000
82584efd: folds
Hero: folds
dfe132a0: folds
8bd244a4: folds
55082363: folds
bf85e3c9: calls 1,000
*** FLOP *** [7d Ah 3c]
bf85e3c9: checks
4eaba01f: bets 1,050
bf85e3c9: folds
Uncalled bet (1,050) returned to 4eaba01f
*** SHOWDOWN ***
4eaba01f collected 5,700 from pot
*** SUMMARY ***
Total pot 5,700 | Rake 0 | Jackpot 0 | Bingo 0 | Fortune 0 | Tax 0
Board [7d Ah 3c]
Seat 1: 55082363 (small blind) folded before Flop
Seat 2: bf85e3c9 (big blind) folded on the Flop
Seat 3: d43770e0 folded before Flop
Seat 4: 4eaba01f won (5,700)
Seat 5: 82584efd folded before Flop
Seat 6: Hero folded before Flop
Seat 7: dfe132a0 folded before Flop
Seat 8: 8bd244a4 (button) folded before Flop


Poker Hand #TM297040939: Tournament #207512323, Bounty Hunters Sunday Forty Stack $44 Hold'em No Limit - Level8(500/1,000) - 2025/05/25 19:23:37
Table '176' 8-max Seat #7 is the button
Seat 1: 55082363 (63,956 in chips)
Seat 2: bf85e3c9 (41,428 in chips)
Seat 3: d43770e0 (53,195 in chips)
Seat 4: 4eaba01f (39,850 in chips)
Seat 5: 82584efd (83,226 in chips)
Seat 6: Hero (21,492 in chips)
Seat 7: dfe132a0 (51,665 in chips)
Seat 8: 8bd244a4 (35,092 in chips)
dfe132a0: posts the ante 150
bf85e3c9: posts the ante 150
8bd244a4: posts the ante 150
d43770e0: posts the ante 150
55082363: posts the ante 150
Hero: posts the ante 150
82584efd: posts the ante 150
4eaba01f: posts the ante 150
8bd244a4: posts small blind 500
55082363: posts big blind 1,000
*** HOLE CARDS ***
Dealt to 55082363 
Dealt to bf85e3c9 
Dealt to d43770e0 
Dealt to 4eaba01f 
Dealt to 82584efd 
Dealt to Hero [8d 6c]
Dealt to dfe132a0 
Dealt to 8bd244a4 
bf85e3c9: raises 1,000 to 2,000
d43770e0: folds
4eaba01f: folds
82584efd: calls 2,000
Hero: folds
dfe132a0: calls 2,000
8bd244a4: folds
55082363: calls 1,000
*** FLOP *** [6h 6s 4s]
55082363: checks
bf85e3c9: bets 4,000
82584efd: calls 4,000
dfe132a0: folds
55082363: folds
*** TURN *** [6h 6s 4s] [2d]
bf85e3c9: bets 7,080
82584efd: calls 7,080
*** RIVER *** [6h 6s 4s 2d] [8s]
bf85e3c9: bets 28,000
82584efd: folds
Uncalled bet (28,000) returned to bf85e3c9
*** SHOWDOWN ***
bf85e3c9 collected 31,860 from pot
*** SUMMARY ***
Total pot 31,860 | Rake 0 | Jackpot 0 | Bingo 0 | Fortune 0 | Tax 0
Board [6h 6s 4s 2d 8s]
Seat 1: 55082363 (big blind) folded on the Flop
Seat 2: bf85e3c9 won (31,860)
Seat 3: d43770e0 folded before Flop
Seat 4: 4eaba01f folded before Flop
Seat 5: 82584efd folded on the River
Seat 6: Hero folded before Flop
Seat 7: dfe132a0 (button) folded on the Flop
Seat 8: 8bd244a4 (small blind) folded before Flop


Poker Hand #TM297040866: Tournament #207512323, Bounty Hunters Sunday Forty Stack $44 Hold'em No Limit - Level8(500/1,000) - 2025/05/25 19:22:47
Table '176' 8-max Seat #6 is the button
Seat 1: 55082363 (64,106 in chips)
Seat 2: bf85e3c9 (41,578 in chips)
Seat 3: d43770e0 (53,345 in chips)
Seat 4: 4eaba01f (40,000 in chips)
Seat 5: 82584efd (83,376 in chips)
Seat 6: Hero (21,642 in chips)
Seat 7: dfe132a0 (49,615 in chips)
Seat 8: 8bd244a4 (36,242 in chips)
bf85e3c9: posts the ante 150
dfe132a0: posts the ante 150
8bd244a4: posts the ante 150
d43770e0: posts the ante 150
55082363: posts the ante 150
Hero: posts the ante 150
82584efd: posts the ante 150
4eaba01f: posts the ante 150
dfe132a0: posts small blind 500
8bd244a4: posts big blind 1,000
*** HOLE CARDS ***
Dealt to 55082363 
Dealt to bf85e3c9 
Dealt to d43770e0 
Dealt to 4eaba01f 
Dealt to 82584efd 
Dealt to Hero [Js 2h]
Dealt to dfe132a0 
Dealt to 8bd244a4 
55082363: folds
bf85e3c9: folds
d43770e0: folds
4eaba01f: folds
82584efd: folds
Hero: folds
dfe132a0: calls 500
8bd244a4: checks
*** FLOP *** [Qd Jd 8d]
dfe132a0: checks
8bd244a4: checks
*** TURN *** [Qd Jd 8d] [Ah]
dfe132a0: bets 1,600
8bd244a4: folds
Uncalled bet (1,600) returned to dfe132a0
*** SHOWDOWN ***
dfe132a0 collected 3,200 from pot
*** SUMMARY ***
Total pot 3,200 | Rake 0 | Jackpot 0 | Bingo 0 | Fortune 0 | Tax 0
Board [Qd Jd 8d Ah]
Seat 1: 55082363 folded before Flop
Seat 2: bf85e3c9 folded before Flop
Seat 3: d43770e0 folded before Flop
Seat 4: 4eaba01f folded before Flop
Seat 5: 82584efd folded before Flop
Seat 6: Hero (button) folded before Flop
Seat 7: dfe132a0 (small blind) won (3,200)
Seat 8: 8bd244a4 (big blind) folded on the Turn


Poker Hand #TM297040757: Tournament #207512323, Bounty Hunters Sunday Forty Stack $44 Hold'em No Limit - Level8(500/1,000) - 2025/05/25 19:21:28
Table '176' 8-max Seat #5 is the button
Seat 1: 55082363 (64,256 in chips)
Seat 2: bf85e3c9 (41,728 in chips)
Seat 3: d43770e0 (53,495 in chips)
Seat 5: 82584efd (83,526 in chips)
Seat 6: Hero (19,742 in chips)
Seat 7: dfe132a0 (50,765 in chips)
Seat 8: 8bd244a4 (36,392 in chips)
bf85e3c9: posts the ante 150
dfe132a0: posts the ante 150
8bd244a4: posts the ante 150
d43770e0: posts the ante 150
55082363: posts the ante 150
Hero: posts the ante 150
82584efd: posts the ante 150
Hero: posts small blind 500
dfe132a0: posts big blind 1,000
*** HOLE CARDS ***
Dealt to 55082363 
Dealt to bf85e3c9 
Dealt to d43770e0 
Dealt to 82584efd 
Dealt to Hero [Td 7h]
Dealt to dfe132a0 
Dealt to 8bd244a4 
8bd244a4: folds
55082363: folds
bf85e3c9: folds
d43770e0: folds
82584efd: folds
Hero: calls 500
dfe132a0: checks
*** FLOP *** [Qc Ac 7c]
Hero: checks
dfe132a0: checks
*** TURN *** [Qc Ac 7c] [5c]
Hero: checks
dfe132a0: checks
*** RIVER *** [Qc Ac 7c 5c] [Th]
Hero: bets 1,000
dfe132a0: folds
Uncalled bet (1,000) returned to Hero
*** SHOWDOWN ***
Hero collected 3,050 from pot
*** SUMMARY ***
Total pot 3,050 | Rake 0 | Jackpot 0 | Bingo 0 | Fortune 0 | Tax 0
Board [Qc Ac 7c 5c Th]
Seat 1: 55082363 folded before Flop
Seat 2: bf85e3c9 folded before Flop
Seat 3: d43770e0 folded before Flop
Seat 5: 82584efd (button) folded before Flop
Seat 6: Hero (small blind) won (3,050)
Seat 7: dfe132a0 (big blind) folded on the River
Seat 8: 8bd244a4 folded before Flop


Poker Hand #TM297040691: Tournament #207512323, Bounty Hunters Sunday Forty Stack $44 Hold'em No Limit - Level8(500/1,000) - 2025/05/25 19:20:34
Table '176' 8-max Seat #4 is the button
Seat 1: 55082363 (64,406 in chips)
Seat 2: bf85e3c9 (41,878 in chips)
Seat 3: d43770e0 (27,080 in chips)
Seat 4: e79b5c9e (24,015 in chips)
Seat 5: 82584efd (84,176 in chips)
Seat 6: Hero (20,892 in chips)
Seat 7: dfe132a0 (50,915 in chips)
Seat 8: 8bd244a4 (36,542 in chips)
bf85e3c9: posts the ante 150
dfe132a0: posts the ante 150
8bd244a4: posts the ante 150
d43770e0: posts the ante 150
55082363: posts the ante 150
Hero: posts the ante 150
82584efd: posts the ante 150
e79b5c9e: posts the ante 150
82584efd: posts small blind 500
Hero: posts big blind 1,000
*** HOLE CARDS ***
Dealt to 55082363 
Dealt to bf85e3c9 
Dealt to d43770e0 
Dealt to e79b5c9e 
Dealt to 82584efd 
Dealt to Hero [6h 3d]
Dealt to dfe132a0 
Dealt to 8bd244a4 
dfe132a0: folds
8bd244a4: folds
55082363: folds
bf85e3c9: folds
d43770e0: raises 1,000 to 2,000
e79b5c9e: raises 21,865 to 23,865
82584efd: folds
Hero: folds
d43770e0: calls 21,865
e79b5c9e: shows [Kc Qs]
d43770e0: shows [Ah Ad]
*** FLOP *** [6c 9c 7s]
*** TURN *** [6c 9c 7s] [Qh]
*** RIVER *** [6c 9c 7s Qh] [9h]
*** SHOWDOWN ***
d43770e0 collected 50,430 from pot
*** SUMMARY ***
Total pot 50,430 | Rake 0 | Jackpot 0 | Bingo 0 | Fortune 0 | Tax 0
Board [6c 9c 7s Qh 9h]
Seat 1: 55082363 folded before Flop
Seat 2: bf85e3c9 folded before Flop
Seat 3: d43770e0 showed [Ah Ad] and won (50,430) with two pair, Aces and Nines
Seat 4: e79b5c9e (button) showed [Kc Qs] and lost with two pair, Queens and Nines
Seat 5: 82584efd (small blind) folded before Flop
Seat 6: Hero (big blind) folded before Flop
Seat 7: dfe132a0 folded before Flop
Seat 8: 8bd244a4 folded before Flop


Poker Hand #TM297040645: Tournament #207512323, Bounty Hunters Sunday Forty Stack $44 Hold'em No Limit - Level8(500/1,000) - 2025/05/25 19:20:02
Table '176' 8-max Seat #3 is the button
Seat 1: 55082363 (64,556 in chips)
Seat 2: bf85e3c9 (42,028 in chips)
Seat 3: d43770e0 (27,230 in chips)
Seat 4: e79b5c9e (24,665 in chips)
Seat 5: 82584efd (82,626 in chips)
Seat 6: Hero (21,042 in chips)
Seat 7: dfe132a0 (51,065 in chips)
Seat 8: 8bd244a4 (36,692 in chips)
bf85e3c9: posts the ante 150
dfe132a0: posts the ante 150
8bd244a4: posts the ante 150
d43770e0: posts the ante 150
55082363: posts the ante 150
Hero: posts the ante 150
82584efd: posts the ante 150
e79b5c9e: posts the ante 150
e79b5c9e: posts small blind 500
82584efd: posts big blind 1,000
*** HOLE CARDS ***
Dealt to 55082363 
Dealt to bf85e3c9 
Dealt to d43770e0 
Dealt to e79b5c9e 
Dealt to 82584efd 
Dealt to Hero [2h Ad]
Dealt to dfe132a0 
Dealt to 8bd244a4 
Hero: folds
dfe132a0: folds
8bd244a4: folds
55082363: folds
bf85e3c9: folds
d43770e0: folds
e79b5c9e: folds
Uncalled bet (500) returned to 82584efd
*** SHOWDOWN ***
82584efd collected 2,200 from pot
*** SUMMARY ***
Total pot 2,200 | Rake 0 | Jackpot 0 | Bingo 0 | Fortune 0 | Tax 0
Seat 1: 55082363 folded before Flop
Seat 2: bf85e3c9 folded before Flop
Seat 3: d43770e0 (button) folded before Flop
Seat 4: e79b5c9e (small blind) folded before Flop
Seat 5: 82584efd (big blind) collected (2,200)
Seat 6: Hero folded before Flop
Seat 7: dfe132a0 folded before Flop
Seat 8: 8bd244a4 folded before Flop


Poker Hand #TM297040494: Tournament #207512323, Bounty Hunters Sunday Forty Stack $44 Hold'em No Limit - Level8(500/1,000) - 2025/05/25 19:18:20
Table '176' 8-max Seat #2 is the button
Seat 1: 55082363 (64,706 in chips)
Seat 2: bf85e3c9 (42,178 in chips)
Seat 3: d43770e0 (25,180 in chips)
Seat 4: e79b5c9e (25,815 in chips)
Seat 5: 82584efd (82,776 in chips)
Seat 6: Hero (21,192 in chips)
Seat 7: dfe132a0 (51,215 in chips)
Seat 8: 8bd244a4 (36,842 in chips)
bf85e3c9: posts the ante 150
dfe132a0: posts the ante 150
8bd244a4: posts the ante 150
d43770e0: posts the ante 150
55082363: posts the ante 150
Hero: posts the ante 150
82584efd: posts the ante 150
e79b5c9e: posts the ante 150
d43770e0: posts small blind 500
e79b5c9e: posts big blind 1,000
*** HOLE CARDS ***
Dealt to 55082363 
Dealt to bf85e3c9 
Dealt to d43770e0 
Dealt to e79b5c9e 
Dealt to 82584efd 
Dealt to Hero [8s 5d]
Dealt to dfe132a0 
Dealt to 8bd244a4 
82584efd: folds
Hero: folds
dfe132a0: folds
8bd244a4: folds
55082363: folds
bf85e3c9: folds
d43770e0: calls 500
e79b5c9e: checks
*** FLOP *** [Qh 5h Kd]
d43770e0: checks
e79b5c9e: checks
*** TURN *** [Qh 5h Kd] [Qc]
d43770e0: checks
e79b5c9e: checks
*** RIVER *** [Qh 5h Kd Qc] [9c]
d43770e0: checks
e79b5c9e: checks
d43770e0: shows [4d As] (a pair of Queens)
e79b5c9e: shows [8c 7h] (a pair of Queens)
*** SHOWDOWN ***
d43770e0 collected 3,200 from pot
*** SUMMARY ***
Total pot 3,200 | Rake 0 | Jackpot 0 | Bingo 0 | Fortune 0 | Tax 0
Board [Qh 5h Kd Qc 9c]
Seat 1: 55082363 folded before Flop
Seat 2: bf85e3c9 (button) folded before Flop
Seat 3: d43770e0 (small blind) showed [4d As] and won (3,200) with a pair of Queens
Seat 4: e79b5c9e (big blind) showed [8c 7h] and lost with a pair of Queens
Seat 5: 82584efd folded before Flop
Seat 6: Hero folded before Flop
Seat 7: dfe132a0 folded before Flop
Seat 8: 8bd244a4 folded before Flop


Poker Hand #TM297040411: Tournament #207512323, Bounty Hunters Sunday Forty Stack $44 Hold'em No Limit - Level8(500/1,000) - 2025/05/25 19:17:16
Table '176' 8-max Seat #1 is the button
Seat 1: 55082363 (64,856 in chips)
Seat 2: bf85e3c9 (42,828 in chips)
Seat 3: d43770e0 (26,330 in chips)
Seat 4: e79b5c9e (25,965 in chips)
Seat 5: 82584efd (82,926 in chips)
Seat 6: Hero (27,342 in chips)
Seat 7: dfe132a0 (51,365 in chips)
Seat 8: 8bd244a4 (28,292 in chips)
dfe132a0: posts the ante 150
bf85e3c9: posts the ante 150
8bd244a4: posts the ante 150
d43770e0: posts the ante 150
55082363: posts the ante 150
Hero: posts the ante 150
82584efd: posts the ante 150
e79b5c9e: posts the ante 150
bf85e3c9: posts small blind 500
d43770e0: posts big blind 1,000
*** HOLE CARDS ***
Dealt to 55082363 
Dealt to bf85e3c9 
Dealt to d43770e0 
Dealt to e79b5c9e 
Dealt to 82584efd 
Dealt to Hero [Ah Jh]
Dealt to dfe132a0 
Dealt to 8bd244a4 
e79b5c9e: folds
82584efd: folds
Hero: raises 1,000 to 2,000
dfe132a0: folds
8bd244a4: raises 4,000 to 6,000
55082363: folds
bf85e3c9: folds
d43770e0: folds
Hero: calls 4,000
*** FLOP *** [Ks 5d 3c]
Hero: checks
8bd244a4: bets 4,851
Hero: folds
Uncalled bet (4,851) returned to 8bd244a4
*** SHOWDOWN ***
8bd244a4 collected 14,700 from pot
*** SUMMARY ***
Total pot 14,700 | Rake 0 | Jackpot 0 | Bingo 0 | Fortune 0 | Tax 0
Board [Ks 5d 3c]
Seat 1: 55082363 (button) folded before Flop
Seat 2: bf85e3c9 (small blind) folded before Flop
Seat 3: d43770e0 (big blind) folded before Flop
Seat 4: e79b5c9e folded before Flop
Seat 5: 82584efd folded before Flop
Seat 6: Hero folded on the Flop
Seat 7: dfe132a0 folded before Flop
Seat 8: 8bd244a4 won (14,700)


Poker Hand #TM297040326: Tournament #207512323, Bounty Hunters Sunday Forty Stack $44 Hold'em No Limit - Level8(500/1,000) - 2025/05/25 19:16:22
Table '176' 8-max Seat #8 is the button
Seat 1: 55082363 (65,506 in chips)
Seat 2: bf85e3c9 (39,278 in chips)
Seat 3: d43770e0 (26,480 in chips)
Seat 4: e79b5c9e (26,115 in chips)
Seat 5: 82584efd (83,076 in chips)
Seat 6: Hero (27,492 in chips)
Seat 7: dfe132a0 (53,515 in chips)
Seat 8: 8bd244a4 (28,442 in chips)
dfe132a0: posts the ante 150
bf85e3c9: posts the ante 150
8bd244a4: posts the ante 150
d43770e0: posts the ante 150
55082363: posts the ante 150
Hero: posts the ante 150
82584efd: posts the ante 150
e79b5c9e: posts the ante 150
55082363: posts small blind 500
bf85e3c9: posts big blind 1,000
*** HOLE CARDS ***
Dealt to 55082363 
Dealt to bf85e3c9 
Dealt to d43770e0 
Dealt to e79b5c9e 
Dealt to 82584efd 
Dealt to Hero [4h 7h]
Dealt to dfe132a0 
Dealt to 8bd244a4 
d43770e0: folds
e79b5c9e: folds
82584efd: folds
Hero: folds
dfe132a0: raises 1,000 to 2,000
8bd244a4: folds
55082363: folds
bf85e3c9: calls 1,000
*** FLOP *** [2s Kc Jc]
bf85e3c9: checks
dfe132a0: checks
*** TURN *** [2s Kc Jc] [3d]
bf85e3c9: bets 5,700
dfe132a0: folds
Uncalled bet (5,700) returned to bf85e3c9
*** SHOWDOWN ***
bf85e3c9 collected 5,700 from pot
*** SUMMARY ***
Total pot 5,700 | Rake 0 | Jackpot 0 | Bingo 0 | Fortune 0 | Tax 0
Board [2s Kc Jc 3d]
Seat 1: 55082363 (small blind) folded before Flop
Seat 2: bf85e3c9 (big blind) won (5,700)
Seat 3: d43770e0 folded before Flop
Seat 4: e79b5c9e folded before Flop
Seat 5: 82584efd folded before Flop
Seat 6: Hero folded before Flop
Seat 7: dfe132a0 folded on the Turn
Seat 8: 8bd244a4 (button) folded before Flop


Poker Hand #TM297040225: Tournament #207512323, Bounty Hunters Sunday Forty Stack $44 Hold'em No Limit - Level8(500/1,000) - 2025/05/25 19:15:13
Table '176' 8-max Seat #7 is the button
Seat 1: 55082363 (62,456 in chips)
Seat 2: bf85e3c9 (39,428 in chips)
Seat 3: d43770e0 (26,630 in chips)
Seat 4: e79b5c9e (26,265 in chips)
Seat 5: 82584efd (83,226 in chips)
Seat 6: Hero (27,642 in chips)
Seat 7: dfe132a0 (53,665 in chips)
Seat 8: 8bd244a4 (30,592 in chips)
dfe132a0: posts the ante 150
bf85e3c9: posts the ante 150
8bd244a4: posts the ante 150
d43770e0: posts the ante 150
55082363: posts the ante 150
Hero: posts the ante 150
82584efd: posts the ante 150
e79b5c9e: posts the ante 150
8bd244a4: posts small blind 500
55082363: posts big blind 1,000
*** HOLE CARDS ***
Dealt to 55082363 
Dealt to bf85e3c9 
Dealt to d43770e0 
Dealt to e79b5c9e 
Dealt to 82584efd 
Dealt to Hero [2c 6d]
Dealt to dfe132a0 
Dealt to 8bd244a4 
bf85e3c9: folds
d43770e0: folds
e79b5c9e: folds
82584efd: folds
Hero: folds
dfe132a0: folds
8bd244a4: raises 1,000 to 2,000
55082363: calls 1,000
*** FLOP *** [Ad Td Th]
8bd244a4: checks
55082363: bets 1,300
8bd244a4: folds
Uncalled bet (1,300) returned to 55082363
*** SHOWDOWN ***
55082363 collected 5,200 from pot
*** SUMMARY ***
Total pot 5,200 | Rake 0 | Jackpot 0 | Bingo 0 | Fortune 0 | Tax 0
Board [Ad Td Th]
Seat 1: 55082363 (big blind) won (5,200)
Seat 2: bf85e3c9 folded before Flop
Seat 3: d43770e0 folded before Flop
Seat 4: e79b5c9e folded before Flop
Seat 5: 82584efd folded before Flop
Seat 6: Hero folded before Flop
Seat 7: dfe132a0 (button) folded before Flop
Seat 8: 8bd244a4 (small blind) folded on the Flop


Poker Hand #TM297039992: Tournament #207512323, Bounty Hunters Sunday Forty Stack $44 Hold'em No Limit - Level7(400/800) - 2025/05/25 19:12:25
Table '176' 8-max Seat #6 is the button
Seat 1: 55082363 (62,576 in chips)
Seat 2: bf85e3c9 (39,548 in chips)
Seat 3: d43770e0 (30,260 in chips)
Seat 4: e79b5c9e (26,385 in chips)
Seat 5: 82584efd (68,610 in chips)
Seat 6: Hero (27,762 in chips)
Seat 7: dfe132a0 (54,185 in chips)
Seat 8: 8bd244a4 (40,578 in chips)
bf85e3c9: posts the ante 120
dfe132a0: posts the ante 120
8bd244a4: posts the ante 120
d43770e0: posts the ante 120
55082363: posts the ante 120
Hero: posts the ante 120
82584efd: posts the ante 120
e79b5c9e: posts the ante 120
dfe132a0: posts small blind 400
8bd244a4: posts big blind 800
*** HOLE CARDS ***
Dealt to 55082363 
Dealt to bf85e3c9 
Dealt to d43770e0 
Dealt to e79b5c9e 
Dealt to 82584efd 
Dealt to Hero [7d Ts]
Dealt to dfe132a0 
Dealt to 8bd244a4 
55082363: folds
bf85e3c9: folds
d43770e0: raises 800 to 1,600
e79b5c9e: folds
82584efd: calls 1,600
Hero: folds
dfe132a0: folds
8bd244a4: calls 800
*** FLOP *** [5c Qh 8h]
8bd244a4: checks
d43770e0: checks
82584efd: bets 1,910
8bd244a4: calls 1,910
d43770e0: calls 1,910
*** TURN *** [5c Qh 8h] [4d]
8bd244a4: checks
d43770e0: checks
82584efd: bets 6,356
8bd244a4: calls 6,356
d43770e0: folds
*** RIVER *** [5c Qh 8h 4d] [2d]
8bd244a4: checks
82584efd: bets 58,624
8bd244a4: folds
Uncalled bet (58,624) returned to 82584efd
*** SHOWDOWN ***
82584efd collected 24,602 from pot
*** SUMMARY ***
Total pot 24,602 | Rake 0 | Jackpot 0 | Bingo 0 | Fortune 0 | Tax 0
Board [5c Qh 8h 4d 2d]
Seat 1: 55082363 folded before Flop
Seat 2: bf85e3c9 folded before Flop
Seat 3: d43770e0 folded on the Turn
Seat 4: e79b5c9e folded before Flop
Seat 5: 82584efd won (24,602)
Seat 6: Hero (button) folded before Flop
Seat 7: dfe132a0 (small blind) folded before Flop
Seat 8: 8bd244a4 (big blind) folded on the River


Poker Hand #TM297039943: Tournament #207512323, Bounty Hunters Sunday Forty Stack $44 Hold'em No Limit - Level7(400/800) - 2025/05/25 19:11:49
Table '176' 8-max Seat #5 is the button
Seat 1: 55082363 (62,696 in chips)
Seat 2: bf85e3c9 (39,668 in chips)
Seat 3: d43770e0 (27,420 in chips)
Seat 4: e79b5c9e (26,505 in chips)
Seat 5: 82584efd (68,730 in chips)
Seat 6: Hero (28,282 in chips)
Seat 7: dfe132a0 (55,905 in chips)
Seat 8: 8bd244a4 (40,698 in chips)
bf85e3c9: posts the ante 120
dfe132a0: posts the ante 120
8bd244a4: posts the ante 120
d43770e0: posts the ante 120
55082363: posts the ante 120
Hero: posts the ante 120
82584efd: posts the ante 120
e79b5c9e: posts the ante 120
Hero: posts small blind 400
dfe132a0: posts big blind 800
*** HOLE CARDS ***
Dealt to 55082363 
Dealt to bf85e3c9 
Dealt to d43770e0 
Dealt to e79b5c9e 
Dealt to 82584efd 
Dealt to Hero [Kh 3c]
Dealt to dfe132a0 
Dealt to 8bd244a4 
8bd244a4: folds
55082363: folds
bf85e3c9: folds
d43770e0: raises 800 to 1,600
e79b5c9e: folds
82584efd: folds
Hero: folds
dfe132a0: calls 800
*** FLOP *** [Qs 4c 2d]
dfe132a0: checks
d43770e0: bets 1,505
dfe132a0: folds
Uncalled bet (1,505) returned to d43770e0
*** SHOWDOWN ***
d43770e0 collected 4,560 from pot
*** SUMMARY ***
Total pot 4,560 | Rake 0 | Jackpot 0 | Bingo 0 | Fortune 0 | Tax 0
Board [Qs 4c 2d]
Seat 1: 55082363 folded before Flop
Seat 2: bf85e3c9 folded before Flop
Seat 3: d43770e0 won (4,560)
Seat 4: e79b5c9e folded before Flop
Seat 5: 82584efd (button) folded before Flop
Seat 6: Hero (small blind) folded before Flop
Seat 7: dfe132a0 (big blind) folded on the Flop
Seat 8: 8bd244a4 folded before Flop


Poker Hand #TM297039897: Tournament #207512323, Bounty Hunters Sunday Forty Stack $44 Hold'em No Limit - Level7(400/800) - 2025/05/25 19:11:14
Table '176' 8-max Seat #4 is the button
Seat 1: 55082363 (62,816 in chips)
Seat 2: bf85e3c9 (41,388 in chips)
Seat 3: d43770e0 (27,540 in chips)
Seat 4: e79b5c9e (26,625 in chips)
Seat 5: 82584efd (69,250 in chips)
Seat 6: Hero (25,442 in chips)
Seat 7: dfe132a0 (56,025 in chips)
Seat 8: 8bd244a4 (40,818 in chips)
bf85e3c9: posts the ante 120
dfe132a0: posts the ante 120
8bd244a4: posts the ante 120
d43770e0: posts the ante 120
55082363: posts the ante 120
Hero: posts the ante 120
82584efd: posts the ante 120
e79b5c9e: posts the ante 120
82584efd: posts small blind 400
Hero: posts big blind 800
*** HOLE CARDS ***
Dealt to 55082363 
Dealt to bf85e3c9 
Dealt to d43770e0 
Dealt to e79b5c9e 
Dealt to 82584efd 
Dealt to Hero [Ah Qc]
Dealt to dfe132a0 
Dealt to 8bd244a4 
dfe132a0: folds
8bd244a4: folds
55082363: folds
bf85e3c9: raises 800 to 1,600
d43770e0: folds
e79b5c9e: folds
82584efd: folds
Hero: raises 23,722 to 25,322
bf85e3c9: folds
Uncalled bet (23,722) returned to Hero
*** SHOWDOWN ***
Hero collected 4,560 from pot
*** SUMMARY ***
Total pot 4,560 | Rake 0 | Jackpot 0 | Bingo 0 | Fortune 0 | Tax 0
Seat 1: 55082363 folded before Flop
Seat 2: bf85e3c9 folded before Flop
Seat 3: d43770e0 folded before Flop
Seat 4: e79b5c9e (button) folded before Flop
Seat 5: 82584efd (small blind) folded before Flop
Seat 6: Hero (big blind) collected (4,560)
Seat 7: dfe132a0 folded before Flop
Seat 8: 8bd244a4 folded before Flop


Poker Hand #TM297039815: Tournament #207512323, Bounty Hunters Sunday Forty Stack $44 Hold'em No Limit - Level7(400/800) - 2025/05/25 19:10:18
Table '176' 8-max Seat #3 is the button
Seat 1: 55082363 (62,936 in chips)
Seat 2: bf85e3c9 (43,108 in chips)
Seat 3: d43770e0 (23,900 in chips)
Seat 4: e79b5c9e (27,145 in chips)
Seat 5: 82584efd (70,170 in chips)
Seat 6: Hero (25,562 in chips)
Seat 7: dfe132a0 (56,145 in chips)
Seat 8: 8bd244a4 (40,938 in chips)
bf85e3c9: posts the ante 120
dfe132a0: posts the ante 120
8bd244a4: posts the ante 120
d43770e0: posts the ante 120
55082363: posts the ante 120
Hero: posts the ante 120
82584efd: posts the ante 120
e79b5c9e: posts the ante 120
e79b5c9e: posts small blind 400
82584efd: posts big blind 800
*** HOLE CARDS ***
Dealt to 55082363 
Dealt to bf85e3c9 
Dealt to d43770e0 
Dealt to e79b5c9e 
Dealt to 82584efd 
Dealt to Hero [Qd 5c]
Dealt to dfe132a0 
Dealt to 8bd244a4 
Hero: folds
dfe132a0: folds
8bd244a4: folds
55082363: folds
bf85e3c9: raises 800 to 1,600
d43770e0: raises 3,200 to 4,800
e79b5c9e: folds
82584efd: folds
bf85e3c9: folds
Uncalled bet (3,200) returned to d43770e0
*** SHOWDOWN ***
d43770e0 collected 5,360 from pot
*** SUMMARY ***
Total pot 5,360 | Rake 0 | Jackpot 0 | Bingo 0 | Fortune 0 | Tax 0
Seat 1: 55082363 folded before Flop
Seat 2: bf85e3c9 folded before Flop
Seat 3: d43770e0 (button) collected (5,360)
Seat 4: e79b5c9e (small blind) folded before Flop
Seat 5: 82584efd (big blind) folded before Flop
Seat 6: Hero folded before Flop
Seat 7: dfe132a0 folded before Flop
Seat 8: 8bd244a4 folded before Flop


Poker Hand #TM297039757: Tournament #207512323, Bounty Hunters Sunday Forty Stack $44 Hold'em No Limit - Level7(400/800) - 2025/05/25 19:09:40
Table '176' 8-max Seat #2 is the button
Seat 1: 55082363 (63,056 in chips)
Seat 2: bf85e3c9 (43,228 in chips)
Seat 3: d43770e0 (24,420 in chips)
Seat 4: e79b5c9e (28,065 in chips)
Seat 5: 82584efd (70,290 in chips)
Seat 6: Hero (25,682 in chips)
Seat 7: dfe132a0 (54,105 in chips)
Seat 8: 8bd244a4 (41,058 in chips)
bf85e3c9: posts the ante 120
dfe132a0: posts the ante 120
8bd244a4: posts the ante 120
d43770e0: posts the ante 120
55082363: posts the ante 120
Hero: posts the ante 120
82584efd: posts the ante 120
e79b5c9e: posts the ante 120
d43770e0: posts small blind 400
e79b5c9e: posts big blind 800
*** HOLE CARDS ***
Dealt to 55082363 
Dealt to bf85e3c9 
Dealt to d43770e0 
Dealt to e79b5c9e 
Dealt to 82584efd 
Dealt to Hero [8c 4d]
Dealt to dfe132a0 
Dealt to 8bd244a4 
82584efd: folds
Hero: folds
dfe132a0: raises 800 to 1,600
8bd244a4: folds
55082363: folds
bf85e3c9: folds
d43770e0: folds
e79b5c9e: folds
Uncalled bet (800) returned to dfe132a0
*** SHOWDOWN ***
dfe132a0 collected 2,960 from pot
*** SUMMARY ***
Total pot 2,960 | Rake 0 | Jackpot 0 | Bingo 0 | Fortune 0 | Tax 0
Seat 1: 55082363 folded before Flop
Seat 2: bf85e3c9 (button) folded before Flop
Seat 3: d43770e0 (small blind) folded before Flop
Seat 4: e79b5c9e (big blind) folded before Flop
Seat 5: 82584efd folded before Flop
Seat 6: Hero folded before Flop
Seat 7: dfe132a0 collected (2,960)
Seat 8: 8bd244a4 folded before Flop


Poker Hand #TM297039583: Tournament #207512323, Bounty Hunters Sunday Forty Stack $44 Hold'em No Limit - Level7(400/800) - 2025/05/25 19:07:28
Table '176' 8-max Seat #1 is the button
Seat 1: 55082363 (30,968 in chips)
Seat 2: bf85e3c9 (43,748 in chips)
Seat 3: d43770e0 (55,388 in chips)
Seat 4: e79b5c9e (28,185 in chips)
Seat 5: 82584efd (70,410 in chips)
Seat 6: Hero (25,802 in chips)
Seat 7: dfe132a0 (54,225 in chips)
Seat 8: 8bd244a4 (41,178 in chips)
dfe132a0: posts the ante 120
bf85e3c9: posts the ante 120
8bd244a4: posts the ante 120
d43770e0: posts the ante 120
55082363: posts the ante 120
Hero: posts the ante 120
82584efd: posts the ante 120
e79b5c9e: posts the ante 120
bf85e3c9: posts small blind 400
d43770e0: posts big blind 800
*** HOLE CARDS ***
Dealt to 55082363 
Dealt to bf85e3c9 
Dealt to d43770e0 
Dealt to e79b5c9e 
Dealt to 82584efd 
Dealt to Hero [4c Ad]
Dealt to dfe132a0 
Dealt to 8bd244a4 
e79b5c9e: folds
82584efd: folds
Hero: folds
dfe132a0: folds
8bd244a4: folds
55082363: raises 800 to 1,600
bf85e3c9: folds
d43770e0: calls 800
*** FLOP *** [8h Ts 7c]
d43770e0: checks
55082363: bets 1,505
d43770e0: calls 1,505
*** TURN *** [8h Ts 7c] [2c]
d43770e0: checks
55082363: bets 3,785
d43770e0: raises 48,378 to 52,163
55082363: calls 23,958
Uncalled bet (24,420) returned to d43770e0
d43770e0: shows [Qd Th] (a pair of Tens)
55082363: shows [9c 8s] (a pair of Eights)
*** RIVER *** [8h Ts 7c 2c] [Jh]
*** SHOWDOWN ***
55082363 collected 63,056 from pot
*** SUMMARY ***
Total pot 63,056 | Rake 0 | Jackpot 0 | Bingo 0 | Fortune 0 | Tax 0
Board [8h Ts 7c 2c Jh]
Seat 1: 55082363 (button) showed [9c 8s] and won (63,056) with a straight, Jack to Seven
Seat 2: bf85e3c9 (small blind) folded before Flop
Seat 3: d43770e0 (big blind) showed [Qd Th] and lost with a pair of Tens
Seat 4: e79b5c9e folded before Flop
Seat 5: 82584efd folded before Flop
Seat 6: Hero folded before Flop
Seat 7: dfe132a0 folded before Flop
Seat 8: 8bd244a4 folded before Flop


Poker Hand #TM297039519: Tournament #207512323, Bounty Hunters Sunday Forty Stack $44 Hold'em No Limit - Level7(400/800) - 2025/05/25 19:06:47
Table '176' 8-max Seat #8 is the button
Seat 1: 55082363 (31,488 in chips)
Seat 2: bf85e3c9 (44,668 in chips)
Seat 3: d43770e0 (55,508 in chips)
Seat 4: e79b5c9e (28,305 in chips)
Seat 5: 82584efd (70,530 in chips)
Seat 6: Hero (25,922 in chips)
Seat 7: dfe132a0 (54,345 in chips)
Seat 8: 8bd244a4 (39,138 in chips)
dfe132a0: posts the ante 120
bf85e3c9: posts the ante 120
8bd244a4: posts the ante 120
d43770e0: posts the ante 120
55082363: posts the ante 120
Hero: posts the ante 120
82584efd: posts the ante 120
e79b5c9e: posts the ante 120
55082363: posts small blind 400
bf85e3c9: posts big blind 800
*** HOLE CARDS ***
Dealt to 55082363 
Dealt to bf85e3c9 
Dealt to d43770e0 
Dealt to e79b5c9e 
Dealt to 82584efd 
Dealt to Hero [Td 8h]
Dealt to dfe132a0 
Dealt to 8bd244a4 
d43770e0: folds
e79b5c9e: folds
82584efd: folds
Hero: folds
dfe132a0: folds
8bd244a4: raises 800 to 1,600
55082363: folds
bf85e3c9: folds
Uncalled bet (800) returned to 8bd244a4
*** SHOWDOWN ***
8bd244a4 collected 2,960 from pot
*** SUMMARY ***
Total pot 2,960 | Rake 0 | Jackpot 0 | Bingo 0 | Fortune 0 | Tax 0
Seat 1: 55082363 (small blind) folded before Flop
Seat 2: bf85e3c9 (big blind) folded before Flop
Seat 3: d43770e0 folded before Flop
Seat 4: e79b5c9e folded before Flop
Seat 5: 82584efd folded before Flop
Seat 6: Hero folded before Flop
Seat 7: dfe132a0 folded before Flop
Seat 8: 8bd244a4 (button) collected (2,960)


Poker Hand #TM297039434: Tournament #207512323, Bounty Hunters Sunday Forty Stack $44 Hold'em No Limit - Level7(400/800) - 2025/05/25 19:05:42
Table '176' 8-max Seat #7 is the button
Seat 1: 55082363 (32,408 in chips)
Seat 2: bf85e3c9 (44,788 in chips)
Seat 3: d43770e0 (55,628 in chips)
Seat 4: e79b5c9e (47,114 in chips)
Seat 5: 82584efd (70,650 in chips)
Seat 6: Hero (26,042 in chips)
Seat 7: dfe132a0 (54,465 in chips)
Seat 8: 8bd244a4 (18,809 in chips)
dfe132a0: posts the ante 120
bf85e3c9: posts the ante 120
8bd244a4: posts the ante 120
d43770e0: posts the ante 120
55082363: posts the ante 120
Hero: posts the ante 120
82584efd: posts the ante 120
e79b5c9e: posts the ante 120
8bd244a4: posts small blind 400
55082363: posts big blind 800
*** HOLE CARDS ***
Dealt to 55082363 
Dealt to bf85e3c9 
Dealt to d43770e0 
Dealt to e79b5c9e 
Dealt to 82584efd 
Dealt to Hero [Ts Qh]
Dealt to dfe132a0 
Dealt to 8bd244a4 
bf85e3c9: folds
d43770e0: folds
e79b5c9e: raises 1,200 to 2,000
82584efd: folds
Hero: folds
dfe132a0: folds
8bd244a4: raises 16,689 to 18,689
55082363: folds
e79b5c9e: calls 16,689
8bd244a4: shows [9c 9h]
e79b5c9e: shows [As Ks]
*** FLOP *** [Jd 5s 6h]
*** TURN *** [Jd 5s 6h] [9d]
*** RIVER *** [Jd 5s 6h 9d] [Qc]
*** SHOWDOWN ***
8bd244a4 collected 39,138 from pot
*** SUMMARY ***
Total pot 39,138 | Rake 0 | Jackpot 0 | Bingo 0 | Fortune 0 | Tax 0
Board [Jd 5s 6h 9d Qc]
Seat 1: 55082363 (big blind) folded before Flop
Seat 2: bf85e3c9 folded before Flop
Seat 3: d43770e0 folded before Flop
Seat 4: e79b5c9e showed [As Ks] and lost with Ace high
Seat 5: 82584efd folded before Flop
Seat 6: Hero folded before Flop
Seat 7: dfe132a0 (button) folded before Flop
Seat 8: 8bd244a4 (small blind) showed [9c 9h] and won (39,138) with three of a kind, Nines


Poker Hand #TM297039307: Tournament #207512323, Bounty Hunters Sunday Forty Stack $44 Hold'em No Limit - Level7(400/800) - 2025/05/25 19:04:21
Table '176' 8-max Seat #6 is the button
Seat 1: 55082363 (34,128 in chips)
Seat 2: bf85e3c9 (39,948 in chips)
Seat 3: d43770e0 (55,748 in chips)
Seat 4: e79b5c9e (47,234 in chips)
Seat 5: 82584efd (70,770 in chips)
Seat 6: Hero (26,162 in chips)
Seat 7: dfe132a0 (56,185 in chips)
Seat 8: 8bd244a4 (19,729 in chips)
bf85e3c9: posts the ante 120
dfe132a0: posts the ante 120
8bd244a4: posts the ante 120
d43770e0: posts the ante 120
55082363: posts the ante 120
Hero: posts the ante 120
82584efd: posts the ante 120
e79b5c9e: posts the ante 120
dfe132a0: posts small blind 400
8bd244a4: posts big blind 800
*** HOLE CARDS ***
Dealt to 55082363 
Dealt to bf85e3c9 
Dealt to d43770e0 
Dealt to e79b5c9e 
Dealt to 82584efd 
Dealt to Hero [2c 8h]
Dealt to dfe132a0 
Dealt to 8bd244a4 
55082363: raises 800 to 1,600
bf85e3c9: calls 1,600
d43770e0: folds
e79b5c9e: folds
82584efd: folds
Hero: folds
dfe132a0: calls 1,200
8bd244a4: folds
*** FLOP *** [Kc 7c 6s]
dfe132a0: checks
55082363: checks
bf85e3c9: bets 4,396
dfe132a0: folds
55082363: folds
Uncalled bet (4,396) returned to bf85e3c9
*** SHOWDOWN ***
bf85e3c9 collected 6,560 from pot
*** SUMMARY ***
Total pot 6,560 | Rake 0 | Jackpot 0 | Bingo 0 | Fortune 0 | Tax 0
Board [Kc 7c 6s]
Seat 1: 55082363 folded on the Flop
Seat 2: bf85e3c9 won (6,560)
Seat 3: d43770e0 folded before Flop
Seat 4: e79b5c9e folded before Flop
Seat 5: 82584efd folded before Flop
Seat 6: Hero (button) folded before Flop
Seat 7: dfe132a0 (small blind) folded on the Flop
Seat 8: 8bd244a4 (big blind) folded before Flop


Poker Hand #TM297039205: Tournament #207512323, Bounty Hunters Sunday Forty Stack $44 Hold'em No Limit - Level7(400/800) - 2025/05/25 19:03:09
Table '176' 8-max Seat #5 is the button
Seat 1: 55082363 (35,848 in chips)
Seat 2: bf85e3c9 (41,668 in chips)
Seat 3: d43770e0 (50,508 in chips)
Seat 4: e79b5c9e (47,354 in chips)
Seat 5: 82584efd (70,890 in chips)
Seat 6: Hero (26,682 in chips)
Seat 7: dfe132a0 (57,105 in chips)
Seat 8: 8bd244a4 (19,849 in chips)
bf85e3c9: posts the ante 120
dfe132a0: posts the ante 120
8bd244a4: posts the ante 120
d43770e0: posts the ante 120
55082363: posts the ante 120
Hero: posts the ante 120
82584efd: posts the ante 120
e79b5c9e: posts the ante 120
Hero: posts small blind 400
dfe132a0: posts big blind 800
*** HOLE CARDS ***
Dealt to 55082363 
Dealt to bf85e3c9 
Dealt to d43770e0 
Dealt to e79b5c9e 
Dealt to 82584efd 
Dealt to Hero [6h 8c]
Dealt to dfe132a0 
Dealt to 8bd244a4 
8bd244a4: folds
55082363: raises 800 to 1,600
bf85e3c9: calls 1,600
d43770e0: raises 6,400 to 8,000
e79b5c9e: folds
82584efd: folds
Hero: folds
dfe132a0: folds
55082363: folds
bf85e3c9: folds
Uncalled bet (6,400) returned to d43770e0
*** SHOWDOWN ***
d43770e0 collected 6,960 from pot
*** SUMMARY ***
Total pot 6,960 | Rake 0 | Jackpot 0 | Bingo 0 | Fortune 0 | Tax 0
Seat 1: 55082363 folded before Flop
Seat 2: bf85e3c9 folded before Flop
Seat 3: d43770e0 collected (6,960)
Seat 4: e79b5c9e folded before Flop
Seat 5: 82584efd (button) folded before Flop
Seat 6: Hero (small blind) folded before Flop
Seat 7: dfe132a0 (big blind) folded before Flop
Seat 8: 8bd244a4 folded before Flop


Poker Hand #TM297039068: Tournament #207512323, Bounty Hunters Sunday Forty Stack $44 Hold'em No Limit - Level6(300/600) - 2025/05/25 18:54:33
Table '176' 8-max Seat #4 is the button
Seat 1: 55082363 (35,938 in chips)
Seat 2: bf85e3c9 (36,464 in chips)
Seat 3: d43770e0 (50,598 in chips)
Seat 4: e79b5c9e (47,444 in chips)
Seat 5: 82584efd (74,954 in chips)
Seat 6: Hero (27,372 in chips)
Seat 7: dfe132a0 (57,195 in chips)
Seat 8: 8bd244a4 (19,939 in chips)
bf85e3c9: posts the ante 90
dfe132a0: posts the ante 90
8bd244a4: posts the ante 90
d43770e0: posts the ante 90
55082363: posts the ante 90
Hero: posts the ante 90
82584efd: posts the ante 90
e79b5c9e: posts the ante 90
82584efd: posts small blind 300
Hero: posts big blind 600
*** HOLE CARDS ***
Dealt to 55082363 
Dealt to bf85e3c9 
Dealt to d43770e0 
Dealt to e79b5c9e 
Dealt to 82584efd 
Dealt to Hero [2d 6c]
Dealt to dfe132a0 
Dealt to 8bd244a4 
dfe132a0: folds
8bd244a4: folds
55082363: folds
bf85e3c9: raises 720 to 1,320
d43770e0: folds
e79b5c9e: folds
82584efd: calls 1,020
Hero: folds
*** FLOP *** [7s 8h 7h]
82584efd: checks
bf85e3c9: bets 2,654
82584efd: calls 2,654
*** TURN *** [7s 8h 7h] [Jd]
82584efd: checks
bf85e3c9: checks
*** RIVER *** [7s 8h 7h Jd] [Ac]
82584efd: checks
bf85e3c9: bets 6,210
82584efd: folds
Uncalled bet (6,210) returned to bf85e3c9
*** SHOWDOWN ***
bf85e3c9 collected 9,268 from pot
*** SUMMARY ***
Total pot 9,268 | Rake 0 | Jackpot 0 | Bingo 0 | Fortune 0 | Tax 0
Board [7s 8h 7h Jd Ac]
Seat 1: 55082363 folded before Flop
Seat 2: bf85e3c9 won (9,268)
Seat 3: d43770e0 folded before Flop
Seat 4: e79b5c9e (button) folded before Flop
Seat 5: 82584efd (small blind) folded on the River
Seat 6: Hero (big blind) folded before Flop
Seat 7: dfe132a0 folded before Flop
Seat 8: 8bd244a4 folded before Flop


Poker Hand #TM297038964: Tournament #207512323, Bounty Hunters Sunday Forty Stack $44 Hold'em No Limit - Level6(300/600) - 2025/05/25 18:53:20
Table '176' 8-max Seat #3 is the button
Seat 1: 55082363 (37,228 in chips)
Seat 2: bf85e3c9 (36,554 in chips)
Seat 3: d43770e0 (50,688 in chips)
Seat 4: e79b5c9e (47,834 in chips)
Seat 5: 82584efd (67,004 in chips)
Seat 6: Hero (33,282 in chips)
Seat 7: dfe132a0 (57,285 in chips)
Seat 8: 8bd244a4 (20,029 in chips)
bf85e3c9: posts the ante 90
dfe132a0: posts the ante 90
8bd244a4: posts the ante 90
d43770e0: posts the ante 90
55082363: posts the ante 90
Hero: posts the ante 90
82584efd: posts the ante 90
e79b5c9e: posts the ante 90
e79b5c9e: posts small blind 300
82584efd: posts big blind 600
*** HOLE CARDS ***
Dealt to 55082363 
Dealt to bf85e3c9 
Dealt to d43770e0 
Dealt to e79b5c9e 
Dealt to 82584efd 
Dealt to Hero [Qs As]
Dealt to dfe132a0 
Dealt to 8bd244a4 
Hero: raises 600 to 1,200
dfe132a0: folds
8bd244a4: folds
55082363: calls 1,200
bf85e3c9: folds
d43770e0: folds
e79b5c9e: folds
82584efd: calls 600
*** FLOP *** [Jh 8h Qd]
82584efd: checks
Hero: checks
55082363: checks
*** TURN *** [Jh 8h Qd] [5d]
82584efd: checks
Hero: bets 4,620
55082363: folds
82584efd: raises 61,094 to 65,714
Hero: folds
Uncalled bet (61,094) returned to 82584efd
*** SHOWDOWN ***
82584efd collected 13,860 from pot
*** SUMMARY ***
Total pot 13,860 | Rake 0 | Jackpot 0 | Bingo 0 | Fortune 0 | Tax 0
Board [Jh 8h Qd 5d]
Seat 1: 55082363 folded on the Turn
Seat 2: bf85e3c9 folded before Flop
Seat 3: d43770e0 (button) folded before Flop
Seat 4: e79b5c9e (small blind) folded before Flop
Seat 5: 82584efd (big blind) won (13,860)
Seat 6: Hero folded on the Turn
Seat 7: dfe132a0 folded before Flop
Seat 8: 8bd244a4 folded before Flop


Poker Hand #TM297038852: Tournament #207512323, Bounty Hunters Sunday Forty Stack $44 Hold'em No Limit - Level6(300/600) - 2025/05/25 18:51:57
Table '176' 8-max Seat #2 is the button
Seat 1: 55082363 (37,318 in chips)
Seat 2: bf85e3c9 (36,644 in chips)
Seat 3: d43770e0 (51,078 in chips)
Seat 4: e79b5c9e (50,253 in chips)
Seat 5: 82584efd (67,094 in chips)
Seat 6: Hero (33,372 in chips)
Seat 7: dfe132a0 (54,026 in chips)
Seat 8: 8bd244a4 (20,119 in chips)
bf85e3c9: posts the ante 90
dfe132a0: posts the ante 90
8bd244a4: posts the ante 90
d43770e0: posts the ante 90
55082363: posts the ante 90
Hero: posts the ante 90
82584efd: posts the ante 90
e79b5c9e: posts the ante 90
d43770e0: posts small blind 300
e79b5c9e: posts big blind 600
*** HOLE CARDS ***
Dealt to 55082363 
Dealt to bf85e3c9 
Dealt to d43770e0 
Dealt to e79b5c9e 
Dealt to 82584efd 
Dealt to Hero [9h 5h]
Dealt to dfe132a0 
Dealt to 8bd244a4 
82584efd: folds
Hero: folds
dfe132a0: raises 600 to 1,200
8bd244a4: folds
55082363: folds
bf85e3c9: folds
d43770e0: folds
e79b5c9e: calls 600
*** FLOP *** [8s Th As]
e79b5c9e: checks
dfe132a0: bets 1,129
e79b5c9e: calls 1,129
*** TURN *** [8s Th As] [2c]
e79b5c9e: checks
dfe132a0: bets 4,259
e79b5c9e: folds
Uncalled bet (4,259) returned to dfe132a0
*** SHOWDOWN ***
dfe132a0 collected 5,678 from pot
*** SUMMARY ***
Total pot 5,678 | Rake 0 | Jackpot 0 | Bingo 0 | Fortune 0 | Tax 0
Board [8s Th As 2c]
Seat 1: 55082363 folded before Flop
Seat 2: bf85e3c9 (button) folded before Flop
Seat 3: d43770e0 (small blind) folded before Flop
Seat 4: e79b5c9e (big blind) folded on the Turn
Seat 5: 82584efd folded before Flop
Seat 6: Hero folded before Flop
Seat 7: dfe132a0 won (5,678)
Seat 8: 8bd244a4 folded before Flop


Poker Hand #TM297038741: Tournament #207512323, Bounty Hunters Sunday Forty Stack $44 Hold'em No Limit - Level6(300/600) - 2025/05/25 18:50:30
Table '176' 8-max Seat #1 is the button
Seat 1: 55082363 (37,408 in chips)
Seat 2: bf85e3c9 (37,034 in chips)
Seat 3: d43770e0 (43,780 in chips)
Seat 4: e79b5c9e (50,343 in chips)
Seat 5: 82584efd (67,184 in chips)
Seat 6: Hero (33,462 in chips)
Seat 7: dfe132a0 (54,116 in chips)
Seat 8: 8bd244a4 (26,577 in chips)
dfe132a0: posts the ante 90
bf85e3c9: posts the ante 90
8bd244a4: posts the ante 90
d43770e0: posts the ante 90
55082363: posts the ante 90
Hero: posts the ante 90
82584efd: posts the ante 90
e79b5c9e: posts the ante 90
bf85e3c9: posts small blind 300
d43770e0: posts big blind 600
*** HOLE CARDS ***
Dealt to 55082363 
Dealt to bf85e3c9 
Dealt to d43770e0 
Dealt to e79b5c9e 
Dealt to 82584efd 
Dealt to Hero [3h 7s]
Dealt to dfe132a0 
Dealt to 8bd244a4 
e79b5c9e: folds
82584efd: folds
Hero: folds
dfe132a0: folds
8bd244a4: raises 600 to 1,200
55082363: folds
bf85e3c9: folds
d43770e0: calls 600
*** FLOP *** [6d Ah 2c]
d43770e0: checks
8bd244a4: bets 1,129
d43770e0: calls 1,129
*** TURN *** [6d Ah 2c] [Jc]
d43770e0: checks
8bd244a4: checks
*** RIVER *** [6d Ah 2c Jc] [Kh]
d43770e0: checks
8bd244a4: bets 4,039
d43770e0: calls 4,039
8bd244a4: shows [8h 5h] (Ace high)
d43770e0: shows [Ac 7d] (a pair of Aces)
*** SHOWDOWN ***
d43770e0 collected 13,756 from pot
*** SUMMARY ***
Total pot 13,756 | Rake 0 | Jackpot 0 | Bingo 0 | Fortune 0 | Tax 0
Board [6d Ah 2c Jc Kh]
Seat 1: 55082363 (button) folded before Flop
Seat 2: bf85e3c9 (small blind) folded before Flop
Seat 3: d43770e0 (big blind) showed [Ac 7d] and won (13,756) with a pair of Aces
Seat 4: e79b5c9e folded before Flop
Seat 5: 82584efd folded before Flop
Seat 6: Hero folded before Flop
Seat 7: dfe132a0 folded before Flop
Seat 8: 8bd244a4 showed [8h 5h] and lost with Ace high


Poker Hand #TM297038646: Tournament #207512323, Bounty Hunters Sunday Forty Stack $44 Hold'em No Limit - Level6(300/600) - 2025/05/25 18:49:24
Table '176' 8-max Seat #8 is the button
Seat 1: 55082363 (37,798 in chips)
Seat 2: bf85e3c9 (37,724 in chips)
Seat 3: d43770e0 (43,870 in chips)
Seat 4: e79b5c9e (51,933 in chips)
Seat 5: 82584efd (71,474 in chips)
Seat 6: Hero (33,552 in chips)
Seat 7: dfe132a0 (46,886 in chips)
Seat 8: 8bd244a4 (26,667 in chips)
dfe132a0: posts the ante 90
bf85e3c9: posts the ante 90
8bd244a4: posts the ante 90
d43770e0: posts the ante 90
55082363: posts the ante 90
Hero: posts the ante 90
82584efd: posts the ante 90
e79b5c9e: posts the ante 90
55082363: posts small blind 300
bf85e3c9: posts big blind 600
*** HOLE CARDS ***
Dealt to 55082363 
Dealt to bf85e3c9 
Dealt to d43770e0 
Dealt to e79b5c9e 
Dealt to 82584efd 
Dealt to Hero [8h 7d]
Dealt to dfe132a0 
Dealt to 8bd244a4 
d43770e0: folds
e79b5c9e: raises 900 to 1,500
82584efd: raises 2,700 to 4,200
Hero: folds
dfe132a0: raises 5,100 to 9,300
8bd244a4: folds
55082363: folds
bf85e3c9: folds
e79b5c9e: folds
82584efd: folds
Uncalled bet (5,100) returned to dfe132a0
*** SHOWDOWN ***
dfe132a0 collected 11,520 from pot
*** SUMMARY ***
Total pot 11,520 | Rake 0 | Jackpot 0 | Bingo 0 | Fortune 0 | Tax 0
Seat 1: 55082363 (small blind) folded before Flop
Seat 2: bf85e3c9 (big blind) folded before Flop
Seat 3: d43770e0 folded before Flop
Seat 4: e79b5c9e folded before Flop
Seat 5: 82584efd folded before Flop
Seat 6: Hero folded before Flop
Seat 7: dfe132a0 collected (11,520)
Seat 8: 8bd244a4 (button) folded before Flop


Poker Hand #TM297038539: Tournament #207512323, Bounty Hunters Sunday Forty Stack $44 Hold'em No Limit - Level6(300/600) - 2025/05/25 18:48:00
Table '176' 8-max Seat #7 is the button
Seat 1: 55082363 (38,488 in chips)
Seat 2: bf85e3c9 (37,814 in chips)
Seat 3: d43770e0 (43,960 in chips)
Seat 4: e79b5c9e (52,023 in chips)
Seat 5: 82584efd (59,146 in chips)
Seat 6: Hero (33,642 in chips)
Seat 7: dfe132a0 (46,976 in chips)
Seat 8: 8bd244a4 (37,855 in chips)
dfe132a0: posts the ante 90
bf85e3c9: posts the ante 90
8bd244a4: posts the ante 90
d43770e0: posts the ante 90
55082363: posts the ante 90
Hero: posts the ante 90
82584efd: posts the ante 90
e79b5c9e: posts the ante 90
8bd244a4: posts small blind 300
55082363: posts big blind 600
*** HOLE CARDS ***
Dealt to 55082363 
Dealt to bf85e3c9 
Dealt to d43770e0 
Dealt to e79b5c9e 
Dealt to 82584efd 
Dealt to Hero [6d 4h]
Dealt to dfe132a0 
Dealt to 8bd244a4 
bf85e3c9: folds
d43770e0: folds
e79b5c9e: folds
82584efd: raises 780 to 1,380
Hero: folds
dfe132a0: folds
8bd244a4: raises 2,640 to 4,020
55082363: folds
82584efd: calls 2,640
*** FLOP *** [7s Ac Th]
8bd244a4: bets 3,089
82584efd: raises 3,989 to 7,078
8bd244a4: calls 3,989
*** TURN *** [7s Ac Th] [9d]
8bd244a4: checks
82584efd: bets 8,100
8bd244a4: folds
Uncalled bet (8,100) returned to 82584efd
*** SHOWDOWN ***
82584efd collected 23,516 from pot
*** SUMMARY ***
Total pot 23,516 | Rake 0 | Jackpot 0 | Bingo 0 | Fortune 0 | Tax 0
Board [7s Ac Th 9d]
Seat 1: 55082363 (big blind) folded before Flop
Seat 2: bf85e3c9 folded before Flop
Seat 3: d43770e0 folded before Flop
Seat 4: e79b5c9e folded before Flop
Seat 5: 82584efd won (23,516)
Seat 6: Hero folded before Flop
Seat 7: dfe132a0 (button) folded before Flop
Seat 8: 8bd244a4 (small blind) folded on the Turn


Poker Hand #TM297038452: Tournament #207512323, Bounty Hunters Sunday Forty Stack $44 Hold'em No Limit - Level6(300/600) - 2025/05/25 18:46:59
Table '176' 8-max Seat #6 is the button
Seat 1: 55082363 (38,578 in chips)
Seat 2: bf85e3c9 (41,624 in chips)
Seat 3: d43770e0 (38,710 in chips)
Seat 4: e79b5c9e (52,113 in chips)
Seat 5: 82584efd (59,236 in chips)
Seat 6: Hero (33,732 in chips)
Seat 7: dfe132a0 (47,366 in chips)
Seat 8: 8bd244a4 (38,545 in chips)
bf85e3c9: posts the ante 90
dfe132a0: posts the ante 90
8bd244a4: posts the ante 90
d43770e0: posts the ante 90
55082363: posts the ante 90
Hero: posts the ante 90
82584efd: posts the ante 90
e79b5c9e: posts the ante 90
dfe132a0: posts small blind 300
8bd244a4: posts big blind 600
*** HOLE CARDS ***
Dealt to 55082363 
Dealt to bf85e3c9 
Dealt to d43770e0 
Dealt to e79b5c9e 
Dealt to 82584efd 
Dealt to Hero [Tc 2c]
Dealt to dfe132a0 
Dealt to 8bd244a4 
55082363: folds
bf85e3c9: raises 720 to 1,320
d43770e0: calls 1,320
e79b5c9e: folds
82584efd: folds
Hero: folds
dfe132a0: folds
8bd244a4: folds
*** FLOP *** [3c 4s Th]
bf85e3c9: bets 2,400
d43770e0: raises 6,705 to 9,105
bf85e3c9: folds
Uncalled bet (6,705) returned to d43770e0
*** SHOWDOWN ***
d43770e0 collected 9,060 from pot
*** SUMMARY ***
Total pot 9,060 | Rake 0 | Jackpot 0 | Bingo 0 | Fortune 0 | Tax 0
Board [3c 4s Th]
Seat 1: 55082363 folded before Flop
Seat 2: bf85e3c9 folded on the Flop
Seat 3: d43770e0 won (9,060)
Seat 4: e79b5c9e folded before Flop
Seat 5: 82584efd folded before Flop
Seat 6: Hero (button) folded before Flop
Seat 7: dfe132a0 (small blind) folded before Flop
Seat 8: 8bd244a4 (big blind) folded before Flop


Poker Hand #TM297038383: Tournament #207512323, Bounty Hunters Sunday Forty Stack $44 Hold'em No Limit - Level6(300/600) - 2025/05/25 18:46:08
Table '176' 8-max Seat #5 is the button
Seat 1: 55082363 (38,668 in chips)
Seat 2: bf85e3c9 (41,714 in chips)
Seat 3: d43770e0 (38,800 in chips)
Seat 4: e79b5c9e (52,203 in chips)
Seat 5: 82584efd (55,754 in chips)
Seat 6: Hero (34,122 in chips)
Seat 7: dfe132a0 (50,008 in chips)
Seat 8: 8bd244a4 (38,635 in chips)
bf85e3c9: posts the ante 90
dfe132a0: posts the ante 90
8bd244a4: posts the ante 90
d43770e0: posts the ante 90
55082363: posts the ante 90
Hero: posts the ante 90
82584efd: posts the ante 90
e79b5c9e: posts the ante 90
Hero: posts small blind 300
dfe132a0: posts big blind 600
*** HOLE CARDS ***
Dealt to 55082363 
Dealt to bf85e3c9 
Dealt to d43770e0 
Dealt to e79b5c9e 
Dealt to 82584efd 
Dealt to Hero [Kh 3s]
Dealt to dfe132a0 
Dealt to 8bd244a4 
8bd244a4: folds
55082363: folds
bf85e3c9: folds
d43770e0: folds
e79b5c9e: folds
82584efd: raises 780 to 1,380
Hero: folds
dfe132a0: calls 780
*** FLOP *** [2c 8c Ah]
dfe132a0: checks
82584efd: bets 1,172
dfe132a0: calls 1,172
*** TURN *** [2c 8c Ah] [6c]
dfe132a0: checks
82584efd: bets 3,650
dfe132a0: folds
Uncalled bet (3,650) returned to 82584efd
*** SHOWDOWN ***
82584efd collected 6,124 from pot
*** SUMMARY ***
Total pot 6,124 | Rake 0 | Jackpot 0 | Bingo 0 | Fortune 0 | Tax 0
Board [2c 8c Ah 6c]
Seat 1: 55082363 folded before Flop
Seat 2: bf85e3c9 folded before Flop
Seat 3: d43770e0 folded before Flop
Seat 4: e79b5c9e folded before Flop
Seat 5: 82584efd (button) won (6,124)
Seat 6: Hero (small blind) folded before Flop
Seat 7: dfe132a0 (big blind) folded on the Turn
Seat 8: 8bd244a4 folded before Flop


Poker Hand #TM297038253: Tournament #207512323, Bounty Hunters Sunday Forty Stack $44 Hold'em No Limit - Level6(300/600) - 2025/05/25 18:44:38
Table '176' 8-max Seat #4 is the button
Seat 1: 55082363 (38,758 in chips)
Seat 2: bf85e3c9 (41,804 in chips)
Seat 3: d43770e0 (38,890 in chips)
Seat 4: e79b5c9e (45,573 in chips)
Seat 5: 82584efd (60,344 in chips)
Seat 6: Hero (35,712 in chips)
Seat 7: dfe132a0 (50,098 in chips)
Seat 8: 8bd244a4 (38,725 in chips)
bf85e3c9: posts the ante 90
dfe132a0: posts the ante 90
8bd244a4: posts the ante 90
d43770e0: posts the ante 90
55082363: posts the ante 90
Hero: posts the ante 90
82584efd: posts the ante 90
e79b5c9e: posts the ante 90
82584efd: posts small blind 300
Hero: posts big blind 600
*** HOLE CARDS ***
Dealt to 55082363 
Dealt to bf85e3c9 
Dealt to d43770e0 
Dealt to e79b5c9e 
Dealt to 82584efd 
Dealt to Hero [5c 3s]
Dealt to dfe132a0 
Dealt to 8bd244a4 
dfe132a0: folds
8bd244a4: folds
55082363: folds
bf85e3c9: folds
d43770e0: folds
e79b5c9e: raises 900 to 1,500
82584efd: calls 1,200
Hero: calls 900
*** FLOP *** [2d 6d 2h]
82584efd: checks
Hero: checks
e79b5c9e: checks
*** TURN *** [2d 6d 2h] [Qs]
82584efd: checks
Hero: checks
e79b5c9e: checks
*** RIVER *** [2d 6d 2h Qs] [Kd]
82584efd: checks
Hero: checks
e79b5c9e: bets 3,000
82584efd: calls 3,000
Hero: folds
e79b5c9e: shows [6h 6s] (a full house, Sixes full of Twos)
82584efd: shows [Jc Kh] (two pair, Kings and Twos)
*** SHOWDOWN ***
e79b5c9e collected 11,220 from pot
*** SUMMARY ***
Total pot 11,220 | Rake 0 | Jackpot 0 | Bingo 0 | Fortune 0 | Tax 0
Board [2d 6d 2h Qs Kd]
Seat 1: 55082363 folded before Flop
Seat 2: bf85e3c9 folded before Flop
Seat 3: d43770e0 folded before Flop
Seat 4: e79b5c9e (button) showed [6h 6s] and won (11,220) with a full house, Sixes full of Twos
Seat 5: 82584efd (small blind) showed [Jc Kh] and lost with two pair, Kings and Twos
Seat 6: Hero (big blind) folded on the River
Seat 7: dfe132a0 folded before Flop
Seat 8: 8bd244a4 folded before Flop


Poker Hand #TM297038120: Tournament #207512323, Bounty Hunters Sunday Forty Stack $44 Hold'em No Limit - Level6(300/600) - 2025/05/25 18:42:59
Table '176' 8-max Seat #3 is the button
Seat 1: 55082363 (38,848 in chips)
Seat 2: bf85e3c9 (41,894 in chips)
Seat 3: d43770e0 (38,980 in chips)
Seat 4: e79b5c9e (46,863 in chips)
Seat 5: 82584efd (61,634 in chips)
Seat 6: Hero (35,802 in chips)
Seat 7: dfe132a0 (51,388 in chips)
Seat 8: 8bd244a4 (34,495 in chips)
bf85e3c9: posts the ante 90
dfe132a0: posts the ante 90
8bd244a4: posts the ante 90
d43770e0: posts the ante 90
55082363: posts the ante 90
Hero: posts the ante 90
82584efd: posts the ante 90
e79b5c9e: posts the ante 90
e79b5c9e: posts small blind 300
82584efd: posts big blind 600
*** HOLE CARDS ***
Dealt to 55082363 
Dealt to bf85e3c9 
Dealt to d43770e0 
Dealt to e79b5c9e 
Dealt to 82584efd 
Dealt to Hero [2d 8h]
Dealt to dfe132a0 
Dealt to 8bd244a4 
Hero: folds
dfe132a0: raises 600 to 1,200
8bd244a4: calls 1,200
55082363: folds
bf85e3c9: folds
d43770e0: folds
e79b5c9e: calls 900
82584efd: calls 600
*** FLOP *** [8d 2s 3s]
e79b5c9e: checks
82584efd: checks
dfe132a0: checks
8bd244a4: bets 2,760
e79b5c9e: folds
82584efd: folds
dfe132a0: folds
Uncalled bet (2,760) returned to 8bd244a4
*** SHOWDOWN ***
8bd244a4 collected 5,520 from pot
*** SUMMARY ***
Total pot 5,520 | Rake 0 | Jackpot 0 | Bingo 0 | Fortune 0 | Tax 0
Board [8d 2s 3s]
Seat 1: 55082363 folded before Flop
Seat 2: bf85e3c9 folded before Flop
Seat 3: d43770e0 (button) folded before Flop
Seat 4: e79b5c9e (small blind) folded on the Flop
Seat 5: 82584efd (big blind) folded on the Flop
Seat 6: Hero folded before Flop
Seat 7: dfe132a0 folded on the Flop
Seat 8: 8bd244a4 won (5,520)


Poker Hand #TM297038032: Tournament #207512323, Bounty Hunters Sunday Forty Stack $44 Hold'em No Limit - Level5(250/500) - 2025/05/25 18:41:54
Table '176' 8-max Seat #2 is the button
Seat 1: 55082363 (40,636 in chips)
Seat 2: bf85e3c9 (41,969 in chips)
Seat 3: d43770e0 (39,305 in chips)
Seat 4: e79b5c9e (44,375 in chips)
Seat 5: 82584efd (61,709 in chips)
Seat 6: Hero (35,877 in chips)
Seat 7: dfe132a0 (51,463 in chips)
Seat 8: 8bd244a4 (34,570 in chips)
bf85e3c9: posts the ante 75
dfe132a0: posts the ante 75
8bd244a4: posts the ante 75
d43770e0: posts the ante 75
55082363: posts the ante 75
Hero: posts the ante 75
82584efd: posts the ante 75
e79b5c9e: posts the ante 75
d43770e0: posts small blind 250
e79b5c9e: posts big blind 500
*** HOLE CARDS ***
Dealt to 55082363 
Dealt to bf85e3c9 
Dealt to d43770e0 
Dealt to e79b5c9e 
Dealt to 82584efd 
Dealt to Hero [4s Qh]
Dealt to dfe132a0 
Dealt to 8bd244a4 
82584efd: folds
Hero: folds
dfe132a0: folds
8bd244a4: folds
55082363: raises 500 to 1,000
bf85e3c9: folds
d43770e0: folds
e79b5c9e: calls 500
*** FLOP *** [4c Qd Qc]
e79b5c9e: checks
55082363: bets 713
e79b5c9e: calls 713
*** TURN *** [4c Qd Qc] [2h]
e79b5c9e: checks
55082363: checks
*** RIVER *** [4c Qd Qc 2h] [2d]
e79b5c9e: checks
55082363: checks
e79b5c9e: shows [Ad Jc] (two pair, Queens and Twos)
55082363: shows [Th Jd] (two pair, Queens and Twos)
*** SHOWDOWN ***
e79b5c9e collected 4,276 from pot
*** SUMMARY ***
Total pot 4,276 | Rake 0 | Jackpot 0 | Bingo 0 | Fortune 0 | Tax 0
Board [4c Qd Qc 2h 2d]
Seat 1: 55082363 showed [Th Jd] and lost with two pair, Queens and Twos
Seat 2: bf85e3c9 (button) folded before Flop
Seat 3: d43770e0 (small blind) folded before Flop
Seat 4: e79b5c9e (big blind) showed [Ad Jc] and won (4,276) with two pair, Queens and Twos
Seat 5: 82584efd folded before Flop
Seat 6: Hero folded before Flop
Seat 7: dfe132a0 folded before Flop
Seat 8: 8bd244a4 folded before Flop


Poker Hand #TM297037871: Tournament #207512323, Bounty Hunters Sunday Forty Stack $44 Hold'em No Limit - Level5(250/500) - 2025/05/25 18:39:53
Table '176' 8-max Seat #1 is the button
Seat 1: 55082363 (40,711 in chips)
Seat 2: bf85e3c9 (42,294 in chips)
Seat 3: d43770e0 (39,880 in chips)
Seat 4: e79b5c9e (44,450 in chips)
Seat 5: 82584efd (61,784 in chips)
Seat 6: Hero (41,839 in chips)
Seat 7: dfe132a0 (51,538 in chips)
Seat 8: 8bd244a4 (27,408 in chips)
dfe132a0: posts the ante 75
bf85e3c9: posts the ante 75
8bd244a4: posts the ante 75
d43770e0: posts the ante 75
55082363: posts the ante 75
Hero: posts the ante 75
82584efd: posts the ante 75
e79b5c9e: posts the ante 75
bf85e3c9: posts small blind 250
d43770e0: posts big blind 500
*** HOLE CARDS ***
Dealt to 55082363 
Dealt to bf85e3c9 
Dealt to d43770e0 
Dealt to e79b5c9e 
Dealt to 82584efd 
Dealt to Hero [Kd As]
Dealt to dfe132a0 
Dealt to 8bd244a4 
e79b5c9e: folds
82584efd: folds
Hero: raises 500 to 1,000
dfe132a0: folds
8bd244a4: calls 1,000
55082363: folds
bf85e3c9: folds
d43770e0: folds
*** FLOP *** [2h Ac Jh]
Hero: bets 1,106
8bd244a4: calls 1,106
*** TURN *** [2h Ac Jh] [Tc]
Hero: checks
8bd244a4: bets 3,781
Hero: calls 3,781
*** RIVER *** [2h Ac Jh Tc] [9c]
Hero: checks
8bd244a4: bets 8,062
Hero: folds
Uncalled bet (8,062) returned to 8bd244a4
*** SHOWDOWN ***
8bd244a4 collected 13,124 from pot
*** SUMMARY ***
Total pot 13,124 | Rake 0 | Jackpot 0 | Bingo 0 | Fortune 0 | Tax 0
Board [2h Ac Jh Tc 9c]
Seat 1: 55082363 (button) folded before Flop
Seat 2: bf85e3c9 (small blind) folded before Flop
Seat 3: d43770e0 (big blind) folded before Flop
Seat 4: e79b5c9e folded before Flop
Seat 5: 82584efd folded before Flop
Seat 6: Hero folded on the River
Seat 7: dfe132a0 folded before Flop
Seat 8: 8bd244a4 won (13,124)


Poker Hand #TM297037763: Tournament #207512323, Bounty Hunters Sunday Forty Stack $44 Hold'em No Limit - Level5(250/500) - 2025/05/25 18:38:36
Table '176' 8-max Seat #8 is the button
Seat 1: 55082363 (38,186 in chips)
Seat 2: bf85e3c9 (43,369 in chips)
Seat 3: d43770e0 (39,955 in chips)
Seat 4: e79b5c9e (44,525 in chips)
Seat 5: 82584efd (61,859 in chips)
Seat 6: Hero (41,914 in chips)
Seat 7: dfe132a0 (52,613 in chips)
Seat 8: 8bd244a4 (27,483 in chips)
dfe132a0: posts the ante 75
bf85e3c9: posts the ante 75
8bd244a4: posts the ante 75
d43770e0: posts the ante 75
55082363: posts the ante 75
Hero: posts the ante 75
82584efd: posts the ante 75
e79b5c9e: posts the ante 75
55082363: posts small blind 250
bf85e3c9: posts big blind 500
*** HOLE CARDS ***
Dealt to 55082363 
Dealt to bf85e3c9 
Dealt to d43770e0 
Dealt to e79b5c9e 
Dealt to 82584efd 
Dealt to Hero [Kd 7h]
Dealt to dfe132a0 
Dealt to 8bd244a4 
d43770e0: folds
e79b5c9e: folds
82584efd: folds
Hero: folds
dfe132a0: raises 500 to 1,000
8bd244a4: folds
55082363: calls 750
bf85e3c9: calls 500
*** FLOP *** [6s Qh 2c]
55082363: checks
bf85e3c9: checks
dfe132a0: checks
*** TURN *** [6s Qh 2c] [Td]
55082363: bets 2,250
bf85e3c9: folds
dfe132a0: folds
Uncalled bet (2,250) returned to 55082363
*** SHOWDOWN ***
55082363 collected 3,600 from pot
*** SUMMARY ***
Total pot 3,600 | Rake 0 | Jackpot 0 | Bingo 0 | Fortune 0 | Tax 0
Board [6s Qh 2c Td]
Seat 1: 55082363 (small blind) won (3,600)
Seat 2: bf85e3c9 (big blind) folded on the Turn
Seat 3: d43770e0 folded before Flop
Seat 4: e79b5c9e folded before Flop
Seat 5: 82584efd folded before Flop
Seat 6: Hero folded before Flop
Seat 7: dfe132a0 folded on the Turn
Seat 8: 8bd244a4 (button) folded before Flop


Poker Hand #TM297037647: Tournament #207512323, Bounty Hunters Sunday Forty Stack $44 Hold'em No Limit - Level5(250/500) - 2025/05/25 18:37:07
Table '176' 8-max Seat #7 is the button
Seat 1: 55082363 (40,119 in chips)
Seat 2: bf85e3c9 (43,444 in chips)
Seat 3: d43770e0 (40,030 in chips)
Seat 4: e79b5c9e (44,600 in chips)
Seat 5: 82584efd (61,934 in chips)
Seat 6: Hero (41,989 in chips)
Seat 7: dfe132a0 (52,688 in chips)
Seat 8: 8bd244a4 (25,100 in chips)
dfe132a0: posts the ante 75
bf85e3c9: posts the ante 75
8bd244a4: posts the ante 75
d43770e0: posts the ante 75
55082363: posts the ante 75
Hero: posts the ante 75
82584efd: posts the ante 75
e79b5c9e: posts the ante 75
8bd244a4: posts small blind 250
55082363: posts big blind 500
*** HOLE CARDS ***
Dealt to 55082363 
Dealt to bf85e3c9 
Dealt to d43770e0 
Dealt to e79b5c9e 
Dealt to 82584efd 
Dealt to Hero [2s Td]
Dealt to dfe132a0 
Dealt to 8bd244a4 
bf85e3c9: folds
d43770e0: folds
e79b5c9e: folds
82584efd: folds
Hero: folds
dfe132a0: folds
8bd244a4: raises 500 to 1,000
55082363: calls 500
*** FLOP *** [Kc 3c 8d]
8bd244a4: bets 858
55082363: calls 858
*** TURN *** [Kc 3c 8d] [Jd]
8bd244a4: checks
55082363: checks
*** RIVER *** [Kc 3c 8d Jd] [Tc]
8bd244a4: bets 3,658
55082363: folds
Uncalled bet (3,658) returned to 8bd244a4
*** SHOWDOWN ***
8bd244a4 collected 4,316 from pot
*** SUMMARY ***
Total pot 4,316 | Rake 0 | Jackpot 0 | Bingo 0 | Fortune 0 | Tax 0
Board [Kc 3c 8d Jd Tc]
Seat 1: 55082363 (big blind) folded on the River
Seat 2: bf85e3c9 folded before Flop
Seat 3: d43770e0 folded before Flop
Seat 4: e79b5c9e folded before Flop
Seat 5: 82584efd folded before Flop
Seat 6: Hero folded before Flop
Seat 7: dfe132a0 (button) folded before Flop
Seat 8: 8bd244a4 (small blind) won (4,316)


Poker Hand #TM297037582: Tournament #207512323, Bounty Hunters Sunday Forty Stack $44 Hold'em No Limit - Level5(250/500) - 2025/05/25 18:36:29
Table '176' 8-max Seat #6 is the button
Seat 1: 55082363 (40,194 in chips)
Seat 2: bf85e3c9 (43,519 in chips)
Seat 3: d43770e0 (40,105 in chips)
Seat 4: e79b5c9e (44,675 in chips)
Seat 5: 82584efd (62,009 in chips)
Seat 6: Hero (43,064 in chips)
Seat 7: dfe132a0 (50,663 in chips)
Seat 8: 8bd244a4 (25,675 in chips)
bf85e3c9: posts the ante 75
dfe132a0: posts the ante 75
8bd244a4: posts the ante 75
d43770e0: posts the ante 75
55082363: posts the ante 75
Hero: posts the ante 75
82584efd: posts the ante 75
e79b5c9e: posts the ante 75
dfe132a0: posts small blind 250
8bd244a4: posts big blind 500
*** HOLE CARDS ***
Dealt to 55082363 
Dealt to bf85e3c9 
Dealt to d43770e0 
Dealt to e79b5c9e 
Dealt to 82584efd 
Dealt to Hero [Jh 8d]
Dealt to dfe132a0 
Dealt to 8bd244a4 
55082363: folds
bf85e3c9: folds
d43770e0: folds
e79b5c9e: folds
82584efd: folds
Hero: raises 500 to 1,000
dfe132a0: raises 3,000 to 4,000
8bd244a4: folds
Hero: folds
Uncalled bet (3,000) returned to dfe132a0
*** SHOWDOWN ***
dfe132a0 collected 3,100 from pot
*** SUMMARY ***
Total pot 3,100 | Rake 0 | Jackpot 0 | Bingo 0 | Fortune 0 | Tax 0
Seat 1: 55082363 folded before Flop
Seat 2: bf85e3c9 folded before Flop
Seat 3: d43770e0 folded before Flop
Seat 4: e79b5c9e folded before Flop
Seat 5: 82584efd folded before Flop
Seat 6: Hero (button) folded before Flop
Seat 7: dfe132a0 (small blind) collected (3,100)
Seat 8: 8bd244a4 (big blind) folded before Flop


Poker Hand #TM297037461: Tournament #207512323, Bounty Hunters Sunday Forty Stack $44 Hold'em No Limit - Level5(250/500) - 2025/05/25 18:35:02
Table '176' 8-max Seat #5 is the button
Seat 1: 55082363 (40,269 in chips)
Seat 2: bf85e3c9 (43,594 in chips)
Seat 3: d43770e0 (40,180 in chips)
Seat 4: e79b5c9e (42,650 in chips)
Seat 5: 82584efd (62,084 in chips)
Seat 6: Hero (43,389 in chips)
Seat 7: dfe132a0 (51,988 in chips)
Seat 8: 8bd244a4 (25,750 in chips)
bf85e3c9: posts the ante 75
dfe132a0: posts the ante 75
8bd244a4: posts the ante 75
d43770e0: posts the ante 75
55082363: posts the ante 75
Hero: posts the ante 75
82584efd: posts the ante 75
e79b5c9e: posts the ante 75
Hero: posts small blind 250
dfe132a0: posts big blind 500
*** HOLE CARDS ***
Dealt to 55082363 
Dealt to bf85e3c9 
Dealt to d43770e0 
Dealt to e79b5c9e 
Dealt to 82584efd 
Dealt to Hero [4h 7s]
Dealt to dfe132a0 
Dealt to 8bd244a4 
8bd244a4: folds
55082363: folds
bf85e3c9: folds
d43770e0: folds
e79b5c9e: raises 750 to 1,250
82584efd: folds
Hero: folds
dfe132a0: calls 750
*** FLOP *** [3s 5d 4d]
dfe132a0: checks
e79b5c9e: checks
*** TURN *** [3s 5d 4d] [Tc]
dfe132a0: checks
e79b5c9e: checks
*** RIVER *** [3s 5d 4d Tc] [7h]
dfe132a0: checks
e79b5c9e: checks
dfe132a0: shows [Qs 9h] (Queen high)
e79b5c9e: shows [Kc Jc] (King high)
*** SHOWDOWN ***
e79b5c9e collected 3,350 from pot
*** SUMMARY ***
Total pot 3,350 | Rake 0 | Jackpot 0 | Bingo 0 | Fortune 0 | Tax 0
Board [3s 5d 4d Tc 7h]
Seat 1: 55082363 folded before Flop
Seat 2: bf85e3c9 folded before Flop
Seat 3: d43770e0 folded before Flop
Seat 4: e79b5c9e showed [Kc Jc] and won (3,350) with King high
Seat 5: 82584efd (button) folded before Flop
Seat 6: Hero (small blind) folded before Flop
Seat 7: dfe132a0 (big blind) showed [Qs 9h] and lost with Queen high
Seat 8: 8bd244a4 folded before Flop


Poker Hand #TM297037382: Tournament #207512323, Bounty Hunters Sunday Forty Stack $44 Hold'em No Limit - Level5(250/500) - 2025/05/25 18:34:05
Table '176' 8-max Seat #4 is the button
Seat 1: 55082363 (40,344 in chips)
Seat 2: bf85e3c9 (43,669 in chips)
Seat 3: d43770e0 (40,255 in chips)
Seat 4: e79b5c9e (42,725 in chips)
Seat 5: 82584efd (59,859 in chips)
Seat 6: Hero (45,164 in chips)
Seat 7: dfe132a0 (52,063 in chips)
Seat 8: 8bd244a4 (25,825 in chips)
bf85e3c9: posts the ante 75
dfe132a0: posts the ante 75
8bd244a4: posts the ante 75
d43770e0: posts the ante 75
55082363: posts the ante 75
Hero: posts the ante 75
82584efd: posts the ante 75
e79b5c9e: posts the ante 75
82584efd: posts small blind 250
Hero: posts big blind 500
*** HOLE CARDS ***
Dealt to 55082363 
Dealt to bf85e3c9 
Dealt to d43770e0 
Dealt to e79b5c9e 
Dealt to 82584efd 
Dealt to Hero [Th 9c]
Dealt to dfe132a0 
Dealt to 8bd244a4 
dfe132a0: folds
8bd244a4: folds
55082363: folds
bf85e3c9: folds
d43770e0: folds
e79b5c9e: folds
82584efd: raises 1,200 to 1,700
Hero: calls 1,200
*** FLOP *** [5d 4s 5c]
82584efd: checks
Hero: checks
*** TURN *** [5d 4s 5c] [5s]
82584efd: checks
Hero: checks
*** RIVER *** [5d 4s 5c 5s] [Qs]
82584efd: bets 1,240
Hero: folds
Uncalled bet (1,240) returned to 82584efd
*** SHOWDOWN ***
82584efd collected 4,000 from pot
*** SUMMARY ***
Total pot 4,000 | Rake 0 | Jackpot 0 | Bingo 0 | Fortune 0 | Tax 0
Board [5d 4s 5c 5s Qs]
Seat 1: 55082363 folded before Flop
Seat 2: bf85e3c9 folded before Flop
Seat 3: d43770e0 folded before Flop
Seat 4: e79b5c9e (button) folded before Flop
Seat 5: 82584efd (small blind) won (4,000)
Seat 6: Hero (big blind) folded on the River
Seat 7: dfe132a0 folded before Flop
Seat 8: 8bd244a4 folded before Flop


Poker Hand #TM297037284: Tournament #207512323, Bounty Hunters Sunday Forty Stack $44 Hold'em No Limit - Level5(250/500) - 2025/05/25 18:32:53
Table '176' 8-max Seat #3 is the button
Seat 1: 55082363 (40,419 in chips)
Seat 2: bf85e3c9 (43,744 in chips)
Seat 3: d43770e0 (40,330 in chips)
Seat 4: e79b5c9e (43,050 in chips)
Seat 5: 82584efd (81,591 in chips)
Seat 6: Hero (21,732 in chips)
Seat 7: dfe132a0 (53,138 in chips)
Seat 8: 8bd244a4 (25,900 in chips)
bf85e3c9: posts the ante 75
dfe132a0: posts the ante 75
8bd244a4: posts the ante 75
d43770e0: posts the ante 75
55082363: posts the ante 75
Hero: posts the ante 75
82584efd: posts the ante 75
e79b5c9e: posts the ante 75
e79b5c9e: posts small blind 250
82584efd: posts big blind 500
*** HOLE CARDS ***
Dealt to 55082363 
Dealt to bf85e3c9 
Dealt to d43770e0 
Dealt to e79b5c9e 
Dealt to 82584efd 
Dealt to Hero [Kc Kh]
Dealt to dfe132a0 
Dealt to 8bd244a4 
Hero: raises 500 to 1,000
dfe132a0: calls 1,000
8bd244a4: folds
55082363: folds
bf85e3c9: folds
d43770e0: folds
e79b5c9e: folds
82584efd: raises 4,000 to 5,000
Hero: raises 16,657 to 21,657
dfe132a0: folds
82584efd: calls 16,657
Hero: shows [Kc Kh]
82584efd: shows [Qh Qs]
*** FLOP *** [8h 4c Ks]
*** TURN *** [8h 4c Ks] [4s]
*** RIVER *** [8h 4c Ks 4s] [4d]
*** SHOWDOWN ***
Hero collected 45,164 from pot
*** SUMMARY ***
Total pot 45,164 | Rake 0 | Jackpot 0 | Bingo 0 | Fortune 0 | Tax 0
Board [8h 4c Ks 4s 4d]
Seat 1: 55082363 folded before Flop
Seat 2: bf85e3c9 folded before Flop
Seat 3: d43770e0 (button) folded before Flop
Seat 4: e79b5c9e (small blind) folded before Flop
Seat 5: 82584efd (big blind) showed [Qh Qs] and lost with a full house, Fours full of Queens
Seat 6: Hero showed [Kc Kh] and won (45,164) with a full house, Kings full of Fours
Seat 7: dfe132a0 folded before Flop
Seat 8: 8bd244a4 folded before Flop


Poker Hand #TM297037162: Tournament #207512323, Bounty Hunters Sunday Forty Stack $44 Hold'em No Limit - Level5(250/500) - 2025/05/25 18:31:19
Table '176' 8-max Seat #2 is the button
Seat 1: 55082363 (35,644 in chips)
Seat 2: bf85e3c9 (43,819 in chips)
Seat 3: d43770e0 (40,655 in chips)
Seat 4: e79b5c9e (43,625 in chips)
Seat 5: 82584efd (81,666 in chips)
Seat 6: Hero (25,307 in chips)
Seat 7: dfe132a0 (53,213 in chips)
Seat 8: 8bd244a4 (25,975 in chips)
bf85e3c9: posts the ante 75
dfe132a0: posts the ante 75
8bd244a4: posts the ante 75
d43770e0: posts the ante 75
55082363: posts the ante 75
Hero: posts the ante 75
82584efd: posts the ante 75
e79b5c9e: posts the ante 75
d43770e0: posts small blind 250
e79b5c9e: posts big blind 500
*** HOLE CARDS ***
Dealt to 55082363 
Dealt to bf85e3c9 
Dealt to d43770e0 
Dealt to e79b5c9e 
Dealt to 82584efd 
Dealt to Hero [Ks Ts]
Dealt to dfe132a0 
Dealt to 8bd244a4 
82584efd: folds
Hero: raises 500 to 1,000
dfe132a0: folds
8bd244a4: folds
55082363: raises 2,500 to 3,500
bf85e3c9: folds
d43770e0: folds
e79b5c9e: folds
Hero: calls 2,500
*** FLOP *** [5c Jd 6s]
Hero: checks
55082363: bets 6,430
Hero: folds
Uncalled bet (6,430) returned to 55082363
*** SHOWDOWN ***
55082363 collected 8,350 from pot
*** SUMMARY ***
Total pot 8,350 | Rake 0 | Jackpot 0 | Bingo 0 | Fortune 0 | Tax 0
Board [5c Jd 6s]
Seat 1: 55082363 won (8,350)
Seat 2: bf85e3c9 (button) folded before Flop
Seat 3: d43770e0 (small blind) folded before Flop
Seat 4: e79b5c9e (big blind) folded before Flop
Seat 5: 82584efd folded before Flop
Seat 6: Hero folded on the Flop
Seat 7: dfe132a0 folded before Flop
Seat 8: 8bd244a4 folded before Flop


Poker Hand #TM297037029: Tournament #207512323, Bounty Hunters Sunday Forty Stack $44 Hold'em No Limit - Level4(200/400) - 2025/05/25 18:29:45
Table '176' 8-max Seat #1 is the button
Seat 1: 55082363 (35,704 in chips)
Seat 2: bf85e3c9 (44,079 in chips)
Seat 3: d43770e0 (48,700 in chips)
Seat 4: e79b5c9e (43,685 in chips)
Seat 5: 82584efd (72,142 in chips)
Seat 6: Hero (25,367 in chips)
Seat 7: dfe132a0 (53,273 in chips)
Seat 8: 8bd244a4 (26,954 in chips)
dfe132a0: posts the ante 60
bf85e3c9: posts the ante 60
8bd244a4: posts the ante 60
d43770e0: posts the ante 60
55082363: posts the ante 60
Hero: posts the ante 60
82584efd: posts the ante 60
e79b5c9e: posts the ante 60
bf85e3c9: posts small blind 200
d43770e0: posts big blind 400
*** HOLE CARDS ***
Dealt to 55082363 
Dealt to bf85e3c9 
Dealt to d43770e0 
Dealt to e79b5c9e 
Dealt to 82584efd 
Dealt to Hero [9c Js]
Dealt to dfe132a0 
Dealt to 8bd244a4 
e79b5c9e: folds
82584efd: raises 519 to 919
Hero: folds
dfe132a0: folds
8bd244a4: calls 919
55082363: folds
bf85e3c9: folds
d43770e0: calls 519
*** FLOP *** [Td 9d Ah]
d43770e0: checks
82584efd: bets 1,066
8bd244a4: folds
d43770e0: calls 1,066
*** TURN *** [Td 9d Ah] [5h]
d43770e0: checks
82584efd: bets 6,000
d43770e0: calls 6,000
*** RIVER *** [Td 9d Ah 5h] [Jd]
d43770e0: checks
82584efd: checks
d43770e0: shows [7h Jh] (a pair of Jacks)
82584efd: shows [Ts As] (two pair, Aces and Tens)
*** SHOWDOWN ***
82584efd collected 17,569 from pot
*** SUMMARY ***
Total pot 17,569 | Rake 0 | Jackpot 0 | Bingo 0 | Fortune 0 | Tax 0
Board [Td 9d Ah 5h Jd]
Seat 1: 55082363 (button) folded before Flop
Seat 2: bf85e3c9 (small blind) folded before Flop
Seat 3: d43770e0 (big blind) showed [7h Jh] and lost with a pair of Jacks
Seat 4: e79b5c9e folded before Flop
Seat 5: 82584efd showed [Ts As] and won (17,569) with two pair, Aces and Tens
Seat 6: Hero folded before Flop
Seat 7: dfe132a0 folded before Flop
Seat 8: 8bd244a4 folded on the Flop


Poker Hand #TM297036930: Tournament #207512323, Bounty Hunters Sunday Forty Stack $44 Hold'em No Limit - Level4(200/400) - 2025/05/25 18:28:25
Table '176' 8-max Seat #8 is the button
Seat 1: 55082363 (35,964 in chips)
Seat 2: bf85e3c9 (42,459 in chips)
Seat 3: d43770e0 (48,760 in chips)
Seat 4: e79b5c9e (43,745 in chips)
Seat 5: 82584efd (72,202 in chips)
Seat 6: Hero (25,427 in chips)
Seat 7: dfe132a0 (54,333 in chips)
Seat 8: 8bd244a4 (27,014 in chips)
dfe132a0: posts the ante 60
bf85e3c9: posts the ante 60
8bd244a4: posts the ante 60
d43770e0: posts the ante 60
55082363: posts the ante 60
Hero: posts the ante 60
82584efd: posts the ante 60
e79b5c9e: posts the ante 60
55082363: posts small blind 200
bf85e3c9: posts big blind 400
*** HOLE CARDS ***
Dealt to 55082363 
Dealt to bf85e3c9 
Dealt to d43770e0 
Dealt to e79b5c9e 
Dealt to 82584efd 
Dealt to Hero [Ks 7d]
Dealt to dfe132a0 
Dealt to 8bd244a4 
d43770e0: folds
e79b5c9e: folds
82584efd: folds
Hero: folds
dfe132a0: raises 600 to 1,000
8bd244a4: folds
55082363: folds
bf85e3c9: calls 600
*** FLOP *** [9s 6d 7c]
bf85e3c9: checks
dfe132a0: checks
*** TURN *** [9s 6d 7c] [4h]
bf85e3c9: bets 2,000
dfe132a0: folds
Uncalled bet (2,000) returned to bf85e3c9
*** SHOWDOWN ***
bf85e3c9 collected 2,680 from pot
*** SUMMARY ***
Total pot 2,680 | Rake 0 | Jackpot 0 | Bingo 0 | Fortune 0 | Tax 0
Board [9s 6d 7c 4h]
Seat 1: 55082363 (small blind) folded before Flop
Seat 2: bf85e3c9 (big blind) won (2,680)
Seat 3: d43770e0 folded before Flop
Seat 4: e79b5c9e folded before Flop
Seat 5: 82584efd folded before Flop
Seat 6: Hero folded before Flop
Seat 7: dfe132a0 folded on the Turn
Seat 8: 8bd244a4 (button) folded before Flop


Poker Hand #TM297036807: Tournament #207512323, Bounty Hunters Sunday Forty Stack $44 Hold'em No Limit - Level4(200/400) - 2025/05/25 18:26:59
Table '176' 8-max Seat #7 is the button
Seat 1: 55082363 (36,424 in chips)
Seat 2: bf85e3c9 (42,519 in chips)
Seat 3: d43770e0 (48,820 in chips)
Seat 4: e79b5c9e (37,490 in chips)
Seat 5: 82584efd (72,262 in chips)
Seat 6: Hero (30,722 in chips)
Seat 7: dfe132a0 (54,393 in chips)
Seat 8: 8bd244a4 (27,274 in chips)
dfe132a0: posts the ante 60
bf85e3c9: posts the ante 60
8bd244a4: posts the ante 60
d43770e0: posts the ante 60
55082363: posts the ante 60
Hero: posts the ante 60
82584efd: posts the ante 60
e79b5c9e: posts the ante 60
8bd244a4: posts small blind 200
55082363: posts big blind 400
*** HOLE CARDS ***
Dealt to 55082363 
Dealt to bf85e3c9 
Dealt to d43770e0 
Dealt to e79b5c9e 
Dealt to 82584efd 
Dealt to Hero [6s 7s]
Dealt to dfe132a0 
Dealt to 8bd244a4 
bf85e3c9: folds
d43770e0: folds
e79b5c9e: raises 600 to 1,000
82584efd: folds
Hero: raises 2,310 to 3,310
dfe132a0: folds
8bd244a4: folds
55082363: folds
e79b5c9e: calls 2,310
*** FLOP *** [Td Kc Js]
e79b5c9e: checks
Hero: bets 1,925
e79b5c9e: calls 1,925
*** TURN *** [Td Kc Js] [3d]
e79b5c9e: checks
Hero: checks
*** RIVER *** [Td Kc Js 3d] [8c]
e79b5c9e: bets 8,000
Hero: folds
Uncalled bet (8,000) returned to e79b5c9e
*** SHOWDOWN ***
e79b5c9e collected 11,550 from pot
*** SUMMARY ***
Total pot 11,550 | Rake 0 | Jackpot 0 | Bingo 0 | Fortune 0 | Tax 0
Board [Td Kc Js 3d 8c]
Seat 1: 55082363 (big blind) folded before Flop
Seat 2: bf85e3c9 folded before Flop
Seat 3: d43770e0 folded before Flop
Seat 4: e79b5c9e won (11,550)
Seat 5: 82584efd folded before Flop
Seat 6: Hero folded on the River
Seat 7: dfe132a0 (button) folded before Flop
Seat 8: 8bd244a4 (small blind) folded before Flop


Poker Hand #TM297036678: Tournament #207512323, Bounty Hunters Sunday Forty Stack $44 Hold'em No Limit - Level4(200/400) - 2025/05/25 18:25:28
Table '176' 8-max Seat #6 is the button
Seat 1: 55082363 (36,484 in chips)
Seat 2: bf85e3c9 (42,579 in chips)
Seat 3: d43770e0 (48,880 in chips)
Seat 4: e79b5c9e (37,550 in chips)
Seat 5: 82584efd (70,323 in chips)
Seat 6: Hero (31,701 in chips)
Seat 7: dfe132a0 (54,653 in chips)
Seat 8: 8bd244a4 (27,734 in chips)
bf85e3c9: posts the ante 60
dfe132a0: posts the ante 60
8bd244a4: posts the ante 60
d43770e0: posts the ante 60
55082363: posts the ante 60
Hero: posts the ante 60
82584efd: posts the ante 60
e79b5c9e: posts the ante 60
dfe132a0: posts small blind 200
8bd244a4: posts big blind 400
*** HOLE CARDS ***
Dealt to 55082363 
Dealt to bf85e3c9 
Dealt to d43770e0 
Dealt to e79b5c9e 
Dealt to 82584efd 
Dealt to Hero [8c 8h]
Dealt to dfe132a0 
Dealt to 8bd244a4 
55082363: folds
bf85e3c9: folds
d43770e0: folds
e79b5c9e: folds
82584efd: raises 519 to 919
Hero: calls 919
dfe132a0: folds
8bd244a4: folds
*** FLOP *** [Ac Ts 7h]
82584efd: checks
Hero: checks
*** TURN *** [Ac Ts 7h] [7s]
82584efd: checks
Hero: checks
*** RIVER *** [Ac Ts 7h 7s] [6h]
82584efd: bets 1,568
Hero: folds
Uncalled bet (1,568) returned to 82584efd
*** SHOWDOWN ***
82584efd collected 2,918 from pot
*** SUMMARY ***
Total pot 2,918 | Rake 0 | Jackpot 0 | Bingo 0 | Fortune 0 | Tax 0
Board [Ac Ts 7h 7s 6h]
Seat 1: 55082363 folded before Flop
Seat 2: bf85e3c9 folded before Flop
Seat 3: d43770e0 folded before Flop
Seat 4: e79b5c9e folded before Flop
Seat 5: 82584efd won (2,918)
Seat 6: Hero (button) folded on the River
Seat 7: dfe132a0 (small blind) folded before Flop
Seat 8: 8bd244a4 (big blind) folded before Flop


Poker Hand #TM297036609: Tournament #207512323, Bounty Hunters Sunday Forty Stack $44 Hold'em No Limit - Level4(200/400) - 2025/05/25 18:24:35
Table '176' 8-max Seat #5 is the button
Seat 1: 55082363 (36,544 in chips)
Seat 2: bf85e3c9 (42,639 in chips)
Seat 3: d43770e0 (48,940 in chips)
Seat 4: e79b5c9e (37,610 in chips)
Seat 5: 82584efd (70,383 in chips)
Seat 6: Hero (32,161 in chips)
Seat 7: dfe132a0 (53,833 in chips)
Seat 8: 8bd244a4 (27,794 in chips)
bf85e3c9: posts the ante 60
dfe132a0: posts the ante 60
8bd244a4: posts the ante 60
d43770e0: posts the ante 60
55082363: posts the ante 60
Hero: posts the ante 60
82584efd: posts the ante 60
e79b5c9e: posts the ante 60
Hero: posts small blind 200
dfe132a0: posts big blind 400
*** HOLE CARDS ***
Dealt to 55082363 
Dealt to bf85e3c9 
Dealt to d43770e0 
Dealt to e79b5c9e 
Dealt to 82584efd 
Dealt to Hero [9s 7c]
Dealt to dfe132a0 
Dealt to 8bd244a4 
8bd244a4: folds
55082363: folds
bf85e3c9: folds
d43770e0: folds
e79b5c9e: folds
82584efd: folds
Hero: calls 200
dfe132a0: checks
*** FLOP *** [Qd 2d 4c]
Hero: checks
dfe132a0: checks
*** TURN *** [Qd 2d 4c] [Qh]
Hero: checks
dfe132a0: bets 960
Hero: folds
Uncalled bet (960) returned to dfe132a0
*** SHOWDOWN ***
dfe132a0 collected 1,280 from pot
*** SUMMARY ***
Total pot 1,280 | Rake 0 | Jackpot 0 | Bingo 0 | Fortune 0 | Tax 0
Board [Qd 2d 4c Qh]
Seat 1: 55082363 folded before Flop
Seat 2: bf85e3c9 folded before Flop
Seat 3: d43770e0 folded before Flop
Seat 4: e79b5c9e folded before Flop
Seat 5: 82584efd (button) folded before Flop
Seat 6: Hero (small blind) folded on the Turn
Seat 7: dfe132a0 (big blind) won (1,280)
Seat 8: 8bd244a4 folded before Flop


Poker Hand #TM297036512: Tournament #207512323, Bounty Hunters Sunday Forty Stack $44 Hold'em No Limit - Level4(200/400) - 2025/05/25 18:23:24
Table '176' 8-max Seat #4 is the button
Seat 1: 55082363 (34,371 in chips)
Seat 2: bf85e3c9 (42,699 in chips)
Seat 3: d43770e0 (49,000 in chips)
Seat 4: e79b5c9e (37,670 in chips)
Seat 5: 82584efd (70,643 in chips)
Seat 6: Hero (33,774 in chips)
Seat 7: dfe132a0 (53,893 in chips)
Seat 8: 8bd244a4 (27,854 in chips)
bf85e3c9: posts the ante 60
dfe132a0: posts the ante 60
8bd244a4: posts the ante 60
d43770e0: posts the ante 60
55082363: posts the ante 60
Hero: posts the ante 60
82584efd: posts the ante 60
e79b5c9e: posts the ante 60
82584efd: posts small blind 200
Hero: posts big blind 400
*** HOLE CARDS ***
Dealt to 55082363 
Dealt to bf85e3c9 
Dealt to d43770e0 
Dealt to e79b5c9e 
Dealt to 82584efd 
Dealt to Hero [4c 9c]
Dealt to dfe132a0 
Dealt to 8bd244a4 
dfe132a0: folds
8bd244a4: folds
55082363: raises 400 to 800
bf85e3c9: folds
d43770e0: folds
e79b5c9e: folds
82584efd: folds
Hero: calls 400
*** FLOP *** [Ac 3d 5d]
Hero: checks
55082363: bets 753
Hero: calls 753
*** TURN *** [Ac 3d 5d] [6s]
Hero: checks
55082363: bets 2,916
Hero: folds
Uncalled bet (2,916) returned to 55082363
*** SHOWDOWN ***
55082363 collected 3,786 from pot
*** SUMMARY ***
Total pot 3,786 | Rake 0 | Jackpot 0 | Bingo 0 | Fortune 0 | Tax 0
Board [Ac 3d 5d 6s]
Seat 1: 55082363 won (3,786)
Seat 2: bf85e3c9 folded before Flop
Seat 3: d43770e0 folded before Flop
Seat 4: e79b5c9e (button) folded before Flop
Seat 5: 82584efd (small blind) folded before Flop
Seat 6: Hero (big blind) folded on the Turn
Seat 7: dfe132a0 folded before Flop
Seat 8: 8bd244a4 folded before Flop


Poker Hand #TM297036444: Tournament #207512323, Bounty Hunters Sunday Forty Stack $44 Hold'em No Limit - Level4(200/400) - 2025/05/25 18:22:32
Table '176' 8-max Seat #3 is the button
Seat 1: 55082363 (34,431 in chips)
Seat 2: bf85e3c9 (42,759 in chips)
Seat 3: d43770e0 (47,580 in chips)
Seat 4: e79b5c9e (37,930 in chips)
Seat 5: 82584efd (71,503 in chips)
Seat 6: Hero (33,834 in chips)
Seat 7: dfe132a0 (53,953 in chips)
Seat 8: 8bd244a4 (27,914 in chips)
bf85e3c9: posts the ante 60
dfe132a0: posts the ante 60
8bd244a4: posts the ante 60
d43770e0: posts the ante 60
55082363: posts the ante 60
Hero: posts the ante 60
82584efd: posts the ante 60
e79b5c9e: posts the ante 60
e79b5c9e: posts small blind 200
82584efd: posts big blind 400
*** HOLE CARDS ***
Dealt to 55082363 
Dealt to bf85e3c9 
Dealt to d43770e0 
Dealt to e79b5c9e 
Dealt to 82584efd 
Dealt to Hero [5s Ks]
Dealt to dfe132a0 
Dealt to 8bd244a4 
Hero: folds
dfe132a0: folds
8bd244a4: folds
55082363: folds
bf85e3c9: folds
d43770e0: raises 400 to 800
e79b5c9e: folds
82584efd: calls 400
*** FLOP *** [8c Ts Ad]
82584efd: checks
d43770e0: bets 753
82584efd: folds
Uncalled bet (753) returned to d43770e0
*** SHOWDOWN ***
d43770e0 collected 2,280 from pot
*** SUMMARY ***
Total pot 2,280 | Rake 0 | Jackpot 0 | Bingo 0 | Fortune 0 | Tax 0
Board [8c Ts Ad]
Seat 1: 55082363 folded before Flop
Seat 2: bf85e3c9 folded before Flop
Seat 3: d43770e0 (button) won (2,280)
Seat 4: e79b5c9e (small blind) folded before Flop
Seat 5: 82584efd (big blind) folded on the Flop
Seat 6: Hero folded before Flop
Seat 7: dfe132a0 folded before Flop
Seat 8: 8bd244a4 folded before Flop


Poker Hand #TM297036323: Tournament #207512323, Bounty Hunters Sunday Forty Stack $44 Hold'em No Limit - Level4(200/400) - 2025/05/25 18:21:04
Table '176' 8-max Seat #2 is the button
Seat 1: 55082363 (34,491 in chips)
Seat 2: bf85e3c9 (42,819 in chips)
Seat 3: d43770e0 (47,840 in chips)
Seat 4: e79b5c9e (38,390 in chips)
Seat 5: 82584efd (59,702 in chips)
Seat 6: Hero (33,894 in chips)
Seat 7: dfe132a0 (54,013 in chips)
Seat 8: 8bd244a4 (38,755 in chips)
bf85e3c9: posts the ante 60
dfe132a0: posts the ante 60
8bd244a4: posts the ante 60
d43770e0: posts the ante 60
55082363: posts the ante 60
Hero: posts the ante 60
82584efd: posts the ante 60
e79b5c9e: posts the ante 60
d43770e0: posts small blind 200
e79b5c9e: posts big blind 400
*** HOLE CARDS ***
Dealt to 55082363 
Dealt to bf85e3c9 
Dealt to d43770e0 
Dealt to e79b5c9e 
Dealt to 82584efd 
Dealt to Hero [Qh 4c]
Dealt to dfe132a0 
Dealt to 8bd244a4 
82584efd: raises 519 to 919
Hero: folds
dfe132a0: folds
8bd244a4: raises 1,719 to 2,638
55082363: folds
bf85e3c9: folds
d43770e0: folds
e79b5c9e: folds
82584efd: calls 1,719
*** FLOP *** [Th 5h 4d]
82584efd: checks
8bd244a4: checks
*** TURN *** [Th 5h 4d] [4s]
82584efd: bets 2,543
8bd244a4: calls 2,543
*** RIVER *** [Th 5h 4d 4s] [Ts]
82584efd: bets 5,600
8bd244a4: calls 5,600
82584efd: shows [8d 8h] (two pair, Tens and Eights)
8bd244a4: shows [Ah Kd] (two pair, Tens and Fours)
*** SHOWDOWN ***
82584efd collected 22,642 from pot
*** SUMMARY ***
Total pot 22,642 | Rake 0 | Jackpot 0 | Bingo 0 | Fortune 0 | Tax 0
Board [Th 5h 4d 4s Ts]
Seat 1: 55082363 folded before Flop
Seat 2: bf85e3c9 (button) folded before Flop
Seat 3: d43770e0 (small blind) folded before Flop
Seat 4: e79b5c9e (big blind) folded before Flop
Seat 5: 82584efd showed [8d 8h] and won (22,642) with two pair, Tens and Eights
Seat 6: Hero folded before Flop
Seat 7: dfe132a0 folded before Flop
Seat 8: 8bd244a4 showed [Ah Kd] and lost with two pair, Tens and Fours


Poker Hand #TM297036208: Tournament #207512323, Bounty Hunters Sunday Forty Stack $44 Hold'em No Limit - Level4(200/400) - 2025/05/25 18:19:50
Table '176' 8-max Seat #1 is the button
Seat 1: 55082363 (33,071 in chips)
Seat 2: bf85e3c9 (43,079 in chips)
Seat 3: d43770e0 (48,700 in chips)
Seat 4: e79b5c9e (38,450 in chips)
Seat 5: 82584efd (59,762 in chips)
Seat 6: Hero (33,954 in chips)
Seat 7: dfe132a0 (54,073 in chips)
Seat 8: 8bd244a4 (38,815 in chips)
dfe132a0: posts the ante 60
bf85e3c9: posts the ante 60
8bd244a4: posts the ante 60
d43770e0: posts the ante 60
55082363: posts the ante 60
Hero: posts the ante 60
82584efd: posts the ante 60
e79b5c9e: posts the ante 60
bf85e3c9: posts small blind 200
d43770e0: posts big blind 400
*** HOLE CARDS ***
Dealt to 55082363 
Dealt to bf85e3c9 
Dealt to d43770e0 
Dealt to e79b5c9e 
Dealt to 82584efd 
Dealt to Hero [3d Kc]
Dealt to dfe132a0 
Dealt to 8bd244a4 
e79b5c9e: folds
82584efd: folds
Hero: folds
dfe132a0: folds
8bd244a4: folds
55082363: raises 400 to 800
bf85e3c9: folds
d43770e0: calls 400
*** FLOP *** [8h Jh 6h]
d43770e0: checks
55082363: bets 753
d43770e0: folds
Uncalled bet (753) returned to 55082363
*** SHOWDOWN ***
55082363 collected 2,280 from pot
*** SUMMARY ***
Total pot 2,280 | Rake 0 | Jackpot 0 | Bingo 0 | Fortune 0 | Tax 0
Board [8h Jh 6h]
Seat 1: 55082363 (button) won (2,280)
Seat 2: bf85e3c9 (small blind) folded before Flop
Seat 3: d43770e0 (big blind) folded on the Flop
Seat 4: e79b5c9e folded before Flop
Seat 5: 82584efd folded before Flop
Seat 6: Hero folded before Flop
Seat 7: dfe132a0 folded before Flop
Seat 8: 8bd244a4 folded before Flop


Poker Hand #TM297036053: Tournament #207512323, Bounty Hunters Sunday Forty Stack $44 Hold'em No Limit - Level3(150/300) - 2025/05/25 18:17:53
Table '176' 8-max Seat #8 is the button
Seat 1: 55082363 (33,266 in chips)
Seat 2: bf85e3c9 (43,424 in chips)
Seat 3: d43770e0 (48,745 in chips)
Seat 4: e79b5c9e (38,495 in chips)
Seat 5: 82584efd (63,509 in chips)
Seat 6: Hero (29,487 in chips)
Seat 7: dfe132a0 (54,118 in chips)
Seat 8: 8bd244a4 (38,860 in chips)
dfe132a0: posts the ante 45
bf85e3c9: posts the ante 45
8bd244a4: posts the ante 45
d43770e0: posts the ante 45
55082363: posts the ante 45
Hero: posts the ante 45
82584efd: posts the ante 45
e79b5c9e: posts the ante 45
55082363: posts small blind 150
bf85e3c9: posts big blind 300
*** HOLE CARDS ***
Dealt to 55082363 
Dealt to bf85e3c9 
Dealt to d43770e0 
Dealt to e79b5c9e 
Dealt to 82584efd 
Dealt to Hero [Jd Jh]
Dealt to dfe132a0 
Dealt to 8bd244a4 
d43770e0: folds
e79b5c9e: folds
82584efd: raises 390 to 690
Hero: raises 1,643 to 2,333
dfe132a0: folds
8bd244a4: folds
55082363: folds
bf85e3c9: folds
82584efd: calls 1,643
*** FLOP *** [6h Kc 3d]
82584efd: checks
Hero: bets 1,369
82584efd: calls 1,369
*** TURN *** [6h Kc 3d] [2d]
82584efd: checks
Hero: checks
*** RIVER *** [6h Kc 3d 2d] [7s]
82584efd: checks
Hero: checks
82584efd: shows [Ac Qc] (Ace high)
Hero: shows [Jd Jh] (a pair of Jacks)
*** SHOWDOWN ***
Hero collected 8,214 from pot
*** SUMMARY ***
Total pot 8,214 | Rake 0 | Jackpot 0 | Bingo 0 | Fortune 0 | Tax 0
Board [6h Kc 3d 2d 7s]
Seat 1: 55082363 (small blind) folded before Flop
Seat 2: bf85e3c9 (big blind) folded before Flop
Seat 3: d43770e0 folded before Flop
Seat 4: e79b5c9e folded before Flop
Seat 5: 82584efd showed [Ac Qc] and lost with Ace high
Seat 6: Hero showed [Jd Jh] and won (8,214) with a pair of Jacks
Seat 7: dfe132a0 folded before Flop
Seat 8: 8bd244a4 (button) folded before Flop


Poker Hand #TM297035930: Tournament #207512323, Bounty Hunters Sunday Forty Stack $44 Hold'em No Limit - Level3(150/300) - 2025/05/25 18:16:19
Table '176' 8-max Seat #7 is the button
Seat 1: 55082363 (33,971 in chips)
Seat 2: bf85e3c9 (41,789 in chips)
Seat 3: d43770e0 (48,790 in chips)
Seat 4: e79b5c9e (38,540 in chips)
Seat 5: 82584efd (63,554 in chips)
Seat 6: Hero (29,532 in chips)
Seat 7: dfe132a0 (54,163 in chips)
Seat 8: 8bd244a4 (39,565 in chips)
dfe132a0: posts the ante 45
bf85e3c9: posts the ante 45
8bd244a4: posts the ante 45
d43770e0: posts the ante 45
55082363: posts the ante 45
Hero: posts the ante 45
82584efd: posts the ante 45
e79b5c9e: posts the ante 45
8bd244a4: posts small blind 150
55082363: posts big blind 300
*** HOLE CARDS ***
Dealt to 55082363 
Dealt to bf85e3c9 
Dealt to d43770e0 
Dealt to e79b5c9e 
Dealt to 82584efd 
Dealt to Hero [Ad 2h]
Dealt to dfe132a0 
Dealt to 8bd244a4 
bf85e3c9: raises 360 to 660
d43770e0: folds
e79b5c9e: folds
82584efd: folds
Hero: folds
dfe132a0: folds
8bd244a4: calls 510
55082363: calls 360
*** FLOP *** [3s Jc Ac]
8bd244a4: checks
55082363: checks
bf85e3c9: checks
*** TURN *** [3s Jc Ac] [4c]
8bd244a4: checks
55082363: checks
bf85e3c9: checks
*** RIVER *** [3s Jc Ac 4c] [4d]
8bd244a4: checks
55082363: checks
bf85e3c9: checks
8bd244a4: shows [5c 5h] (two pair, Fives and Fours)
55082363: shows [9d 2d] (a pair of Fours)
bf85e3c9: shows [Ks Jd] (two pair, Jacks and Fours)
*** SHOWDOWN ***
bf85e3c9 collected 2,340 from pot
*** SUMMARY ***
Total pot 2,340 | Rake 0 | Jackpot 0 | Bingo 0 | Fortune 0 | Tax 0
Board [3s Jc Ac 4c 4d]
Seat 1: 55082363 (big blind) showed [9d 2d] and lost with a pair of Fours
Seat 2: bf85e3c9 showed [Ks Jd] and won (2,340) with two pair, Jacks and Fours
Seat 3: d43770e0 folded before Flop
Seat 4: e79b5c9e folded before Flop
Seat 5: 82584efd folded before Flop
Seat 6: Hero folded before Flop
Seat 7: dfe132a0 (button) folded before Flop
Seat 8: 8bd244a4 (small blind) showed [5c 5h] and lost with two pair, Fives and Fours


Poker Hand #TM297035806: Tournament #207512323, Bounty Hunters Sunday Forty Stack $44 Hold'em No Limit - Level3(150/300) - 2025/05/25 18:14:48
Table '176' 8-max Seat #6 is the button
Seat 1: 55082363 (27,173 in chips)
Seat 2: bf85e3c9 (41,834 in chips)
Seat 3: d43770e0 (48,835 in chips)
Seat 4: e79b5c9e (38,585 in chips)
Seat 5: 82584efd (63,599 in chips)
Seat 6: Hero (29,577 in chips)
Seat 7: dfe132a0 (60,391 in chips)
Seat 8: 8bd244a4 (39,910 in chips)
bf85e3c9: posts the ante 45
dfe132a0: posts the ante 45
8bd244a4: posts the ante 45
d43770e0: posts the ante 45
55082363: posts the ante 45
Hero: posts the ante 45
82584efd: posts the ante 45
e79b5c9e: posts the ante 45
dfe132a0: posts small blind 150
8bd244a4: posts big blind 300
*** HOLE CARDS ***
Dealt to 55082363 
Dealt to bf85e3c9 
Dealt to d43770e0 
Dealt to e79b5c9e 
Dealt to 82584efd 
Dealt to Hero [2s 5c]
Dealt to dfe132a0 
Dealt to 8bd244a4 
55082363: raises 300 to 600
bf85e3c9: folds
d43770e0: folds
e79b5c9e: folds
82584efd: folds
Hero: folds
dfe132a0: calls 450
8bd244a4: folds
*** FLOP *** [7d Kd Js]
dfe132a0: checks
55082363: bets 614
dfe132a0: calls 614
*** TURN *** [7d Kd Js] [8d]
dfe132a0: checks
55082363: bets 1,020
dfe132a0: calls 1,020
*** RIVER *** [7d Kd Js 8d] [As]
dfe132a0: checks
55082363: bets 3,949
dfe132a0: calls 3,949
55082363: shows [7s 7h] (three of a kind, Sevens)
dfe132a0: shows [Ah Jc] (two pair, Aces and Jacks)
*** SHOWDOWN ***
55082363 collected 13,026 from pot
*** SUMMARY ***
Total pot 13,026 | Rake 0 | Jackpot 0 | Bingo 0 | Fortune 0 | Tax 0
Board [7d Kd Js 8d As]
Seat 1: 55082363 showed [7s 7h] and won (13,026) with three of a kind, Sevens
Seat 2: bf85e3c9 folded before Flop
Seat 3: d43770e0 folded before Flop
Seat 4: e79b5c9e folded before Flop
Seat 5: 82584efd folded before Flop
Seat 6: Hero (button) folded before Flop
Seat 7: dfe132a0 (small blind) showed [Ah Jc] and lost with two pair, Aces and Jacks
Seat 8: 8bd244a4 (big blind) folded before Flop


Poker Hand #TM297035719: Tournament #207512323, Bounty Hunters Sunday Forty Stack $44 Hold'em No Limit - Level3(150/300) - 2025/05/25 18:13:44
Table '176' 8-max Seat #5 is the button
Seat 1: 55082363 (27,218 in chips)
Seat 2: bf85e3c9 (41,879 in chips)
Seat 3: d43770e0 (47,020 in chips)
Seat 4: e79b5c9e (39,230 in chips)
Seat 5: 82584efd (63,644 in chips)
Seat 6: Hero (30,222 in chips)
Seat 7: dfe132a0 (60,736 in chips)
Seat 8: 8bd244a4 (39,955 in chips)
bf85e3c9: posts the ante 45
dfe132a0: posts the ante 45
8bd244a4: posts the ante 45
d43770e0: posts the ante 45
55082363: posts the ante 45
Hero: posts the ante 45
82584efd: posts the ante 45
e79b5c9e: posts the ante 45
Hero: posts small blind 150
dfe132a0: posts big blind 300
*** HOLE CARDS ***
Dealt to 55082363 
Dealt to bf85e3c9 
Dealt to d43770e0 
Dealt to e79b5c9e 
Dealt to 82584efd 
Dealt to Hero [Ac 6c]
Dealt to dfe132a0 
Dealt to 8bd244a4 
8bd244a4: folds
55082363: folds
bf85e3c9: folds
d43770e0: raises 300 to 600
e79b5c9e: calls 600
82584efd: folds
Hero: calls 450
dfe132a0: folds
*** FLOP *** [Js 9h 5h]
Hero: checks
d43770e0: bets 3,600
e79b5c9e: folds
Hero: folds
Uncalled bet (3,600) returned to d43770e0
*** SHOWDOWN ***
d43770e0 collected 2,460 from pot
*** SUMMARY ***
Total pot 2,460 | Rake 0 | Jackpot 0 | Bingo 0 | Fortune 0 | Tax 0
Board [Js 9h 5h]
Seat 1: 55082363 folded before Flop
Seat 2: bf85e3c9 folded before Flop
Seat 3: d43770e0 won (2,460)
Seat 4: e79b5c9e folded on the Flop
Seat 5: 82584efd (button) folded before Flop
Seat 6: Hero (small blind) folded on the Flop
Seat 7: dfe132a0 (big blind) folded before Flop
Seat 8: 8bd244a4 folded before Flop


Poker Hand #TM297035632: Tournament #207512323, Bounty Hunters Sunday Forty Stack $44 Hold'em No Limit - Level3(150/300) - 2025/05/25 18:12:36
Table '176' 8-max Seat #4 is the button
Seat 1: 55082363 (27,263 in chips)
Seat 2: bf85e3c9 (41,924 in chips)
Seat 3: d43770e0 (47,065 in chips)
Seat 4: e79b5c9e (39,275 in chips)
Seat 5: 82584efd (62,279 in chips)
Seat 6: Hero (31,317 in chips)
Seat 7: dfe132a0 (60,781 in chips)
Seat 8: 8bd244a4 (40,000 in chips)
bf85e3c9: posts the ante 45
dfe132a0: posts the ante 45
8bd244a4: posts the ante 45
d43770e0: posts the ante 45
55082363: posts the ante 45
Hero: posts the ante 45
82584efd: posts the ante 45
e79b5c9e: posts the ante 45
82584efd: posts small blind 150
Hero: posts big blind 300
*** HOLE CARDS ***
Dealt to 55082363 
Dealt to bf85e3c9 
Dealt to d43770e0 
Dealt to e79b5c9e 
Dealt to 82584efd 
Dealt to Hero [8h As]
Dealt to dfe132a0 
Dealt to 8bd244a4 
dfe132a0: folds
8bd244a4: folds
55082363: folds
bf85e3c9: folds
d43770e0: folds
e79b5c9e: folds
82584efd: calls 150
Hero: raises 750 to 1,050
82584efd: calls 750
*** FLOP *** [Kd 3d Qd]
82584efd: checks
Hero: checks
*** TURN *** [Kd 3d Qd] [7c]
82584efd: bets 1,800
Hero: folds
Uncalled bet (1,800) returned to 82584efd
*** SHOWDOWN ***
82584efd collected 2,460 from pot
*** SUMMARY ***
Total pot 2,460 | Rake 0 | Jackpot 0 | Bingo 0 | Fortune 0 | Tax 0
Board [Kd 3d Qd 7c]
Seat 1: 55082363 folded before Flop
Seat 2: bf85e3c9 folded before Flop
Seat 3: d43770e0 folded before Flop
Seat 4: e79b5c9e (button) folded before Flop
Seat 5: 82584efd (small blind) won (2,460)
Seat 6: Hero (big blind) folded on the Turn
Seat 7: dfe132a0 folded before Flop
Seat 8: 8bd244a4 folded before Flop


Poker Hand #TM297035594: Tournament #207512323, Bounty Hunters Sunday Forty Stack $44 Hold'em No Limit - Level3(150/300) - 2025/05/25 18:12:04
Table '176' 8-max Seat #3 is the button
Seat 1: 55082363 (27,308 in chips)
Seat 2: bf85e3c9 (41,969 in chips)
Seat 3: d43770e0 (47,110 in chips)
Seat 4: e79b5c9e (39,470 in chips)
Seat 5: 82584efd (62,624 in chips)
Seat 6: Hero (31,362 in chips)
Seat 7: dfe132a0 (60,061 in chips)
bf85e3c9: posts the ante 45
dfe132a0: posts the ante 45
d43770e0: posts the ante 45
55082363: posts the ante 45
Hero: posts the ante 45
82584efd: posts the ante 45
e79b5c9e: posts the ante 45
e79b5c9e: posts small blind 150
82584efd: posts big blind 300
*** HOLE CARDS ***
Dealt to 55082363 
Dealt to bf85e3c9 
Dealt to d43770e0 
Dealt to e79b5c9e 
Dealt to 82584efd 
Dealt to Hero [2h Ks]
Dealt to dfe132a0 
Hero: folds
dfe132a0: raises 450 to 750
55082363: folds
bf85e3c9: folds
d43770e0: folds
e79b5c9e: folds
82584efd: folds
Uncalled bet (450) returned to dfe132a0
*** SHOWDOWN ***
dfe132a0 collected 1,065 from pot
*** SUMMARY ***
Total pot 1,065 | Rake 0 | Jackpot 0 | Bingo 0 | Fortune 0 | Tax 0
Seat 1: 55082363 folded before Flop
Seat 2: bf85e3c9 folded before Flop
Seat 3: d43770e0 (button) folded before Flop
Seat 4: e79b5c9e (small blind) folded before Flop
Seat 5: 82584efd (big blind) folded before Flop
Seat 6: Hero folded before Flop
Seat 7: dfe132a0 collected (1,065)


Poker Hand #TM297035526: Tournament #207512323, Bounty Hunters Sunday Forty Stack $44 Hold'em No Limit - Level3(150/300) - 2025/05/25 18:11:12
Table '176' 8-max Seat #2 is the button
Seat 1: 55082363 (27,353 in chips)
Seat 2: bf85e3c9 (42,014 in chips)
Seat 3: d43770e0 (47,305 in chips)
Seat 4: e79b5c9e (39,815 in chips)
Seat 5: 82584efd (58,737 in chips)
Seat 6: Hero (31,407 in chips)
Seat 7: dfe132a0 (60,106 in chips)
Seat 8: 6936d892 (3,167 in chips)
bf85e3c9: posts the ante 45
dfe132a0: posts the ante 45
d43770e0: posts the ante 45
55082363: posts the ante 45
6936d892: posts the ante 45
Hero: posts the ante 45
82584efd: posts the ante 45
e79b5c9e: posts the ante 45
d43770e0: posts small blind 150
e79b5c9e: posts big blind 300
*** HOLE CARDS ***
Dealt to 55082363 
Dealt to bf85e3c9 
Dealt to d43770e0 
Dealt to e79b5c9e 
Dealt to 82584efd 
Dealt to Hero [Jc 5c]
Dealt to dfe132a0 
Dealt to 6936d892 
82584efd: raises 390 to 690
Hero: folds
dfe132a0: folds
6936d892: raises 2,432 to 3,122
55082363: folds
bf85e3c9: folds
d43770e0: folds
e79b5c9e: folds
82584efd: calls 2,432
6936d892: shows [Jd Kh]
82584efd: shows [3s As]
*** FLOP *** [Th 2d 4d]
*** TURN *** [Th 2d 4d] [3d]
*** RIVER *** [Th 2d 4d 3d] [7s]
*** SHOWDOWN ***
82584efd collected 7,054 from pot
*** SUMMARY ***
Total pot 7,054 | Rake 0 | Jackpot 0 | Bingo 0 | Fortune 0 | Tax 0
Board [Th 2d 4d 3d 7s]
Seat 1: 55082363 folded before Flop
Seat 2: bf85e3c9 (button) folded before Flop
Seat 3: d43770e0 (small blind) folded before Flop
Seat 4: e79b5c9e (big blind) folded before Flop
Seat 5: 82584efd showed [3s As] and won (7,054) with a pair of Threes
Seat 6: Hero folded before Flop
Seat 7: dfe132a0 folded before Flop
Seat 8: 6936d892 showed [Jd Kh] and lost with King high


Poker Hand #TM297035297: Tournament #207512323, Bounty Hunters Sunday Forty Stack $44 Hold'em No Limit - Level3(150/300) - 2025/05/25 18:08:07
Table '176' 8-max Seat #1 is the button
Seat 1: 55082363 (46,862 in chips)
Seat 2: bf85e3c9 (42,209 in chips)
Seat 3: d43770e0 (47,650 in chips)
Seat 4: e79b5c9e (39,860 in chips)
Seat 5: 82584efd (58,782 in chips)
Seat 6: Hero (32,052 in chips)
Seat 7: dfe132a0 (39,277 in chips)
Seat 8: 6936d892 (3,212 in chips)
dfe132a0: posts the ante 45
bf85e3c9: posts the ante 45
d43770e0: posts the ante 45
55082363: posts the ante 45
6936d892: posts the ante 45
Hero: posts the ante 45
82584efd: posts the ante 45
e79b5c9e: posts the ante 45
bf85e3c9: posts small blind 150
d43770e0: posts big blind 300
*** HOLE CARDS ***
Dealt to 55082363 
Dealt to bf85e3c9 
Dealt to d43770e0 
Dealt to e79b5c9e 
Dealt to 82584efd 
Dealt to Hero [Th Qc]
Dealt to dfe132a0 
Dealt to 6936d892 
e79b5c9e: folds
82584efd: folds
Hero: raises 300 to 600
dfe132a0: raises 1,800 to 2,400
6936d892: folds
55082363: raises 4,632 to 7,032
bf85e3c9: folds
d43770e0: folds
Hero: folds
dfe132a0: raises 5,532 to 12,564
55082363: calls 5,532
*** FLOP *** [2c 8d 5c]
dfe132a0: bets 2,700
55082363: calls 2,700
*** TURN *** [2c 8d 5c] [3s]
dfe132a0: bets 4,200
55082363: calls 4,200
*** RIVER *** [2c 8d 5c 3s] [4c]
dfe132a0: bets 5,100
55082363: folds
Uncalled bet (5,100) returned to dfe132a0
*** SHOWDOWN ***
dfe132a0 collected 40,338 from pot
*** SUMMARY ***
Total pot 40,338 | Rake 0 | Jackpot 0 | Bingo 0 | Fortune 0 | Tax 0
Board [2c 8d 5c 3s 4c]
Seat 1: 55082363 (button) folded on the River
Seat 2: bf85e3c9 (small blind) folded before Flop
Seat 3: d43770e0 (big blind) folded before Flop
Seat 4: e79b5c9e folded before Flop
Seat 5: 82584efd folded before Flop
Seat 6: Hero folded before Flop
Seat 7: dfe132a0 won (40,338)
Seat 8: 6936d892 folded before Flop


Poker Hand #TM297035195: Tournament #207512323, Bounty Hunters Sunday Forty Stack $44 Hold'em No Limit - Level2(125/250) - 2025/05/25 18:06:44
Table '176' 8-max Seat #8 is the button
Seat 1: 55082363 (47,022 in chips)
Seat 2: bf85e3c9 (20,687 in chips)
Seat 3: d43770e0 (47,685 in chips)
Seat 4: e79b5c9e (39,895 in chips)
Seat 5: 82584efd (58,817 in chips)
Seat 6: Hero (32,087 in chips)
Seat 7: dfe132a0 (39,812 in chips)
Seat 8: 6936d892 (23,899 in chips)
dfe132a0: posts the ante 35
bf85e3c9: posts the ante 35
d43770e0: posts the ante 35
55082363: posts the ante 35
6936d892: posts the ante 35
Hero: posts the ante 35
82584efd: posts the ante 35
e79b5c9e: posts the ante 35
55082363: posts small blind 125
bf85e3c9: posts big blind 250
*** HOLE CARDS ***
Dealt to 55082363 
Dealt to bf85e3c9 
Dealt to d43770e0 
Dealt to e79b5c9e 
Dealt to 82584efd 
Dealt to Hero [Jc 6c]
Dealt to dfe132a0 
Dealt to 6936d892 
d43770e0: folds
e79b5c9e: folds
82584efd: folds
Hero: folds
dfe132a0: raises 250 to 500
6936d892: calls 500
55082363: folds
bf85e3c9: raises 2,500 to 3,000
dfe132a0: folds
6936d892: raises 3,453 to 6,453
bf85e3c9: raises 14,199 to 20,652
6936d892: calls 14,199
bf85e3c9: shows [Jd Jh]
6936d892: shows [As Ac]
*** FLOP *** [7d Kc Js]
*** TURN *** [7d Kc Js] [Kd]
*** RIVER *** [7d Kc Js Kd] [Th]
*** SHOWDOWN ***
bf85e3c9 collected 42,209 from pot
*** SUMMARY ***
Total pot 42,209 | Rake 0 | Jackpot 0 | Bingo 0 | Fortune 0 | Tax 0
Board [7d Kc Js Kd Th]
Seat 1: 55082363 (small blind) folded before Flop
Seat 2: bf85e3c9 (big blind) showed [Jd Jh] and won (42,209) with a full house, Jacks full of Kings
Seat 3: d43770e0 folded before Flop
Seat 4: e79b5c9e folded before Flop
Seat 5: 82584efd folded before Flop
Seat 6: Hero folded before Flop
Seat 7: dfe132a0 folded before Flop
Seat 8: 6936d892 (button) showed [As Ac] and lost with two pair, Aces and Kings


Poker Hand #TM297035038: Tournament #207512323, Bounty Hunters Sunday Forty Stack $44 Hold'em No Limit - Level2(125/250) - 2025/05/25 18:04:43
Table '176' 8-max Seat #7 is the button
Seat 1: 55082363 (43,902 in chips)
Seat 2: bf85e3c9 (20,722 in chips)
Seat 3: d43770e0 (48,220 in chips)
Seat 4: e79b5c9e (39,930 in chips)
Seat 5: 82584efd (58,852 in chips)
Seat 6: Hero (32,622 in chips)
Seat 7: dfe132a0 (39,847 in chips)
Seat 8: 6936d892 (25,809 in chips)
dfe132a0: posts the ante 35
bf85e3c9: posts the ante 35
d43770e0: posts the ante 35
55082363: posts the ante 35
Hero: posts the ante 35
6936d892: posts the ante 35
82584efd: posts the ante 35
e79b5c9e: posts the ante 35
6936d892: posts small blind 125
55082363: posts big blind 250
*** HOLE CARDS ***
Dealt to 55082363 
Dealt to bf85e3c9 
Dealt to d43770e0 
Dealt to e79b5c9e 
Dealt to 82584efd 
Dealt to Hero [8s 8c]
Dealt to dfe132a0 
Dealt to 6936d892 
bf85e3c9: folds
d43770e0: raises 250 to 500
e79b5c9e: folds
82584efd: folds
Hero: calls 500
dfe132a0: folds
6936d892: calls 375
55082363: calls 250
*** FLOP *** [4h 4s Jd]
6936d892: checks
55082363: checks
d43770e0: checks
Hero: checks
*** TURN *** [4h 4s Jd] [2h]
6936d892: checks
55082363: bets 1,375
d43770e0: folds
Hero: folds
6936d892: calls 1,375
*** RIVER *** [4h 4s Jd 2h] [3s]
6936d892: checks
55082363: checks
6936d892: shows [Ad Qd] (a pair of Fours)
55082363: shows [Kc Jc] (two pair, Jacks and Fours)
*** SHOWDOWN ***
55082363 collected 5,030 from pot
*** SUMMARY ***
Total pot 5,030 | Rake 0 | Jackpot 0 | Bingo 0 | Fortune 0 | Tax 0
Board [4h 4s Jd 2h 3s]
Seat 1: 55082363 (big blind) showed [Kc Jc] and won (5,030) with two pair, Jacks and Fours
Seat 2: bf85e3c9 folded before Flop
Seat 3: d43770e0 folded on the Turn
Seat 4: e79b5c9e folded before Flop
Seat 5: 82584efd folded before Flop
Seat 6: Hero folded on the Turn
Seat 7: dfe132a0 (button) folded before Flop
Seat 8: 6936d892 (small blind) showed [Ad Qd] and lost with a pair of Fours


Poker Hand #TM297034980: Tournament #207512323, Bounty Hunters Sunday Forty Stack $44 Hold'em No Limit - Level2(125/250) - 2025/05/25 18:03:54
Table '176' 8-max Seat #6 is the button
Seat 1: 55082363 (43,937 in chips)
Seat 2: bf85e3c9 (20,757 in chips)
Seat 3: d43770e0 (48,255 in chips)
Seat 4: e79b5c9e (39,965 in chips)
Seat 5: 82584efd (58,887 in chips)
Seat 6: Hero (32,657 in chips)
Seat 7: dfe132a0 (39,352 in chips)
Seat 8: 6936d892 (26,094 in chips)
bf85e3c9: posts the ante 35
dfe132a0: posts the ante 35
d43770e0: posts the ante 35
55082363: posts the ante 35
Hero: posts the ante 35
6936d892: posts the ante 35
82584efd: posts the ante 35
e79b5c9e: posts the ante 35
dfe132a0: posts small blind 125
6936d892: posts big blind 250
*** HOLE CARDS ***
Dealt to 55082363 
Dealt to bf85e3c9 
Dealt to d43770e0 
Dealt to e79b5c9e 
Dealt to 82584efd 
Dealt to Hero [2s 3h]
Dealt to dfe132a0 
Dealt to 6936d892 
55082363: folds
bf85e3c9: folds
d43770e0: folds
e79b5c9e: folds
82584efd: folds
Hero: folds
dfe132a0: raises 750 to 1,000
6936d892: folds
Uncalled bet (750) returned to dfe132a0
*** SHOWDOWN ***
dfe132a0 collected 780 from pot
*** SUMMARY ***
Total pot 780 | Rake 0 | Jackpot 0 | Bingo 0 | Fortune 0 | Tax 0
Seat 1: 55082363 folded before Flop
Seat 2: bf85e3c9 folded before Flop
Seat 3: d43770e0 folded before Flop
Seat 4: e79b5c9e folded before Flop
Seat 5: 82584efd folded before Flop
Seat 6: Hero (button) folded before Flop
Seat 7: dfe132a0 (small blind) collected (780)
Seat 8: 6936d892 (big blind) folded before Flop


Poker Hand #TM297034916: Tournament #207512323, Bounty Hunters Sunday Forty Stack $44 Hold'em No Limit - Level2(125/250) - 2025/05/25 18:02:58
Table '176' 8-max Seat #5 is the button
Seat 1: 55082363 (43,972 in chips)
Seat 2: bf85e3c9 (20,792 in chips)
Seat 3: d43770e0 (48,290 in chips)
Seat 4: e79b5c9e (40,000 in chips)
Seat 5: 82584efd (59,497 in chips)
Seat 6: Hero (32,817 in chips)
Seat 7: dfe132a0 (38,407 in chips)
Seat 8: 6936d892 (26,129 in chips)
bf85e3c9: posts the ante 35
dfe132a0: posts the ante 35
d43770e0: posts the ante 35
55082363: posts the ante 35
6936d892: posts the ante 35
Hero: posts the ante 35
82584efd: posts the ante 35
e79b5c9e: posts the ante 35
Hero: posts small blind 125
dfe132a0: posts big blind 250
*** HOLE CARDS ***
Dealt to 55082363 
Dealt to bf85e3c9 
Dealt to d43770e0 
Dealt to e79b5c9e 
Dealt to 82584efd 
Dealt to Hero [3d Ts]
Dealt to dfe132a0 
Dealt to 6936d892 
6936d892: folds
55082363: folds
bf85e3c9: folds
d43770e0: folds
e79b5c9e: folds
82584efd: raises 325 to 575
Hero: folds
dfe132a0: calls 325
*** FLOP *** [8h 4d 7d]
dfe132a0: bets 1,167
82584efd: folds
Uncalled bet (1,167) returned to dfe132a0
*** SHOWDOWN ***
dfe132a0 collected 1,555 from pot
*** SUMMARY ***
Total pot 1,555 | Rake 0 | Jackpot 0 | Bingo 0 | Fortune 0 | Tax 0
Board [8h 4d 7d]
Seat 1: 55082363 folded before Flop
Seat 2: bf85e3c9 folded before Flop
Seat 3: d43770e0 folded before Flop
Seat 4: e79b5c9e folded before Flop
Seat 5: 82584efd (button) folded on the Flop
Seat 6: Hero (small blind) folded before Flop
Seat 7: dfe132a0 (big blind) won (1,555)
Seat 8: 6936d892 folded before Flop


Poker Hand #TM297034722: Tournament #207512323, Bounty Hunters Sunday Forty Stack $44 Hold'em No Limit - Level2(125/250) - 2025/05/25 17:53:38
Table '176' 8-max Seat #3 is the button
Seat 1: 55082363 (44,007 in chips)
Seat 2: bf85e3c9 (15,569 in chips)
Seat 3: d43770e0 (48,325 in chips)
Seat 5: 82584efd (59,657 in chips)
Seat 6: Hero (37,740 in chips)
Seat 7: dfe132a0 (38,442 in chips)
Seat 8: 6936d892 (26,164 in chips)
bf85e3c9: posts the ante 35
dfe132a0: posts the ante 35
d43770e0: posts the ante 35
55082363: posts the ante 35
6936d892: posts the ante 35
Hero: posts the ante 35
82584efd: posts the ante 35
82584efd: posts small blind 125
Hero: posts big blind 250
*** HOLE CARDS ***
Dealt to 55082363 
Dealt to bf85e3c9 
Dealt to d43770e0 
Dealt to 82584efd 
Dealt to Hero [9c 6c]
Dealt to dfe132a0 
Dealt to 6936d892 
dfe132a0: folds
6936d892: folds
55082363: folds
bf85e3c9: raises 300 to 550
d43770e0: folds
82584efd: folds
Hero: calls 300
*** FLOP *** [Ac 8c Kh]
Hero: checks
bf85e3c9: bets 588
Hero: calls 588
*** TURN *** [Ac 8c Kh] [6h]
Hero: checks
bf85e3c9: bets 3,750
Hero: calls 3,750
*** RIVER *** [Ac 8c Kh 6h] [Ks]
Hero: checks
bf85e3c9: bets 10,146
Hero: folds
Uncalled bet (10,146) returned to bf85e3c9
*** SHOWDOWN ***
bf85e3c9 collected 10,146 from pot
*** SUMMARY ***
Total pot 10,146 | Rake 0 | Jackpot 0 | Bingo 0 | Fortune 0 | Tax 0
Board [Ac 8c Kh 6h Ks]
Seat 1: 55082363 folded before Flop
Seat 2: bf85e3c9 won (10,146)
Seat 3: d43770e0 (button) folded before Flop
Seat 5: 82584efd (small blind) folded before Flop
Seat 6: Hero (big blind) folded on the River
Seat 7: dfe132a0 folded before Flop
Seat 8: 6936d892 folded before Flop


Poker Hand #TM297034624: Tournament #207512323, Bounty Hunters Sunday Forty Stack $44 Hold'em No Limit - Level2(125/250) - 2025/05/25 17:52:06
Table '176' 8-max Seat #2 is the button
Seat 1: 55082363 (44,042 in chips)
Seat 2: bf85e3c9 (15,604 in chips)
Seat 3: d43770e0 (48,485 in chips)
Seat 5: 82584efd (46,056 in chips)
Seat 6: Hero (37,775 in chips)
Seat 7: dfe132a0 (38,477 in chips)
Seat 8: 6936d892 (39,465 in chips)
bf85e3c9: posts the ante 35
dfe132a0: posts the ante 35
d43770e0: posts the ante 35
55082363: posts the ante 35
6936d892: posts the ante 35
Hero: posts the ante 35
82584efd: posts the ante 35
d43770e0: posts small blind 125
82584efd: posts big blind 250
*** HOLE CARDS ***
Dealt to 55082363 
Dealt to bf85e3c9 
Dealt to d43770e0 
Dealt to 82584efd 
Dealt to Hero [5d 6s]
Dealt to dfe132a0 
Dealt to 6936d892 
Hero: folds
dfe132a0: folds
6936d892: raises 250 to 500
55082363: folds
bf85e3c9: folds
d43770e0: folds
82584efd: calls 250
*** FLOP *** [4h 7c Th]
82584efd: checks
6936d892: bets 453
82584efd: calls 453
*** TURN *** [4h 7c Th] [Jc]
82584efd: checks
6936d892: bets 1,138
82584efd: raises 3,050 to 4,188
6936d892: calls 3,050
*** RIVER *** [4h 7c Th Jc] [5s]
82584efd: bets 8,125
6936d892: calls 8,125
82584efd: shows [Jd 7h] (two pair, Jacks and Sevens)
6936d892: shows [Kc Ks] (a pair of Kings)
*** SHOWDOWN ***
82584efd collected 26,902 from pot
*** SUMMARY ***
Total pot 26,902 | Rake 0 | Jackpot 0 | Bingo 0 | Fortune 0 | Tax 0
Board [4h 7c Th Jc 5s]
Seat 1: 55082363 folded before Flop
Seat 2: bf85e3c9 (button) folded before Flop
Seat 3: d43770e0 (small blind) folded before Flop
Seat 5: 82584efd (big blind) showed [Jd 7h] and won (26,902) with two pair, Jacks and Sevens
Seat 6: Hero folded before Flop
Seat 7: dfe132a0 folded before Flop
Seat 8: 6936d892 showed [Kc Ks] and lost with a pair of Kings


Poker Hand #TM297034553: Tournament #207512323, Bounty Hunters Sunday Forty Stack $44 Hold'em No Limit - Level2(125/250) - 2025/05/25 17:51:07
Table '176' 8-max Seat #1 is the button
Seat 1: 55082363 (44,077 in chips)
Seat 2: bf85e3c9 (15,764 in chips)
Seat 3: d43770e0 (47,615 in chips)
Seat 4: be4b2729 (51,658 in chips)
Seat 5: 82584efd (46,091 in chips)
Seat 6: Hero (37,810 in chips)
Seat 7: dfe132a0 (38,512 in chips)
Seat 8: 6936d892 (40,000 in chips)
dfe132a0: posts the ante 35
bf85e3c9: posts the ante 35
be4b2729: posts the ante 35
d43770e0: posts the ante 35
55082363: posts the ante 35
6936d892: posts the ante 35
Hero: posts the ante 35
82584efd: posts the ante 35
bf85e3c9: posts small blind 125
d43770e0: posts big blind 250
*** HOLE CARDS ***
Dealt to 55082363 
Dealt to bf85e3c9 
Dealt to d43770e0 
Dealt to be4b2729 
Dealt to 82584efd 
Dealt to Hero [3s Kh]
Dealt to dfe132a0 
Dealt to 6936d892 
be4b2729: folds
82584efd: folds
Hero: folds
dfe132a0: folds
6936d892: raises 250 to 500
55082363: folds
bf85e3c9: folds
d43770e0: calls 250
*** FLOP *** [3c 5c 4c]
d43770e0: checks
6936d892: checks
*** TURN *** [3c 5c 4c] [2c]
d43770e0: checks
6936d892: checks
*** RIVER *** [3c 5c 4c 2c] [Js]
d43770e0: checks
6936d892: checks
d43770e0: shows [Ad Jd] (a straight, Ace to Five)
6936d892: shows [8h 9h] (Jack high)
*** SHOWDOWN ***
d43770e0 collected 1,405 from pot
*** SUMMARY ***
Total pot 1,405 | Rake 0 | Jackpot 0 | Bingo 0 | Fortune 0 | Tax 0
Board [3c 5c 4c 2c Js]
Seat 1: 55082363 (button) folded before Flop
Seat 2: bf85e3c9 (small blind) folded before Flop
Seat 3: d43770e0 (big blind) showed [Ad Jd] and won (1,405) with a straight, Ace to Five
Seat 4: be4b2729 folded before Flop
Seat 5: 82584efd folded before Flop
Seat 6: Hero folded before Flop
Seat 7: dfe132a0 folded before Flop
Seat 8: 6936d892 showed [8h 9h] and lost with Jack high


Poker Hand #TM297034526: Tournament #207512323, Bounty Hunters Sunday Forty Stack $44 Hold'em No Limit - Level2(125/250) - 2025/05/25 17:50:42
Table '176' 8-max Seat #7 is the button
Seat 1: 55082363 (44,237 in chips)
Seat 2: bf85e3c9 (16,049 in chips)
Seat 3: d43770e0 (47,650 in chips)
Seat 4: be4b2729 (51,073 in chips)
Seat 5: 82584efd (46,126 in chips)
Seat 6: Hero (37,845 in chips)
Seat 7: dfe132a0 (38,547 in chips)
dfe132a0: posts the ante 35
bf85e3c9: posts the ante 35
be4b2729: posts the ante 35
d43770e0: posts the ante 35
55082363: posts the ante 35
Hero: posts the ante 35
82584efd: posts the ante 35
55082363: posts small blind 125
bf85e3c9: posts big blind 250
*** HOLE CARDS ***
Dealt to 55082363 
Dealt to bf85e3c9 
Dealt to d43770e0 
Dealt to be4b2729 
Dealt to 82584efd 
Dealt to Hero [4c 3h]
Dealt to dfe132a0 
d43770e0: folds
be4b2729: raises 250 to 500
82584efd: folds
Hero: folds
dfe132a0: folds
55082363: folds
bf85e3c9: folds
Uncalled bet (250) returned to be4b2729
*** SHOWDOWN ***
be4b2729 collected 870 from pot
*** SUMMARY ***
Total pot 870 | Rake 0 | Jackpot 0 | Bingo 0 | Fortune 0 | Tax 0
Seat 1: 55082363 (small blind) folded before Flop
Seat 2: bf85e3c9 (big blind) folded before Flop
Seat 3: d43770e0 folded before Flop
Seat 4: be4b2729 collected (870)
Seat 5: 82584efd folded before Flop
Seat 6: Hero folded before Flop
Seat 7: dfe132a0 (button) folded before Flop


Poker Hand #TM297034447: Tournament #207512323, Bounty Hunters Sunday Forty Stack $44 Hold'em No Limit - Level2(125/250) - 2025/05/25 17:49:22
Table '176' 8-max Seat #6 is the button
Seat 1: 55082363 (44,522 in chips)
Seat 2: bf85e3c9 (38,837 in chips)
Seat 3: d43770e0 (47,685 in chips)
Seat 4: be4b2729 (51,108 in chips)
Seat 5: 82584efd (22,788 in chips)
Seat 6: Hero (37,880 in chips)
Seat 7: dfe132a0 (38,707 in chips)
bf85e3c9: posts the ante 35
dfe132a0: posts the ante 35
be4b2729: posts the ante 35
d43770e0: posts the ante 35
55082363: posts the ante 35
Hero: posts the ante 35
82584efd: posts the ante 35
dfe132a0: posts small blind 125
55082363: posts big blind 250
*** HOLE CARDS ***
Dealt to 55082363 
Dealt to bf85e3c9 
Dealt to d43770e0 
Dealt to be4b2729 
Dealt to 82584efd 
Dealt to Hero [6h Js]
Dealt to dfe132a0 
bf85e3c9: raises 300 to 550
d43770e0: folds
be4b2729: folds
82584efd: raises 1,325 to 1,875
Hero: folds
dfe132a0: folds
55082363: folds
bf85e3c9: raises 2,248 to 4,123
82584efd: raises 18,630 to 22,753
bf85e3c9: calls 18,630
82584efd: shows [Ad Ah]
bf85e3c9: shows [Ac Kc]
*** FLOP *** [7s Ks 2s]
*** TURN *** [7s Ks 2s] [5s]
*** RIVER *** [7s Ks 2s 5s] [8c]
*** SHOWDOWN ***
82584efd collected 46,126 from pot
*** SUMMARY ***
Total pot 46,126 | Rake 0 | Jackpot 0 | Bingo 0 | Fortune 0 | Tax 0
Board [7s Ks 2s 5s 8c]
Seat 1: 55082363 (big blind) folded before Flop
Seat 2: bf85e3c9 showed [Ac Kc] and lost with a pair of Kings
Seat 3: d43770e0 folded before Flop
Seat 4: be4b2729 folded before Flop
Seat 5: 82584efd showed [Ad Ah] and won (46,126) with a pair of Aces
Seat 6: Hero (button) folded before Flop
Seat 7: dfe132a0 (small blind) folded before Flop


Poker Hand #TM297034370: Tournament #207512323, Bounty Hunters Sunday Forty Stack $44 Hold'em No Limit - Level2(125/250) - 2025/05/25 17:48:10
Table '176' 8-max Seat #5 is the button
Seat 1: 55082363 (44,557 in chips)
Seat 2: bf85e3c9 (38,872 in chips)
Seat 3: d43770e0 (47,720 in chips)
Seat 4: be4b2729 (42,071 in chips)
Seat 5: 82584efd (31,240 in chips)
Seat 6: Hero (38,040 in chips)
Seat 7: dfe132a0 (38,992 in chips)
Seat 8: fc41af97 (38,628 in chips)
bf85e3c9: posts the ante 35
dfe132a0: posts the ante 35
be4b2729: posts the ante 35
d43770e0: posts the ante 35
55082363: posts the ante 35
Hero: posts the ante 35
82584efd: posts the ante 35
fc41af97: posts the ante 35
Hero: posts small blind 125
dfe132a0: posts big blind 250
*** HOLE CARDS ***
Dealt to 55082363 
Dealt to bf85e3c9 
Dealt to d43770e0 
Dealt to be4b2729 
Dealt to 82584efd 
Dealt to Hero [Jd 2s]
Dealt to dfe132a0 
Dealt to fc41af97 
fc41af97: folds
55082363: folds
bf85e3c9: folds
d43770e0: folds
be4b2729: raises 250 to 500
82584efd: raises 1,375 to 1,875
Hero: folds
dfe132a0: folds
be4b2729: raises 3,686 to 5,561
82584efd: calls 3,686
*** FLOP *** [Qd 2c 7c]
be4b2729: bets 2,856
82584efd: calls 2,856
*** TURN *** [Qd 2c 7c] [3d]
be4b2729: bets 9,619
82584efd: folds
Uncalled bet (9,619) returned to be4b2729
*** SHOWDOWN ***
be4b2729 collected 17,489 from pot
*** SUMMARY ***
Total pot 17,489 | Rake 0 | Jackpot 0 | Bingo 0 | Fortune 0 | Tax 0
Board [Qd 2c 7c 3d]
Seat 1: 55082363 folded before Flop
Seat 2: bf85e3c9 folded before Flop
Seat 3: d43770e0 folded before Flop
Seat 4: be4b2729 won (17,489)
Seat 5: 82584efd (button) folded on the Turn
Seat 6: Hero (small blind) folded before Flop
Seat 7: dfe132a0 (big blind) folded before Flop
Seat 8: fc41af97 folded before Flop


Poker Hand #TM297034219: Tournament #207512323, Bounty Hunters Sunday Forty Stack $44 Hold'em No Limit - Level1(100/200) - 2025/05/25 17:45:50
Table '176' 8-max Seat #4 is the button
Seat 1: 55082363 (44,587 in chips)
Seat 2: bf85e3c9 (38,902 in chips)
Seat 3: d43770e0 (39,610 in chips)
Seat 4: be4b2729 (42,101 in chips)
Seat 5: 82584efd (38,970 in chips)
Seat 6: Hero (38,270 in chips)
Seat 7: dfe132a0 (39,022 in chips)
Seat 8: fc41af97 (38,658 in chips)
bf85e3c9: posts the ante 30
dfe132a0: posts the ante 30
be4b2729: posts the ante 30
d43770e0: posts the ante 30
55082363: posts the ante 30
Hero: posts the ante 30
fc41af97: posts the ante 30
82584efd: posts the ante 30
82584efd: posts small blind 100
Hero: posts big blind 200
*** HOLE CARDS ***
Dealt to 55082363 
Dealt to bf85e3c9 
Dealt to d43770e0 
Dealt to be4b2729 
Dealt to 82584efd 
Dealt to Hero [3s 4h]
Dealt to dfe132a0 
Dealt to fc41af97 
dfe132a0: folds
fc41af97: folds
55082363: folds
bf85e3c9: folds
d43770e0: raises 200 to 400
be4b2729: folds
82584efd: raises 1,600 to 2,000
Hero: folds
d43770e0: calls 1,600
*** FLOP *** [8d 9s 9d]
82584efd: bets 1,300
d43770e0: calls 1,300
*** TURN *** [8d 9s 9d] [7s]
82584efd: bets 4,400
d43770e0: calls 4,400
*** RIVER *** [8d 9s 9d 7s] [4c]
82584efd: checks
d43770e0: bets 11,722
82584efd: folds
Uncalled bet (11,722) returned to d43770e0
*** SHOWDOWN ***
d43770e0 collected 15,840 from pot
*** SUMMARY ***
Total pot 15,840 | Rake 0 | Jackpot 0 | Bingo 0 | Fortune 0 | Tax 0
Board [8d 9s 9d 7s 4c]
Seat 1: 55082363 folded before Flop
Seat 2: bf85e3c9 folded before Flop
Seat 3: d43770e0 won (15,840)
Seat 4: be4b2729 (button) folded before Flop
Seat 5: 82584efd (small blind) folded on the River
Seat 6: Hero (big blind) folded before Flop
Seat 7: dfe132a0 folded before Flop
Seat 8: fc41af97 folded before Flop


Poker Hand #TM297034113: Tournament #207512323, Bounty Hunters Sunday Forty Stack $44 Hold'em No Limit - Level1(100/200) - 2025/05/25 17:44:03
Table '176' 8-max Seat #3 is the button
Seat 1: 55082363 (44,617 in chips)
Seat 2: bf85e3c9 (38,932 in chips)
Seat 3: d43770e0 (39,640 in chips)
Seat 4: be4b2729 (42,231 in chips)
Seat 5: 82584efd (39,820 in chips)
Seat 6: Hero (33,520 in chips)
Seat 7: dfe132a0 (39,052 in chips)
Seat 8: fc41af97 (42,308 in chips)
bf85e3c9: posts the ante 30
dfe132a0: posts the ante 30
be4b2729: posts the ante 30
d43770e0: posts the ante 30
55082363: posts the ante 30
Hero: posts the ante 30
fc41af97: posts the ante 30
82584efd: posts the ante 30
be4b2729: posts small blind 100
82584efd: posts big blind 200
*** HOLE CARDS ***
Dealt to 55082363 
Dealt to bf85e3c9 
Dealt to d43770e0 
Dealt to be4b2729 
Dealt to 82584efd 
Dealt to Hero [Kh Ks]
Dealt to dfe132a0 
Dealt to fc41af97 
Hero: raises 220 to 420
dfe132a0: folds
fc41af97: calls 420
55082363: folds
bf85e3c9: folds
d43770e0: folds
be4b2729: folds
82584efd: calls 220
*** FLOP *** [8s 3d 6c]
82584efd: checks
Hero: checks
fc41af97: bets 400
82584efd: calls 400
Hero: calls 400
*** TURN *** [8s 3d 6c] [7c]
82584efd: checks
Hero: checks
fc41af97: bets 2,800
82584efd: folds
Hero: calls 2,800
*** RIVER *** [8s 3d 6c 7c] [7d]
Hero: checks
fc41af97: checks
Hero: shows [Kh Ks] (two pair, Kings and Sevens)
fc41af97: shows [9s 9d] (two pair, Nines and Sevens)
*** SHOWDOWN ***
Hero collected 8,400 from pot
*** SUMMARY ***
Total pot 8,400 | Rake 0 | Jackpot 0 | Bingo 0 | Fortune 0 | Tax 0
Board [8s 3d 6c 7c 7d]
Seat 1: 55082363 folded before Flop
Seat 2: bf85e3c9 folded before Flop
Seat 3: d43770e0 (button) folded before Flop
Seat 4: be4b2729 (small blind) folded before Flop
Seat 5: 82584efd (big blind) folded on the Turn
Seat 6: Hero showed [Kh Ks] and won (8,400) with two pair, Kings and Sevens
Seat 7: dfe132a0 folded before Flop
Seat 8: fc41af97 showed [9s 9d] and lost with two pair, Nines and Sevens


Poker Hand #TM297034037: Tournament #207512323, Bounty Hunters Sunday Forty Stack $44 Hold'em No Limit - Level1(100/200) - 2025/05/25 17:42:48
Table '176' 8-max Seat #2 is the button
Seat 1: 55082363 (45,590 in chips)
Seat 2: bf85e3c9 (38,962 in chips)
Seat 3: d43770e0 (39,770 in chips)
Seat 4: be4b2729 (40,978 in chips)
Seat 5: 82584efd (39,850 in chips)
Seat 6: Hero (33,550 in chips)
Seat 7: dfe132a0 (39,082 in chips)
Seat 8: fc41af97 (42,338 in chips)
bf85e3c9: posts the ante 30
dfe132a0: posts the ante 30
be4b2729: posts the ante 30
d43770e0: posts the ante 30
55082363: posts the ante 30
Hero: posts the ante 30
fc41af97: posts the ante 30
82584efd: posts the ante 30
d43770e0: posts small blind 100
be4b2729: posts big blind 200
*** HOLE CARDS ***
Dealt to 55082363 
Dealt to bf85e3c9 
Dealt to d43770e0 
Dealt to be4b2729 
Dealt to 82584efd 
Dealt to Hero [Td 5c]
Dealt to dfe132a0 
Dealt to fc41af97 
82584efd: folds
Hero: folds
dfe132a0: folds
fc41af97: folds
55082363: raises 300 to 500
bf85e3c9: folds
d43770e0: folds
be4b2729: calls 300
*** FLOP *** [8h Qc 4h]
be4b2729: checks
55082363: bets 443
be4b2729: calls 443
*** TURN *** [8h Qc 4h] [9c]
be4b2729: checks
55082363: checks
*** RIVER *** [8h Qc 4h 9c] [2c]
be4b2729: bets 1,737
55082363: folds
Uncalled bet (1,737) returned to be4b2729
*** SHOWDOWN ***
be4b2729 collected 2,226 from pot
*** SUMMARY ***
Total pot 2,226 | Rake 0 | Jackpot 0 | Bingo 0 | Fortune 0 | Tax 0
Board [8h Qc 4h 9c 2c]
Seat 1: 55082363 folded on the River
Seat 2: bf85e3c9 (button) folded before Flop
Seat 3: d43770e0 (small blind) folded before Flop
Seat 4: be4b2729 (big blind) won (2,226)
Seat 5: 82584efd folded before Flop
Seat 6: Hero folded before Flop
Seat 7: dfe132a0 folded before Flop
Seat 8: fc41af97 folded before Flop


Poker Hand #TM297033913: Tournament #207512323, Bounty Hunters Sunday Forty Stack $44 Hold'em No Limit - Level1(100/200) - 2025/05/25 17:40:46
Table '176' 8-max Seat #1 is the button
Seat 1: 55082363 (39,580 in chips)
Seat 2: bf85e3c9 (39,092 in chips)
Seat 3: d43770e0 (40,000 in chips)
Seat 4: be4b2729 (41,008 in chips)
Seat 5: 82584efd (39,880 in chips)
Seat 6: Hero (39,080 in chips)
Seat 7: dfe132a0 (39,112 in chips)
Seat 8: fc41af97 (42,368 in chips)
dfe132a0: posts the ante 30
bf85e3c9: posts the ante 30
be4b2729: posts the ante 30
d43770e0: posts the ante 30
55082363: posts the ante 30
Hero: posts the ante 30
fc41af97: posts the ante 30
82584efd: posts the ante 30
bf85e3c9: posts small blind 100
d43770e0: posts big blind 200
*** HOLE CARDS ***
Dealt to 55082363 
Dealt to bf85e3c9 
Dealt to d43770e0 
Dealt to be4b2729 
Dealt to 82584efd 
Dealt to Hero [4h 5h]
Dealt to dfe132a0 
Dealt to fc41af97 
be4b2729: folds
82584efd: folds
Hero: raises 200 to 400
dfe132a0: folds
fc41af97: folds
55082363: raises 1,200 to 1,600
bf85e3c9: folds
d43770e0: folds
Hero: calls 1,200
*** FLOP *** [5s Js 8d]
Hero: checks
55082363: bets 1,235
Hero: raises 2,665 to 3,900
55082363: calls 2,665
*** TURN *** [5s Js 8d] [2h]
Hero: checks
55082363: checks
*** RIVER *** [5s Js 8d 2h] [8s]
Hero: checks
55082363: bets 8,886
Hero: folds
Uncalled bet (8,886) returned to 55082363
*** SHOWDOWN ***
55082363 collected 11,540 from pot
*** SUMMARY ***
Total pot 11,540 | Rake 0 | Jackpot 0 | Bingo 0 | Fortune 0 | Tax 0
Board [5s Js 8d 2h 8s]
Seat 1: 55082363 (button) won (11,540)
Seat 2: bf85e3c9 (small blind) folded before Flop
Seat 3: d43770e0 (big blind) folded before Flop
Seat 4: be4b2729 folded before Flop
Seat 5: 82584efd folded before Flop
Seat 6: Hero folded on the River
Seat 7: dfe132a0 folded before Flop
Seat 8: fc41af97 folded before Flop


Poker Hand #TM297033779: Tournament #207512323, Bounty Hunters Sunday Forty Stack $44 Hold'em No Limit - Level1(100/200) - 2025/05/25 17:38:40
Table '176' 8-max Seat #8 is the button
Seat 1: 55082363 (39,710 in chips)
Seat 2: bf85e3c9 (39,910 in chips)
Seat 3: 93a7282c (39,910 in chips)
Seat 4: be4b2729 (39,910 in chips)
Seat 5: 82584efd (39,910 in chips)
Seat 6: Hero (39,110 in chips)
Seat 7: dfe132a0 (39,142 in chips)
Seat 8: fc41af97 (42,398 in chips)
dfe132a0: posts the ante 30
bf85e3c9: posts the ante 30
be4b2729: posts the ante 30
93a7282c: posts the ante 30
55082363: posts the ante 30
Hero: posts the ante 30
fc41af97: posts the ante 30
82584efd: posts the ante 30
55082363: posts small blind 100
bf85e3c9: posts big blind 200
*** HOLE CARDS ***
Dealt to 55082363 
Dealt to bf85e3c9 
Dealt to 93a7282c 
Dealt to be4b2729 
Dealt to 82584efd 
Dealt to Hero [5c 8c]
Dealt to dfe132a0 
Dealt to fc41af97 
93a7282c: folds
be4b2729: raises 200 to 400
82584efd: folds
Hero: folds
dfe132a0: folds
fc41af97: folds
55082363: folds
bf85e3c9: calls 200
*** FLOP *** [Tc Jd 4c]
bf85e3c9: checks
be4b2729: bets 388
bf85e3c9: calls 388
*** TURN *** [Tc Jd 4c] [3s]
bf85e3c9: checks
be4b2729: checks
*** RIVER *** [Tc Jd 4c 3s] [Ad]
bf85e3c9: checks
be4b2729: bets 1,254
bf85e3c9: folds
Uncalled bet (1,254) returned to be4b2729
*** SHOWDOWN ***
be4b2729 collected 1,916 from pot
*** SUMMARY ***
Total pot 1,916 | Rake 0 | Jackpot 0 | Bingo 0 | Fortune 0 | Tax 0
Board [Tc Jd 4c 3s Ad]
Seat 1: 55082363 (small blind) folded before Flop
Seat 2: bf85e3c9 (big blind) folded on the River
Seat 3: 93a7282c folded before Flop
Seat 4: be4b2729 won (1,916)
Seat 5: 82584efd folded before Flop
Seat 6: Hero folded before Flop
Seat 7: dfe132a0 folded before Flop
Seat 8: fc41af97 (button) folded before Flop


Poker Hand #TM297033691: Tournament #207512323, Bounty Hunters Sunday Forty Stack $44 Hold'em No Limit - Level1(100/200) - 2025/05/25 17:37:17
Table '176' 8-max Seat #7 is the button
Seat 1: 55082363 (39,940 in chips)
Seat 2: bf85e3c9 (39,940 in chips)
Seat 3: 93a7282c (39,940 in chips)
Seat 4: be4b2729 (39,940 in chips)
Seat 5: 82584efd (39,940 in chips)
Seat 6: Hero (39,540 in chips)
Seat 7: dfe132a0 (39,172 in chips)
Seat 8: fc41af97 (41,588 in chips)
dfe132a0: posts the ante 30
bf85e3c9: posts the ante 30
be4b2729: posts the ante 30
93a7282c: posts the ante 30
55082363: posts the ante 30
Hero: posts the ante 30
82584efd: posts the ante 30
fc41af97: posts the ante 30
fc41af97: posts small blind 100
55082363: posts big blind 200
*** HOLE CARDS ***
Dealt to 55082363 
Dealt to bf85e3c9 
Dealt to 93a7282c 
Dealt to be4b2729 
Dealt to 82584efd 
Dealt to Hero [2d 2h]
Dealt to dfe132a0 
Dealt to fc41af97 
bf85e3c9: folds
93a7282c: folds
be4b2729: folds
82584efd: folds
Hero: raises 200 to 400
dfe132a0: folds
fc41af97: calls 300
55082363: folds
*** FLOP *** [Jh 5d Qs]
fc41af97: checks
Hero: checks
*** TURN *** [Jh 5d Qs] [Jc]
fc41af97: checks
Hero: checks
*** RIVER *** [Jh 5d Qs Jc] [Ts]
fc41af97: checks
Hero: checks
fc41af97: shows [3h 3c] (two pair, Jacks and Threes)
Hero: shows [2d 2h] (two pair, Jacks and Twos)
*** SHOWDOWN ***
fc41af97 collected 1,240 from pot
*** SUMMARY ***
Total pot 1,240 | Rake 0 | Jackpot 0 | Bingo 0 | Fortune 0 | Tax 0
Board [Jh 5d Qs Jc Ts]
Seat 1: 55082363 (big blind) folded before Flop
Seat 2: bf85e3c9 folded before Flop
Seat 3: 93a7282c folded before Flop
Seat 4: be4b2729 folded before Flop
Seat 5: 82584efd folded before Flop
Seat 6: Hero showed [2d 2h] and lost with two pair, Jacks and Twos
Seat 7: dfe132a0 (button) folded before Flop
Seat 8: fc41af97 (small blind) showed [3h 3c] and won (1,240) with two pair, Jacks and Threes


Poker Hand #TM297033614: Tournament #207512323, Bounty Hunters Sunday Forty Stack $44 Hold'em No Limit - Level1(100/200) - 2025/05/25 17:36:08
Table '176' 8-max Seat #6 is the button
Seat 1: 55082363 (39,970 in chips)
Seat 2: bf85e3c9 (39,970 in chips)
Seat 3: 93a7282c (39,970 in chips)
Seat 4: be4b2729 (39,970 in chips)
Seat 5: 82584efd (39,970 in chips)
Seat 6: Hero (39,570 in chips)
Seat 7: dfe132a0 (40,610 in chips)
Seat 8: fc41af97 (39,970 in chips)
bf85e3c9: posts the ante 30
dfe132a0: posts the ante 30
be4b2729: posts the ante 30
93a7282c: posts the ante 30
55082363: posts the ante 30
Hero: posts the ante 30
82584efd: posts the ante 30
fc41af97: posts the ante 30
dfe132a0: posts small blind 100
fc41af97: posts big blind 200
*** HOLE CARDS ***
Dealt to 55082363 
Dealt to bf85e3c9 
Dealt to 93a7282c 
Dealt to be4b2729 
Dealt to 82584efd 
Dealt to Hero [7s 2c]
Dealt to dfe132a0 
Dealt to fc41af97 
55082363: folds
bf85e3c9: folds
93a7282c: folds
be4b2729: folds
82584efd: folds
Hero: folds
dfe132a0: raises 600 to 800
fc41af97: calls 600
*** FLOP *** [2d Ac 8c]
dfe132a0: bets 608
fc41af97: calls 608
*** TURN *** [2d Ac 8c] [7c]
dfe132a0: checks
fc41af97: bets 764
dfe132a0: folds
Uncalled bet (764) returned to fc41af97
*** SHOWDOWN ***
fc41af97 collected 3,056 from pot
*** SUMMARY ***
Total pot 3,056 | Rake 0 | Jackpot 0 | Bingo 0 | Fortune 0 | Tax 0
Board [2d Ac 8c 7c]
Seat 1: 55082363 folded before Flop
Seat 2: bf85e3c9 folded before Flop
Seat 3: 93a7282c folded before Flop
Seat 4: be4b2729 folded before Flop
Seat 5: 82584efd folded before Flop
Seat 6: Hero (button) folded before Flop
Seat 7: dfe132a0 (small blind) folded on the Turn
Seat 8: fc41af97 (big blind) won (3,056)


Poker Hand #TM297033542: Tournament #207512323, Bounty Hunters Sunday Forty Stack $44 Hold'em No Limit - Level1(100/200) - 2025/05/25 17:35:02
Table '176' 8-max Seat #5 is the button
Seat 1: 55082363 (40,000 in chips)
Seat 2: bf85e3c9 (40,000 in chips)
Seat 3: 93a7282c (40,000 in chips)
Seat 4: be4b2729 (40,000 in chips)
Seat 5: 82584efd (40,000 in chips)
Seat 6: Hero (40,000 in chips)
Seat 7: dfe132a0 (40,000 in chips)
Seat 8: fc41af97 (40,000 in chips)
bf85e3c9: posts the ante 30
dfe132a0: posts the ante 30
be4b2729: posts the ante 30
93a7282c: posts the ante 30
55082363: posts the ante 30
Hero: posts the ante 30
82584efd: posts the ante 30
fc41af97: posts the ante 30
Hero: posts small blind 100
dfe132a0: posts big blind 200
*** HOLE CARDS ***
Dealt to 55082363 
Dealt to bf85e3c9 
Dealt to 93a7282c 
Dealt to be4b2729 
Dealt to 82584efd 
Dealt to Hero [2s 6c]
Dealt to dfe132a0 
Dealt to fc41af97 
fc41af97: folds
55082363: folds
bf85e3c9: folds
93a7282c: folds
be4b2729: folds
82584efd: folds
Hero: calls 100
dfe132a0: checks
*** FLOP *** [Qc Jc Kc]
Hero: bets 200
dfe132a0: calls 200
*** TURN *** [Qc Jc Kc] [Qh]
Hero: checks
dfe132a0: checks
*** RIVER *** [Qc Jc Kc Qh] [Jd]
Hero: checks
dfe132a0: bets 520
Hero: folds
Uncalled bet (520) returned to dfe132a0
*** SHOWDOWN ***
dfe132a0 collected 1,040 from pot
*** SUMMARY ***
Total pot 1,040 | Rake 0 | Jackpot 0 | Bingo 0 | Fortune 0 | Tax 0
Board [Qc Jc Kc Qh Jd]
Seat 1: 55082363 folded before Flop
Seat 2: bf85e3c9 folded before Flop
Seat 3: 93a7282c folded before Flop
Seat 4: be4b2729 folded before Flop
Seat 5: 82584efd (button) folded before Flop
Seat 6: Hero (small blind) folded on the River
Seat 7: dfe132a0 (big blind) won (1,040)
Seat 8: fc41af97 folded before Flop


