Poker Hand #TM309228845: Tournament #208079642, Bounty Hunters Forty Stack $44 Hold'em No Limit - Level6(300/600) - 2025/05/28 18:47:12
Table '95' 8-max Seat #1 is the button
Seat 1: Hero (12,604 in chips)
Seat 2: ee10fd1 (41,156 in chips)
Seat 3: 5c3e7e42 (32,977 in chips)
Seat 4: 6eaab41 (35,292 in chips)
Seat 5: 5dd75d4a (41,970 in chips)
Seat 6: 8043a89 (53,616 in chips)
Seat 7: 8a4872e5 (40,780 in chips)
Seat 8: 247330bf (57,286 in chips)
8043a89: posts the ante 90
5dd75d4a: posts the ante 90
ee10fd1: posts the ante 90
247330bf: posts the ante 90
6eaab41: posts the ante 90
5c3e7e42: posts the ante 90
8a4872e5: posts the ante 90
Hero: posts the ante 90
ee10fd1: posts small blind 300
5c3e7e42: posts big blind 600
*** HOLE CARDS ***
Dealt to Hero [Ts Ac]
Dealt to ee10fd1 
Dealt to 5c3e7e42 
Dealt to 6eaab41 
Dealt to 5dd75d4a 
Dealt to 8043a89 
Dealt to 8a4872e5 
Dealt to 247330bf 
6eaab41: folds
5dd75d4a: raises 720 to 1,320
8043a89: folds
8a4872e5: folds
247330bf: folds
Hero: raises 11,194 to 12,514
ee10fd1: folds
5c3e7e42: folds
5dd75d4a: calls 11,194
Hero: shows [Ts Ac]
5dd75d4a: shows [Ks As]
*** FLOP *** [3d 2h Jh]
*** TURN *** [3d 2h Jh] [4s]
*** RIVER *** [3d 2h Jh 4s] [Kd]
*** SHOWDOWN ***
5dd75d4a collected 26,648 from pot
*** SUMMARY ***
Total pot 26,648 | Rake 0 | Jackpot 0 | Bingo 0 | Fortune 0 | Tax 0
Board [3d 2h Jh 4s Kd]
Seat 1: Hero (button) showed [Ts Ac] and lost with Ace high
Seat 2: ee10fd1 (small blind) folded before Flop
Seat 3: 5c3e7e42 (big blind) folded before Flop
Seat 4: 6eaab41 folded before Flop
Seat 5: 5dd75d4a showed [Ks As] and won (26,648) with a pair of Kings
Seat 6: 8043a89 folded before Flop
Seat 7: 8a4872e5 folded before Flop
Seat 8: 247330bf folded before Flop


Poker Hand #TM309228823: Tournament #208079642, Bounty Hunters Forty Stack $44 Hold'em No Limit - Level6(300/600) - 2025/05/28 18:46:50
Table '95' 8-max Seat #8 is the button
Seat 1: Hero (12,994 in chips)
Seat 2: ee10fd1 (41,846 in chips)
Seat 3: 5c3e7e42 (33,067 in chips)
Seat 4: 6eaab41 (35,382 in chips)
Seat 5: 5dd75d4a (42,060 in chips)
Seat 6: 8043a89 (53,706 in chips)
Seat 7: 8a4872e5 (40,870 in chips)
Seat 8: 247330bf (55,756 in chips)
8043a89: posts the ante 90
5dd75d4a: posts the ante 90
ee10fd1: posts the ante 90
247330bf: posts the ante 90
6eaab41: posts the ante 90
5c3e7e42: posts the ante 90
8a4872e5: posts the ante 90
Hero: posts the ante 90
Hero: posts small blind 300
ee10fd1: posts big blind 600
*** HOLE CARDS ***
Dealt to Hero [8c 2c]
Dealt to ee10fd1 
Dealt to 5c3e7e42 
Dealt to 6eaab41 
Dealt to 5dd75d4a 
Dealt to 8043a89 
Dealt to 8a4872e5 
Dealt to 247330bf 
5c3e7e42: folds
6eaab41: folds
5dd75d4a: folds
8043a89: folds
8a4872e5: folds
247330bf: raises 600 to 1,200
Hero: folds
ee10fd1: folds
Uncalled bet (600) returned to 247330bf
*** SHOWDOWN ***
247330bf collected 2,220 from pot
*** SUMMARY ***
Total pot 2,220 | Rake 0 | Jackpot 0 | Bingo 0 | Fortune 0 | Tax 0
Seat 1: Hero (small blind) folded before Flop
Seat 2: ee10fd1 (big blind) folded before Flop
Seat 3: 5c3e7e42 folded before Flop
Seat 4: 6eaab41 folded before Flop
Seat 5: 5dd75d4a folded before Flop
Seat 6: 8043a89 folded before Flop
Seat 7: 8a4872e5 folded before Flop
Seat 8: 247330bf (button) collected (2,220)


Poker Hand #TM309228784: Tournament #208079642, Bounty Hunters Forty Stack $44 Hold'em No Limit - Level6(300/600) - 2025/05/28 18:46:07
Table '95' 8-max Seat #7 is the button
Seat 1: Hero (13,684 in chips)
Seat 2: ee10fd1 (41,936 in chips)
Seat 3: 5c3e7e42 (28,608 in chips)
Seat 4: 6eaab41 (38,401 in chips)
Seat 5: 5dd75d4a (42,150 in chips)
Seat 6: 8043a89 (53,796 in chips)
Seat 7: 8a4872e5 (40,960 in chips)
Seat 8: 247330bf (56,146 in chips)
8043a89: posts the ante 90
5dd75d4a: posts the ante 90
ee10fd1: posts the ante 90
6eaab41: posts the ante 90
5c3e7e42: posts the ante 90
247330bf: posts the ante 90
8a4872e5: posts the ante 90
Hero: posts the ante 90
247330bf: posts small blind 300
Hero: posts big blind 600
*** HOLE CARDS ***
Dealt to Hero [Ac 8c]
Dealt to ee10fd1 
Dealt to 5c3e7e42 
Dealt to 6eaab41 
Dealt to 5dd75d4a 
Dealt to 8043a89 
Dealt to 8a4872e5 
Dealt to 247330bf 
ee10fd1: folds
5c3e7e42: raises 600 to 1,200
6eaab41: raises 1,729 to 2,929
5dd75d4a: folds
8043a89: folds
8a4872e5: folds
247330bf: folds
Hero: folds
5c3e7e42: raises 6,071 to 9,000
6eaab41: folds
Uncalled bet (6,071) returned to 5c3e7e42
*** SHOWDOWN ***
5c3e7e42 collected 7,478 from pot
*** SUMMARY ***
Total pot 7,478 | Rake 0 | Jackpot 0 | Bingo 0 | Fortune 0 | Tax 0
Seat 1: Hero (big blind) folded before Flop
Seat 2: ee10fd1 folded before Flop
Seat 3: 5c3e7e42 collected (7,478)
Seat 4: 6eaab41 folded before Flop
Seat 5: 5dd75d4a folded before Flop
Seat 6: 8043a89 folded before Flop
Seat 7: 8a4872e5 (button) folded before Flop
Seat 8: 247330bf (small blind) folded before Flop


Poker Hand #TM309228740: Tournament #208079642, Bounty Hunters Forty Stack $44 Hold'em No Limit - Level6(300/600) - 2025/05/28 18:45:05
Table '95' 8-max Seat #6 is the button
Seat 1: Hero (13,774 in chips)
Seat 2: ee10fd1 (42,026 in chips)
Seat 3: 5c3e7e42 (28,698 in chips)
Seat 4: 6eaab41 (38,491 in chips)
Seat 5: 5dd75d4a (43,440 in chips)
Seat 6: 8043a89 (53,886 in chips)
Seat 7: 8a4872e5 (38,530 in chips)
Seat 8: 247330bf (56,836 in chips)
8043a89: posts the ante 90
5dd75d4a: posts the ante 90
ee10fd1: posts the ante 90
6eaab41: posts the ante 90
5c3e7e42: posts the ante 90
247330bf: posts the ante 90
8a4872e5: posts the ante 90
Hero: posts the ante 90
8a4872e5: posts small blind 300
247330bf: posts big blind 600
*** HOLE CARDS ***
Dealt to Hero [9h 3h]
Dealt to ee10fd1 
Dealt to 5c3e7e42 
Dealt to 6eaab41 
Dealt to 5dd75d4a 
Dealt to 8043a89 
Dealt to 8a4872e5 
Dealt to 247330bf 
Hero: folds
ee10fd1: folds
5c3e7e42: folds
6eaab41: folds
5dd75d4a: raises 600 to 1,200
8043a89: folds
8a4872e5: raises 3,900 to 5,100
247330bf: folds
5dd75d4a: folds
Uncalled bet (3,900) returned to 8a4872e5
*** SHOWDOWN ***
8a4872e5 collected 3,720 from pot
*** SUMMARY ***
Total pot 3,720 | Rake 0 | Jackpot 0 | Bingo 0 | Fortune 0 | Tax 0
Seat 1: Hero folded before Flop
Seat 2: ee10fd1 folded before Flop
Seat 3: 5c3e7e42 folded before Flop
Seat 4: 6eaab41 folded before Flop
Seat 5: 5dd75d4a folded before Flop
Seat 6: 8043a89 (button) folded before Flop
Seat 7: 8a4872e5 (small blind) collected (3,720)
Seat 8: 247330bf (big blind) folded before Flop


Poker Hand #TM309228667: Tournament #208079642, Bounty Hunters Forty Stack $44 Hold'em No Limit - Level6(300/600) - 2025/05/28 18:43:46
Table '95' 8-max Seat #5 is the button
Seat 1: Hero (13,864 in chips)
Seat 2: ee10fd1 (39,716 in chips)
Seat 3: 5c3e7e42 (28,788 in chips)
Seat 4: 6eaab41 (38,581 in chips)
Seat 5: 5dd75d4a (43,530 in chips)
Seat 6: 8043a89 (54,276 in chips)
Seat 7: 8a4872e5 (40,000 in chips)
Seat 8: 247330bf (56,926 in chips)
8043a89: posts the ante 90
5dd75d4a: posts the ante 90
ee10fd1: posts the ante 90
6eaab41: posts the ante 90
5c3e7e42: posts the ante 90
247330bf: posts the ante 90
8a4872e5: posts the ante 90
Hero: posts the ante 90
8043a89: posts small blind 300
8a4872e5: posts big blind 600
*** HOLE CARDS ***
Dealt to Hero [4h 6d]
Dealt to ee10fd1 
Dealt to 5c3e7e42 
Dealt to 6eaab41 
Dealt to 5dd75d4a 
Dealt to 8043a89 
Dealt to 8a4872e5 
Dealt to 247330bf 
247330bf: folds
Hero: folds
ee10fd1: raises 780 to 1,380
5c3e7e42: folds
6eaab41: folds
5dd75d4a: folds
8043a89: folds
8a4872e5: calls 780
*** FLOP *** [9c 9s Kd]
8a4872e5: checks
ee10fd1: bets 900
8a4872e5: folds
Uncalled bet (900) returned to ee10fd1
*** SHOWDOWN ***
ee10fd1 collected 3,780 from pot
*** SUMMARY ***
Total pot 3,780 | Rake 0 | Jackpot 0 | Bingo 0 | Fortune 0 | Tax 0
Board [9c 9s Kd]
Seat 1: Hero folded before Flop
Seat 2: ee10fd1 won (3,780)
Seat 3: 5c3e7e42 folded before Flop
Seat 4: 6eaab41 folded before Flop
Seat 5: 5dd75d4a (button) folded before Flop
Seat 6: 8043a89 (small blind) folded before Flop
Seat 7: 8a4872e5 (big blind) folded on the Flop
Seat 8: 247330bf folded before Flop


Poker Hand #TM309228571: Tournament #208079642, Bounty Hunters Forty Stack $44 Hold'em No Limit - Level5(250/500) - 2025/05/28 18:41:56
Table '95' 8-max Seat #4 is the button
Seat 1: Hero (13,939 in chips)
Seat 2: ee10fd1 (41,691 in chips)
Seat 3: 5c3e7e42 (28,863 in chips)
Seat 4: 6eaab41 (38,656 in chips)
Seat 5: 5dd75d4a (43,855 in chips)
Seat 6: 8043a89 (51,601 in chips)
Seat 7: b88fb172 (47,279 in chips)
Seat 8: 247330bf (57,001 in chips)
8043a89: posts the ante 75
ee10fd1: posts the ante 75
5dd75d4a: posts the ante 75
6eaab41: posts the ante 75
5c3e7e42: posts the ante 75
247330bf: posts the ante 75
b88fb172: posts the ante 75
Hero: posts the ante 75
5dd75d4a: posts small blind 250
8043a89: posts big blind 500
*** HOLE CARDS ***
Dealt to Hero [7d Kh]
Dealt to ee10fd1 
Dealt to 5c3e7e42 
Dealt to 6eaab41 
Dealt to 5dd75d4a 
Dealt to 8043a89 
Dealt to b88fb172 
Dealt to 247330bf 
b88fb172: folds
247330bf: folds
Hero: folds
ee10fd1: raises 650 to 1,150
5c3e7e42: folds
6eaab41: folds
5dd75d4a: folds
8043a89: calls 650
*** FLOP *** [6h Ac 3h]
8043a89: checks
ee10fd1: bets 750
8043a89: calls 750
*** TURN *** [6h Ac 3h] [8h]
8043a89: checks
ee10fd1: checks
*** RIVER *** [6h Ac 3h 8h] [Tc]
8043a89: bets 3,488
ee10fd1: folds
Uncalled bet (3,488) returned to 8043a89
*** SHOWDOWN ***
8043a89 collected 4,650 from pot
*** SUMMARY ***
Total pot 4,650 | Rake 0 | Jackpot 0 | Bingo 0 | Fortune 0 | Tax 0
Board [6h Ac 3h 8h Tc]
Seat 1: Hero folded before Flop
Seat 2: ee10fd1 folded on the River
Seat 3: 5c3e7e42 folded before Flop
Seat 4: 6eaab41 (button) folded before Flop
Seat 5: 5dd75d4a (small blind) folded before Flop
Seat 6: 8043a89 (big blind) won (4,650)
Seat 7: b88fb172 folded before Flop
Seat 8: 247330bf folded before Flop


Poker Hand #TM309228529: Tournament #208079642, Bounty Hunters Forty Stack $44 Hold'em No Limit - Level5(250/500) - 2025/05/28 18:41:06
Table '95' 8-max Seat #3 is the button
Seat 1: Hero (14,014 in chips)
Seat 2: ee10fd1 (41,766 in chips)
Seat 3: 5c3e7e42 (28,938 in chips)
Seat 4: 6eaab41 (38,981 in chips)
Seat 5: 5dd75d4a (44,430 in chips)
Seat 6: 8043a89 (49,326 in chips)
Seat 7: b88fb172 (48,354 in chips)
Seat 8: 247330bf (57,076 in chips)
8043a89: posts the ante 75
ee10fd1: posts the ante 75
5dd75d4a: posts the ante 75
5c3e7e42: posts the ante 75
247330bf: posts the ante 75
6eaab41: posts the ante 75
b88fb172: posts the ante 75
Hero: posts the ante 75
6eaab41: posts small blind 250
5dd75d4a: posts big blind 500
*** HOLE CARDS ***
Dealt to Hero [2d 8c]
Dealt to ee10fd1 
Dealt to 5c3e7e42 
Dealt to 6eaab41 
Dealt to 5dd75d4a 
Dealt to 8043a89 
Dealt to b88fb172 
Dealt to 247330bf 
8043a89: raises 500 to 1,000
b88fb172: calls 1,000
247330bf: folds
Hero: folds
ee10fd1: folds
5c3e7e42: folds
6eaab41: folds
5dd75d4a: folds
*** FLOP *** [4s 9h 4d]
8043a89: bets 1,106
b88fb172: folds
Uncalled bet (1,106) returned to 8043a89
*** SHOWDOWN ***
8043a89 collected 3,350 from pot
*** SUMMARY ***
Total pot 3,350 | Rake 0 | Jackpot 0 | Bingo 0 | Fortune 0 | Tax 0
Board [4s 9h 4d]
Seat 1: Hero folded before Flop
Seat 2: ee10fd1 folded before Flop
Seat 3: 5c3e7e42 (button) folded before Flop
Seat 4: 6eaab41 (small blind) folded before Flop
Seat 5: 5dd75d4a (big blind) folded before Flop
Seat 6: 8043a89 won (3,350)
Seat 7: b88fb172 folded on the Flop
Seat 8: 247330bf folded before Flop


Poker Hand #TM309228467: Tournament #208079642, Bounty Hunters Forty Stack $44 Hold'em No Limit - Level5(250/500) - 2025/05/28 18:39:53
Table '95' 8-max Seat #2 is the button
Seat 1: Hero (16,280 in chips)
Seat 2: ee10fd1 (41,841 in chips)
Seat 3: 5c3e7e42 (29,263 in chips)
Seat 4: 6eaab41 (36,015 in chips)
Seat 5: 5dd75d4a (44,505 in chips)
Seat 6: 8043a89 (49,401 in chips)
Seat 7: b88fb172 (48,429 in chips)
Seat 8: 247330bf (57,151 in chips)
8043a89: posts the ante 75
ee10fd1: posts the ante 75
5dd75d4a: posts the ante 75
247330bf: posts the ante 75
6eaab41: posts the ante 75
5c3e7e42: posts the ante 75
b88fb172: posts the ante 75
Hero: posts the ante 75
5c3e7e42: posts small blind 250
6eaab41: posts big blind 500
*** HOLE CARDS ***
Dealt to Hero [8d Jd]
Dealt to ee10fd1 
Dealt to 5c3e7e42 
Dealt to 6eaab41 
Dealt to 5dd75d4a 
Dealt to 8043a89 
Dealt to b88fb172 
Dealt to 247330bf 
5dd75d4a: folds
8043a89: folds
b88fb172: folds
247330bf: folds
Hero: raises 500 to 1,000
ee10fd1: folds
5c3e7e42: folds
6eaab41: calls 500
*** FLOP *** [3c Qh 6s]
6eaab41: checks
Hero: bets 1,191
6eaab41: calls 1,191
*** TURN *** [3c Qh 6s] [2s]
6eaab41: bets 1,727
Hero: folds
Uncalled bet (1,727) returned to 6eaab41
*** SHOWDOWN ***
6eaab41 collected 5,232 from pot
*** SUMMARY ***
Total pot 5,232 | Rake 0 | Jackpot 0 | Bingo 0 | Fortune 0 | Tax 0
Board [3c Qh 6s 2s]
Seat 1: Hero folded on the Turn
Seat 2: ee10fd1 (button) folded before Flop
Seat 3: 5c3e7e42 (small blind) folded before Flop
Seat 4: 6eaab41 (big blind) won (5,232)
Seat 5: 5dd75d4a folded before Flop
Seat 6: 8043a89 folded before Flop
Seat 7: b88fb172 folded before Flop
Seat 8: 247330bf folded before Flop


Poker Hand #TM309228399: Tournament #208079642, Bounty Hunters Forty Stack $44 Hold'em No Limit - Level5(250/500) - 2025/05/28 18:38:33
Table '95' 8-max Seat #1 is the button
Seat 1: Hero (16,355 in chips)
Seat 2: ee10fd1 (42,916 in chips)
Seat 3: 5c3e7e42 (29,838 in chips)
Seat 4: 6eaab41 (36,090 in chips)
Seat 5: 5dd75d4a (42,480 in chips)
Seat 6: 8043a89 (49,476 in chips)
Seat 7: b88fb172 (48,504 in chips)
Seat 8: 247330bf (57,226 in chips)
8043a89: posts the ante 75
5dd75d4a: posts the ante 75
ee10fd1: posts the ante 75
247330bf: posts the ante 75
6eaab41: posts the ante 75
5c3e7e42: posts the ante 75
b88fb172: posts the ante 75
Hero: posts the ante 75
ee10fd1: posts small blind 250
5c3e7e42: posts big blind 500
*** HOLE CARDS ***
Dealt to Hero [7s 8d]
Dealt to ee10fd1 
Dealt to 5c3e7e42 
Dealt to 6eaab41 
Dealt to 5dd75d4a 
Dealt to 8043a89 
Dealt to b88fb172 
Dealt to 247330bf 
6eaab41: folds
5dd75d4a: raises 500 to 1,000
8043a89: folds
b88fb172: folds
247330bf: folds
Hero: folds
ee10fd1: calls 750
5c3e7e42: folds
*** FLOP *** [Ks Kd 5d]
ee10fd1: checks
5dd75d4a: bets 1,023
ee10fd1: folds
Uncalled bet (1,023) returned to 5dd75d4a
*** SHOWDOWN ***
5dd75d4a collected 3,100 from pot
*** SUMMARY ***
Total pot 3,100 | Rake 0 | Jackpot 0 | Bingo 0 | Fortune 0 | Tax 0
Board [Ks Kd 5d]
Seat 1: Hero (button) folded before Flop
Seat 2: ee10fd1 (small blind) folded on the Flop
Seat 3: 5c3e7e42 (big blind) folded before Flop
Seat 4: 6eaab41 folded before Flop
Seat 5: 5dd75d4a won (3,100)
Seat 6: 8043a89 folded before Flop
Seat 7: b88fb172 folded before Flop
Seat 8: 247330bf folded before Flop


Poker Hand #TM309228383: Tournament #208079642, Bounty Hunters Forty Stack $44 Hold'em No Limit - Level5(250/500) - 2025/05/28 18:38:12
Table '95' 8-max Seat #8 is the button
Seat 1: Hero (16,680 in chips)
Seat 2: ee10fd1 (43,491 in chips)
Seat 3: 5c3e7e42 (29,913 in chips)
Seat 4: 6eaab41 (36,165 in chips)
Seat 5: 5dd75d4a (41,205 in chips)
Seat 6: 8043a89 (49,551 in chips)
Seat 7: b88fb172 (48,579 in chips)
Seat 8: 247330bf (57,301 in chips)
8043a89: posts the ante 75
5dd75d4a: posts the ante 75
ee10fd1: posts the ante 75
247330bf: posts the ante 75
6eaab41: posts the ante 75
5c3e7e42: posts the ante 75
b88fb172: posts the ante 75
Hero: posts the ante 75
Hero: posts small blind 250
ee10fd1: posts big blind 500
*** HOLE CARDS ***
Dealt to Hero [3h Ts]
Dealt to ee10fd1 
Dealt to 5c3e7e42 
Dealt to 6eaab41 
Dealt to 5dd75d4a 
Dealt to 8043a89 
Dealt to b88fb172 
Dealt to 247330bf 
5c3e7e42: folds
6eaab41: folds
5dd75d4a: raises 600 to 1,100
8043a89: folds
b88fb172: folds
247330bf: folds
Hero: folds
ee10fd1: folds
Uncalled bet (600) returned to 5dd75d4a
*** SHOWDOWN ***
5dd75d4a collected 1,850 from pot
*** SUMMARY ***
Total pot 1,850 | Rake 0 | Jackpot 0 | Bingo 0 | Fortune 0 | Tax 0
Seat 1: Hero (small blind) folded before Flop
Seat 2: ee10fd1 (big blind) folded before Flop
Seat 3: 5c3e7e42 folded before Flop
Seat 4: 6eaab41 folded before Flop
Seat 5: 5dd75d4a collected (1,850)
Seat 6: 8043a89 folded before Flop
Seat 7: b88fb172 folded before Flop
Seat 8: 247330bf (button) folded before Flop


Poker Hand #TM309228299: Tournament #208079642, Bounty Hunters Forty Stack $44 Hold'em No Limit - Level5(250/500) - 2025/05/28 18:36:44
Table '95' 8-max Seat #7 is the button
Seat 1: Hero (17,755 in chips)
Seat 2: ee10fd1 (43,566 in chips)
Seat 3: 5c3e7e42 (29,988 in chips)
Seat 4: 6eaab41 (39,088 in chips)
Seat 5: 5dd75d4a (41,280 in chips)
Seat 6: 8043a89 (50,626 in chips)
Seat 7: b88fb172 (40,358 in chips)
Seat 8: 247330bf (60,224 in chips)
8043a89: posts the ante 75
5dd75d4a: posts the ante 75
ee10fd1: posts the ante 75
6eaab41: posts the ante 75
5c3e7e42: posts the ante 75
247330bf: posts the ante 75
b88fb172: posts the ante 75
Hero: posts the ante 75
247330bf: posts small blind 250
Hero: posts big blind 500
*** HOLE CARDS ***
Dealt to Hero [5h Th]
Dealt to ee10fd1 
Dealt to 5c3e7e42 
Dealt to 6eaab41 
Dealt to 5dd75d4a 
Dealt to 8043a89 
Dealt to b88fb172 
Dealt to 247330bf 
ee10fd1: folds
5c3e7e42: folds
6eaab41: raises 500 to 1,000
5dd75d4a: folds
8043a89: calls 1,000
b88fb172: calls 1,000
247330bf: calls 750
Hero: calls 500
*** FLOP *** [Kh 7d 2c]
247330bf: checks
Hero: checks
6eaab41: bets 1,848
8043a89: folds
b88fb172: calls 1,848
247330bf: calls 1,848
Hero: folds
*** TURN *** [Kh 7d 2c] [4h]
247330bf: checks
6eaab41: checks
b88fb172: bets 11,144
247330bf: folds
6eaab41: folds
Uncalled bet (11,144) returned to b88fb172
*** SHOWDOWN ***
b88fb172 collected 11,144 from pot
*** SUMMARY ***
Total pot 11,144 | Rake 0 | Jackpot 0 | Bingo 0 | Fortune 0 | Tax 0
Board [Kh 7d 2c 4h]
Seat 1: Hero (big blind) folded on the Flop
Seat 2: ee10fd1 folded before Flop
Seat 3: 5c3e7e42 folded before Flop
Seat 4: 6eaab41 folded on the Turn
Seat 5: 5dd75d4a folded before Flop
Seat 6: 8043a89 folded on the Flop
Seat 7: b88fb172 (button) won (11,144)
Seat 8: 247330bf (small blind) folded on the Turn


Poker Hand #TM309228279: Tournament #208079642, Bounty Hunters Forty Stack $44 Hold'em No Limit - Level5(250/500) - 2025/05/28 18:36:22
Table '95' 8-max Seat #6 is the button
Seat 1: Hero (17,830 in chips)
Seat 2: ee10fd1 (43,641 in chips)
Seat 3: 5c3e7e42 (30,063 in chips)
Seat 4: 6eaab41 (39,163 in chips)
Seat 5: 5dd75d4a (41,355 in chips)
Seat 6: 8043a89 (50,701 in chips)
Seat 7: b88fb172 (40,683 in chips)
Seat 8: 247330bf (59,449 in chips)
8043a89: posts the ante 75
5dd75d4a: posts the ante 75
ee10fd1: posts the ante 75
6eaab41: posts the ante 75
5c3e7e42: posts the ante 75
247330bf: posts the ante 75
b88fb172: posts the ante 75
Hero: posts the ante 75
b88fb172: posts small blind 250
247330bf: posts big blind 500
*** HOLE CARDS ***
Dealt to Hero [4c 4d]
Dealt to ee10fd1 
Dealt to 5c3e7e42 
Dealt to 6eaab41 
Dealt to 5dd75d4a 
Dealt to 8043a89 
Dealt to b88fb172 
Dealt to 247330bf 
Hero: folds
ee10fd1: folds
5c3e7e42: folds
6eaab41: folds
5dd75d4a: folds
8043a89: folds
b88fb172: folds
Uncalled bet (250) returned to 247330bf
*** SHOWDOWN ***
247330bf collected 1,100 from pot
*** SUMMARY ***
Total pot 1,100 | Rake 0 | Jackpot 0 | Bingo 0 | Fortune 0 | Tax 0
Seat 1: Hero folded before Flop
Seat 2: ee10fd1 folded before Flop
Seat 3: 5c3e7e42 folded before Flop
Seat 4: 6eaab41 folded before Flop
Seat 5: 5dd75d4a folded before Flop
Seat 6: 8043a89 (button) folded before Flop
Seat 7: b88fb172 (small blind) folded before Flop
Seat 8: 247330bf (big blind) collected (1,100)


Poker Hand #TM309228241: Tournament #208079642, Bounty Hunters Forty Stack $44 Hold'em No Limit - Level5(250/500) - 2025/05/28 18:35:32
Table '95' 8-max Seat #5 is the button
Seat 1: Hero (17,905 in chips)
Seat 2: ee10fd1 (43,716 in chips)
Seat 3: 5c3e7e42 (30,138 in chips)
Seat 4: 6eaab41 (37,388 in chips)
Seat 5: 5dd75d4a (41,430 in chips)
Seat 6: 8043a89 (51,026 in chips)
Seat 7: b88fb172 (41,758 in chips)
Seat 8: 247330bf (59,524 in chips)
8043a89: posts the ante 75
5dd75d4a: posts the ante 75
ee10fd1: posts the ante 75
6eaab41: posts the ante 75
5c3e7e42: posts the ante 75
247330bf: posts the ante 75
b88fb172: posts the ante 75
Hero: posts the ante 75
8043a89: posts small blind 250
b88fb172: posts big blind 500
*** HOLE CARDS ***
Dealt to Hero [6h 7h]
Dealt to ee10fd1 
Dealt to 5c3e7e42 
Dealt to 6eaab41 
Dealt to 5dd75d4a 
Dealt to 8043a89 
Dealt to b88fb172 
Dealt to 247330bf 
247330bf: folds
Hero: folds
ee10fd1: folds
5c3e7e42: folds
6eaab41: raises 500 to 1,000
5dd75d4a: folds
8043a89: folds
b88fb172: calls 500
*** FLOP *** [Tc Ac 8d]
b88fb172: checks
6eaab41: bets 1,881
b88fb172: folds
Uncalled bet (1,881) returned to 6eaab41
*** SHOWDOWN ***
6eaab41 collected 2,850 from pot
*** SUMMARY ***
Total pot 2,850 | Rake 0 | Jackpot 0 | Bingo 0 | Fortune 0 | Tax 0
Board [Tc Ac 8d]
Seat 1: Hero folded before Flop
Seat 2: ee10fd1 folded before Flop
Seat 3: 5c3e7e42 folded before Flop
Seat 4: 6eaab41 won (2,850)
Seat 5: 5dd75d4a (button) folded before Flop
Seat 6: 8043a89 (small blind) folded before Flop
Seat 7: b88fb172 (big blind) folded on the Flop
Seat 8: 247330bf folded before Flop


Poker Hand #TM309228156: Tournament #208079642, Bounty Hunters Forty Stack $44 Hold'em No Limit - Level5(250/500) - 2025/05/28 18:33:45
Table '95' 8-max Seat #4 is the button
Seat 1: Hero (17,980 in chips)
Seat 2: ee10fd1 (43,791 in chips)
Seat 3: 5c3e7e42 (30,213 in chips)
Seat 4: 6eaab41 (37,463 in chips)
Seat 5: 5dd75d4a (41,755 in chips)
Seat 6: 8043a89 (47,113 in chips)
Seat 7: b88fb172 (41,833 in chips)
Seat 8: 247330bf (62,737 in chips)
8043a89: posts the ante 75
ee10fd1: posts the ante 75
5dd75d4a: posts the ante 75
6eaab41: posts the ante 75
5c3e7e42: posts the ante 75
247330bf: posts the ante 75
b88fb172: posts the ante 75
Hero: posts the ante 75
5dd75d4a: posts small blind 250
8043a89: posts big blind 500
*** HOLE CARDS ***
Dealt to Hero [Jh 4d]
Dealt to ee10fd1 
Dealt to 5c3e7e42 
Dealt to 6eaab41 
Dealt to 5dd75d4a 
Dealt to 8043a89 
Dealt to b88fb172 
Dealt to 247330bf 
b88fb172: folds
247330bf: raises 500 to 1,000
Hero: folds
ee10fd1: folds
5c3e7e42: folds
6eaab41: folds
5dd75d4a: folds
8043a89: calls 500
*** FLOP *** [Qc 5s Ac]
8043a89: checks
247330bf: bets 2,138
8043a89: calls 2,138
*** TURN *** [Qc 5s Ac] [Jc]
8043a89: bets 3,563
247330bf: folds
Uncalled bet (3,563) returned to 8043a89
*** SHOWDOWN ***
8043a89 collected 7,126 from pot
*** SUMMARY ***
Total pot 7,126 | Rake 0 | Jackpot 0 | Bingo 0 | Fortune 0 | Tax 0
Board [Qc 5s Ac Jc]
Seat 1: Hero folded before Flop
Seat 2: ee10fd1 folded before Flop
Seat 3: 5c3e7e42 folded before Flop
Seat 4: 6eaab41 (button) folded before Flop
Seat 5: 5dd75d4a (small blind) folded before Flop
Seat 6: 8043a89 (big blind) won (7,126)
Seat 7: b88fb172 folded before Flop
Seat 8: 247330bf folded on the Turn


Poker Hand #TM309228073: Tournament #208079642, Bounty Hunters Forty Stack $44 Hold'em No Limit - Level5(250/500) - 2025/05/28 18:32:19
Table '95' 8-max Seat #3 is the button
Seat 1: Hero (18,055 in chips)
Seat 2: ee10fd1 (43,866 in chips)
Seat 3: 5c3e7e42 (30,288 in chips)
Seat 4: 6eaab41 (42,714 in chips)
Seat 5: 5dd75d4a (42,830 in chips)
Seat 6: 8043a89 (40,412 in chips)
Seat 7: b88fb172 (41,908 in chips)
Seat 8: 247330bf (62,812 in chips)
8043a89: posts the ante 75
ee10fd1: posts the ante 75
5dd75d4a: posts the ante 75
5c3e7e42: posts the ante 75
247330bf: posts the ante 75
6eaab41: posts the ante 75
b88fb172: posts the ante 75
Hero: posts the ante 75
6eaab41: posts small blind 250
5dd75d4a: posts big blind 500
*** HOLE CARDS ***
Dealt to Hero [2h 9c]
Dealt to ee10fd1 
Dealt to 5c3e7e42 
Dealt to 6eaab41 
Dealt to 5dd75d4a 
Dealt to 8043a89 
Dealt to b88fb172 
Dealt to 247330bf 
8043a89: raises 500 to 1,000
b88fb172: folds
247330bf: folds
Hero: folds
ee10fd1: folds
5c3e7e42: folds
6eaab41: calls 750
5dd75d4a: calls 500
*** FLOP *** [8d 2c Ac]
6eaab41: checks
5dd75d4a: checks
8043a89: bets 1,188
6eaab41: calls 1,188
5dd75d4a: folds
*** TURN *** [8d 2c Ac] [6c]
6eaab41: checks
8043a89: bets 2,988
6eaab41: calls 2,988
*** RIVER *** [8d 2c Ac 6c] [4c]
6eaab41: checks
8043a89: bets 6,500
6eaab41: folds
Uncalled bet (6,500) returned to 8043a89
*** SHOWDOWN ***
8043a89 collected 11,952 from pot
*** SUMMARY ***
Total pot 11,952 | Rake 0 | Jackpot 0 | Bingo 0 | Fortune 0 | Tax 0
Board [8d 2c Ac 6c 4c]
Seat 1: Hero folded before Flop
Seat 2: ee10fd1 folded before Flop
Seat 3: 5c3e7e42 (button) folded before Flop
Seat 4: 6eaab41 (small blind) folded on the River
Seat 5: 5dd75d4a (big blind) folded on the Flop
Seat 6: 8043a89 won (11,952)
Seat 7: b88fb172 folded before Flop
Seat 8: 247330bf folded before Flop


Poker Hand #TM309228016: Tournament #208079642, Bounty Hunters Forty Stack $44 Hold'em No Limit - Level5(250/500) - 2025/05/28 18:31:04
Table '95' 8-max Seat #2 is the button
Seat 1: Hero (5,810 in chips)
Seat 2: ee10fd1 (49,676 in chips)
Seat 3: 5c3e7e42 (30,613 in chips)
Seat 4: 6eaab41 (48,524 in chips)
Seat 5: 5dd75d4a (42,905 in chips)
Seat 6: 8043a89 (40,487 in chips)
Seat 7: b88fb172 (41,983 in chips)
Seat 8: 247330bf (62,887 in chips)
8043a89: posts the ante 75
ee10fd1: posts the ante 75
5dd75d4a: posts the ante 75
247330bf: posts the ante 75
6eaab41: posts the ante 75
5c3e7e42: posts the ante 75
b88fb172: posts the ante 75
Hero: posts the ante 75
5c3e7e42: posts small blind 250
6eaab41: posts big blind 500
*** HOLE CARDS ***
Dealt to Hero [3h 3d]
Dealt to ee10fd1 
Dealt to 5c3e7e42 
Dealt to 6eaab41 
Dealt to 5dd75d4a 
Dealt to 8043a89 
Dealt to b88fb172 
Dealt to 247330bf 
5dd75d4a: folds
8043a89: folds
b88fb172: folds
247330bf: folds
Hero: raises 5,235 to 5,735
ee10fd1: calls 5,735
5c3e7e42: folds
6eaab41: raises 42,714 to 48,449
ee10fd1: folds
Uncalled bet (42,714) returned to 6eaab41
6eaab41: shows [Ah Th]
Hero: shows [3h 3d]
*** FLOP *** [Ad 6d Td]
*** TURN *** [Ad 6d Td] [Qs]
*** RIVER *** [Ad 6d Td Qs] [2d]
*** SHOWDOWN ***
Hero collected 18,055 from pot
*** SUMMARY ***
Total pot 18,055 | Rake 0 | Jackpot 0 | Bingo 0 | Fortune 0 | Tax 0
Board [Ad 6d Td Qs 2d]
Seat 1: Hero showed [3h 3d] and won (18,055) with a flush Ace high
Seat 2: ee10fd1 (button) folded before Flop
Seat 3: 5c3e7e42 (small blind) folded before Flop
Seat 4: 6eaab41 (big blind) showed [Ah Th] and lost with two pair, Aces and Tens
Seat 5: 5dd75d4a folded before Flop
Seat 6: 8043a89 folded before Flop
Seat 7: b88fb172 folded before Flop
Seat 8: 247330bf folded before Flop


Poker Hand #TM309227963: Tournament #208079642, Bounty Hunters Forty Stack $44 Hold'em No Limit - Level4(200/400) - 2025/05/28 18:30:06
Table '95' 8-max Seat #1 is the button
Seat 1: Hero (5,870 in chips)
Seat 2: ee10fd1 (49,936 in chips)
Seat 3: 5c3e7e42 (29,193 in chips)
Seat 4: 6eaab41 (49,384 in chips)
Seat 5: 5dd75d4a (42,965 in chips)
Seat 6: 8043a89 (40,547 in chips)
Seat 7: b88fb172 (42,043 in chips)
Seat 8: 247330bf (62,947 in chips)
8043a89: posts the ante 60
5dd75d4a: posts the ante 60
ee10fd1: posts the ante 60
247330bf: posts the ante 60
6eaab41: posts the ante 60
5c3e7e42: posts the ante 60
b88fb172: posts the ante 60
Hero: posts the ante 60
ee10fd1: posts small blind 200
5c3e7e42: posts big blind 400
*** HOLE CARDS ***
Dealt to Hero [Td Qh]
Dealt to ee10fd1 
Dealt to 5c3e7e42 
Dealt to 6eaab41 
Dealt to 5dd75d4a 
Dealt to 8043a89 
Dealt to b88fb172 
Dealt to 247330bf 
6eaab41: raises 400 to 800
5dd75d4a: folds
8043a89: folds
b88fb172: folds
247330bf: folds
Hero: folds
ee10fd1: folds
5c3e7e42: raises 3,200 to 4,000
6eaab41: folds
Uncalled bet (3,200) returned to 5c3e7e42
*** SHOWDOWN ***
5c3e7e42 collected 2,280 from pot
*** SUMMARY ***
Total pot 2,280 | Rake 0 | Jackpot 0 | Bingo 0 | Fortune 0 | Tax 0
Seat 1: Hero (button) folded before Flop
Seat 2: ee10fd1 (small blind) folded before Flop
Seat 3: 5c3e7e42 (big blind) collected (2,280)
Seat 4: 6eaab41 folded before Flop
Seat 5: 5dd75d4a folded before Flop
Seat 6: 8043a89 folded before Flop
Seat 7: b88fb172 folded before Flop
Seat 8: 247330bf folded before Flop


Poker Hand #TM309227917: Tournament #208079642, Bounty Hunters Forty Stack $44 Hold'em No Limit - Level4(200/400) - 2025/05/28 18:29:18
Table '95' 8-max Seat #8 is the button
Seat 1: Hero (6,130 in chips)
Seat 2: ee10fd1 (50,396 in chips)
Seat 3: 5c3e7e42 (27,373 in chips)
Seat 4: 6eaab41 (49,444 in chips)
Seat 5: 5dd75d4a (43,025 in chips)
Seat 6: 8043a89 (40,607 in chips)
Seat 7: b88fb172 (42,103 in chips)
Seat 8: 247330bf (63,807 in chips)
8043a89: posts the ante 60
5dd75d4a: posts the ante 60
ee10fd1: posts the ante 60
247330bf: posts the ante 60
6eaab41: posts the ante 60
5c3e7e42: posts the ante 60
b88fb172: posts the ante 60
Hero: posts the ante 60
Hero: posts small blind 200
ee10fd1: posts big blind 400
*** HOLE CARDS ***
Dealt to Hero [9c 7c]
Dealt to ee10fd1 
Dealt to 5c3e7e42 
Dealt to 6eaab41 
Dealt to 5dd75d4a 
Dealt to 8043a89 
Dealt to b88fb172 
Dealt to 247330bf 
5c3e7e42: raises 400 to 800
6eaab41: folds
5dd75d4a: folds
8043a89: folds
b88fb172: folds
247330bf: calls 800
Hero: folds
ee10fd1: folds
*** FLOP *** [9h 7h Js]
5c3e7e42: checks
247330bf: checks
*** TURN *** [9h 7h Js] [Ks]
5c3e7e42: bets 2,091
247330bf: folds
Uncalled bet (2,091) returned to 5c3e7e42
*** SHOWDOWN ***
5c3e7e42 collected 2,680 from pot
*** SUMMARY ***
Total pot 2,680 | Rake 0 | Jackpot 0 | Bingo 0 | Fortune 0 | Tax 0
Board [9h 7h Js Ks]
Seat 1: Hero (small blind) folded before Flop
Seat 2: ee10fd1 (big blind) folded before Flop
Seat 3: 5c3e7e42 won (2,680)
Seat 4: 6eaab41 folded before Flop
Seat 5: 5dd75d4a folded before Flop
Seat 6: 8043a89 folded before Flop
Seat 7: b88fb172 folded before Flop
Seat 8: 247330bf (button) folded on the Turn


Poker Hand #TM309227861: Tournament #208079642, Bounty Hunters Forty Stack $44 Hold'em No Limit - Level4(200/400) - 2025/05/28 18:28:13
Table '95' 8-max Seat #7 is the button
Seat 1: Hero (6,590 in chips)
Seat 2: ee10fd1 (39,760 in chips)
Seat 3: 5c3e7e42 (27,433 in chips)
Seat 4: 6eaab41 (59,120 in chips)
Seat 5: 5dd75d4a (43,085 in chips)
Seat 6: 8043a89 (40,667 in chips)
Seat 7: b88fb172 (42,163 in chips)
Seat 8: 247330bf (64,067 in chips)
8043a89: posts the ante 60
5dd75d4a: posts the ante 60
ee10fd1: posts the ante 60
6eaab41: posts the ante 60
5c3e7e42: posts the ante 60
247330bf: posts the ante 60
b88fb172: posts the ante 60
Hero: posts the ante 60
247330bf: posts small blind 200
Hero: posts big blind 400
*** HOLE CARDS ***
Dealt to Hero [2d 9h]
Dealt to ee10fd1 
Dealt to 5c3e7e42 
Dealt to 6eaab41 
Dealt to 5dd75d4a 
Dealt to 8043a89 
Dealt to b88fb172 
Dealt to 247330bf 
ee10fd1: raises 519 to 919
5c3e7e42: folds
6eaab41: raises 1,926 to 2,845
5dd75d4a: folds
8043a89: folds
b88fb172: folds
247330bf: folds
Hero: folds
ee10fd1: calls 1,926
*** FLOP *** [5s 4d 6h]
ee10fd1: bets 1,693
6eaab41: calls 1,693
*** TURN *** [5s 4d 6h] [4s]
ee10fd1: bets 5,078
6eaab41: calls 5,078
*** RIVER *** [5s 4d 6h 4s] [9c]
ee10fd1: bets 30,084
6eaab41: folds
Uncalled bet (30,084) returned to ee10fd1
*** SHOWDOWN ***
ee10fd1 collected 20,312 from pot
*** SUMMARY ***
Total pot 20,312 | Rake 0 | Jackpot 0 | Bingo 0 | Fortune 0 | Tax 0
Board [5s 4d 6h 4s 9c]
Seat 1: Hero (big blind) folded before Flop
Seat 2: ee10fd1 won (20,312)
Seat 3: 5c3e7e42 folded before Flop
Seat 4: 6eaab41 folded on the River
Seat 5: 5dd75d4a folded before Flop
Seat 6: 8043a89 folded before Flop
Seat 7: b88fb172 (button) folded before Flop
Seat 8: 247330bf (small blind) folded before Flop


Poker Hand #TM309227822: Tournament #208079642, Bounty Hunters Forty Stack $44 Hold'em No Limit - Level4(200/400) - 2025/05/28 18:27:30
Table '95' 8-max Seat #6 is the button
Seat 1: Hero (6,650 in chips)
Seat 2: ee10fd1 (39,820 in chips)
Seat 3: 5c3e7e42 (27,493 in chips)
Seat 4: 6eaab41 (59,180 in chips)
Seat 5: 5dd75d4a (43,145 in chips)
Seat 6: 8043a89 (39,647 in chips)
Seat 7: b88fb172 (42,423 in chips)
Seat 8: 247330bf (64,527 in chips)
8043a89: posts the ante 60
5dd75d4a: posts the ante 60
ee10fd1: posts the ante 60
6eaab41: posts the ante 60
5c3e7e42: posts the ante 60
247330bf: posts the ante 60
b88fb172: posts the ante 60
Hero: posts the ante 60
b88fb172: posts small blind 200
247330bf: posts big blind 400
*** HOLE CARDS ***
Dealt to Hero [6s 2h]
Dealt to ee10fd1 
Dealt to 5c3e7e42 
Dealt to 6eaab41 
Dealt to 5dd75d4a 
Dealt to 8043a89 
Dealt to b88fb172 
Dealt to 247330bf 
Hero: folds
ee10fd1: folds
5c3e7e42: folds
6eaab41: folds
5dd75d4a: folds
8043a89: raises 400 to 800
b88fb172: folds
247330bf: folds
Uncalled bet (400) returned to 8043a89
*** SHOWDOWN ***
8043a89 collected 1,480 from pot
*** SUMMARY ***
Total pot 1,480 | Rake 0 | Jackpot 0 | Bingo 0 | Fortune 0 | Tax 0
Seat 1: Hero folded before Flop
Seat 2: ee10fd1 folded before Flop
Seat 3: 5c3e7e42 folded before Flop
Seat 4: 6eaab41 folded before Flop
Seat 5: 5dd75d4a folded before Flop
Seat 6: 8043a89 (button) collected (1,480)
Seat 7: b88fb172 (small blind) folded before Flop
Seat 8: 247330bf (big blind) folded before Flop


Poker Hand #TM309227745: Tournament #208079642, Bounty Hunters Forty Stack $44 Hold'em No Limit - Level4(200/400) - 2025/05/28 18:26:13
Table '95' 8-max Seat #5 is the button
Seat 1: Hero (35,760 in chips)
Seat 2: ee10fd1 (39,880 in chips)
Seat 3: 5c3e7e42 (27,553 in chips)
Seat 4: 6eaab41 (29,110 in chips)
Seat 5: 5dd75d4a (43,205 in chips)
Seat 6: 8043a89 (39,907 in chips)
Seat 7: b88fb172 (42,883 in chips)
Seat 8: 247330bf (64,587 in chips)
8043a89: posts the ante 60
5dd75d4a: posts the ante 60
ee10fd1: posts the ante 60
6eaab41: posts the ante 60
5c3e7e42: posts the ante 60
247330bf: posts the ante 60
b88fb172: posts the ante 60
Hero: posts the ante 60
8043a89: posts small blind 200
b88fb172: posts big blind 400
*** HOLE CARDS ***
Dealt to Hero [Qd Qs]
Dealt to ee10fd1 
Dealt to 5c3e7e42 
Dealt to 6eaab41 
Dealt to 5dd75d4a 
Dealt to 8043a89 
Dealt to b88fb172 
Dealt to 247330bf 
247330bf: folds
Hero: raises 400 to 800
ee10fd1: folds
5c3e7e42: folds
6eaab41: raises 2,198 to 2,998
5dd75d4a: folds
8043a89: folds
b88fb172: folds
Hero: raises 3,602 to 6,600
6eaab41: raises 22,450 to 29,050
Hero: calls 22,450
6eaab41: shows [Ah Kc]
Hero: shows [Qd Qs]
*** FLOP *** [Ts 4d Js]
*** TURN *** [Ts 4d Js] [As]
*** RIVER *** [Ts 4d Js As] [Ad]
*** SHOWDOWN ***
6eaab41 collected 59,180 from pot
*** SUMMARY ***
Total pot 59,180 | Rake 0 | Jackpot 0 | Bingo 0 | Fortune 0 | Tax 0
Board [Ts 4d Js As Ad]
Seat 1: Hero showed [Qd Qs] and lost with two pair, Aces and Queens
Seat 2: ee10fd1 folded before Flop
Seat 3: 5c3e7e42 folded before Flop
Seat 4: 6eaab41 showed [Ah Kc] and won (59,180) with three of a kind, Aces
Seat 5: 5dd75d4a (button) folded before Flop
Seat 6: 8043a89 (small blind) folded before Flop
Seat 7: b88fb172 (big blind) folded before Flop
Seat 8: 247330bf folded before Flop


Poker Hand #TM309227687: Tournament #208079642, Bounty Hunters Forty Stack $44 Hold'em No Limit - Level4(200/400) - 2025/05/28 18:25:12
Table '95' 8-max Seat #4 is the button
Seat 1: Hero (35,820 in chips)
Seat 2: ee10fd1 (39,940 in chips)
Seat 3: 5c3e7e42 (27,613 in chips)
Seat 4: 6eaab41 (29,170 in chips)
Seat 5: 5dd75d4a (43,465 in chips)
Seat 6: 8043a89 (40,767 in chips)
Seat 7: b88fb172 (42,943 in chips)
Seat 8: 247330bf (63,167 in chips)
8043a89: posts the ante 60
ee10fd1: posts the ante 60
5dd75d4a: posts the ante 60
6eaab41: posts the ante 60
5c3e7e42: posts the ante 60
247330bf: posts the ante 60
b88fb172: posts the ante 60
Hero: posts the ante 60
5dd75d4a: posts small blind 200
8043a89: posts big blind 400
*** HOLE CARDS ***
Dealt to Hero [9h 7d]
Dealt to ee10fd1 
Dealt to 5c3e7e42 
Dealt to 6eaab41 
Dealt to 5dd75d4a 
Dealt to 8043a89 
Dealt to b88fb172 
Dealt to 247330bf 
b88fb172: folds
247330bf: raises 400 to 800
Hero: folds
ee10fd1: folds
5c3e7e42: folds
6eaab41: folds
5dd75d4a: folds
8043a89: calls 400
*** FLOP *** [3c Qs Jc]
8043a89: checks
247330bf: bets 2,800
8043a89: folds
Uncalled bet (2,800) returned to 247330bf
*** SHOWDOWN ***
247330bf collected 2,280 from pot
*** SUMMARY ***
Total pot 2,280 | Rake 0 | Jackpot 0 | Bingo 0 | Fortune 0 | Tax 0
Board [3c Qs Jc]
Seat 1: Hero folded before Flop
Seat 2: ee10fd1 folded before Flop
Seat 3: 5c3e7e42 folded before Flop
Seat 4: 6eaab41 (button) folded before Flop
Seat 5: 5dd75d4a (small blind) folded before Flop
Seat 6: 8043a89 (big blind) folded on the Flop
Seat 7: b88fb172 folded before Flop
Seat 8: 247330bf won (2,280)


Poker Hand #TM309227622: Tournament #208079642, Bounty Hunters Forty Stack $44 Hold'em No Limit - Level4(200/400) - 2025/05/28 18:24:03
Table '95' 8-max Seat #3 is the button
Seat 1: Hero (35,880 in chips)
Seat 2: ee10fd1 (40,000 in chips)
Seat 3: 5c3e7e42 (27,673 in chips)
Seat 4: 6eaab41 (46,235 in chips)
Seat 5: 5dd75d4a (43,925 in chips)
Seat 6: 8043a89 (40,827 in chips)
Seat 7: b88fb172 (43,003 in chips)
Seat 8: 247330bf (45,342 in chips)
8043a89: posts the ante 60
ee10fd1: posts the ante 60
5dd75d4a: posts the ante 60
5c3e7e42: posts the ante 60
247330bf: posts the ante 60
6eaab41: posts the ante 60
b88fb172: posts the ante 60
Hero: posts the ante 60
6eaab41: posts small blind 200
5dd75d4a: posts big blind 400
*** HOLE CARDS ***
Dealt to Hero [Ad 3c]
Dealt to ee10fd1 
Dealt to 5c3e7e42 
Dealt to 6eaab41 
Dealt to 5dd75d4a 
Dealt to 8043a89 
Dealt to b88fb172 
Dealt to 247330bf 
8043a89: folds
b88fb172: folds
247330bf: raises 400 to 800
Hero: folds
ee10fd1: folds
5c3e7e42: folds
6eaab41: calls 600
5dd75d4a: folds
*** FLOP *** [Js 7s 5s]
6eaab41: bets 1,067
247330bf: raises 2,538 to 3,605
6eaab41: calls 2,538
*** TURN *** [Js 7s 5s] [6h]
6eaab41: checks
247330bf: bets 5,800
6eaab41: calls 5,800
*** RIVER *** [Js 7s 5s 6h] [Qh]
6eaab41: checks
247330bf: bets 6,800
6eaab41: calls 6,800
247330bf: shows [8s Ts] (a flush Jack high)
6eaab41: shows [Jd Ks] (a pair of Jacks)
*** SHOWDOWN ***
247330bf collected 34,890 from pot
*** SUMMARY ***
Total pot 34,890 | Rake 0 | Jackpot 0 | Bingo 0 | Fortune 0 | Tax 0
Board [Js 7s 5s 6h Qh]
Seat 1: Hero folded before Flop
Seat 2: ee10fd1 folded before Flop
Seat 3: 5c3e7e42 (button) folded before Flop
Seat 4: 6eaab41 (small blind) showed [Jd Ks] and lost with a pair of Jacks
Seat 5: 5dd75d4a (big blind) folded before Flop
Seat 6: 8043a89 folded before Flop
Seat 7: b88fb172 folded before Flop
Seat 8: 247330bf showed [8s Ts] and won (34,890) with a flush Jack high


Poker Hand #TM309227564: Tournament #208079642, Bounty Hunters Forty Stack $44 Hold'em No Limit - Level4(200/400) - 2025/05/28 18:22:56
Table '95' 8-max Seat #1 is the button
Seat 1: Hero (35,630 in chips)
Seat 3: 5c3e7e42 (27,933 in chips)
Seat 4: 6eaab41 (45,985 in chips)
Seat 5: 5dd75d4a (43,985 in chips)
Seat 6: 8043a89 (40,887 in chips)
Seat 7: b88fb172 (43,063 in chips)
Seat 8: 247330bf (45,402 in chips)
8043a89: posts the ante 60
5dd75d4a: posts the ante 60
247330bf: posts the ante 60
6eaab41: posts the ante 60
5c3e7e42: posts the ante 60
b88fb172: posts the ante 60
Hero: posts the ante 60
5c3e7e42: posts small blind 200
6eaab41: posts big blind 400
*** HOLE CARDS ***
Dealt to Hero [As 3c]
Dealt to 5c3e7e42 
Dealt to 6eaab41 
Dealt to 5dd75d4a 
Dealt to 8043a89 
Dealt to b88fb172 
Dealt to 247330bf 
5dd75d4a: folds
8043a89: folds
b88fb172: folds
247330bf: folds
Hero: raises 400 to 800
5c3e7e42: folds
6eaab41: calls 400
*** FLOP *** [Ah 4h 4s]
6eaab41: checks
Hero: checks
*** TURN *** [Ah 4h 4s] [7s]
6eaab41: bets 1,466
Hero: calls 1,466
*** RIVER *** [Ah 4h 4s 7s] [9d]
6eaab41: bets 2,216
Hero: calls 2,216
6eaab41: shows [6d Ac] (two pair, Aces and Fours)
Hero: shows [As 3c] (two pair, Aces and Fours)
*** SHOWDOWN ***
Hero collected 4,792 from pot
6eaab41 collected 4,792 from pot
*** SUMMARY ***
Total pot 9,584 | Rake 0 | Jackpot 0 | Bingo 0 | Fortune 0 | Tax 0
Board [Ah 4h 4s 7s 9d]
Seat 1: Hero (button) showed [As 3c] and won (4,792) with two pair, Aces and Fours
Seat 3: 5c3e7e42 (small blind) folded before Flop
Seat 4: 6eaab41 (big blind) showed [6d Ac] and won (4,792) with two pair, Aces and Fours
Seat 5: 5dd75d4a folded before Flop
Seat 6: 8043a89 folded before Flop
Seat 7: b88fb172 folded before Flop
Seat 8: 247330bf folded before Flop


Poker Hand #TM309227497: Tournament #208079642, Bounty Hunters Forty Stack $44 Hold'em No Limit - Level4(200/400) - 2025/05/28 18:21:44
Table '95' 8-max Seat #8 is the button
Seat 1: Hero (35,890 in chips)
Seat 3: 5c3e7e42 (28,393 in chips)
Seat 4: 6eaab41 (48,445 in chips)
Seat 5: 5dd75d4a (36,170 in chips)
Seat 6: 8043a89 (40,947 in chips)
Seat 7: b88fb172 (43,123 in chips)
Seat 8: 247330bf (49,917 in chips)
8043a89: posts the ante 60
5dd75d4a: posts the ante 60
247330bf: posts the ante 60
6eaab41: posts the ante 60
5c3e7e42: posts the ante 60
b88fb172: posts the ante 60
Hero: posts the ante 60
Hero: posts small blind 200
5c3e7e42: posts big blind 400
*** HOLE CARDS ***
Dealt to Hero [5c 6c]
Dealt to 5c3e7e42 
Dealt to 6eaab41 
Dealt to 5dd75d4a 
Dealt to 8043a89 
Dealt to b88fb172 
Dealt to 247330bf 
6eaab41: raises 400 to 800
5dd75d4a: raises 1,600 to 2,400
8043a89: folds
b88fb172: folds
247330bf: calls 2,400
Hero: folds
5c3e7e42: folds
6eaab41: calls 1,600
*** FLOP *** [8d Ks 2h]
6eaab41: checks
5dd75d4a: checks
247330bf: bets 2,055
6eaab41: folds
5dd75d4a: calls 2,055
*** TURN *** [8d Ks 2h] [Jh]
5dd75d4a: checks
247330bf: checks
*** RIVER *** [8d Ks 2h Jh] [9c]
5dd75d4a: bets 4,000
247330bf: folds
Uncalled bet (4,000) returned to 5dd75d4a
*** SHOWDOWN ***
5dd75d4a collected 12,330 from pot
*** SUMMARY ***
Total pot 12,330 | Rake 0 | Jackpot 0 | Bingo 0 | Fortune 0 | Tax 0
Board [8d Ks 2h Jh 9c]
Seat 1: Hero (small blind) folded before Flop
Seat 3: 5c3e7e42 (big blind) folded before Flop
Seat 4: 6eaab41 folded on the Flop
Seat 5: 5dd75d4a won (12,330)
Seat 6: 8043a89 folded before Flop
Seat 7: b88fb172 folded before Flop
Seat 8: 247330bf (button) folded on the River


Poker Hand #TM309227374: Tournament #208079642, Bounty Hunters Forty Stack $44 Hold'em No Limit - Level4(200/400) - 2025/05/28 18:19:32
Table '95' 8-max Seat #7 is the button
Seat 1: Hero (36,830 in chips)
Seat 2: 637f927e (44,295 in chips)
Seat 3: 5c3e7e42 (28,453 in chips)
Seat 4: 6eaab41 (48,505 in chips)
Seat 5: 5dd75d4a (36,230 in chips)
Seat 6: 8043a89 (41,007 in chips)
Seat 7: b88fb172 (44,063 in chips)
Seat 8: 247330bf (50,177 in chips)
8043a89: posts the ante 60
5dd75d4a: posts the ante 60
6eaab41: posts the ante 60
5c3e7e42: posts the ante 60
247330bf: posts the ante 60
637f927e: posts the ante 60
b88fb172: posts the ante 60
Hero: posts the ante 60
247330bf: posts small blind 200
Hero: posts big blind 400
*** HOLE CARDS ***
Dealt to Hero [4h 3h]
Dealt to 637f927e 
Dealt to 5c3e7e42 
Dealt to 6eaab41 
Dealt to 5dd75d4a 
Dealt to 8043a89 
Dealt to b88fb172 
Dealt to 247330bf 
637f927e: raises 480 to 880
5c3e7e42: folds
6eaab41: folds
5dd75d4a: folds
8043a89: folds
b88fb172: calls 880
247330bf: folds
Hero: calls 480
*** FLOP *** [9d 4c 2s]
Hero: checks
637f927e: checks
b88fb172: checks
*** TURN *** [9d 4c 2s] [Ah]
Hero: checks
637f927e: checks
b88fb172: checks
*** RIVER *** [9d 4c 2s Ah] [2h]
Hero: checks
637f927e: bets 830
b88fb172: folds
Hero: folds
Uncalled bet (830) returned to 637f927e
*** SHOWDOWN ***
637f927e collected 3,320 from pot
*** SUMMARY ***
Total pot 3,320 | Rake 0 | Jackpot 0 | Bingo 0 | Fortune 0 | Tax 0
Board [9d 4c 2s Ah 2h]
Seat 1: Hero (big blind) folded on the River
Seat 2: 637f927e won (3,320)
Seat 3: 5c3e7e42 folded before Flop
Seat 4: 6eaab41 folded before Flop
Seat 5: 5dd75d4a folded before Flop
Seat 6: 8043a89 folded before Flop
Seat 7: b88fb172 (button) folded on the River
Seat 8: 247330bf (small blind) folded before Flop


Poker Hand #TM309227334: Tournament #208079642, Bounty Hunters Forty Stack $44 Hold'em No Limit - Level4(200/400) - 2025/05/28 18:18:50
Table '95' 8-max Seat #6 is the button
Seat 1: Hero (37,690 in chips)
Seat 2: 637f927e (42,475 in chips)
Seat 3: 5c3e7e42 (28,513 in chips)
Seat 4: 6eaab41 (48,565 in chips)
Seat 5: 5dd75d4a (36,290 in chips)
Seat 6: 8043a89 (41,067 in chips)
Seat 7: b88fb172 (44,323 in chips)
Seat 8: 247330bf (50,637 in chips)
8043a89: posts the ante 60
5dd75d4a: posts the ante 60
6eaab41: posts the ante 60
5c3e7e42: posts the ante 60
247330bf: posts the ante 60
637f927e: posts the ante 60
b88fb172: posts the ante 60
Hero: posts the ante 60
b88fb172: posts small blind 200
247330bf: posts big blind 400
*** HOLE CARDS ***
Dealt to Hero [Qc As]
Dealt to 637f927e 
Dealt to 5c3e7e42 
Dealt to 6eaab41 
Dealt to 5dd75d4a 
Dealt to 8043a89 
Dealt to b88fb172 
Dealt to 247330bf 
Hero: raises 400 to 800
637f927e: raises 2,400 to 3,200
5c3e7e42: folds
6eaab41: folds
5dd75d4a: folds
8043a89: folds
b88fb172: folds
247330bf: folds
Hero: folds
Uncalled bet (2,400) returned to 637f927e
*** SHOWDOWN ***
637f927e collected 2,680 from pot
*** SUMMARY ***
Total pot 2,680 | Rake 0 | Jackpot 0 | Bingo 0 | Fortune 0 | Tax 0
Seat 1: Hero folded before Flop
Seat 2: 637f927e collected (2,680)
Seat 3: 5c3e7e42 folded before Flop
Seat 4: 6eaab41 folded before Flop
Seat 5: 5dd75d4a folded before Flop
Seat 6: 8043a89 (button) folded before Flop
Seat 7: b88fb172 (small blind) folded before Flop
Seat 8: 247330bf (big blind) folded before Flop


Poker Hand #TM309227264: Tournament #208079642, Bounty Hunters Forty Stack $44 Hold'em No Limit - Level3(150/300) - 2025/05/28 18:17:35
Table '95' 8-max Seat #5 is the button
Seat 1: Hero (37,735 in chips)
Seat 2: 637f927e (42,520 in chips)
Seat 3: 5c3e7e42 (28,558 in chips)
Seat 4: 6eaab41 (48,610 in chips)
Seat 5: 5dd75d4a (36,335 in chips)
Seat 6: 8043a89 (41,262 in chips)
Seat 7: b88fb172 (42,693 in chips)
Seat 8: 247330bf (51,847 in chips)
8043a89: posts the ante 45
5dd75d4a: posts the ante 45
6eaab41: posts the ante 45
5c3e7e42: posts the ante 45
247330bf: posts the ante 45
637f927e: posts the ante 45
b88fb172: posts the ante 45
Hero: posts the ante 45
8043a89: posts small blind 150
b88fb172: posts big blind 300
*** HOLE CARDS ***
Dealt to Hero [4c 5c]
Dealt to 637f927e 
Dealt to 5c3e7e42 
Dealt to 6eaab41 
Dealt to 5dd75d4a 
Dealt to 8043a89 
Dealt to b88fb172 
Dealt to 247330bf 
247330bf: raises 300 to 600
Hero: folds
637f927e: folds
5c3e7e42: folds
6eaab41: folds
5dd75d4a: folds
8043a89: folds
b88fb172: calls 300
*** FLOP *** [Kc 3s Jh]
b88fb172: checks
247330bf: checks
*** TURN *** [Kc 3s Jh] [4s]
b88fb172: bets 565
247330bf: calls 565
*** RIVER *** [Kc 3s Jh 4s] [5d]
b88fb172: bets 2,130
247330bf: folds
Uncalled bet (2,130) returned to b88fb172
*** SHOWDOWN ***
b88fb172 collected 2,840 from pot
*** SUMMARY ***
Total pot 2,840 | Rake 0 | Jackpot 0 | Bingo 0 | Fortune 0 | Tax 0
Board [Kc 3s Jh 4s 5d]
Seat 1: Hero folded before Flop
Seat 2: 637f927e folded before Flop
Seat 3: 5c3e7e42 folded before Flop
Seat 4: 6eaab41 folded before Flop
Seat 5: 5dd75d4a (button) folded before Flop
Seat 6: 8043a89 (small blind) folded before Flop
Seat 7: b88fb172 (big blind) won (2,840)
Seat 8: 247330bf folded on the River


Poker Hand #TM309227190: Tournament #208079642, Bounty Hunters Forty Stack $44 Hold'em No Limit - Level3(150/300) - 2025/05/28 18:16:17
Table '95' 8-max Seat #4 is the button
Seat 1: Hero (37,780 in chips)
Seat 2: 637f927e (42,565 in chips)
Seat 3: 5c3e7e42 (28,603 in chips)
Seat 4: 6eaab41 (48,655 in chips)
Seat 5: 5dd75d4a (38,780 in chips)
Seat 6: 8043a89 (41,607 in chips)
Seat 7: b88fb172 (42,738 in chips)
Seat 8: 247330bf (48,832 in chips)
8043a89: posts the ante 45
5dd75d4a: posts the ante 45
6eaab41: posts the ante 45
5c3e7e42: posts the ante 45
247330bf: posts the ante 45
637f927e: posts the ante 45
b88fb172: posts the ante 45
Hero: posts the ante 45
5dd75d4a: posts small blind 150
8043a89: posts big blind 300
*** HOLE CARDS ***
Dealt to Hero [Th Qs]
Dealt to 637f927e 
Dealt to 5c3e7e42 
Dealt to 6eaab41 
Dealt to 5dd75d4a 
Dealt to 8043a89 
Dealt to b88fb172 
Dealt to 247330bf 
b88fb172: folds
247330bf: raises 300 to 600
Hero: folds
637f927e: folds
5c3e7e42: folds
6eaab41: folds
5dd75d4a: raises 1,800 to 2,400
8043a89: folds
247330bf: calls 1,800
*** FLOP *** [7s 2s As]
5dd75d4a: checks
247330bf: checks
*** TURN *** [7s 2s As] [3s]
5dd75d4a: checks
247330bf: bets 1,365
5dd75d4a: folds
Uncalled bet (1,365) returned to 247330bf
*** SHOWDOWN ***
247330bf collected 5,460 from pot
*** SUMMARY ***
Total pot 5,460 | Rake 0 | Jackpot 0 | Bingo 0 | Fortune 0 | Tax 0
Board [7s 2s As 3s]
Seat 1: Hero folded before Flop
Seat 2: 637f927e folded before Flop
Seat 3: 5c3e7e42 folded before Flop
Seat 4: 6eaab41 (button) folded before Flop
Seat 5: 5dd75d4a (small blind) folded on the Turn
Seat 6: 8043a89 (big blind) folded before Flop
Seat 7: b88fb172 folded before Flop
Seat 8: 247330bf won (5,460)


Poker Hand #TM309227115: Tournament #208079642, Bounty Hunters Forty Stack $44 Hold'em No Limit - Level3(150/300) - 2025/05/28 18:14:54
Table '95' 8-max Seat #3 is the button
Seat 1: Hero (37,825 in chips)
Seat 2: 637f927e (42,610 in chips)
Seat 3: 5c3e7e42 (27,238 in chips)
Seat 4: 6eaab41 (48,850 in chips)
Seat 5: 5dd75d4a (39,125 in chips)
Seat 6: 8043a89 (41,652 in chips)
Seat 7: b88fb172 (42,783 in chips)
Seat 8: 247330bf (49,477 in chips)
8043a89: posts the ante 45
5dd75d4a: posts the ante 45
5c3e7e42: posts the ante 45
247330bf: posts the ante 45
6eaab41: posts the ante 45
637f927e: posts the ante 45
b88fb172: posts the ante 45
Hero: posts the ante 45
6eaab41: posts small blind 150
5dd75d4a: posts big blind 300
*** HOLE CARDS ***
Dealt to Hero [Kh Tc]
Dealt to 637f927e 
Dealt to 5c3e7e42 
Dealt to 6eaab41 
Dealt to 5dd75d4a 
Dealt to 8043a89 
Dealt to b88fb172 
Dealt to 247330bf 
8043a89: folds
b88fb172: folds
247330bf: raises 300 to 600
Hero: folds
637f927e: folds
5c3e7e42: calls 600
6eaab41: folds
5dd75d4a: folds
*** FLOP *** [Kc 7h Kd]
247330bf: checks
5c3e7e42: checks
*** TURN *** [Kc 7h Kd] [8s]
247330bf: checks
5c3e7e42: bets 664
247330bf: folds
Uncalled bet (664) returned to 5c3e7e42
*** SHOWDOWN ***
5c3e7e42 collected 2,010 from pot
*** SUMMARY ***
Total pot 2,010 | Rake 0 | Jackpot 0 | Bingo 0 | Fortune 0 | Tax 0
Board [Kc 7h Kd 8s]
Seat 1: Hero folded before Flop
Seat 2: 637f927e folded before Flop
Seat 3: 5c3e7e42 (button) won (2,010)
Seat 4: 6eaab41 (small blind) folded before Flop
Seat 5: 5dd75d4a (big blind) folded before Flop
Seat 6: 8043a89 folded before Flop
Seat 7: b88fb172 folded before Flop
Seat 8: 247330bf folded on the Turn


Poker Hand #TM309227051: Tournament #208079642, Bounty Hunters Forty Stack $44 Hold'em No Limit - Level3(150/300) - 2025/05/28 18:13:43
Table '95' 8-max Seat #2 is the button
Seat 1: Hero (38,470 in chips)
Seat 2: 637f927e (42,655 in chips)
Seat 3: 5c3e7e42 (27,433 in chips)
Seat 4: 6eaab41 (44,772 in chips)
Seat 5: 5dd75d4a (39,170 in chips)
Seat 6: 8043a89 (44,710 in chips)
Seat 7: b88fb172 (42,828 in chips)
Seat 8: 247330bf (49,522 in chips)
8043a89: posts the ante 45
5dd75d4a: posts the ante 45
247330bf: posts the ante 45
6eaab41: posts the ante 45
5c3e7e42: posts the ante 45
637f927e: posts the ante 45
b88fb172: posts the ante 45
Hero: posts the ante 45
5c3e7e42: posts small blind 150
6eaab41: posts big blind 300
*** HOLE CARDS ***
Dealt to Hero [Qd Jc]
Dealt to 637f927e 
Dealt to 5c3e7e42 
Dealt to 6eaab41 
Dealt to 5dd75d4a 
Dealt to 8043a89 
Dealt to b88fb172 
Dealt to 247330bf 
5dd75d4a: folds
8043a89: raises 300 to 600
b88fb172: folds
247330bf: folds
Hero: calls 600
637f927e: folds
5c3e7e42: folds
6eaab41: calls 300
*** FLOP *** [7h 8c 2d]
6eaab41: checks
8043a89: bets 763
Hero: folds
6eaab41: calls 763
*** TURN *** [7h 8c 2d] [9d]
6eaab41: bets 1,650
8043a89: calls 1,650
*** RIVER *** [7h 8c 2d 9d] [Qh]
6eaab41: bets 10,050
8043a89: folds
Uncalled bet (10,050) returned to 6eaab41
*** SHOWDOWN ***
6eaab41 collected 7,136 from pot
*** SUMMARY ***
Total pot 7,136 | Rake 0 | Jackpot 0 | Bingo 0 | Fortune 0 | Tax 0
Board [7h 8c 2d 9d Qh]
Seat 1: Hero folded on the Flop
Seat 2: 637f927e (button) folded before Flop
Seat 3: 5c3e7e42 (small blind) folded before Flop
Seat 4: 6eaab41 (big blind) won (7,136)
Seat 5: 5dd75d4a folded before Flop
Seat 6: 8043a89 folded on the River
Seat 7: b88fb172 folded before Flop
Seat 8: 247330bf folded before Flop


Poker Hand #TM309226983: Tournament #208079642, Bounty Hunters Forty Stack $44 Hold'em No Limit - Level3(150/300) - 2025/05/28 18:12:33
Table '95' 8-max Seat #1 is the button
Seat 1: Hero (38,515 in chips)
Seat 2: 637f927e (42,850 in chips)
Seat 3: 5c3e7e42 (27,778 in chips)
Seat 4: 6eaab41 (44,817 in chips)
Seat 5: 5dd75d4a (39,215 in chips)
Seat 6: 8043a89 (46,863 in chips)
Seat 7: b88fb172 (39,955 in chips)
Seat 8: 247330bf (49,567 in chips)
8043a89: posts the ante 45
5dd75d4a: posts the ante 45
247330bf: posts the ante 45
6eaab41: posts the ante 45
5c3e7e42: posts the ante 45
637f927e: posts the ante 45
b88fb172: posts the ante 45
Hero: posts the ante 45
637f927e: posts small blind 150
5c3e7e42: posts big blind 300
*** HOLE CARDS ***
Dealt to Hero [Th 6c]
Dealt to 637f927e 
Dealt to 5c3e7e42 
Dealt to 6eaab41 
Dealt to 5dd75d4a 
Dealt to 8043a89 
Dealt to b88fb172 
Dealt to 247330bf 
6eaab41: folds
5dd75d4a: folds
8043a89: raises 300 to 600
b88fb172: raises 1,508 to 2,108
247330bf: folds
Hero: folds
637f927e: folds
5c3e7e42: folds
8043a89: calls 1,508
*** FLOP *** [Kd Jc 4d]
8043a89: checks
b88fb172: bets 1,659
8043a89: folds
Uncalled bet (1,659) returned to b88fb172
*** SHOWDOWN ***
b88fb172 collected 5,026 from pot
*** SUMMARY ***
Total pot 5,026 | Rake 0 | Jackpot 0 | Bingo 0 | Fortune 0 | Tax 0
Board [Kd Jc 4d]
Seat 1: Hero (button) folded before Flop
Seat 2: 637f927e (small blind) folded before Flop
Seat 3: 5c3e7e42 (big blind) folded before Flop
Seat 4: 6eaab41 folded before Flop
Seat 5: 5dd75d4a folded before Flop
Seat 6: 8043a89 folded on the Flop
Seat 7: b88fb172 won (5,026)
Seat 8: 247330bf folded before Flop


Poker Hand #TM309226899: Tournament #208079642, Bounty Hunters Forty Stack $44 Hold'em No Limit - Level3(150/300) - 2025/05/28 18:10:59
Table '95' 8-max Seat #8 is the button
Seat 1: Hero (38,710 in chips)
Seat 2: 637f927e (40,585 in chips)
Seat 3: 5c3e7e42 (28,423 in chips)
Seat 4: 6eaab41 (44,862 in chips)
Seat 5: 5dd75d4a (39,860 in chips)
Seat 6: 8043a89 (46,908 in chips)
Seat 7: b88fb172 (40,000 in chips)
Seat 8: 247330bf (50,212 in chips)
8043a89: posts the ante 45
5dd75d4a: posts the ante 45
247330bf: posts the ante 45
6eaab41: posts the ante 45
5c3e7e42: posts the ante 45
637f927e: posts the ante 45
b88fb172: posts the ante 45
Hero: posts the ante 45
Hero: posts small blind 150
637f927e: posts big blind 300
*** HOLE CARDS ***
Dealt to Hero [7c Qc]
Dealt to 637f927e 
Dealt to 5c3e7e42 
Dealt to 6eaab41 
Dealt to 5dd75d4a 
Dealt to 8043a89 
Dealt to b88fb172 
Dealt to 247330bf 
5c3e7e42: raises 300 to 600
6eaab41: folds
5dd75d4a: calls 600
8043a89: folds
b88fb172: folds
247330bf: calls 600
Hero: folds
637f927e: calls 300
*** FLOP *** [Qd 7s Ad]
637f927e: checks
5c3e7e42: checks
5dd75d4a: checks
247330bf: checks
*** TURN *** [Qd 7s Ad] [5c]
637f927e: checks
5c3e7e42: checks
5dd75d4a: checks
247330bf: checks
*** RIVER *** [Qd 7s Ad 5c] [6h]
637f927e: bets 2,328
5c3e7e42: folds
5dd75d4a: folds
247330bf: folds
Uncalled bet (2,328) returned to 637f927e
*** SHOWDOWN ***
637f927e collected 2,910 from pot
*** SUMMARY ***
Total pot 2,910 | Rake 0 | Jackpot 0 | Bingo 0 | Fortune 0 | Tax 0
Board [Qd 7s Ad 5c 6h]
Seat 1: Hero (small blind) folded before Flop
Seat 2: 637f927e (big blind) won (2,910)
Seat 3: 5c3e7e42 folded on the River
Seat 4: 6eaab41 folded before Flop
Seat 5: 5dd75d4a folded on the River
Seat 6: 8043a89 folded before Flop
Seat 7: b88fb172 folded before Flop
Seat 8: 247330bf (button) folded on the River


Poker Hand #TM309226870: Tournament #208079642, Bounty Hunters Forty Stack $44 Hold'em No Limit - Level3(150/300) - 2025/05/28 18:10:32
Table '95' 8-max Seat #6 is the button
Seat 1: Hero (39,055 in chips)
Seat 2: 637f927e (39,865 in chips)
Seat 3: 5c3e7e42 (28,468 in chips)
Seat 4: 6eaab41 (44,907 in chips)
Seat 5: 5dd75d4a (39,905 in chips)
Seat 6: 8043a89 (46,953 in chips)
Seat 8: 247330bf (50,407 in chips)
8043a89: posts the ante 45
5dd75d4a: posts the ante 45
6eaab41: posts the ante 45
5c3e7e42: posts the ante 45
247330bf: posts the ante 45
637f927e: posts the ante 45
Hero: posts the ante 45
247330bf: posts small blind 150
Hero: posts big blind 300
*** HOLE CARDS ***
Dealt to Hero [2c Ts]
Dealt to 637f927e 
Dealt to 5c3e7e42 
Dealt to 6eaab41 
Dealt to 5dd75d4a 
Dealt to 8043a89 
Dealt to 247330bf 
637f927e: raises 450 to 750
5c3e7e42: folds
6eaab41: folds
5dd75d4a: folds
8043a89: folds
247330bf: folds
Hero: folds
Uncalled bet (450) returned to 637f927e
*** SHOWDOWN ***
637f927e collected 1,065 from pot
*** SUMMARY ***
Total pot 1,065 | Rake 0 | Jackpot 0 | Bingo 0 | Fortune 0 | Tax 0
Seat 1: Hero (big blind) folded before Flop
Seat 2: 637f927e collected (1,065)
Seat 3: 5c3e7e42 folded before Flop
Seat 4: 6eaab41 folded before Flop
Seat 5: 5dd75d4a folded before Flop
Seat 6: 8043a89 (button) folded before Flop
Seat 8: 247330bf (small blind) folded before Flop


Poker Hand #TM309226842: Tournament #208079642, Bounty Hunters Forty Stack $44 Hold'em No Limit - Level3(150/300) - 2025/05/28 18:10:03
Table '95' 8-max Seat #5 is the button
Seat 1: Hero (39,100 in chips)
Seat 2: 637f927e (39,910 in chips)
Seat 3: 5c3e7e42 (29,173 in chips)
Seat 4: 6eaab41 (44,952 in chips)
Seat 5: 5dd75d4a (39,950 in chips)
Seat 6: 8043a89 (47,148 in chips)
Seat 8: 247330bf (49,327 in chips)
8043a89: posts the ante 45
5dd75d4a: posts the ante 45
6eaab41: posts the ante 45
5c3e7e42: posts the ante 45
247330bf: posts the ante 45
637f927e: posts the ante 45
Hero: posts the ante 45
8043a89: posts small blind 150
247330bf: posts big blind 300
*** HOLE CARDS ***
Dealt to Hero [7h 9d]
Dealt to 637f927e 
Dealt to 5c3e7e42 
Dealt to 6eaab41 
Dealt to 5dd75d4a 
Dealt to 8043a89 
Dealt to 247330bf 
Hero: folds
637f927e: folds
5c3e7e42: raises 360 to 660
6eaab41: folds
5dd75d4a: folds
8043a89: folds
247330bf: raises 2,142 to 2,802
5c3e7e42: folds
Uncalled bet (2,142) returned to 247330bf
*** SHOWDOWN ***
247330bf collected 1,785 from pot
*** SUMMARY ***
Total pot 1,785 | Rake 0 | Jackpot 0 | Bingo 0 | Fortune 0 | Tax 0
Seat 1: Hero folded before Flop
Seat 2: 637f927e folded before Flop
Seat 3: 5c3e7e42 folded before Flop
Seat 4: 6eaab41 folded before Flop
Seat 5: 5dd75d4a (button) folded before Flop
Seat 6: 8043a89 (small blind) folded before Flop
Seat 8: 247330bf (big blind) collected (1,785)


Poker Hand #TM309226810: Tournament #208079642, Bounty Hunters Forty Stack $44 Hold'em No Limit - Level3(150/300) - 2025/05/28 18:09:23
Table '95' 8-max Seat #4 is the button
Seat 1: Hero (39,145 in chips)
Seat 2: 637f927e (39,955 in chips)
Seat 3: 5c3e7e42 (31,625 in chips)
Seat 4: 6eaab41 (41,780 in chips)
Seat 5: 5dd75d4a (40,145 in chips)
Seat 6: 8043a89 (47,493 in chips)
Seat 7: 6a33c027 (92,714 in chips)
Seat 8: 247330bf (49,372 in chips)
8043a89: posts the ante 45
5dd75d4a: posts the ante 45
6eaab41: posts the ante 45
5c3e7e42: posts the ante 45
247330bf: posts the ante 45
637f927e: posts the ante 45
Hero: posts the ante 45
6a33c027: posts the ante 45
5dd75d4a: posts small blind 150
8043a89: posts big blind 300
*** HOLE CARDS ***
Dealt to Hero [Ks 3c]
Dealt to 637f927e 
Dealt to 5c3e7e42 
Dealt to 6eaab41 
Dealt to 5dd75d4a 
Dealt to 8043a89 
Dealt to 6a33c027 
Dealt to 247330bf 
6a33c027: folds
247330bf: folds
Hero: folds
637f927e: folds
5c3e7e42: raises 360 to 660
6eaab41: raises 1,747 to 2,407
5dd75d4a: folds
8043a89: folds
5c3e7e42: calls 1,747
*** FLOP *** [Js Ad 4h]
5c3e7e42: checks
6eaab41: bets 1,856
5c3e7e42: folds
Uncalled bet (1,856) returned to 6eaab41
*** SHOWDOWN ***
6eaab41 collected 5,624 from pot
*** SUMMARY ***
Total pot 5,624 | Rake 0 | Jackpot 0 | Bingo 0 | Fortune 0 | Tax 0
Board [Js Ad 4h]
Seat 1: Hero folded before Flop
Seat 2: 637f927e folded before Flop
Seat 3: 5c3e7e42 folded on the Flop
Seat 4: 6eaab41 (button) won (5,624)
Seat 5: 5dd75d4a (small blind) folded before Flop
Seat 6: 8043a89 (big blind) folded before Flop
Seat 7: 6a33c027 folded before Flop
Seat 8: 247330bf folded before Flop


Poker Hand #TM309226763: Tournament #208079642, Bounty Hunters Forty Stack $44 Hold'em No Limit - Level3(150/300) - 2025/05/28 18:08:35
Table '95' 8-max Seat #3 is the button
Seat 1: Hero (39,190 in chips)
Seat 2: 637f927e (40,000 in chips)
Seat 3: 5c3e7e42 (32,420 in chips)
Seat 4: 6eaab41 (41,975 in chips)
Seat 5: 5dd75d4a (38,930 in chips)
Seat 6: 8043a89 (47,538 in chips)
Seat 7: 6a33c027 (92,759 in chips)
Seat 8: 247330bf (49,417 in chips)
8043a89: posts the ante 45
5dd75d4a: posts the ante 45
5c3e7e42: posts the ante 45
247330bf: posts the ante 45
6eaab41: posts the ante 45
637f927e: posts the ante 45
Hero: posts the ante 45
6a33c027: posts the ante 45
6eaab41: posts small blind 150
5dd75d4a: posts big blind 300
*** HOLE CARDS ***
Dealt to Hero [6c 3d]
Dealt to 637f927e 
Dealt to 5c3e7e42 
Dealt to 6eaab41 
Dealt to 5dd75d4a 
Dealt to 8043a89 
Dealt to 6a33c027 
Dealt to 247330bf 
8043a89: folds
6a33c027: folds
247330bf: folds
Hero: folds
637f927e: folds
5c3e7e42: raises 450 to 750
6eaab41: folds
5dd75d4a: raises 3,000 to 3,750
5c3e7e42: folds
Uncalled bet (3,000) returned to 5dd75d4a
*** SHOWDOWN ***
5dd75d4a collected 2,010 from pot
*** SUMMARY ***
Total pot 2,010 | Rake 0 | Jackpot 0 | Bingo 0 | Fortune 0 | Tax 0
Seat 1: Hero folded before Flop
Seat 2: 637f927e folded before Flop
Seat 3: 5c3e7e42 (button) folded before Flop
Seat 4: 6eaab41 (small blind) folded before Flop
Seat 5: 5dd75d4a (big blind) collected (2,010)
Seat 6: 8043a89 folded before Flop
Seat 7: 6a33c027 folded before Flop
Seat 8: 247330bf folded before Flop


Poker Hand #TM309226742: Tournament #208079642, Bounty Hunters Forty Stack $44 Hold'em No Limit - Level3(150/300) - 2025/05/28 18:08:09
Table '95' 8-max Seat #1 is the button
Seat 1: Hero (39,235 in chips)
Seat 3: 5c3e7e42 (32,615 in chips)
Seat 4: 6eaab41 (42,320 in chips)
Seat 5: 5dd75d4a (38,975 in chips)
Seat 6: 8043a89 (47,583 in chips)
Seat 7: 6a33c027 (92,039 in chips)
Seat 8: 247330bf (49,462 in chips)
8043a89: posts the ante 45
5dd75d4a: posts the ante 45
247330bf: posts the ante 45
6eaab41: posts the ante 45
5c3e7e42: posts the ante 45
Hero: posts the ante 45
6a33c027: posts the ante 45
5c3e7e42: posts small blind 150
6eaab41: posts big blind 300
*** HOLE CARDS ***
Dealt to Hero [5s Qd]
Dealt to 5c3e7e42 
Dealt to 6eaab41 
Dealt to 5dd75d4a 
Dealt to 8043a89 
Dealt to 6a33c027 
Dealt to 247330bf 
5dd75d4a: folds
8043a89: folds
6a33c027: raises 450 to 750
247330bf: folds
Hero: folds
5c3e7e42: folds
6eaab41: folds
Uncalled bet (450) returned to 6a33c027
*** SHOWDOWN ***
6a33c027 collected 1,065 from pot
*** SUMMARY ***
Total pot 1,065 | Rake 0 | Jackpot 0 | Bingo 0 | Fortune 0 | Tax 0
Seat 1: Hero (button) folded before Flop
Seat 3: 5c3e7e42 (small blind) folded before Flop
Seat 4: 6eaab41 (big blind) folded before Flop
Seat 5: 5dd75d4a folded before Flop
Seat 6: 8043a89 folded before Flop
Seat 7: 6a33c027 collected (1,065)
Seat 8: 247330bf folded before Flop


Poker Hand #TM309226697: Tournament #208079642, Bounty Hunters Forty Stack $44 Hold'em No Limit - Level3(150/300) - 2025/05/28 18:07:19
Table '95' 8-max Seat #8 is the button
Seat 1: Hero (39,430 in chips)
Seat 3: 5c3e7e42 (33,410 in chips)
Seat 4: 6eaab41 (42,365 in chips)
Seat 5: 5dd75d4a (39,020 in chips)
Seat 6: 8043a89 (47,628 in chips)
Seat 7: 6a33c027 (90,869 in chips)
Seat 8: 247330bf (49,507 in chips)
8043a89: posts the ante 45
5dd75d4a: posts the ante 45
247330bf: posts the ante 45
6eaab41: posts the ante 45
5c3e7e42: posts the ante 45
Hero: posts the ante 45
6a33c027: posts the ante 45
Hero: posts small blind 150
5c3e7e42: posts big blind 300
*** HOLE CARDS ***
Dealt to Hero [5h 6d]
Dealt to 5c3e7e42 
Dealt to 6eaab41 
Dealt to 5dd75d4a 
Dealt to 8043a89 
Dealt to 6a33c027 
Dealt to 247330bf 
6eaab41: folds
5dd75d4a: folds
8043a89: folds
6a33c027: raises 450 to 750
247330bf: folds
Hero: folds
5c3e7e42: calls 450
*** FLOP *** [2h Qs 5c]
5c3e7e42: checks
6a33c027: bets 1,133
5c3e7e42: folds
Uncalled bet (1,133) returned to 6a33c027
*** SHOWDOWN ***
6a33c027 collected 1,965 from pot
*** SUMMARY ***
Total pot 1,965 | Rake 0 | Jackpot 0 | Bingo 0 | Fortune 0 | Tax 0
Board [2h Qs 5c]
Seat 1: Hero (small blind) folded before Flop
Seat 3: 5c3e7e42 (big blind) folded on the Flop
Seat 4: 6eaab41 folded before Flop
Seat 5: 5dd75d4a folded before Flop
Seat 6: 8043a89 folded before Flop
Seat 7: 6a33c027 won (1,965)
Seat 8: 247330bf (button) folded before Flop


Poker Hand #TM309226601: Tournament #208079642, Bounty Hunters Forty Stack $44 Hold'em No Limit - Level2(125/250) - 2025/05/28 18:05:28
Table '95' 8-max Seat #7 is the button
Seat 1: Hero (39,965 in chips)
Seat 2: 74db47c8 (39,965 in chips)
Seat 3: 5c3e7e42 (33,445 in chips)
Seat 4: 6eaab41 (42,400 in chips)
Seat 5: 5dd75d4a (39,055 in chips)
Seat 6: 8043a89 (48,163 in chips)
Seat 7: 6a33c027 (92,010 in chips)
Seat 8: 247330bf (49,667 in chips)
74db47c8: posts the ante 35
8043a89: posts the ante 35
5dd75d4a: posts the ante 35
6eaab41: posts the ante 35
5c3e7e42: posts the ante 35
247330bf: posts the ante 35
Hero: posts the ante 35
6a33c027: posts the ante 35
247330bf: posts small blind 125
Hero: posts big blind 250
*** HOLE CARDS ***
Dealt to Hero [8h 9s]
Dealt to 74db47c8 
Dealt to 5c3e7e42 
Dealt to 6eaab41 
Dealt to 5dd75d4a 
Dealt to 8043a89 
Dealt to 6a33c027 
Dealt to 247330bf 
74db47c8: raises 250 to 500
5c3e7e42: folds
6eaab41: folds
5dd75d4a: folds
8043a89: calls 500
6a33c027: calls 500
247330bf: folds
Hero: calls 250
*** FLOP *** [4d 4c Kh]
Hero: checks
74db47c8: checks
8043a89: checks
6a33c027: bets 606
Hero: folds
74db47c8: calls 606
8043a89: folds
*** TURN *** [4d 4c Kh] [7d]
74db47c8: bets 2,352
6a33c027: folds
Uncalled bet (2,352) returned to 74db47c8
*** SHOWDOWN ***
74db47c8 collected 3,617 from pot
*** SUMMARY ***
Total pot 3,617 | Rake 0 | Jackpot 0 | Bingo 0 | Fortune 0 | Tax 0
Board [4d 4c Kh 7d]
Seat 1: Hero (big blind) folded on the Flop
Seat 2: 74db47c8 won (3,617)
Seat 3: 5c3e7e42 folded before Flop
Seat 4: 6eaab41 folded before Flop
Seat 5: 5dd75d4a folded before Flop
Seat 6: 8043a89 folded on the Flop
Seat 7: 6a33c027 (button) folded on the Turn
Seat 8: 247330bf (small blind) folded before Flop


Poker Hand #TM309226566: Tournament #208079642, Bounty Hunters Forty Stack $44 Hold'em No Limit - Level2(125/250) - 2025/05/28 18:04:47
Table '95' 8-max Seat #6 is the button
Seat 1: Hero (40,000 in chips)
Seat 2: 74db47c8 (40,000 in chips)
Seat 3: 5c3e7e42 (33,480 in chips)
Seat 4: 6eaab41 (42,435 in chips)
Seat 5: 5dd75d4a (39,090 in chips)
Seat 6: 8043a89 (48,198 in chips)
Seat 7: 6a33c027 (90,890 in chips)
Seat 8: 247330bf (50,577 in chips)
74db47c8: posts the ante 35
8043a89: posts the ante 35
5dd75d4a: posts the ante 35
6eaab41: posts the ante 35
5c3e7e42: posts the ante 35
247330bf: posts the ante 35
Hero: posts the ante 35
6a33c027: posts the ante 35
6a33c027: posts small blind 125
247330bf: posts big blind 250
*** HOLE CARDS ***
Dealt to Hero [6s 3h]
Dealt to 74db47c8 
Dealt to 5c3e7e42 
Dealt to 6eaab41 
Dealt to 5dd75d4a 
Dealt to 8043a89 
Dealt to 6a33c027 
Dealt to 247330bf 
Hero: folds
74db47c8: folds
5c3e7e42: folds
6eaab41: folds
5dd75d4a: folds
8043a89: folds
6a33c027: raises 625 to 875
247330bf: calls 625
*** FLOP *** [7s As 8d]
6a33c027: bets 1,780
247330bf: folds
Uncalled bet (1,780) returned to 6a33c027
*** SHOWDOWN ***
6a33c027 collected 2,030 from pot
*** SUMMARY ***
Total pot 2,030 | Rake 0 | Jackpot 0 | Bingo 0 | Fortune 0 | Tax 0
Board [7s As 8d]
Seat 1: Hero folded before Flop
Seat 2: 74db47c8 folded before Flop
Seat 3: 5c3e7e42 folded before Flop
Seat 4: 6eaab41 folded before Flop
Seat 5: 5dd75d4a folded before Flop
Seat 6: 8043a89 (button) folded before Flop
Seat 7: 6a33c027 (small blind) won (2,030)
Seat 8: 247330bf (big blind) folded on the Flop


