Poker Hand #TM311063943: Tournament #208111509, Daily Hypersonic $20 Hold'em No Limit - Level16(600/1,200) - 2025/05/28 21:54:49
Table '95' 6-max Seat #4 is the button
Seat 1: be13a9e0 (15,060 in chips)
Seat 2: Hero (4,034 in chips)
Seat 3: 81d93c4d (20,900 in chips)
Seat 4: f604a55e (15,352 in chips)
Seat 5: 4f19d2a7 (8,350 in chips)
Seat 6: 5afbb948 (18,300 in chips)
f604a55e: posts the ante 180
81d93c4d: posts the ante 180
be13a9e0: posts the ante 180
4f19d2a7: posts the ante 180
Hero: posts the ante 180
5afbb948: posts the ante 180
4f19d2a7: posts small blind 600
5afbb948: posts big blind 1,200
*** HOLE CARDS ***
Dealt to be13a9e0 
Dealt to Hero [Ts Jc]
Dealt to 81d93c4d 
Dealt to f604a55e 
Dealt to 4f19d2a7 
Dealt to 5afbb948 
be13a9e0: folds
Hero: raises 2,400 to 3,600
81d93c4d: folds
f604a55e: raises 7,560 to 11,160
4f19d2a7: folds
5afbb948: folds
Hero: calls 254
Uncalled bet (7,306) returned to f604a55e
f604a55e: shows [Jh Qc]
Hero: shows [Ts Jc]
*** FLOP *** [2c 5h 6c]
*** TURN *** [2c 5h 6c] [3s]
*** RIVER *** [2c 5h 6c 3s] [Jd]
*** SHOWDOWN ***
f604a55e collected 10,588 from pot
*** SUMMARY ***
Total pot 10,588 | Rake 0 | Jackpot 0 | Bingo 0 | Fortune 0 | Tax 0
Board [2c 5h 6c 3s Jd]
Seat 1: be13a9e0 folded before Flop
Seat 2: Hero showed [Ts Jc] and lost with a pair of Jacks
Seat 3: 81d93c4d folded before Flop
Seat 4: f604a55e (button) showed [Jh Qc] and won (10,588) with a pair of Jacks
Seat 5: 4f19d2a7 (small blind) folded before Flop
Seat 6: 5afbb948 (big blind) folded before Flop


Poker Hand #TM311063857: Tournament #208111509, Daily Hypersonic $20 Hold'em No Limit - Level16(600/1,200) - 2025/05/28 21:54:03
Table '95' 6-max Seat #3 is the button
Seat 1: be13a9e0 (12,360 in chips)
Seat 2: Hero (4,214 in chips)
Seat 3: 81d93c4d (21,080 in chips)
Seat 4: f604a55e (16,132 in chips)
Seat 5: 4f19d2a7 (9,730 in chips)
Seat 6: 5afbb948 (18,480 in chips)
f604a55e: posts the ante 180
81d93c4d: posts the ante 180
be13a9e0: posts the ante 180
4f19d2a7: posts the ante 180
Hero: posts the ante 180
5afbb948: posts the ante 180
f604a55e: posts small blind 600
4f19d2a7: posts big blind 1,200
*** HOLE CARDS ***
Dealt to be13a9e0 
Dealt to Hero [Th Qs]
Dealt to 81d93c4d 
Dealt to f604a55e 
Dealt to 4f19d2a7 
Dealt to 5afbb948 
5afbb948: folds
be13a9e0: raises 10,980 to 12,180
Hero: folds
81d93c4d: folds
f604a55e: folds
4f19d2a7: folds
Uncalled bet (10,980) returned to be13a9e0
*** SHOWDOWN ***
be13a9e0 collected 4,080 from pot
*** SUMMARY ***
Total pot 4,080 | Rake 0 | Jackpot 0 | Bingo 0 | Fortune 0 | Tax 0
Seat 1: be13a9e0 collected (4,080)
Seat 2: Hero folded before Flop
Seat 3: 81d93c4d (button) folded before Flop
Seat 4: f604a55e (small blind) folded before Flop
Seat 5: 4f19d2a7 (big blind) folded before Flop
Seat 6: 5afbb948 folded before Flop


Poker Hand #TM311063812: Tournament #208111509, Daily Hypersonic $20 Hold'em No Limit - Level16(600/1,200) - 2025/05/28 21:53:36
Table '95' 6-max Seat #2 is the button
Seat 1: be13a9e0 (9,660 in chips)
Seat 2: Hero (4,394 in chips)
Seat 3: 81d93c4d (21,860 in chips)
Seat 4: f604a55e (17,512 in chips)
Seat 5: 4f19d2a7 (9,910 in chips)
Seat 6: 5afbb948 (18,660 in chips)
f604a55e: posts the ante 180
81d93c4d: posts the ante 180
be13a9e0: posts the ante 180
4f19d2a7: posts the ante 180
Hero: posts the ante 180
5afbb948: posts the ante 180
81d93c4d: posts small blind 600
f604a55e: posts big blind 1,200
*** HOLE CARDS ***
Dealt to be13a9e0 
Dealt to Hero [6d 7d]
Dealt to 81d93c4d 
Dealt to f604a55e 
Dealt to 4f19d2a7 
Dealt to 5afbb948 
4f19d2a7: folds
5afbb948: folds
be13a9e0: raises 8,280 to 9,480
Hero: folds
81d93c4d: folds
f604a55e: folds
Uncalled bet (8,280) returned to be13a9e0
*** SHOWDOWN ***
be13a9e0 collected 4,080 from pot
*** SUMMARY ***
Total pot 4,080 | Rake 0 | Jackpot 0 | Bingo 0 | Fortune 0 | Tax 0
Seat 1: be13a9e0 collected (4,080)
Seat 2: Hero (button) folded before Flop
Seat 3: 81d93c4d (small blind) folded before Flop
Seat 4: f604a55e (big blind) folded before Flop
Seat 5: 4f19d2a7 folded before Flop
Seat 6: 5afbb948 folded before Flop


Poker Hand #TM311063776: Tournament #208111509, Daily Hypersonic $20 Hold'em No Limit - Level16(600/1,200) - 2025/05/28 21:53:19
Table '95' 6-max Seat #1 is the button
Seat 1: be13a9e0 (9,840 in chips)
Seat 2: Hero (5,174 in chips)
Seat 3: 81d93c4d (23,240 in chips)
Seat 4: f604a55e (14,812 in chips)
Seat 5: 4f19d2a7 (10,090 in chips)
Seat 6: 5afbb948 (18,840 in chips)
f604a55e: posts the ante 180
81d93c4d: posts the ante 180
be13a9e0: posts the ante 180
4f19d2a7: posts the ante 180
5afbb948: posts the ante 180
Hero: posts the ante 180
Hero: posts small blind 600
81d93c4d: posts big blind 1,200
*** HOLE CARDS ***
Dealt to be13a9e0 
Dealt to Hero [5s 2s]
Dealt to 81d93c4d 
Dealt to f604a55e 
Dealt to 4f19d2a7 
Dealt to 5afbb948 
f604a55e: raises 13,432 to 14,632
4f19d2a7: folds
5afbb948: folds
be13a9e0: folds
Hero: folds
81d93c4d: folds
Uncalled bet (13,432) returned to f604a55e
*** SHOWDOWN ***
f604a55e collected 4,080 from pot
*** SUMMARY ***
Total pot 4,080 | Rake 0 | Jackpot 0 | Bingo 0 | Fortune 0 | Tax 0
Seat 1: be13a9e0 (button) folded before Flop
Seat 2: Hero (small blind) folded before Flop
Seat 3: 81d93c4d (big blind) folded before Flop
Seat 4: f604a55e collected (4,080)
Seat 5: 4f19d2a7 folded before Flop
Seat 6: 5afbb948 folded before Flop


Poker Hand #TM311063702: Tournament #208111509, Daily Hypersonic $20 Hold'em No Limit - Level16(600/1,200) - 2025/05/28 21:52:38
Table '95' 6-max Seat #6 is the button
Seat 1: be13a9e0 (10,620 in chips)
Seat 2: Hero (11,920 in chips)
Seat 3: 81d93c4d (23,420 in chips)
Seat 4: f604a55e (6,746 in chips)
Seat 5: 4f19d2a7 (10,270 in chips)
Seat 6: 5afbb948 (19,020 in chips)
f604a55e: posts the ante 180
81d93c4d: posts the ante 180
be13a9e0: posts the ante 180
4f19d2a7: posts the ante 180
5afbb948: posts the ante 180
Hero: posts the ante 180
be13a9e0: posts small blind 600
Hero: posts big blind 1,200
*** HOLE CARDS ***
Dealt to be13a9e0 
Dealt to Hero [2d Kd]
Dealt to 81d93c4d 
Dealt to f604a55e 
Dealt to 4f19d2a7 
Dealt to 5afbb948 
81d93c4d: folds
f604a55e: raises 5,366 to 6,566
4f19d2a7: folds
5afbb948: folds
be13a9e0: folds
Hero: calls 5,366
f604a55e: shows [Ad 8h]
Hero: shows [2d Kd]
*** FLOP *** [4s Qh 3d]
*** TURN *** [4s Qh 3d] [Js]
*** RIVER *** [4s Qh 3d Js] [Qs]
*** SHOWDOWN ***
f604a55e collected 14,812 from pot
*** SUMMARY ***
Total pot 14,812 | Rake 0 | Jackpot 0 | Bingo 0 | Fortune 0 | Tax 0
Board [4s Qh 3d Js Qs]
Seat 1: be13a9e0 (small blind) folded before Flop
Seat 2: Hero (big blind) showed [2d Kd] and lost with a pair of Queens
Seat 3: 81d93c4d folded before Flop
Seat 4: f604a55e showed [Ad 8h] and won (14,812) with a pair of Queens
Seat 5: 4f19d2a7 folded before Flop
Seat 6: 5afbb948 (button) folded before Flop


Poker Hand #TM311063606: Tournament #208111509, Daily Hypersonic $20 Hold'em No Limit - Level16(600/1,200) - 2025/05/28 21:51:46
Table '95' 6-max Seat #5 is the button
Seat 1: be13a9e0 (12,000 in chips)
Seat 2: Hero (12,100 in chips)
Seat 3: 81d93c4d (23,600 in chips)
Seat 4: f604a55e (15,296 in chips)
Seat 5: 4f19d2a7 (10,450 in chips)
Seat 6: 5afbb948 (8,550 in chips)
f604a55e: posts the ante 180
81d93c4d: posts the ante 180
be13a9e0: posts the ante 180
4f19d2a7: posts the ante 180
Hero: posts the ante 180
5afbb948: posts the ante 180
5afbb948: posts small blind 600
be13a9e0: posts big blind 1,200
*** HOLE CARDS ***
Dealt to be13a9e0 
Dealt to Hero [Qs 3c]
Dealt to 81d93c4d 
Dealt to f604a55e 
Dealt to 4f19d2a7 
Dealt to 5afbb948 
Hero: folds
81d93c4d: folds
f604a55e: raises 1,440 to 2,640
4f19d2a7: folds
5afbb948: raises 5,730 to 8,370
be13a9e0: folds
f604a55e: calls 5,730
5afbb948: shows [9c 9d]
f604a55e: shows [Kh Ad]
*** FLOP *** [Qc 7s 8d]
*** TURN *** [Qc 7s 8d] [7h]
*** RIVER *** [Qc 7s 8d 7h] [5c]
*** SHOWDOWN ***
5afbb948 collected 19,020 from pot
*** SUMMARY ***
Total pot 19,020 | Rake 0 | Jackpot 0 | Bingo 0 | Fortune 0 | Tax 0
Board [Qc 7s 8d 7h 5c]
Seat 1: be13a9e0 (big blind) folded before Flop
Seat 2: Hero folded before Flop
Seat 3: 81d93c4d folded before Flop
Seat 4: f604a55e showed [Kh Ad] and lost with a pair of Sevens
Seat 5: 4f19d2a7 (button) folded before Flop
Seat 6: 5afbb948 (small blind) showed [9c 9d] and won (19,020) with two pair, Nines and Sevens


Poker Hand #TM311063529: Tournament #208111509, Daily Hypersonic $20 Hold'em No Limit - Level15(500/1,000) - 2025/05/28 21:51:08
Table '95' 6-max Seat #4 is the button
Seat 1: be13a9e0 (12,150 in chips)
Seat 2: Hero (9,850 in chips)
Seat 3: 81d93c4d (23,750 in chips)
Seat 4: f604a55e (15,446 in chips)
Seat 5: 4f19d2a7 (11,100 in chips)
Seat 6: 5afbb948 (9,700 in chips)
f604a55e: posts the ante 150
81d93c4d: posts the ante 150
be13a9e0: posts the ante 150
4f19d2a7: posts the ante 150
Hero: posts the ante 150
5afbb948: posts the ante 150
4f19d2a7: posts small blind 500
5afbb948: posts big blind 1,000
*** HOLE CARDS ***
Dealt to be13a9e0 
Dealt to Hero [Kc Qd]
Dealt to 81d93c4d 
Dealt to f604a55e 
Dealt to 4f19d2a7 
Dealt to 5afbb948 
be13a9e0: folds
Hero: raises 8,700 to 9,700
81d93c4d: folds
f604a55e: folds
4f19d2a7: folds
5afbb948: folds
Uncalled bet (8,700) returned to Hero
*** SHOWDOWN ***
Hero collected 3,400 from pot
*** SUMMARY ***
Total pot 3,400 | Rake 0 | Jackpot 0 | Bingo 0 | Fortune 0 | Tax 0
Seat 1: be13a9e0 folded before Flop
Seat 2: Hero collected (3,400)
Seat 3: 81d93c4d folded before Flop
Seat 4: f604a55e (button) folded before Flop
Seat 5: 4f19d2a7 (small blind) folded before Flop
Seat 6: 5afbb948 (big blind) folded before Flop


Poker Hand #TM311063500: Tournament #208111509, Daily Hypersonic $20 Hold'em No Limit - Level15(500/1,000) - 2025/05/28 21:50:52
Table '95' 6-max Seat #3 is the button
Seat 1: be13a9e0 (12,300 in chips)
Seat 2: Hero (10,000 in chips)
Seat 3: 81d93c4d (23,900 in chips)
Seat 4: f604a55e (16,096 in chips)
Seat 5: 4f19d2a7 (9,850 in chips)
Seat 6: 5afbb948 (9,850 in chips)
f604a55e: posts the ante 150
81d93c4d: posts the ante 150
be13a9e0: posts the ante 150
4f19d2a7: posts the ante 150
Hero: posts the ante 150
5afbb948: posts the ante 150
f604a55e: posts small blind 500
4f19d2a7: posts big blind 1,000
*** HOLE CARDS ***
Dealt to be13a9e0 
Dealt to Hero [7h Qh]
Dealt to 81d93c4d 
Dealt to f604a55e 
Dealt to 4f19d2a7 
Dealt to 5afbb948 
5afbb948: folds
be13a9e0: folds
Hero: folds
81d93c4d: folds
f604a55e: folds
Uncalled bet (500) returned to 4f19d2a7
*** SHOWDOWN ***
4f19d2a7 collected 1,900 from pot
*** SUMMARY ***
Total pot 1,900 | Rake 0 | Jackpot 0 | Bingo 0 | Fortune 0 | Tax 0
Seat 1: be13a9e0 folded before Flop
Seat 2: Hero folded before Flop
Seat 3: 81d93c4d (button) folded before Flop
Seat 4: f604a55e (small blind) folded before Flop
Seat 5: 4f19d2a7 (big blind) collected (1,900)
Seat 6: 5afbb948 folded before Flop


