Poker Hand #TM296709207: Tournament #206870741, 193-M: $55 Sunday Marathon Hold'em No Limit - Level11(300/600) - 2025/05/25 18:15:14
Table '163' 8-max Seat #6 is the button
Seat 1: f4765179 (6,348 in chips)
Seat 2: 9fd4dcad (17,687 in chips)
Seat 3: b273deca (16,959 in chips)
Seat 4: d6f23f3 (9,634 in chips)
Seat 5: Hero (12,489 in chips)
Seat 6: 5b890d53 (45,727 in chips)
Seat 7: 88e2c5db (62,944 in chips)
Seat 8: 5859f1d4 (21,020 in chips)
f4765179: posts the ante 75
5859f1d4: posts the ante 75
9fd4dcad: posts the ante 75
88e2c5db: posts the ante 75
d6f23f3: posts the ante 75
Hero: posts the ante 75
5b890d53: posts the ante 75
b273deca: posts the ante 75
88e2c5db: posts small blind 300
5859f1d4: posts big blind 600
*** HOLE CARDS ***
Dealt to f4765179 
Dealt to 9fd4dcad 
Dealt to b273deca 
Dealt to d6f23f3 
Dealt to Hero [9c 9d]
Dealt to 5b890d53 
Dealt to 88e2c5db 
Dealt to 5859f1d4 
f4765179: folds
9fd4dcad: folds
b273deca: folds
d6f23f3: folds
Hero: raises 600 to 1,200
5b890d53: folds
88e2c5db: folds
5859f1d4: calls 600
*** FLOP *** [Ac 5c Qs]
5859f1d4: checks
Hero: bets 825
5859f1d4: calls 825
*** TURN *** [Ac 5c Qs] [Qc]
5859f1d4: bets 1,980
Hero: calls 1,980
*** RIVER *** [Ac 5c Qs Qc] [8h]
5859f1d4: bets 16,940
Hero: calls 8,409
Uncalled bet (8,531) returned to 5859f1d4
5859f1d4: shows [8c Jc] (a flush Ace high)
Hero: shows [9c 9d] (two pair, Queens and Nines)
*** SHOWDOWN ***
5859f1d4 collected 25,728 from pot
*** SUMMARY ***
Total pot 25,728 | Rake 0 | Jackpot 0 | Bingo 0 | Fortune 0 | Tax 0
Board [Ac 5c Qs Qc 8h]
Seat 1: f4765179 folded before Flop
Seat 2: 9fd4dcad folded before Flop
Seat 3: b273deca folded before Flop
Seat 4: d6f23f3 folded before Flop
Seat 5: Hero showed [9c 9d] and lost with two pair, Queens and Nines
Seat 6: 5b890d53 (button) folded before Flop
Seat 7: 88e2c5db (small blind) folded before Flop
Seat 8: 5859f1d4 (big blind) showed [8c Jc] and won (25,728) with a flush Ace high


Poker Hand #TM296709166: Tournament #206870741, 193-M: $55 Sunday Marathon Hold'em No Limit - Level10(250/500) - 2025/05/25 18:14:21
Table '163' 8-max Seat #5 is the button
Seat 1: f4765179 (10,610 in chips)
Seat 2: 9fd4dcad (17,747 in chips)
Seat 3: b273deca (17,019 in chips)
Seat 4: d6f23f3 (4,262 in chips)
Seat 5: Hero (12,549 in chips)
Seat 6: 5b890d53 (46,037 in chips)
Seat 7: 88e2c5db (63,504 in chips)
Seat 8: 5859f1d4 (21,080 in chips)
f4765179: posts the ante 60
5859f1d4: posts the ante 60
9fd4dcad: posts the ante 60
88e2c5db: posts the ante 60
d6f23f3: posts the ante 60
Hero: posts the ante 60
5b890d53: posts the ante 60
b273deca: posts the ante 60
5b890d53: posts small blind 250
88e2c5db: posts big blind 500
*** HOLE CARDS ***
Dealt to f4765179 
Dealt to 9fd4dcad 
Dealt to b273deca 
Dealt to d6f23f3 
Dealt to Hero [Ah 5d]
Dealt to 5b890d53 
Dealt to 88e2c5db 
Dealt to 5859f1d4 
5859f1d4: folds
f4765179: raises 500 to 1,000
9fd4dcad: folds
b273deca: folds
d6f23f3: raises 3,202 to 4,202
Hero: folds
5b890d53: folds
88e2c5db: folds
f4765179: calls 3,202
d6f23f3: shows [9h 9c]
f4765179: shows [2c 2s]
*** FLOP *** [8s Qd 5s]
*** TURN *** [8s Qd 5s] [Qs]
*** RIVER *** [8s Qd 5s Qs] [7c]
*** SHOWDOWN ***
d6f23f3 collected 9,634 from pot
*** SUMMARY ***
Total pot 9,634 | Rake 0 | Jackpot 0 | Bingo 0 | Fortune 0 | Tax 0
Board [8s Qd 5s Qs 7c]
Seat 1: f4765179 showed [2c 2s] and lost with two pair, Queens and Twos
Seat 2: 9fd4dcad folded before Flop
Seat 3: b273deca folded before Flop
Seat 4: d6f23f3 showed [9h 9c] and won (9,634) with two pair, Queens and Nines
Seat 5: Hero (button) folded before Flop
Seat 6: 5b890d53 (small blind) folded before Flop
Seat 7: 88e2c5db (big blind) folded before Flop
Seat 8: 5859f1d4 folded before Flop


Poker Hand #TM296709107: Tournament #206870741, 193-M: $55 Sunday Marathon Hold'em No Limit - Level10(250/500) - 2025/05/25 18:13:21
Table '163' 8-max Seat #4 is the button
Seat 1: f4765179 (11,670 in chips)
Seat 2: 9fd4dcad (17,807 in chips)
Seat 3: b273deca (17,079 in chips)
Seat 4: d6f23f3 (4,322 in chips)
Seat 5: Hero (12,859 in chips)
Seat 6: 5b890d53 (44,367 in chips)
Seat 7: 88e2c5db (63,564 in chips)
Seat 8: 5859f1d4 (21,140 in chips)
f4765179: posts the ante 60
5859f1d4: posts the ante 60
9fd4dcad: posts the ante 60
88e2c5db: posts the ante 60
d6f23f3: posts the ante 60
Hero: posts the ante 60
5b890d53: posts the ante 60
b273deca: posts the ante 60
Hero: posts small blind 250
5b890d53: posts big blind 500
*** HOLE CARDS ***
Dealt to f4765179 
Dealt to 9fd4dcad 
Dealt to b273deca 
Dealt to d6f23f3 
Dealt to Hero [Kh 9d]
Dealt to 5b890d53 
Dealt to 88e2c5db 
Dealt to 5859f1d4 
88e2c5db: folds
5859f1d4: folds
f4765179: raises 500 to 1,000
9fd4dcad: folds
b273deca: folds
d6f23f3: folds
Hero: folds
5b890d53: calls 500
*** FLOP *** [7h 2c Ts]
5b890d53: checks
f4765179: checks
*** TURN *** [7h 2c Ts] [8s]
5b890d53: bets 2,000
f4765179: folds
Uncalled bet (2,000) returned to 5b890d53
*** SHOWDOWN ***
5b890d53 collected 2,730 from pot
*** SUMMARY ***
Total pot 2,730 | Rake 0 | Jackpot 0 | Bingo 0 | Fortune 0 | Tax 0
Board [7h 2c Ts 8s]
Seat 1: f4765179 folded on the Turn
Seat 2: 9fd4dcad folded before Flop
Seat 3: b273deca folded before Flop
Seat 4: d6f23f3 (button) folded before Flop
Seat 5: Hero (small blind) folded before Flop
Seat 6: 5b890d53 (big blind) won (2,730)
Seat 7: 88e2c5db folded before Flop
Seat 8: 5859f1d4 folded before Flop


Poker Hand #TM296709046: Tournament #206870741, 193-M: $55 Sunday Marathon Hold'em No Limit - Level10(250/500) - 2025/05/25 18:11:33
Table '163' 8-max Seat #3 is the button
Seat 1: f4765179 (10,000 in chips)
Seat 2: 9fd4dcad (17,867 in chips)
Seat 3: b273deca (17,139 in chips)
Seat 4: d6f23f3 (4,632 in chips)
Seat 5: Hero (13,919 in chips)
Seat 6: 5b890d53 (44,427 in chips)
Seat 7: 88e2c5db (63,624 in chips)
Seat 8: 5859f1d4 (21,200 in chips)
f4765179: posts the ante 60
5859f1d4: posts the ante 60
9fd4dcad: posts the ante 60
88e2c5db: posts the ante 60
d6f23f3: posts the ante 60
Hero: posts the ante 60
5b890d53: posts the ante 60
b273deca: posts the ante 60
d6f23f3: posts small blind 250
Hero: posts big blind 500
*** HOLE CARDS ***
Dealt to f4765179 
Dealt to 9fd4dcad 
Dealt to b273deca 
Dealt to d6f23f3 
Dealt to Hero [As 2h]
Dealt to 5b890d53 
Dealt to 88e2c5db 
Dealt to 5859f1d4 
5b890d53: folds
88e2c5db: folds
5859f1d4: folds
f4765179: raises 500 to 1,000
9fd4dcad: folds
b273deca: folds
d6f23f3: folds
Hero: calls 500
*** FLOP *** [5c 8h 4s]
Hero: checks
f4765179: bets 1,500
Hero: folds
Uncalled bet (1,500) returned to f4765179
*** SHOWDOWN ***
f4765179 collected 2,730 from pot
*** SUMMARY ***
Total pot 2,730 | Rake 0 | Jackpot 0 | Bingo 0 | Fortune 0 | Tax 0
Board [5c 8h 4s]
Seat 1: f4765179 won (2,730)
Seat 2: 9fd4dcad folded before Flop
Seat 3: b273deca (button) folded before Flop
Seat 4: d6f23f3 (small blind) folded before Flop
Seat 5: Hero (big blind) folded on the Flop
Seat 6: 5b890d53 folded before Flop
Seat 7: 88e2c5db folded before Flop
Seat 8: 5859f1d4 folded before Flop


Poker Hand #TM296708977: Tournament #206870741, 193-M: $55 Sunday Marathon Hold'em No Limit - Level10(250/500) - 2025/05/25 18:10:05
Table '163' 8-max Seat #2 is the button
Seat 2: 9fd4dcad (19,862 in chips)
Seat 3: b273deca (14,344 in chips)
Seat 4: d6f23f3 (5,192 in chips)
Seat 5: Hero (13,979 in chips)
Seat 6: 5b890d53 (44,487 in chips)
Seat 7: 88e2c5db (63,684 in chips)
Seat 8: 5859f1d4 (21,260 in chips)
5859f1d4: posts the ante 60
9fd4dcad: posts the ante 60
88e2c5db: posts the ante 60
d6f23f3: posts the ante 60
Hero: posts the ante 60
5b890d53: posts the ante 60
b273deca: posts the ante 60
b273deca: posts small blind 250
d6f23f3: posts big blind 500
*** HOLE CARDS ***
Dealt to 9fd4dcad 
Dealt to b273deca 
Dealt to d6f23f3 
Dealt to Hero [Qh 9d]
Dealt to 5b890d53 
Dealt to 88e2c5db 
Dealt to 5859f1d4 
Hero: folds
5b890d53: folds
88e2c5db: folds
5859f1d4: folds
9fd4dcad: raises 500 to 1,000
b273deca: calls 750
d6f23f3: folds
*** FLOP *** [Td As 2c]
b273deca: checks
9fd4dcad: bets 935
b273deca: raises 1,916 to 2,851
9fd4dcad: folds
Uncalled bet (1,916) returned to b273deca
*** SHOWDOWN ***
b273deca collected 4,790 from pot
*** SUMMARY ***
Total pot 4,790 | Rake 0 | Jackpot 0 | Bingo 0 | Fortune 0 | Tax 0
Board [Td As 2c]
Seat 2: 9fd4dcad (button) folded on the Flop
Seat 3: b273deca (small blind) won (4,790)
Seat 4: d6f23f3 (big blind) folded before Flop
Seat 5: Hero folded before Flop
Seat 6: 5b890d53 folded before Flop
Seat 7: 88e2c5db folded before Flop
Seat 8: 5859f1d4 folded before Flop


Poker Hand #TM296708924: Tournament #206870741, 193-M: $55 Sunday Marathon Hold'em No Limit - Level10(250/500) - 2025/05/25 18:08:59
Table '163' 8-max Seat #1 is the button
Seat 1: f7fd9cf5 (2,049 in chips)
Seat 2: 9fd4dcad (20,172 in chips)
Seat 3: b273deca (14,904 in chips)
Seat 4: d6f23f3 (5,252 in chips)
Seat 5: Hero (9,820 in chips)
Seat 6: 5b890d53 (44,547 in chips)
Seat 7: 88e2c5db (64,744 in chips)
Seat 8: 5859f1d4 (21,320 in chips)
f7fd9cf5: posts the ante 60
5859f1d4: posts the ante 60
9fd4dcad: posts the ante 60
88e2c5db: posts the ante 60
d6f23f3: posts the ante 60
Hero: posts the ante 60
5b890d53: posts the ante 60
b273deca: posts the ante 60
9fd4dcad: posts small blind 250
b273deca: posts big blind 500
*** HOLE CARDS ***
Dealt to f7fd9cf5 
Dealt to 9fd4dcad 
Dealt to b273deca 
Dealt to d6f23f3 
Dealt to Hero [8c Ac]
Dealt to 5b890d53 
Dealt to 88e2c5db 
Dealt to 5859f1d4 
d6f23f3: folds
Hero: raises 500 to 1,000
5b890d53: folds
88e2c5db: calls 1,000
5859f1d4: folds
f7fd9cf5: raises 989 to 1,989
9fd4dcad: folds
b273deca: folds
Hero: raises 7,771 to 9,760
88e2c5db: folds
Uncalled bet (7,771) returned to Hero
Hero: shows [8c Ac]
f7fd9cf5: shows [Qd Td]
*** FLOP *** [2d 2c Ks]
*** TURN *** [2d 2c Ks] [7s]
*** RIVER *** [2d 2c Ks 7s] [4h]
*** SHOWDOWN ***
Hero collected 6,208 from pot
*** SUMMARY ***
Total pot 6,208 | Rake 0 | Jackpot 0 | Bingo 0 | Fortune 0 | Tax 0
Board [2d 2c Ks 7s 4h]
Seat 1: f7fd9cf5 (button) showed [Qd Td] and lost with a pair of Twos
Seat 2: 9fd4dcad (small blind) folded before Flop
Seat 3: b273deca (big blind) folded before Flop
Seat 4: d6f23f3 folded before Flop
Seat 5: Hero showed [8c Ac] and won (6,208) with a pair of Twos
Seat 6: 5b890d53 folded before Flop
Seat 7: 88e2c5db folded before Flop
Seat 8: 5859f1d4 folded before Flop


Poker Hand #TM296708866: Tournament #206870741, 193-M: $55 Sunday Marathon Hold'em No Limit - Level10(250/500) - 2025/05/25 18:07:57
Table '163' 8-max Seat #8 is the button
Seat 1: f7fd9cf5 (11,430 in chips)
Seat 2: 9fd4dcad (9,381 in chips)
Seat 3: b273deca (14,964 in chips)
Seat 4: d6f23f3 (5,312 in chips)
Seat 5: Hero (9,880 in chips)
Seat 6: 5b890d53 (44,607 in chips)
Seat 7: 88e2c5db (64,804 in chips)
Seat 8: 5859f1d4 (22,430 in chips)
f7fd9cf5: posts the ante 60
5859f1d4: posts the ante 60
9fd4dcad: posts the ante 60
88e2c5db: posts the ante 60
d6f23f3: posts the ante 60
Hero: posts the ante 60
5b890d53: posts the ante 60
b273deca: posts the ante 60
f7fd9cf5: posts small blind 250
9fd4dcad: posts big blind 500
*** HOLE CARDS ***
Dealt to f7fd9cf5 
Dealt to 9fd4dcad 
Dealt to b273deca 
Dealt to d6f23f3 
Dealt to Hero [5c 9h]
Dealt to 5b890d53 
Dealt to 88e2c5db 
Dealt to 5859f1d4 
b273deca: folds
d6f23f3: folds
Hero: folds
5b890d53: folds
88e2c5db: folds
5859f1d4: raises 550 to 1,050
f7fd9cf5: raises 10,320 to 11,370
9fd4dcad: calls 8,821
5859f1d4: folds
Uncalled bet (2,049) returned to f7fd9cf5
f7fd9cf5: shows [4d Ad]
9fd4dcad: shows [Qd As]
*** FLOP *** [Kd Td 7c]
*** TURN *** [Kd Td 7c] [Qs]
*** RIVER *** [Kd Td 7c Qs] [7s]
*** SHOWDOWN ***
9fd4dcad collected 20,172 from pot
*** SUMMARY ***
Total pot 20,172 | Rake 0 | Jackpot 0 | Bingo 0 | Fortune 0 | Tax 0
Board [Kd Td 7c Qs 7s]
Seat 1: f7fd9cf5 (small blind) showed [4d Ad] and lost with a pair of Sevens
Seat 2: 9fd4dcad (big blind) showed [Qd As] and won (20,172) with two pair, Queens and Sevens
Seat 3: b273deca folded before Flop
Seat 4: d6f23f3 folded before Flop
Seat 5: Hero folded before Flop
Seat 6: 5b890d53 folded before Flop
Seat 7: 88e2c5db folded before Flop
Seat 8: 5859f1d4 (button) folded before Flop


Poker Hand #TM296708801: Tournament #206870741, 193-M: $55 Sunday Marathon Hold'em No Limit - Level10(250/500) - 2025/05/25 18:06:44
Table '163' 8-max Seat #7 is the button
Seat 1: f7fd9cf5 (11,990 in chips)
Seat 2: 9fd4dcad (13,389 in chips)
Seat 3: b273deca (15,024 in chips)
Seat 4: d6f23f3 (5,372 in chips)
Seat 5: Hero (9,940 in chips)
Seat 6: 5b890d53 (44,667 in chips)
Seat 7: 88e2c5db (59,686 in chips)
Seat 8: 5859f1d4 (22,740 in chips)
f7fd9cf5: posts the ante 60
5859f1d4: posts the ante 60
9fd4dcad: posts the ante 60
88e2c5db: posts the ante 60
d6f23f3: posts the ante 60
Hero: posts the ante 60
5b890d53: posts the ante 60
b273deca: posts the ante 60
5859f1d4: posts small blind 250
f7fd9cf5: posts big blind 500
*** HOLE CARDS ***
Dealt to f7fd9cf5 
Dealt to 9fd4dcad 
Dealt to b273deca 
Dealt to d6f23f3 
Dealt to Hero [3c Ad]
Dealt to 5b890d53 
Dealt to 88e2c5db 
Dealt to 5859f1d4 
9fd4dcad: raises 600 to 1,100
b273deca: folds
d6f23f3: folds
Hero: folds
5b890d53: folds
88e2c5db: calls 1,100
5859f1d4: folds
f7fd9cf5: folds
*** FLOP *** [9c 9s 7s]
9fd4dcad: bets 1,098
88e2c5db: calls 1,098
*** TURN *** [9c 9s 7s] [Qs]
9fd4dcad: checks
88e2c5db: checks
*** RIVER *** [9c 9s 7s Qs] [9d]
9fd4dcad: bets 1,750
88e2c5db: calls 1,750
9fd4dcad: shows [Ts As] (a flush Ace high)
88e2c5db: shows [5c 7c] (a full house, Nines full of Sevens)
*** SHOWDOWN ***
88e2c5db collected 9,126 from pot
*** SUMMARY ***
Total pot 9,126 | Rake 0 | Jackpot 0 | Bingo 0 | Fortune 0 | Tax 0
Board [9c 9s 7s Qs 9d]
Seat 1: f7fd9cf5 (big blind) folded before Flop
Seat 2: 9fd4dcad showed [Ts As] and lost with a flush Ace high
Seat 3: b273deca folded before Flop
Seat 4: d6f23f3 folded before Flop
Seat 5: Hero folded before Flop
Seat 6: 5b890d53 folded before Flop
Seat 7: 88e2c5db (button) showed [5c 7c] and won (9,126) with a full house, Nines full of Sevens
Seat 8: 5859f1d4 (small blind) folded before Flop


Poker Hand #TM296708762: Tournament #206870741, 193-M: $55 Sunday Marathon Hold'em No Limit - Level10(250/500) - 2025/05/25 18:05:55
Table '163' 8-max Seat #6 is the button
Seat 1: f7fd9cf5 (12,050 in chips)
Seat 2: 9fd4dcad (13,449 in chips)
Seat 3: b273deca (15,084 in chips)
Seat 4: d6f23f3 (5,432 in chips)
Seat 5: Hero (10,000 in chips)
Seat 6: 5b890d53 (45,727 in chips)
Seat 7: 88e2c5db (59,996 in chips)
Seat 8: 5859f1d4 (21,070 in chips)
f7fd9cf5: posts the ante 60
5859f1d4: posts the ante 60
9fd4dcad: posts the ante 60
88e2c5db: posts the ante 60
d6f23f3: posts the ante 60
Hero: posts the ante 60
5b890d53: posts the ante 60
b273deca: posts the ante 60
88e2c5db: posts small blind 250
5859f1d4: posts big blind 500
*** HOLE CARDS ***
Dealt to f7fd9cf5 
Dealt to 9fd4dcad 
Dealt to b273deca 
Dealt to d6f23f3 
Dealt to Hero [Qh 2s]
Dealt to 5b890d53 
Dealt to 88e2c5db 
Dealt to 5859f1d4 
f7fd9cf5: folds
9fd4dcad: folds
b273deca: folds
d6f23f3: folds
Hero: folds
5b890d53: raises 500 to 1,000
88e2c5db: folds
5859f1d4: raises 3,250 to 4,250
5b890d53: folds
Uncalled bet (3,250) returned to 5859f1d4
*** SHOWDOWN ***
5859f1d4 collected 2,730 from pot
*** SUMMARY ***
Total pot 2,730 | Rake 0 | Jackpot 0 | Bingo 0 | Fortune 0 | Tax 0
Seat 1: f7fd9cf5 folded before Flop
Seat 2: 9fd4dcad folded before Flop
Seat 3: b273deca folded before Flop
Seat 4: d6f23f3 folded before Flop
Seat 5: Hero folded before Flop
Seat 6: 5b890d53 (button) folded before Flop
Seat 7: 88e2c5db (small blind) folded before Flop
Seat 8: 5859f1d4 (big blind) collected (2,730)


