Poker Hand #TM330117792: Tournament #209712268, 270-M: $30 The European Classic [9-Max] Hold'em No Limit - Level21(4,000/8,000) - 2025/06/02 20:52:50
Table '70' 9-max Seat #4 is the button
Seat 1: 76034009 (95,614 in chips)
Seat 2: ac6f82ba (78,399 in chips)
Seat 3: 8e1ff344 (156,852 in chips)
Seat 4: 47a23819 (204,576 in chips)
Seat 5: Hero (89,750 in chips)
Seat 6: 8d1049c5 (115,512 in chips)
Seat 7: 4059e5de (139,287 in chips)
Seat 8: c221f1e2 (97,573 in chips)
Seat 9: f9e6f538 (209,348 in chips)
47a23819: posts the ante 1,000
8d1049c5: posts the ante 1,000
4059e5de: posts the ante 1,000
c221f1e2: posts the ante 1,000
76034009: posts the ante 1,000
Hero: posts the ante 1,000
8e1ff344: posts the ante 1,000
ac6f82ba: posts the ante 1,000
f9e6f538: posts the ante 1,000
Hero: posts small blind 4,000
8d1049c5: posts big blind 8,000
*** HOLE CARDS ***
Dealt to 76034009 
Dealt to ac6f82ba 
Dealt to 8e1ff344 
Dealt to 47a23819 
Dealt to Hero [Ad Kd]
Dealt to 8d1049c5 
Dealt to 4059e5de 
Dealt to c221f1e2 
Dealt to f9e6f538 
4059e5de: folds
c221f1e2: raises 8,000 to 16,000
f9e6f538: folds
76034009: folds
ac6f82ba: folds
8e1ff344: folds
47a23819: folds
Hero: raises 72,750 to 88,750
8d1049c5: folds
c221f1e2: calls 72,750
Hero: shows [Ad Kd]
c221f1e2: shows [Jc Js]
*** FLOP *** [Th 2c Jh]
*** TURN *** [Th 2c Jh] [Jd]
*** RIVER *** [Th 2c Jh Jd] [Tc]
*** SHOWDOWN ***
c221f1e2 collected 194,500 from pot
*** SUMMARY ***
Total pot 194,500 | Rake 0 | Jackpot 0 | Bingo 0 | Fortune 0 | Tax 0
Board [Th 2c Jh Jd Tc]
Seat 1: 76034009 folded before Flop
Seat 2: ac6f82ba folded before Flop
Seat 3: 8e1ff344 folded before Flop
Seat 4: 47a23819 (button) folded before Flop
Seat 5: Hero (small blind) showed [Ad Kd] and lost with two pair, Jacks and Tens
Seat 6: 8d1049c5 (big blind) folded before Flop
Seat 7: 4059e5de folded before Flop
Seat 8: c221f1e2 showed [Jc Js] and won (194,500) with four of a kind, Jacks
Seat 9: f9e6f538 folded before Flop


Poker Hand #TM330117760: Tournament #209712268, 270-M: $30 The European Classic [9-Max] Hold'em No Limit - Level21(4,000/8,000) - 2025/06/02 20:52:10
Table '70' 9-max Seat #3 is the button
Seat 1: 76034009 (96,614 in chips)
Seat 2: ac6f82ba (79,399 in chips)
Seat 3: 8e1ff344 (157,852 in chips)
Seat 4: 47a23819 (209,576 in chips)
Seat 5: Hero (98,750 in chips)
Seat 6: 8d1049c5 (116,512 in chips)
Seat 7: 4059e5de (140,287 in chips)
Seat 8: c221f1e2 (98,573 in chips)
Seat 9: f9e6f538 (189,348 in chips)
8d1049c5: posts the ante 1,000
47a23819: posts the ante 1,000
4059e5de: posts the ante 1,000
c221f1e2: posts the ante 1,000
76034009: posts the ante 1,000
Hero: posts the ante 1,000
8e1ff344: posts the ante 1,000
ac6f82ba: posts the ante 1,000
f9e6f538: posts the ante 1,000
47a23819: posts small blind 4,000
Hero: posts big blind 8,000
*** HOLE CARDS ***
Dealt to 76034009 
Dealt to ac6f82ba 
Dealt to 8e1ff344 
Dealt to 47a23819 
Dealt to Hero [Jd 3s]
Dealt to 8d1049c5 
Dealt to 4059e5de 
Dealt to c221f1e2 
Dealt to f9e6f538 
8d1049c5: folds
4059e5de: folds
c221f1e2: folds
f9e6f538: raises 8,000 to 16,000
76034009: folds
ac6f82ba: folds
8e1ff344: folds
47a23819: folds
Hero: folds
Uncalled bet (8,000) returned to f9e6f538
*** SHOWDOWN ***
f9e6f538 collected 29,000 from pot
*** SUMMARY ***
Total pot 29,000 | Rake 0 | Jackpot 0 | Bingo 0 | Fortune 0 | Tax 0
Seat 1: 76034009 folded before Flop
Seat 2: ac6f82ba folded before Flop
Seat 3: 8e1ff344 (button) folded before Flop
Seat 4: 47a23819 (small blind) folded before Flop
Seat 5: Hero (big blind) folded before Flop
Seat 6: 8d1049c5 folded before Flop
Seat 7: 4059e5de folded before Flop
Seat 8: c221f1e2 folded before Flop
Seat 9: f9e6f538 collected (29,000)


Poker Hand #TM330117733: Tournament #209712268, 270-M: $30 The European Classic [9-Max] Hold'em No Limit - Level21(4,000/8,000) - 2025/06/02 20:51:40
Table '70' 9-max Seat #2 is the button
Seat 1: 76034009 (97,614 in chips)
Seat 2: ac6f82ba (80,399 in chips)
Seat 3: 8e1ff344 (162,852 in chips)
Seat 4: 47a23819 (197,576 in chips)
Seat 5: Hero (99,750 in chips)
Seat 6: 8d1049c5 (117,512 in chips)
Seat 7: 4059e5de (141,287 in chips)
Seat 8: c221f1e2 (99,573 in chips)
Seat 9: f9e6f538 (190,348 in chips)
8d1049c5: posts the ante 1,000
47a23819: posts the ante 1,000
4059e5de: posts the ante 1,000
c221f1e2: posts the ante 1,000
76034009: posts the ante 1,000
Hero: posts the ante 1,000
ac6f82ba: posts the ante 1,000
f9e6f538: posts the ante 1,000
8e1ff344: posts the ante 1,000
8e1ff344: posts small blind 4,000
47a23819: posts big blind 8,000
*** HOLE CARDS ***
Dealt to 76034009 
Dealt to ac6f82ba 
Dealt to 8e1ff344 
Dealt to 47a23819 
Dealt to Hero [6d 8s]
Dealt to 8d1049c5 
Dealt to 4059e5de 
Dealt to c221f1e2 
Dealt to f9e6f538 
Hero: folds
8d1049c5: folds
4059e5de: folds
c221f1e2: folds
f9e6f538: folds
76034009: folds
ac6f82ba: folds
8e1ff344: folds
Uncalled bet (4,000) returned to 47a23819
*** SHOWDOWN ***
47a23819 collected 17,000 from pot
*** SUMMARY ***
Total pot 17,000 | Rake 0 | Jackpot 0 | Bingo 0 | Fortune 0 | Tax 0
Seat 1: 76034009 folded before Flop
Seat 2: ac6f82ba (button) folded before Flop
Seat 3: 8e1ff344 (small blind) folded before Flop
Seat 4: 47a23819 (big blind) collected (17,000)
Seat 5: Hero folded before Flop
Seat 6: 8d1049c5 folded before Flop
Seat 7: 4059e5de folded before Flop
Seat 8: c221f1e2 folded before Flop
Seat 9: f9e6f538 folded before Flop


Poker Hand #TM330117708: Tournament #209712268, 270-M: $30 The European Classic [9-Max] Hold'em No Limit - Level21(4,000/8,000) - 2025/06/02 20:51:06
Table '70' 9-max Seat #1 is the button
Seat 1: 76034009 (77,614 in chips)
Seat 2: ac6f82ba (85,399 in chips)
Seat 3: 8e1ff344 (171,852 in chips)
Seat 4: 47a23819 (198,576 in chips)
Seat 5: Hero (100,750 in chips)
Seat 6: 8d1049c5 (118,512 in chips)
Seat 7: 4059e5de (142,287 in chips)
Seat 8: c221f1e2 (100,573 in chips)
Seat 9: f9e6f538 (191,348 in chips)
8d1049c5: posts the ante 1,000
47a23819: posts the ante 1,000
4059e5de: posts the ante 1,000
c221f1e2: posts the ante 1,000
76034009: posts the ante 1,000
Hero: posts the ante 1,000
f9e6f538: posts the ante 1,000
8e1ff344: posts the ante 1,000
ac6f82ba: posts the ante 1,000
ac6f82ba: posts small blind 4,000
8e1ff344: posts big blind 8,000
*** HOLE CARDS ***
Dealt to 76034009 
Dealt to ac6f82ba 
Dealt to 8e1ff344 
Dealt to 47a23819 
Dealt to Hero [3c 8d]
Dealt to 8d1049c5 
Dealt to 4059e5de 
Dealt to c221f1e2 
Dealt to f9e6f538 
47a23819: folds
Hero: folds
8d1049c5: folds
4059e5de: folds
c221f1e2: folds
f9e6f538: folds
76034009: raises 68,614 to 76,614
ac6f82ba: folds
8e1ff344: folds
Uncalled bet (68,614) returned to 76034009
*** SHOWDOWN ***
76034009 collected 29,000 from pot
*** SUMMARY ***
Total pot 29,000 | Rake 0 | Jackpot 0 | Bingo 0 | Fortune 0 | Tax 0
Seat 1: 76034009 (button) collected (29,000)
Seat 2: ac6f82ba (small blind) folded before Flop
Seat 3: 8e1ff344 (big blind) folded before Flop
Seat 4: 47a23819 folded before Flop
Seat 5: Hero folded before Flop
Seat 6: 8d1049c5 folded before Flop
Seat 7: 4059e5de folded before Flop
Seat 8: c221f1e2 folded before Flop
Seat 9: f9e6f538 folded before Flop


Poker Hand #TM330117644: Tournament #209712268, 270-M: $30 The European Classic [9-Max] Hold'em No Limit - Level21(4,000/8,000) - 2025/06/02 20:49:48
Table '70' 9-max Seat #9 is the button
Seat 1: 76034009 (82,614 in chips)
Seat 2: ac6f82ba (79,899 in chips)
Seat 3: 8e1ff344 (172,852 in chips)
Seat 4: 47a23819 (193,076 in chips)
Seat 5: Hero (101,750 in chips)
Seat 6: 8d1049c5 (119,512 in chips)
Seat 7: 4059e5de (143,287 in chips)
Seat 8: c221f1e2 (101,573 in chips)
Seat 9: f9e6f538 (192,348 in chips)
8d1049c5: posts the ante 1,000
47a23819: posts the ante 1,000
4059e5de: posts the ante 1,000
c221f1e2: posts the ante 1,000
76034009: posts the ante 1,000
Hero: posts the ante 1,000
f9e6f538: posts the ante 1,000
8e1ff344: posts the ante 1,000
ac6f82ba: posts the ante 1,000
76034009: posts small blind 4,000
ac6f82ba: posts big blind 8,000
*** HOLE CARDS ***
Dealt to 76034009 
Dealt to ac6f82ba 
Dealt to 8e1ff344 
Dealt to 47a23819 
Dealt to Hero [Qh Th]
Dealt to 8d1049c5 
Dealt to 4059e5de 
Dealt to c221f1e2 
Dealt to f9e6f538 
8e1ff344: folds
47a23819: raises 8,000 to 16,000
Hero: folds
8d1049c5: folds
4059e5de: folds
c221f1e2: folds
f9e6f538: folds
76034009: folds
ac6f82ba: calls 8,000
*** FLOP *** [5h 3h 6s]
ac6f82ba: checks
47a23819: bets 8,000
ac6f82ba: raises 54,899 to 62,899
47a23819: calls 54,899
ac6f82ba: shows [Ac 5d] (a pair of Fives)
47a23819: shows [5s As] (a pair of Fives)
*** TURN *** [5h 3h 6s] [2c]
*** RIVER *** [5h 3h 6s 2c] [Ts]
*** SHOWDOWN ***
47a23819 collected 85,399 from pot
ac6f82ba collected 85,399 from pot
*** SUMMARY ***
Total pot 170,798 | Rake 0 | Jackpot 0 | Bingo 0 | Fortune 0 | Tax 0
Board [5h 3h 6s 2c Ts]
Seat 1: 76034009 (small blind) folded before Flop
Seat 2: ac6f82ba (big blind) showed [Ac 5d] and won (85,399) with a pair of Fives
Seat 3: 8e1ff344 folded before Flop
Seat 4: 47a23819 showed [5s As] and won (85,399) with a pair of Fives
Seat 5: Hero folded before Flop
Seat 6: 8d1049c5 folded before Flop
Seat 7: 4059e5de folded before Flop
Seat 8: c221f1e2 folded before Flop
Seat 9: f9e6f538 (button) folded before Flop


Poker Hand #TM330117525: Tournament #209712268, 270-M: $30 The European Classic [9-Max] Hold'em No Limit - Level21(4,000/8,000) - 2025/06/02 20:46:47
Table '70' 9-max Seat #8 is the button
Seat 1: 76034009 (91,614 in chips)
Seat 2: ac6f82ba (80,899 in chips)
Seat 3: 8e1ff344 (173,852 in chips)
Seat 4: 47a23819 (194,076 in chips)
Seat 5: Hero (102,750 in chips)
Seat 6: 8d1049c5 (136,512 in chips)
Seat 7: 4059e5de (107,287 in chips)
Seat 8: c221f1e2 (102,573 in chips)
Seat 9: f9e6f538 (197,348 in chips)
8d1049c5: posts the ante 1,000
47a23819: posts the ante 1,000
4059e5de: posts the ante 1,000
c221f1e2: posts the ante 1,000
76034009: posts the ante 1,000
Hero: posts the ante 1,000
8e1ff344: posts the ante 1,000
ac6f82ba: posts the ante 1,000
f9e6f538: posts the ante 1,000
f9e6f538: posts small blind 4,000
76034009: posts big blind 8,000
*** HOLE CARDS ***
Dealt to 76034009 
Dealt to ac6f82ba 
Dealt to 8e1ff344 
Dealt to 47a23819 
Dealt to Hero [Qs 5d]
Dealt to 8d1049c5 
Dealt to 4059e5de 
Dealt to c221f1e2 
Dealt to f9e6f538 
ac6f82ba: folds
8e1ff344: folds
47a23819: folds
Hero: folds
8d1049c5: raises 8,000 to 16,000
4059e5de: raises 90,287 to 106,287
c221f1e2: folds
f9e6f538: folds
76034009: folds
8d1049c5: folds
Uncalled bet (90,287) returned to 4059e5de
*** SHOWDOWN ***
4059e5de collected 53,000 from pot
*** SUMMARY ***
Total pot 53,000 | Rake 0 | Jackpot 0 | Bingo 0 | Fortune 0 | Tax 0
Seat 1: 76034009 (big blind) folded before Flop
Seat 2: ac6f82ba folded before Flop
Seat 3: 8e1ff344 folded before Flop
Seat 4: 47a23819 folded before Flop
Seat 5: Hero folded before Flop
Seat 6: 8d1049c5 folded before Flop
Seat 7: 4059e5de collected (53,000)
Seat 8: c221f1e2 (button) folded before Flop
Seat 9: f9e6f538 (small blind) folded before Flop


Poker Hand #TM330117269: Tournament #209712268, 270-M: $30 The European Classic [9-Max] Hold'em No Limit - Level20(3,500/7,000) - 2025/06/02 20:40:32
Table '70' 9-max Seat #7 is the button
Seat 1: 76034009 (92,464 in chips)
Seat 2: ac6f82ba (81,749 in chips)
Seat 3: 8e1ff344 (174,702 in chips)
Seat 4: 47a23819 (288,025 in chips)
Seat 5: Hero (103,600 in chips)
Seat 6: 8d1049c5 (137,362 in chips)
Seat 7: 4059e5de (108,137 in chips)
Seat 8: c221f1e2 (106,923 in chips)
Seat 9: f9e6f538 (93,949 in chips)
8d1049c5: posts the ante 850
47a23819: posts the ante 850
4059e5de: posts the ante 850
c221f1e2: posts the ante 850
76034009: posts the ante 850
Hero: posts the ante 850
8e1ff344: posts the ante 850
ac6f82ba: posts the ante 850
f9e6f538: posts the ante 850
c221f1e2: posts small blind 3,500
f9e6f538: posts big blind 7,000
*** HOLE CARDS ***
Dealt to 76034009 
Dealt to ac6f82ba 
Dealt to 8e1ff344 
Dealt to 47a23819 
Dealt to Hero [6d 6c]
Dealt to 8d1049c5 
Dealt to 4059e5de 
Dealt to c221f1e2 
Dealt to f9e6f538 
76034009: folds
ac6f82ba: folds
8e1ff344: folds
47a23819: raises 7,000 to 14,000
Hero: folds
8d1049c5: folds
4059e5de: folds
c221f1e2: folds
f9e6f538: raises 35,948 to 49,948
47a23819: raises 237,227 to 287,175
f9e6f538: calls 43,151
Uncalled bet (194,076) returned to 47a23819
47a23819: shows [Ah Kh]
f9e6f538: shows [Qh Qs]
*** FLOP *** [Ks 3s Qd]
*** TURN *** [Ks 3s Qd] [Qc]
*** RIVER *** [Ks 3s Qd Qc] [8d]
*** SHOWDOWN ***
f9e6f538 collected 197,348 from pot
*** SUMMARY ***
Total pot 197,348 | Rake 0 | Jackpot 0 | Bingo 0 | Fortune 0 | Tax 0
Board [Ks 3s Qd Qc 8d]
Seat 1: 76034009 folded before Flop
Seat 2: ac6f82ba folded before Flop
Seat 3: 8e1ff344 folded before Flop
Seat 4: 47a23819 showed [Ah Kh] and lost with two pair, Kings and Queens
Seat 5: Hero folded before Flop
Seat 6: 8d1049c5 folded before Flop
Seat 7: 4059e5de (button) folded before Flop
Seat 8: c221f1e2 (small blind) folded before Flop
Seat 9: f9e6f538 (big blind) showed [Qh Qs] and won (197,348) with four of a kind, Queens


Poker Hand #TM330117231: Tournament #209712268, 270-M: $30 The European Classic [9-Max] Hold'em No Limit - Level20(3,500/7,000) - 2025/06/02 20:39:42
Table '70' 9-max Seat #6 is the button
Seat 1: 76034009 (93,314 in chips)
Seat 2: ac6f82ba (82,599 in chips)
Seat 3: 8e1ff344 (175,552 in chips)
Seat 4: 47a23819 (270,725 in chips)
Seat 5: Hero (104,450 in chips)
Seat 6: 8d1049c5 (138,212 in chips)
Seat 7: 4059e5de (112,487 in chips)
Seat 8: c221f1e2 (114,773 in chips)
Seat 9: f9e6f538 (94,799 in chips)
8d1049c5: posts the ante 850
47a23819: posts the ante 850
4059e5de: posts the ante 850
c221f1e2: posts the ante 850
76034009: posts the ante 850
Hero: posts the ante 850
8e1ff344: posts the ante 850
ac6f82ba: posts the ante 850
f9e6f538: posts the ante 850
4059e5de: posts small blind 3,500
c221f1e2: posts big blind 7,000
*** HOLE CARDS ***
Dealt to 76034009 
Dealt to ac6f82ba 
Dealt to 8e1ff344 
Dealt to 47a23819 
Dealt to Hero [6h 9s]
Dealt to 8d1049c5 
Dealt to 4059e5de 
Dealt to c221f1e2 
Dealt to f9e6f538 
f9e6f538: folds
76034009: folds
ac6f82ba: folds
8e1ff344: folds
47a23819: raises 7,000 to 14,000
Hero: folds
8d1049c5: folds
4059e5de: folds
c221f1e2: folds
Uncalled bet (7,000) returned to 47a23819
*** SHOWDOWN ***
47a23819 collected 25,150 from pot
*** SUMMARY ***
Total pot 25,150 | Rake 0 | Jackpot 0 | Bingo 0 | Fortune 0 | Tax 0
Seat 1: 76034009 folded before Flop
Seat 2: ac6f82ba folded before Flop
Seat 3: 8e1ff344 folded before Flop
Seat 4: 47a23819 collected (25,150)
Seat 5: Hero folded before Flop
Seat 6: 8d1049c5 (button) folded before Flop
Seat 7: 4059e5de (small blind) folded before Flop
Seat 8: c221f1e2 (big blind) folded before Flop
Seat 9: f9e6f538 folded before Flop


Poker Hand #TM330117110: Tournament #209712268, 270-M: $30 The European Classic [9-Max] Hold'em No Limit - Level20(3,500/7,000) - 2025/06/02 20:36:59
Table '70' 9-max Seat #5 is the button
Seat 1: 76034009 (94,164 in chips)
Seat 2: ac6f82ba (83,449 in chips)
Seat 3: 8e1ff344 (176,402 in chips)
Seat 4: 47a23819 (271,575 in chips)
Seat 5: Hero (105,300 in chips)
Seat 6: 8d1049c5 (104,299 in chips)
Seat 7: 4059e5de (140,450 in chips)
Seat 8: c221f1e2 (115,623 in chips)
Seat 9: f9e6f538 (95,649 in chips)
47a23819: posts the ante 850
8d1049c5: posts the ante 850
4059e5de: posts the ante 850
c221f1e2: posts the ante 850
76034009: posts the ante 850
Hero: posts the ante 850
8e1ff344: posts the ante 850
ac6f82ba: posts the ante 850
f9e6f538: posts the ante 850
8d1049c5: posts small blind 3,500
4059e5de: posts big blind 7,000
*** HOLE CARDS ***
Dealt to 76034009 
Dealt to ac6f82ba 
Dealt to 8e1ff344 
Dealt to 47a23819 
Dealt to Hero [2c 2s]
Dealt to 8d1049c5 
Dealt to 4059e5de 
Dealt to c221f1e2 
Dealt to f9e6f538 
c221f1e2: folds
f9e6f538: folds
76034009: folds
ac6f82ba: folds
8e1ff344: folds
47a23819: folds
Hero: folds
8d1049c5: calls 3,500
4059e5de: raises 9,800 to 16,800
8d1049c5: calls 9,800
*** FLOP *** [3c 9h Ac]
8d1049c5: checks
4059e5de: bets 10,313
8d1049c5: calls 10,313
*** TURN *** [3c 9h Ac] [4c]
8d1049c5: checks
4059e5de: checks
*** RIVER *** [3c 9h Ac 4c] [Jd]
8d1049c5: checks
4059e5de: checks
8d1049c5: shows [7h 9s] (a pair of Nines)
4059e5de: shows [5h Ks] (Ace high)
*** SHOWDOWN ***
8d1049c5 collected 61,876 from pot
*** SUMMARY ***
Total pot 61,876 | Rake 0 | Jackpot 0 | Bingo 0 | Fortune 0 | Tax 0
Board [3c 9h Ac 4c Jd]
Seat 1: 76034009 folded before Flop
Seat 2: ac6f82ba folded before Flop
Seat 3: 8e1ff344 folded before Flop
Seat 4: 47a23819 folded before Flop
Seat 5: Hero (button) folded before Flop
Seat 6: 8d1049c5 (small blind) showed [7h 9s] and won (61,876) with a pair of Nines
Seat 7: 4059e5de (big blind) showed [5h Ks] and lost with Ace high
Seat 8: c221f1e2 folded before Flop
Seat 9: f9e6f538 folded before Flop


Poker Hand #TM330117065: Tournament #209712268, 270-M: $30 The European Classic [9-Max] Hold'em No Limit - Level20(3,500/7,000) - 2025/06/02 20:36:02
Table '70' 9-max Seat #4 is the button
Seat 1: 76034009 (95,014 in chips)
Seat 2: ac6f82ba (84,299 in chips)
Seat 3: 8e1ff344 (191,252 in chips)
Seat 4: 47a23819 (240,275 in chips)
Seat 5: Hero (109,650 in chips)
Seat 6: 8d1049c5 (112,149 in chips)
Seat 7: 4059e5de (141,300 in chips)
Seat 8: c221f1e2 (116,473 in chips)
Seat 9: f9e6f538 (96,499 in chips)
47a23819: posts the ante 850
8d1049c5: posts the ante 850
4059e5de: posts the ante 850
c221f1e2: posts the ante 850
76034009: posts the ante 850
Hero: posts the ante 850
8e1ff344: posts the ante 850
ac6f82ba: posts the ante 850
f9e6f538: posts the ante 850
Hero: posts small blind 3,500
8d1049c5: posts big blind 7,000
*** HOLE CARDS ***
Dealt to 76034009 
Dealt to ac6f82ba 
Dealt to 8e1ff344 
Dealt to 47a23819 
Dealt to Hero [7c Qh]
Dealt to 8d1049c5 
Dealt to 4059e5de 
Dealt to c221f1e2 
Dealt to f9e6f538 
4059e5de: folds
c221f1e2: folds
f9e6f538: folds
76034009: folds
ac6f82ba: folds
8e1ff344: raises 7,000 to 14,000
47a23819: raises 225,425 to 239,425
Hero: folds
8d1049c5: folds
8e1ff344: folds
Uncalled bet (225,425) returned to 47a23819
*** SHOWDOWN ***
47a23819 collected 46,150 from pot
*** SUMMARY ***
Total pot 46,150 | Rake 0 | Jackpot 0 | Bingo 0 | Fortune 0 | Tax 0
Seat 1: 76034009 folded before Flop
Seat 2: ac6f82ba folded before Flop
Seat 3: 8e1ff344 folded before Flop
Seat 4: 47a23819 (button) collected (46,150)
Seat 5: Hero (small blind) folded before Flop
Seat 6: 8d1049c5 (big blind) folded before Flop
Seat 7: 4059e5de folded before Flop
Seat 8: c221f1e2 folded before Flop
Seat 9: f9e6f538 folded before Flop


Poker Hand #TM330117048: Tournament #209712268, 270-M: $30 The European Classic [9-Max] Hold'em No Limit - Level20(3,500/7,000) - 2025/06/02 20:35:35
Table '70' 9-max Seat #3 is the button
Seat 1: 76034009 (95,864 in chips)
Seat 2: ac6f82ba (85,149 in chips)
Seat 3: 8e1ff344 (192,102 in chips)
Seat 4: 47a23819 (244,625 in chips)
Seat 5: Hero (117,500 in chips)
Seat 6: 8d1049c5 (112,999 in chips)
Seat 7: 4059e5de (124,000 in chips)
Seat 8: c221f1e2 (117,323 in chips)
Seat 9: f9e6f538 (97,349 in chips)
8d1049c5: posts the ante 850
47a23819: posts the ante 850
4059e5de: posts the ante 850
c221f1e2: posts the ante 850
76034009: posts the ante 850
Hero: posts the ante 850
8e1ff344: posts the ante 850
ac6f82ba: posts the ante 850
f9e6f538: posts the ante 850
47a23819: posts small blind 3,500
Hero: posts big blind 7,000
*** HOLE CARDS ***
Dealt to 76034009 
Dealt to ac6f82ba 
Dealt to 8e1ff344 
Dealt to 47a23819 
Dealt to Hero [9d 3c]
Dealt to 8d1049c5 
Dealt to 4059e5de 
Dealt to c221f1e2 
Dealt to f9e6f538 
8d1049c5: folds
4059e5de: raises 7,000 to 14,000
c221f1e2: folds
f9e6f538: folds
76034009: folds
ac6f82ba: folds
8e1ff344: folds
47a23819: folds
Hero: folds
Uncalled bet (7,000) returned to 4059e5de
*** SHOWDOWN ***
4059e5de collected 25,150 from pot
*** SUMMARY ***
Total pot 25,150 | Rake 0 | Jackpot 0 | Bingo 0 | Fortune 0 | Tax 0
Seat 1: 76034009 folded before Flop
Seat 2: ac6f82ba folded before Flop
Seat 3: 8e1ff344 (button) folded before Flop
Seat 4: 47a23819 (small blind) folded before Flop
Seat 5: Hero (big blind) folded before Flop
Seat 6: 8d1049c5 folded before Flop
Seat 7: 4059e5de collected (25,150)
Seat 8: c221f1e2 folded before Flop
Seat 9: f9e6f538 folded before Flop


Poker Hand #TM330116989: Tournament #209712268, 270-M: $30 The European Classic [9-Max] Hold'em No Limit - Level20(3,500/7,000) - 2025/06/02 20:34:20
Table '70' 9-max Seat #2 is the button
Seat 1: 76034009 (96,714 in chips)
Seat 2: ac6f82ba (85,999 in chips)
Seat 3: 8e1ff344 (196,452 in chips)
Seat 4: 47a23819 (234,325 in chips)
Seat 5: Hero (118,350 in chips)
Seat 6: 8d1049c5 (113,849 in chips)
Seat 7: 4059e5de (124,850 in chips)
Seat 8: c221f1e2 (118,173 in chips)
Seat 9: f9e6f538 (98,199 in chips)
8d1049c5: posts the ante 850
47a23819: posts the ante 850
4059e5de: posts the ante 850
c221f1e2: posts the ante 850
76034009: posts the ante 850
Hero: posts the ante 850
ac6f82ba: posts the ante 850
f9e6f538: posts the ante 850
8e1ff344: posts the ante 850
8e1ff344: posts small blind 3,500
47a23819: posts big blind 7,000
*** HOLE CARDS ***
Dealt to 76034009 
Dealt to ac6f82ba 
Dealt to 8e1ff344 
Dealt to 47a23819 
Dealt to Hero [3d 8c]
Dealt to 8d1049c5 
Dealt to 4059e5de 
Dealt to c221f1e2 
Dealt to f9e6f538 
Hero: folds
8d1049c5: folds
4059e5de: folds
c221f1e2: folds
f9e6f538: folds
76034009: folds
ac6f82ba: folds
8e1ff344: folds
Uncalled bet (3,500) returned to 47a23819
*** SHOWDOWN ***
47a23819 collected 14,650 from pot
*** SUMMARY ***
Total pot 14,650 | Rake 0 | Jackpot 0 | Bingo 0 | Fortune 0 | Tax 0
Seat 1: 76034009 folded before Flop
Seat 2: ac6f82ba (button) folded before Flop
Seat 3: 8e1ff344 (small blind) folded before Flop
Seat 4: 47a23819 (big blind) collected (14,650)
Seat 5: Hero folded before Flop
Seat 6: 8d1049c5 folded before Flop
Seat 7: 4059e5de folded before Flop
Seat 8: c221f1e2 folded before Flop
Seat 9: f9e6f538 folded before Flop


Poker Hand #TM330116954: Tournament #209712268, 270-M: $30 The European Classic [9-Max] Hold'em No Limit - Level20(3,500/7,000) - 2025/06/02 20:33:38
Table '70' 9-max Seat #1 is the button
Seat 1: 76034009 (97,564 in chips)
Seat 2: ac6f82ba (90,349 in chips)
Seat 3: 8e1ff344 (204,302 in chips)
Seat 4: 47a23819 (235,175 in chips)
Seat 5: Hero (101,050 in chips)
Seat 6: 8d1049c5 (114,699 in chips)
Seat 7: 4059e5de (125,700 in chips)
Seat 8: c221f1e2 (119,023 in chips)
Seat 9: f9e6f538 (99,049 in chips)
8d1049c5: posts the ante 850
47a23819: posts the ante 850
4059e5de: posts the ante 850
c221f1e2: posts the ante 850
76034009: posts the ante 850
Hero: posts the ante 850
f9e6f538: posts the ante 850
8e1ff344: posts the ante 850
ac6f82ba: posts the ante 850
ac6f82ba: posts small blind 3,500
8e1ff344: posts big blind 7,000
*** HOLE CARDS ***
Dealt to 76034009 
Dealt to ac6f82ba 
Dealt to 8e1ff344 
Dealt to 47a23819 
Dealt to Hero [Kc Ac]
Dealt to 8d1049c5 
Dealt to 4059e5de 
Dealt to c221f1e2 
Dealt to f9e6f538 
47a23819: folds
Hero: raises 7,000 to 14,000
8d1049c5: folds
4059e5de: folds
c221f1e2: folds
f9e6f538: folds
76034009: folds
ac6f82ba: folds
8e1ff344: folds
Uncalled bet (7,000) returned to Hero
*** SHOWDOWN ***
Hero collected 25,150 from pot
*** SUMMARY ***
Total pot 25,150 | Rake 0 | Jackpot 0 | Bingo 0 | Fortune 0 | Tax 0
Seat 1: 76034009 (button) folded before Flop
Seat 2: ac6f82ba (small blind) folded before Flop
Seat 3: 8e1ff344 (big blind) folded before Flop
Seat 4: 47a23819 folded before Flop
Seat 5: Hero collected (25,150)
Seat 6: 8d1049c5 folded before Flop
Seat 7: 4059e5de folded before Flop
Seat 8: c221f1e2 folded before Flop
Seat 9: f9e6f538 folded before Flop


Poker Hand #TM330116899: Tournament #209712268, 270-M: $30 The European Classic [9-Max] Hold'em No Limit - Level19(3,000/6,000) - 2025/06/02 20:32:40
Table '70' 9-max Seat #9 is the button
Seat 1: 76034009 (101,314 in chips)
Seat 2: ac6f82ba (97,099 in chips)
Seat 3: 8e1ff344 (205,052 in chips)
Seat 4: 47a23819 (235,925 in chips)
Seat 5: Hero (101,800 in chips)
Seat 6: 8d1049c5 (115,449 in chips)
Seat 7: 4059e5de (110,700 in chips)
Seat 8: c221f1e2 (119,773 in chips)
Seat 9: f9e6f538 (99,799 in chips)
8d1049c5: posts the ante 750
47a23819: posts the ante 750
4059e5de: posts the ante 750
c221f1e2: posts the ante 750
76034009: posts the ante 750
Hero: posts the ante 750
f9e6f538: posts the ante 750
8e1ff344: posts the ante 750
ac6f82ba: posts the ante 750
76034009: posts small blind 3,000
ac6f82ba: posts big blind 6,000
*** HOLE CARDS ***
Dealt to 76034009 
Dealt to ac6f82ba 
Dealt to 8e1ff344 
Dealt to 47a23819 
Dealt to Hero [6h 7d]
Dealt to 8d1049c5 
Dealt to 4059e5de 
Dealt to c221f1e2 
Dealt to f9e6f538 
8e1ff344: folds
47a23819: folds
Hero: folds
8d1049c5: folds
4059e5de: raises 6,000 to 12,000
c221f1e2: folds
f9e6f538: folds
76034009: folds
ac6f82ba: folds
Uncalled bet (6,000) returned to 4059e5de
*** SHOWDOWN ***
4059e5de collected 21,750 from pot
*** SUMMARY ***
Total pot 21,750 | Rake 0 | Jackpot 0 | Bingo 0 | Fortune 0 | Tax 0
Seat 1: 76034009 (small blind) folded before Flop
Seat 2: ac6f82ba (big blind) folded before Flop
Seat 3: 8e1ff344 folded before Flop
Seat 4: 47a23819 folded before Flop
Seat 5: Hero folded before Flop
Seat 6: 8d1049c5 folded before Flop
Seat 7: 4059e5de collected (21,750)
Seat 8: c221f1e2 folded before Flop
Seat 9: f9e6f538 (button) folded before Flop


Poker Hand #TM330116832: Tournament #209712268, 270-M: $30 The European Classic [9-Max] Hold'em No Limit - Level19(3,000/6,000) - 2025/06/02 20:31:24
Table '70' 9-max Seat #8 is the button
Seat 1: 76034009 (108,064 in chips)
Seat 2: ac6f82ba (97,849 in chips)
Seat 3: 8e1ff344 (205,802 in chips)
Seat 4: 47a23819 (236,675 in chips)
Seat 5: Hero (102,550 in chips)
Seat 6: 8d1049c5 (128,199 in chips)
Seat 7: 4059e5de (111,450 in chips)
Seat 8: c221f1e2 (120,523 in chips)
Seat 9: f9e6f538 (75,799 in chips)
8d1049c5: posts the ante 750
47a23819: posts the ante 750
4059e5de: posts the ante 750
c221f1e2: posts the ante 750
76034009: posts the ante 750
Hero: posts the ante 750
8e1ff344: posts the ante 750
ac6f82ba: posts the ante 750
f9e6f538: posts the ante 750
f9e6f538: posts small blind 3,000
76034009: posts big blind 6,000
*** HOLE CARDS ***
Dealt to 76034009 
Dealt to ac6f82ba 
Dealt to 8e1ff344 
Dealt to 47a23819 
Dealt to Hero [9c Js]
Dealt to 8d1049c5 
Dealt to 4059e5de 
Dealt to c221f1e2 
Dealt to f9e6f538 
ac6f82ba: folds
8e1ff344: folds
47a23819: folds
Hero: folds
8d1049c5: raises 6,000 to 12,000
4059e5de: folds
c221f1e2: folds
f9e6f538: raises 63,049 to 75,049
76034009: folds
8d1049c5: folds
Uncalled bet (63,049) returned to f9e6f538
*** SHOWDOWN ***
f9e6f538 collected 36,750 from pot
*** SUMMARY ***
Total pot 36,750 | Rake 0 | Jackpot 0 | Bingo 0 | Fortune 0 | Tax 0
Seat 1: 76034009 (big blind) folded before Flop
Seat 2: ac6f82ba folded before Flop
Seat 3: 8e1ff344 folded before Flop
Seat 4: 47a23819 folded before Flop
Seat 5: Hero folded before Flop
Seat 6: 8d1049c5 folded before Flop
Seat 7: 4059e5de folded before Flop
Seat 8: c221f1e2 (button) folded before Flop
Seat 9: f9e6f538 (small blind) collected (36,750)


Poker Hand #TM330116765: Tournament #209712268, 270-M: $30 The European Classic [9-Max] Hold'em No Limit - Level19(3,000/6,000) - 2025/06/02 20:30:01
Table '70' 9-max Seat #7 is the button
Seat 1: 76034009 (108,814 in chips)
Seat 2: ac6f82ba (98,599 in chips)
Seat 3: 8e1ff344 (206,552 in chips)
Seat 4: 47a23819 (185,489 in chips)
Seat 5: Hero (103,300 in chips)
Seat 6: 8d1049c5 (128,949 in chips)
Seat 7: 4059e5de (112,200 in chips)
Seat 8: c221f1e2 (124,273 in chips)
Seat 9: f9e6f538 (118,735 in chips)
8d1049c5: posts the ante 750
47a23819: posts the ante 750
4059e5de: posts the ante 750
c221f1e2: posts the ante 750
76034009: posts the ante 750
Hero: posts the ante 750
8e1ff344: posts the ante 750
ac6f82ba: posts the ante 750
f9e6f538: posts the ante 750
c221f1e2: posts small blind 3,000
f9e6f538: posts big blind 6,000
*** HOLE CARDS ***
Dealt to 76034009 
Dealt to ac6f82ba 
Dealt to 8e1ff344 
Dealt to 47a23819 
Dealt to Hero [6h 2h]
Dealt to 8d1049c5 
Dealt to 4059e5de 
Dealt to c221f1e2 
Dealt to f9e6f538 
76034009: folds
ac6f82ba: folds
8e1ff344: folds
47a23819: raises 6,000 to 12,000
Hero: folds
8d1049c5: folds
4059e5de: folds
c221f1e2: folds
f9e6f538: calls 6,000
*** FLOP *** [6d 9d 4s]
f9e6f538: checks
47a23819: bets 11,475
f9e6f538: raises 18,711 to 30,186
47a23819: raises 142,553 to 172,739
f9e6f538: folds
Uncalled bet (142,553) returned to 47a23819
*** SHOWDOWN ***
47a23819 collected 94,122 from pot
*** SUMMARY ***
Total pot 94,122 | Rake 0 | Jackpot 0 | Bingo 0 | Fortune 0 | Tax 0
Board [6d 9d 4s]
Seat 1: 76034009 folded before Flop
Seat 2: ac6f82ba folded before Flop
Seat 3: 8e1ff344 folded before Flop
Seat 4: 47a23819 won (94,122)
Seat 5: Hero folded before Flop
Seat 6: 8d1049c5 folded before Flop
Seat 7: 4059e5de (button) folded before Flop
Seat 8: c221f1e2 (small blind) folded before Flop
Seat 9: f9e6f538 (big blind) folded on the Flop


Poker Hand #TM330116725: Tournament #209712268, 270-M: $30 The European Classic [9-Max] Hold'em No Limit - Level19(3,000/6,000) - 2025/06/02 20:29:06
Table '70' 9-max Seat #6 is the button
Seat 1: 76034009 (109,564 in chips)
Seat 2: ac6f82ba (111,349 in chips)
Seat 3: 8e1ff344 (179,552 in chips)
Seat 4: 47a23819 (186,239 in chips)
Seat 5: Hero (104,050 in chips)
Seat 6: 8d1049c5 (129,699 in chips)
Seat 7: 4059e5de (115,950 in chips)
Seat 8: c221f1e2 (131,023 in chips)
Seat 9: f9e6f538 (119,485 in chips)
8d1049c5: posts the ante 750
47a23819: posts the ante 750
4059e5de: posts the ante 750
c221f1e2: posts the ante 750
76034009: posts the ante 750
Hero: posts the ante 750
8e1ff344: posts the ante 750
ac6f82ba: posts the ante 750
f9e6f538: posts the ante 750
4059e5de: posts small blind 3,000
c221f1e2: posts big blind 6,000
*** HOLE CARDS ***
Dealt to 76034009 
Dealt to ac6f82ba 
Dealt to 8e1ff344 
Dealt to 47a23819 
Dealt to Hero [Qd 8h]
Dealt to 8d1049c5 
Dealt to 4059e5de 
Dealt to c221f1e2 
Dealt to f9e6f538 
f9e6f538: folds
76034009: folds
ac6f82ba: raises 6,000 to 12,000
8e1ff344: raises 25,875 to 37,875
47a23819: folds
Hero: folds
8d1049c5: folds
4059e5de: folds
c221f1e2: folds
ac6f82ba: folds
Uncalled bet (25,875) returned to 8e1ff344
*** SHOWDOWN ***
8e1ff344 collected 39,750 from pot
*** SUMMARY ***
Total pot 39,750 | Rake 0 | Jackpot 0 | Bingo 0 | Fortune 0 | Tax 0
Seat 1: 76034009 folded before Flop
Seat 2: ac6f82ba folded before Flop
Seat 3: 8e1ff344 collected (39,750)
Seat 4: 47a23819 folded before Flop
Seat 5: Hero folded before Flop
Seat 6: 8d1049c5 (button) folded before Flop
Seat 7: 4059e5de (small blind) folded before Flop
Seat 8: c221f1e2 (big blind) folded before Flop
Seat 9: f9e6f538 folded before Flop


Poker Hand #TM330116661: Tournament #209712268, 270-M: $30 The European Classic [9-Max] Hold'em No Limit - Level19(3,000/6,000) - 2025/06/02 20:27:55
Table '70' 9-max Seat #5 is the button
Seat 1: 76034009 (122,314 in chips)
Seat 2: ac6f82ba (112,099 in chips)
Seat 3: 8e1ff344 (180,302 in chips)
Seat 4: 47a23819 (198,989 in chips)
Seat 5: Hero (104,800 in chips)
Seat 6: 8d1049c5 (93,699 in chips)
Seat 7: 4059e5de (122,700 in chips)
Seat 8: c221f1e2 (131,773 in chips)
Seat 9: f9e6f538 (120,235 in chips)
47a23819: posts the ante 750
8d1049c5: posts the ante 750
4059e5de: posts the ante 750
c221f1e2: posts the ante 750
76034009: posts the ante 750
Hero: posts the ante 750
8e1ff344: posts the ante 750
ac6f82ba: posts the ante 750
f9e6f538: posts the ante 750
8d1049c5: posts small blind 3,000
4059e5de: posts big blind 6,000
*** HOLE CARDS ***
Dealt to 76034009 
Dealt to ac6f82ba 
Dealt to 8e1ff344 
Dealt to 47a23819 
Dealt to Hero [3c 3h]
Dealt to 8d1049c5 
Dealt to 4059e5de 
Dealt to c221f1e2 
Dealt to f9e6f538 
c221f1e2: folds
f9e6f538: folds
76034009: raises 6,000 to 12,000
ac6f82ba: folds
8e1ff344: folds
47a23819: calls 12,000
Hero: folds
8d1049c5: raises 80,949 to 92,949
4059e5de: folds
76034009: folds
47a23819: folds
Uncalled bet (80,949) returned to 8d1049c5
*** SHOWDOWN ***
8d1049c5 collected 48,750 from pot
*** SUMMARY ***
Total pot 48,750 | Rake 0 | Jackpot 0 | Bingo 0 | Fortune 0 | Tax 0
Seat 1: 76034009 folded before Flop
Seat 2: ac6f82ba folded before Flop
Seat 3: 8e1ff344 folded before Flop
Seat 4: 47a23819 folded before Flop
Seat 5: Hero (button) folded before Flop
Seat 6: 8d1049c5 (small blind) collected (48,750)
Seat 7: 4059e5de (big blind) folded before Flop
Seat 8: c221f1e2 folded before Flop
Seat 9: f9e6f538 folded before Flop


Poker Hand #TM330116596: Tournament #209712268, 270-M: $30 The European Classic [9-Max] Hold'em No Limit - Level19(3,000/6,000) - 2025/06/02 20:26:39
Table '70' 9-max Seat #4 is the button
Seat 1: 76034009 (123,064 in chips)
Seat 2: ac6f82ba (112,849 in chips)
Seat 3: 8e1ff344 (181,052 in chips)
Seat 4: 47a23819 (199,739 in chips)
Seat 5: Hero (108,550 in chips)
Seat 6: 8d1049c5 (106,449 in chips)
Seat 7: 4059e5de (101,700 in chips)
Seat 8: c221f1e2 (132,523 in chips)
Seat 9: f9e6f538 (120,985 in chips)
47a23819: posts the ante 750
8d1049c5: posts the ante 750
4059e5de: posts the ante 750
c221f1e2: posts the ante 750
76034009: posts the ante 750
Hero: posts the ante 750
8e1ff344: posts the ante 750
ac6f82ba: posts the ante 750
f9e6f538: posts the ante 750
Hero: posts small blind 3,000
8d1049c5: posts big blind 6,000
*** HOLE CARDS ***
Dealt to 76034009 
Dealt to ac6f82ba 
Dealt to 8e1ff344 
Dealt to 47a23819 
Dealt to Hero [Ah 5h]
Dealt to 8d1049c5 
Dealt to 4059e5de 
Dealt to c221f1e2 
Dealt to f9e6f538 
4059e5de: raises 6,000 to 12,000
c221f1e2: folds
f9e6f538: folds
76034009: folds
ac6f82ba: folds
8e1ff344: folds
47a23819: folds
Hero: folds
8d1049c5: calls 6,000
*** FLOP *** [9c Kh Qc]
8d1049c5: checks
4059e5de: bets 12,000
8d1049c5: folds
Uncalled bet (12,000) returned to 4059e5de
*** SHOWDOWN ***
4059e5de collected 33,750 from pot
*** SUMMARY ***
Total pot 33,750 | Rake 0 | Jackpot 0 | Bingo 0 | Fortune 0 | Tax 0
Board [9c Kh Qc]
Seat 1: 76034009 folded before Flop
Seat 2: ac6f82ba folded before Flop
Seat 3: 8e1ff344 folded before Flop
Seat 4: 47a23819 (button) folded before Flop
Seat 5: Hero (small blind) folded before Flop
Seat 6: 8d1049c5 (big blind) folded on the Flop
Seat 7: 4059e5de won (33,750)
Seat 8: c221f1e2 folded before Flop
Seat 9: f9e6f538 folded before Flop


Poker Hand #TM330116543: Tournament #209712268, 270-M: $30 The European Classic [9-Max] Hold'em No Limit - Level19(3,000/6,000) - 2025/06/02 20:25:40
Table '70' 9-max Seat #3 is the button
Seat 1: 76034009 (123,814 in chips)
Seat 2: ac6f82ba (113,599 in chips)
Seat 3: 8e1ff344 (181,802 in chips)
Seat 4: 47a23819 (203,489 in chips)
Seat 5: Hero (130,300 in chips)
Seat 6: 8d1049c5 (76,449 in chips)
Seat 7: 4059e5de (102,450 in chips)
Seat 8: c221f1e2 (133,273 in chips)
Seat 9: f9e6f538 (121,735 in chips)
8d1049c5: posts the ante 750
47a23819: posts the ante 750
4059e5de: posts the ante 750
c221f1e2: posts the ante 750
76034009: posts the ante 750
Hero: posts the ante 750
8e1ff344: posts the ante 750
ac6f82ba: posts the ante 750
f9e6f538: posts the ante 750
47a23819: posts small blind 3,000
Hero: posts big blind 6,000
*** HOLE CARDS ***
Dealt to 76034009 
Dealt to ac6f82ba 
Dealt to 8e1ff344 
Dealt to 47a23819 
Dealt to Hero [Kc 6c]
Dealt to 8d1049c5 
Dealt to 4059e5de 
Dealt to c221f1e2 
Dealt to f9e6f538 
8d1049c5: raises 6,000 to 12,000
4059e5de: folds
c221f1e2: folds
f9e6f538: folds
76034009: folds
ac6f82ba: folds
8e1ff344: folds
47a23819: folds
Hero: calls 6,000
*** FLOP *** [Ad 6s 3s]
Hero: checks
8d1049c5: bets 9,000
Hero: calls 9,000
*** TURN *** [Ad 6s 3s] [Tc]
Hero: checks
8d1049c5: bets 54,699
Hero: folds
Uncalled bet (54,699) returned to 8d1049c5
*** SHOWDOWN ***
8d1049c5 collected 51,750 from pot
*** SUMMARY ***
Total pot 51,750 | Rake 0 | Jackpot 0 | Bingo 0 | Fortune 0 | Tax 0
Board [Ad 6s 3s Tc]
Seat 1: 76034009 folded before Flop
Seat 2: ac6f82ba folded before Flop
Seat 3: 8e1ff344 (button) folded before Flop
Seat 4: 47a23819 (small blind) folded before Flop
Seat 5: Hero (big blind) folded on the Turn
Seat 6: 8d1049c5 won (51,750)
Seat 7: 4059e5de folded before Flop
Seat 8: c221f1e2 folded before Flop
Seat 9: f9e6f538 folded before Flop


Poker Hand #TM330116487: Tournament #209712268, 270-M: $30 The European Classic [9-Max] Hold'em No Limit - Level19(3,000/6,000) - 2025/06/02 20:24:37
Table '70' 9-max Seat #2 is the button
Seat 1: 76034009 (153,464 in chips)
Seat 2: ac6f82ba (143,249 in chips)
Seat 3: 8e1ff344 (185,552 in chips)
Seat 4: 47a23819 (210,239 in chips)
Seat 5: Hero (131,050 in chips)
Seat 6: 8d1049c5 (77,199 in chips)
Seat 7: 4059e5de (29,650 in chips)
Seat 8: c221f1e2 (134,023 in chips)
Seat 9: f9e6f538 (122,485 in chips)
8d1049c5: posts the ante 750
47a23819: posts the ante 750
4059e5de: posts the ante 750
c221f1e2: posts the ante 750
76034009: posts the ante 750
Hero: posts the ante 750
ac6f82ba: posts the ante 750
f9e6f538: posts the ante 750
8e1ff344: posts the ante 750
8e1ff344: posts small blind 3,000
47a23819: posts big blind 6,000
*** HOLE CARDS ***
Dealt to 76034009 
Dealt to ac6f82ba 
Dealt to 8e1ff344 
Dealt to 47a23819 
Dealt to Hero [9c 6h]
Dealt to 8d1049c5 
Dealt to 4059e5de 
Dealt to c221f1e2 
Dealt to f9e6f538 
Hero: folds
8d1049c5: folds
4059e5de: raises 22,900 to 28,900
c221f1e2: folds
f9e6f538: folds
76034009: raises 123,814 to 152,714
ac6f82ba: calls 142,499
8e1ff344: folds
47a23819: folds
Uncalled bet (10,215) returned to 76034009
76034009: shows [Ts Tc]
ac6f82ba: shows [Th Td]
4059e5de: shows [7s As]
*** FLOP *** [7h Ks 6d]
*** TURN *** [7h Ks 6d] [Ah]
*** RIVER *** [7h Ks 6d Ah] [Ac]
*** SHOWDOWN ***
4059e5de collected 102,450 from pot
ac6f82ba collected 113,599 from pot
76034009 collected 113,599 from pot
*** SUMMARY ***
Total pot 329,648 | Rake 0 | Jackpot 0 | Bingo 0 | Fortune 0 | Tax 0
Board [7h Ks 6d Ah Ac]
Seat 1: 76034009 showed [Ts Tc] and won (113,599) with two pair, Aces and Tens
Seat 2: ac6f82ba (button) showed [Th Td] and won (113,599) with two pair, Aces and Tens
Seat 3: 8e1ff344 (small blind) folded before Flop
Seat 4: 47a23819 (big blind) folded before Flop
Seat 5: Hero folded before Flop
Seat 6: 8d1049c5 folded before Flop
Seat 7: 4059e5de showed [7s As] and won (102,450) with a full house, Aces full of Sevens
Seat 8: c221f1e2 folded before Flop
Seat 9: f9e6f538 folded before Flop


Poker Hand #TM330116452: Tournament #209712268, 270-M: $30 The European Classic [9-Max] Hold'em No Limit - Level19(3,000/6,000) - 2025/06/02 20:24:00
Table '70' 9-max Seat #1 is the button
Seat 1: 76034009 (154,214 in chips)
Seat 2: ac6f82ba (146,999 in chips)
Seat 3: 8e1ff344 (192,302 in chips)
Seat 4: 47a23819 (210,989 in chips)
Seat 5: Hero (131,800 in chips)
Seat 6: 8d1049c5 (77,949 in chips)
Seat 7: 4059e5de (30,400 in chips)
Seat 8: c221f1e2 (134,773 in chips)
Seat 9: f9e6f538 (107,485 in chips)
8d1049c5: posts the ante 750
47a23819: posts the ante 750
4059e5de: posts the ante 750
c221f1e2: posts the ante 750
76034009: posts the ante 750
Hero: posts the ante 750
f9e6f538: posts the ante 750
8e1ff344: posts the ante 750
ac6f82ba: posts the ante 750
ac6f82ba: posts small blind 3,000
8e1ff344: posts big blind 6,000
*** HOLE CARDS ***
Dealt to 76034009 
Dealt to ac6f82ba 
Dealt to 8e1ff344 
Dealt to 47a23819 
Dealt to Hero [5d 8d]
Dealt to 8d1049c5 
Dealt to 4059e5de 
Dealt to c221f1e2 
Dealt to f9e6f538 
47a23819: folds
Hero: folds
8d1049c5: folds
4059e5de: folds
c221f1e2: folds
f9e6f538: raises 6,000 to 12,000
76034009: folds
ac6f82ba: folds
8e1ff344: folds
Uncalled bet (6,000) returned to f9e6f538
*** SHOWDOWN ***
f9e6f538 collected 21,750 from pot
*** SUMMARY ***
Total pot 21,750 | Rake 0 | Jackpot 0 | Bingo 0 | Fortune 0 | Tax 0
Seat 1: 76034009 (button) folded before Flop
Seat 2: ac6f82ba (small blind) folded before Flop
Seat 3: 8e1ff344 (big blind) folded before Flop
Seat 4: 47a23819 folded before Flop
Seat 5: Hero folded before Flop
Seat 6: 8d1049c5 folded before Flop
Seat 7: 4059e5de folded before Flop
Seat 8: c221f1e2 folded before Flop
Seat 9: f9e6f538 collected (21,750)


Poker Hand #TM330116382: Tournament #209712268, 270-M: $30 The European Classic [9-Max] Hold'em No Limit - Level18(2,500/5,000) - 2025/06/02 20:22:49
Table '70' 9-max Seat #9 is the button
Seat 1: 76034009 (157,314 in chips)
Seat 2: ac6f82ba (157,599 in chips)
Seat 3: 8e1ff344 (202,902 in chips)
Seat 4: 47a23819 (211,589 in chips)
Seat 5: Hero (132,400 in chips)
Seat 6: 8d1049c5 (78,549 in chips)
Seat 7: 4059e5de (31,000 in chips)
Seat 8: c221f1e2 (135,373 in chips)
Seat 9: f9e6f538 (80,185 in chips)
8d1049c5: posts the ante 600
47a23819: posts the ante 600
4059e5de: posts the ante 600
c221f1e2: posts the ante 600
76034009: posts the ante 600
Hero: posts the ante 600
f9e6f538: posts the ante 600
8e1ff344: posts the ante 600
ac6f82ba: posts the ante 600
76034009: posts small blind 2,500
ac6f82ba: posts big blind 5,000
*** HOLE CARDS ***
Dealt to 76034009 
Dealt to ac6f82ba 
Dealt to 8e1ff344 
Dealt to 47a23819 
Dealt to Hero [4d 5h]
Dealt to 8d1049c5 
Dealt to 4059e5de 
Dealt to c221f1e2 
Dealt to f9e6f538 
8e1ff344: raises 5,000 to 10,000
47a23819: folds
Hero: folds
8d1049c5: folds
4059e5de: folds
c221f1e2: folds
f9e6f538: calls 10,000
76034009: folds
ac6f82ba: calls 5,000
*** FLOP *** [Th 8c 6s]
ac6f82ba: checks
8e1ff344: checks
f9e6f538: bets 7,500
ac6f82ba: folds
8e1ff344: folds
Uncalled bet (7,500) returned to f9e6f538
*** SHOWDOWN ***
f9e6f538 collected 37,900 from pot
*** SUMMARY ***
Total pot 37,900 | Rake 0 | Jackpot 0 | Bingo 0 | Fortune 0 | Tax 0
Board [Th 8c 6s]
Seat 1: 76034009 (small blind) folded before Flop
Seat 2: ac6f82ba (big blind) folded on the Flop
Seat 3: 8e1ff344 folded on the Flop
Seat 4: 47a23819 folded before Flop
Seat 5: Hero folded before Flop
Seat 6: 8d1049c5 folded before Flop
Seat 7: 4059e5de folded before Flop
Seat 8: c221f1e2 folded before Flop
Seat 9: f9e6f538 (button) won (37,900)


Poker Hand #TM330116275: Tournament #209712268, 270-M: $30 The European Classic [9-Max] Hold'em No Limit - Level18(2,500/5,000) - 2025/06/02 20:20:40
Table '70' 9-max Seat #8 is the button
Seat 1: 76034009 (105,039 in chips)
Seat 2: ac6f82ba (158,199 in chips)
Seat 3: 8e1ff344 (203,502 in chips)
Seat 4: 47a23819 (212,189 in chips)
Seat 5: Hero (133,000 in chips)
Seat 6: 8d1049c5 (124,124 in chips)
Seat 7: 4059e5de (31,600 in chips)
Seat 8: c221f1e2 (135,973 in chips)
Seat 9: f9e6f538 (83,285 in chips)
8d1049c5: posts the ante 600
47a23819: posts the ante 600
4059e5de: posts the ante 600
c221f1e2: posts the ante 600
76034009: posts the ante 600
Hero: posts the ante 600
8e1ff344: posts the ante 600
ac6f82ba: posts the ante 600
f9e6f538: posts the ante 600
f9e6f538: posts small blind 2,500
76034009: posts big blind 5,000
*** HOLE CARDS ***
Dealt to 76034009 
Dealt to ac6f82ba 
Dealt to 8e1ff344 
Dealt to 47a23819 
Dealt to Hero [7h 4h]
Dealt to 8d1049c5 
Dealt to 4059e5de 
Dealt to c221f1e2 
Dealt to f9e6f538 
ac6f82ba: folds
8e1ff344: folds
47a23819: folds
Hero: folds
8d1049c5: raises 5,000 to 10,000
4059e5de: folds
c221f1e2: folds
f9e6f538: folds
76034009: calls 5,000
*** FLOP *** [Ac 2s 6c]
76034009: checks
8d1049c5: bets 6,975
76034009: calls 6,975
*** TURN *** [Ac 2s 6c] [Td]
76034009: checks
8d1049c5: bets 28,000
76034009: calls 28,000
*** RIVER *** [Ac 2s 6c Td] [Ad]
76034009: bets 5,000
8d1049c5: folds
Uncalled bet (5,000) returned to 76034009
*** SHOWDOWN ***
76034009 collected 97,850 from pot
*** SUMMARY ***
Total pot 97,850 | Rake 0 | Jackpot 0 | Bingo 0 | Fortune 0 | Tax 0
Board [Ac 2s 6c Td Ad]
Seat 1: 76034009 (big blind) won (97,850)
Seat 2: ac6f82ba folded before Flop
Seat 3: 8e1ff344 folded before Flop
Seat 4: 47a23819 folded before Flop
Seat 5: Hero folded before Flop
Seat 6: 8d1049c5 folded on the River
Seat 7: 4059e5de folded before Flop
Seat 8: c221f1e2 (button) folded before Flop
Seat 9: f9e6f538 (small blind) folded before Flop


Poker Hand #TM330116227: Tournament #209712268, 270-M: $30 The European Classic [9-Max] Hold'em No Limit - Level18(2,500/5,000) - 2025/06/02 20:19:47
Table '70' 9-max Seat #7 is the button
Seat 1: 76034009 (105,639 in chips)
Seat 2: ac6f82ba (158,799 in chips)
Seat 3: 8e1ff344 (204,102 in chips)
Seat 4: 47a23819 (227,789 in chips)
Seat 5: Hero (133,600 in chips)
Seat 6: 8d1049c5 (124,724 in chips)
Seat 7: 4059e5de (32,200 in chips)
Seat 8: c221f1e2 (139,073 in chips)
Seat 9: f9e6f538 (60,985 in chips)
8d1049c5: posts the ante 600
47a23819: posts the ante 600
4059e5de: posts the ante 600
c221f1e2: posts the ante 600
76034009: posts the ante 600
Hero: posts the ante 600
8e1ff344: posts the ante 600
ac6f82ba: posts the ante 600
f9e6f538: posts the ante 600
c221f1e2: posts small blind 2,500
f9e6f538: posts big blind 5,000
*** HOLE CARDS ***
Dealt to 76034009 
Dealt to ac6f82ba 
Dealt to 8e1ff344 
Dealt to 47a23819 
Dealt to Hero [4d 5c]
Dealt to 8d1049c5 
Dealt to 4059e5de 
Dealt to c221f1e2 
Dealt to f9e6f538 
76034009: folds
ac6f82ba: folds
8e1ff344: folds
47a23819: raises 5,000 to 10,000
Hero: folds
8d1049c5: folds
4059e5de: folds
c221f1e2: folds
f9e6f538: calls 5,000
*** FLOP *** [7c 3c 8c]
f9e6f538: checks
47a23819: bets 5,000
f9e6f538: raises 7,500 to 12,500
47a23819: folds
Uncalled bet (7,500) returned to f9e6f538
*** SHOWDOWN ***
f9e6f538 collected 37,900 from pot
*** SUMMARY ***
Total pot 37,900 | Rake 0 | Jackpot 0 | Bingo 0 | Fortune 0 | Tax 0
Board [7c 3c 8c]
Seat 1: 76034009 folded before Flop
Seat 2: ac6f82ba folded before Flop
Seat 3: 8e1ff344 folded before Flop
Seat 4: 47a23819 folded on the Flop
Seat 5: Hero folded before Flop
Seat 6: 8d1049c5 folded before Flop
Seat 7: 4059e5de (button) folded before Flop
Seat 8: c221f1e2 (small blind) folded before Flop
Seat 9: f9e6f538 (big blind) won (37,900)


Poker Hand #TM330116142: Tournament #209712268, 270-M: $30 The European Classic [9-Max] Hold'em No Limit - Level18(2,500/5,000) - 2025/06/02 20:18:13
Table '70' 9-max Seat #6 is the button
Seat 1: 76034009 (106,239 in chips)
Seat 2: ac6f82ba (159,399 in chips)
Seat 3: 8e1ff344 (204,702 in chips)
Seat 4: 47a23819 (200,489 in chips)
Seat 5: Hero (134,200 in chips)
Seat 6: 8d1049c5 (125,324 in chips)
Seat 7: 4059e5de (35,300 in chips)
Seat 8: c221f1e2 (149,673 in chips)
Seat 9: f9e6f538 (71,585 in chips)
8d1049c5: posts the ante 600
47a23819: posts the ante 600
4059e5de: posts the ante 600
c221f1e2: posts the ante 600
76034009: posts the ante 600
Hero: posts the ante 600
8e1ff344: posts the ante 600
ac6f82ba: posts the ante 600
f9e6f538: posts the ante 600
4059e5de: posts small blind 2,500
c221f1e2: posts big blind 5,000
*** HOLE CARDS ***
Dealt to 76034009 
Dealt to ac6f82ba 
Dealt to 8e1ff344 
Dealt to 47a23819 
Dealt to Hero [6h As]
Dealt to 8d1049c5 
Dealt to 4059e5de 
Dealt to c221f1e2 
Dealt to f9e6f538 
f9e6f538: raises 5,000 to 10,000
76034009: folds
ac6f82ba: folds
8e1ff344: folds
47a23819: calls 10,000
Hero: folds
8d1049c5: folds
4059e5de: folds
c221f1e2: calls 5,000
*** FLOP *** [3d 7d 2c]
c221f1e2: checks
f9e6f538: checks
47a23819: bets 17,887
c221f1e2: folds
f9e6f538: folds
Uncalled bet (17,887) returned to 47a23819
*** SHOWDOWN ***
47a23819 collected 37,900 from pot
*** SUMMARY ***
Total pot 37,900 | Rake 0 | Jackpot 0 | Bingo 0 | Fortune 0 | Tax 0
Board [3d 7d 2c]
Seat 1: 76034009 folded before Flop
Seat 2: ac6f82ba folded before Flop
Seat 3: 8e1ff344 folded before Flop
Seat 4: 47a23819 won (37,900)
Seat 5: Hero folded before Flop
Seat 6: 8d1049c5 (button) folded before Flop
Seat 7: 4059e5de (small blind) folded before Flop
Seat 8: c221f1e2 (big blind) folded on the Flop
Seat 9: f9e6f538 folded on the Flop


Poker Hand #TM330116048: Tournament #209712268, 270-M: $30 The European Classic [9-Max] Hold'em No Limit - Level18(2,500/5,000) - 2025/06/02 20:16:29
Table '70' 9-max Seat #5 is the button
Seat 1: 76034009 (106,839 in chips)
Seat 2: ac6f82ba (159,999 in chips)
Seat 3: 8e1ff344 (205,302 in chips)
Seat 4: 47a23819 (162,003 in chips)
Seat 5: Hero (134,800 in chips)
Seat 6: 8d1049c5 (128,424 in chips)
Seat 7: 4059e5de (40,900 in chips)
Seat 8: c221f1e2 (176,459 in chips)
Seat 9: f9e6f538 (72,185 in chips)
47a23819: posts the ante 600
8d1049c5: posts the ante 600
4059e5de: posts the ante 600
c221f1e2: posts the ante 600
76034009: posts the ante 600
Hero: posts the ante 600
8e1ff344: posts the ante 600
ac6f82ba: posts the ante 600
f9e6f538: posts the ante 600
8d1049c5: posts small blind 2,500
4059e5de: posts big blind 5,000
*** HOLE CARDS ***
Dealt to 76034009 
Dealt to ac6f82ba 
Dealt to 8e1ff344 
Dealt to 47a23819 
Dealt to Hero [3c Kd]
Dealt to 8d1049c5 
Dealt to 4059e5de 
Dealt to c221f1e2 
Dealt to f9e6f538 
c221f1e2: raises 5,000 to 10,000
f9e6f538: folds
76034009: folds
ac6f82ba: folds
8e1ff344: folds
47a23819: calls 10,000
Hero: folds
8d1049c5: folds
4059e5de: folds
*** FLOP *** [4d 8h Ts]
c221f1e2: checks
47a23819: bets 16,186
c221f1e2: calls 16,186
*** TURN *** [4d 8h Ts] [Qc]
c221f1e2: checks
47a23819: checks
*** RIVER *** [4d 8h Ts Qc] [Tc]
c221f1e2: checks
47a23819: checks
c221f1e2: shows [Ah 4h] (two pair, Tens and Fours)
47a23819: shows [5d 5c] (two pair, Tens and Fives)
*** SHOWDOWN ***
47a23819 collected 65,272 from pot
*** SUMMARY ***
Total pot 65,272 | Rake 0 | Jackpot 0 | Bingo 0 | Fortune 0 | Tax 0
Board [4d 8h Ts Qc Tc]
Seat 1: 76034009 folded before Flop
Seat 2: ac6f82ba folded before Flop
Seat 3: 8e1ff344 folded before Flop
Seat 4: 47a23819 showed [5d 5c] and won (65,272) with two pair, Tens and Fives
Seat 5: Hero (button) folded before Flop
Seat 6: 8d1049c5 (small blind) folded before Flop
Seat 7: 4059e5de (big blind) folded before Flop
Seat 8: c221f1e2 showed [Ah 4h] and lost with two pair, Tens and Fours
Seat 9: f9e6f538 folded before Flop


Poker Hand #TM330115951: Tournament #209712268, 270-M: $30 The European Classic [9-Max] Hold'em No Limit - Level18(2,500/5,000) - 2025/06/02 20:14:42
Table '70' 9-max Seat #4 is the button
Seat 1: 76034009 (107,439 in chips)
Seat 2: ac6f82ba (160,599 in chips)
Seat 3: 8e1ff344 (205,902 in chips)
Seat 4: 47a23819 (162,603 in chips)
Seat 5: Hero (65,300 in chips)
Seat 6: 8d1049c5 (193,724 in chips)
Seat 7: 4059e5de (41,500 in chips)
Seat 8: c221f1e2 (177,059 in chips)
Seat 9: f9e6f538 (72,785 in chips)
47a23819: posts the ante 600
8d1049c5: posts the ante 600
4059e5de: posts the ante 600
c221f1e2: posts the ante 600
76034009: posts the ante 600
Hero: posts the ante 600
8e1ff344: posts the ante 600
ac6f82ba: posts the ante 600
f9e6f538: posts the ante 600
Hero: posts small blind 2,500
8d1049c5: posts big blind 5,000
*** HOLE CARDS ***
Dealt to 76034009 
Dealt to ac6f82ba 
Dealt to 8e1ff344 
Dealt to 47a23819 
Dealt to Hero [8c Ac]
Dealt to 8d1049c5 
Dealt to 4059e5de 
Dealt to c221f1e2 
Dealt to f9e6f538 
4059e5de: folds
c221f1e2: folds
f9e6f538: folds
76034009: folds
ac6f82ba: folds
8e1ff344: folds
47a23819: folds
Hero: calls 2,500
8d1049c5: raises 188,124 to 193,124
Hero: calls 59,700
Uncalled bet (128,424) returned to 8d1049c5
8d1049c5: shows [Kc Js]
Hero: shows [8c Ac]
*** FLOP *** [4d 5s 3c]
*** TURN *** [4d 5s 3c] [5c]
*** RIVER *** [4d 5s 3c 5c] [5h]
*** SHOWDOWN ***
Hero collected 134,800 from pot
*** SUMMARY ***
Total pot 134,800 | Rake 0 | Jackpot 0 | Bingo 0 | Fortune 0 | Tax 0
Board [4d 5s 3c 5c 5h]
Seat 1: 76034009 folded before Flop
Seat 2: ac6f82ba folded before Flop
Seat 3: 8e1ff344 folded before Flop
Seat 4: 47a23819 (button) folded before Flop
Seat 5: Hero (small blind) showed [8c Ac] and won (134,800) with three of a kind, Fives
Seat 6: 8d1049c5 (big blind) showed [Kc Js] and lost with three of a kind, Fives
Seat 7: 4059e5de folded before Flop
Seat 8: c221f1e2 folded before Flop
Seat 9: f9e6f538 folded before Flop


Poker Hand #TM330115908: Tournament #209712268, 270-M: $30 The European Classic [9-Max] Hold'em No Limit - Level18(2,500/5,000) - 2025/06/02 20:13:48
Table '70' 9-max Seat #3 is the button
Seat 1: 76034009 (118,039 in chips)
Seat 2: ac6f82ba (161,199 in chips)
Seat 3: 8e1ff344 (206,502 in chips)
Seat 4: 47a23819 (165,703 in chips)
Seat 5: Hero (48,600 in chips)
Seat 6: 8d1049c5 (194,324 in chips)
Seat 8: c221f1e2 (177,659 in chips)
Seat 9: f9e6f538 (73,385 in chips)
8d1049c5: posts the ante 600
47a23819: posts the ante 600
c221f1e2: posts the ante 600
76034009: posts the ante 600
Hero: posts the ante 600
8e1ff344: posts the ante 600
ac6f82ba: posts the ante 600
f9e6f538: posts the ante 600
47a23819: posts small blind 2,500
Hero: posts big blind 5,000
*** HOLE CARDS ***
Dealt to 76034009 
Dealt to ac6f82ba 
Dealt to 8e1ff344 
Dealt to 47a23819 
Dealt to Hero [9c Ac]
Dealt to 8d1049c5 
Dealt to c221f1e2 
Dealt to f9e6f538 
8d1049c5: folds
c221f1e2: folds
f9e6f538: folds
76034009: raises 5,000 to 10,000
ac6f82ba: folds
8e1ff344: folds
47a23819: folds
Hero: raises 38,000 to 48,000
76034009: folds
Uncalled bet (38,000) returned to Hero
*** SHOWDOWN ***
Hero collected 27,300 from pot
*** SUMMARY ***
Total pot 27,300 | Rake 0 | Jackpot 0 | Bingo 0 | Fortune 0 | Tax 0
Seat 1: 76034009 folded before Flop
Seat 2: ac6f82ba folded before Flop
Seat 3: 8e1ff344 (button) folded before Flop
Seat 4: 47a23819 (small blind) folded before Flop
Seat 5: Hero (big blind) collected (27,300)
Seat 6: 8d1049c5 folded before Flop
Seat 8: c221f1e2 folded before Flop
Seat 9: f9e6f538 folded before Flop


Poker Hand #TM330115862: Tournament #209712268, 270-M: $30 The European Classic [9-Max] Hold'em No Limit - Level17(2,000/4,000) - 2025/06/02 20:12:52
Table '70' 9-max Seat #2 is the button
Seat 1: 76034009 (118,539 in chips)
Seat 2: ac6f82ba (161,699 in chips)
Seat 3: 8e1ff344 (209,002 in chips)
Seat 4: 47a23819 (170,203 in chips)
Seat 5: Hero (49,100 in chips)
Seat 6: 8d1049c5 (194,824 in chips)
Seat 7: cd76b676 (35,558 in chips)
Seat 8: c221f1e2 (132,601 in chips)
Seat 9: f9e6f538 (73,885 in chips)
8d1049c5: posts the ante 500
47a23819: posts the ante 500
c221f1e2: posts the ante 500
76034009: posts the ante 500
cd76b676: posts the ante 500
Hero: posts the ante 500
ac6f82ba: posts the ante 500
f9e6f538: posts the ante 500
8e1ff344: posts the ante 500
8e1ff344: posts small blind 2,000
47a23819: posts big blind 4,000
*** HOLE CARDS ***
Dealt to 76034009 
Dealt to ac6f82ba 
Dealt to 8e1ff344 
Dealt to 47a23819 
Dealt to Hero [6c 8c]
Dealt to 8d1049c5 
Dealt to cd76b676 
Dealt to c221f1e2 
Dealt to f9e6f538 
Hero: folds
8d1049c5: folds
cd76b676: raises 31,058 to 35,058
c221f1e2: calls 35,058
f9e6f538: folds
76034009: folds
ac6f82ba: folds
8e1ff344: folds
47a23819: folds
cd76b676: shows [Qd Kh]
c221f1e2: shows [As Kc]
*** FLOP *** [8s Kd 6d]
*** TURN *** [8s Kd 6d] [6s]
*** RIVER *** [8s Kd 6d 6s] [7c]
*** SHOWDOWN ***
c221f1e2 collected 80,616 from pot
*** SUMMARY ***
Total pot 80,616 | Rake 0 | Jackpot 0 | Bingo 0 | Fortune 0 | Tax 0
Board [8s Kd 6d 6s 7c]
Seat 1: 76034009 folded before Flop
Seat 2: ac6f82ba (button) folded before Flop
Seat 3: 8e1ff344 (small blind) folded before Flop
Seat 4: 47a23819 (big blind) folded before Flop
Seat 5: Hero folded before Flop
Seat 6: 8d1049c5 folded before Flop
Seat 7: cd76b676 showed [Qd Kh] and lost with two pair, Kings and Sixes
Seat 8: c221f1e2 showed [As Kc] and won (80,616) with two pair, Kings and Sixes
Seat 9: f9e6f538 folded before Flop


Poker Hand #TM330115829: Tournament #209712268, 270-M: $30 The European Classic [9-Max] Hold'em No Limit - Level17(2,000/4,000) - 2025/06/02 20:12:17
Table '70' 9-max Seat #1 is the button
Seat 1: 76034009 (119,039 in chips)
Seat 2: ac6f82ba (164,199 in chips)
Seat 3: 8e1ff344 (213,502 in chips)
Seat 4: 47a23819 (178,703 in chips)
Seat 5: Hero (49,600 in chips)
Seat 6: 8d1049c5 (195,324 in chips)
Seat 7: cd76b676 (36,058 in chips)
Seat 8: c221f1e2 (114,601 in chips)
Seat 9: f9e6f538 (74,385 in chips)
8d1049c5: posts the ante 500
47a23819: posts the ante 500
c221f1e2: posts the ante 500
76034009: posts the ante 500
cd76b676: posts the ante 500
Hero: posts the ante 500
f9e6f538: posts the ante 500
8e1ff344: posts the ante 500
ac6f82ba: posts the ante 500
ac6f82ba: posts small blind 2,000
8e1ff344: posts big blind 4,000
*** HOLE CARDS ***
Dealt to 76034009 
Dealt to ac6f82ba 
Dealt to 8e1ff344 
Dealt to 47a23819 
Dealt to Hero [7h 7d]
Dealt to 8d1049c5 
Dealt to cd76b676 
Dealt to c221f1e2 
Dealt to f9e6f538 
47a23819: raises 4,000 to 8,000
Hero: folds
8d1049c5: folds
cd76b676: folds
c221f1e2: raises 106,101 to 114,101
f9e6f538: folds
76034009: folds
ac6f82ba: folds
8e1ff344: folds
47a23819: folds
Uncalled bet (106,101) returned to c221f1e2
*** SHOWDOWN ***
c221f1e2 collected 26,500 from pot
*** SUMMARY ***
Total pot 26,500 | Rake 0 | Jackpot 0 | Bingo 0 | Fortune 0 | Tax 0
Seat 1: 76034009 (button) folded before Flop
Seat 2: ac6f82ba (small blind) folded before Flop
Seat 3: 8e1ff344 (big blind) folded before Flop
Seat 4: 47a23819 folded before Flop
Seat 5: Hero folded before Flop
Seat 6: 8d1049c5 folded before Flop
Seat 7: cd76b676 folded before Flop
Seat 8: c221f1e2 collected (26,500)
Seat 9: f9e6f538 folded before Flop


Poker Hand #TM330115758: Tournament #209712268, 270-M: $30 The European Classic [9-Max] Hold'em No Limit - Level17(2,000/4,000) - 2025/06/02 20:10:55
Table '70' 9-max Seat #9 is the button
Seat 1: 76034009 (121,539 in chips)
Seat 2: ac6f82ba (168,699 in chips)
Seat 3: 8e1ff344 (214,002 in chips)
Seat 4: 47a23819 (179,203 in chips)
Seat 5: Hero (58,100 in chips)
Seat 6: 8d1049c5 (88,912 in chips)
Seat 7: cd76b676 (36,558 in chips)
Seat 8: c221f1e2 (203,513 in chips)
Seat 9: f9e6f538 (74,885 in chips)
8d1049c5: posts the ante 500
47a23819: posts the ante 500
c221f1e2: posts the ante 500
cd76b676: posts the ante 500
76034009: posts the ante 500
Hero: posts the ante 500
f9e6f538: posts the ante 500
8e1ff344: posts the ante 500
ac6f82ba: posts the ante 500
76034009: posts small blind 2,000
ac6f82ba: posts big blind 4,000
*** HOLE CARDS ***
Dealt to 76034009 
Dealt to ac6f82ba 
Dealt to 8e1ff344 
Dealt to 47a23819 
Dealt to Hero [7d Ad]
Dealt to 8d1049c5 
Dealt to cd76b676 
Dealt to c221f1e2 
Dealt to f9e6f538 
8e1ff344: folds
47a23819: folds
Hero: raises 4,000 to 8,000
8d1049c5: raises 10,000 to 18,000
cd76b676: folds
c221f1e2: raises 185,013 to 203,013
f9e6f538: folds
76034009: folds
ac6f82ba: folds
Hero: folds
8d1049c5: calls 70,412
Uncalled bet (114,601) returned to c221f1e2
c221f1e2: shows [Ac As]
8d1049c5: shows [Js Jh]
*** FLOP *** [2s Jd Qh]
*** TURN *** [2s Jd Qh] [3d]
*** RIVER *** [2s Jd Qh 3d] [5s]
*** SHOWDOWN ***
8d1049c5 collected 195,324 from pot
*** SUMMARY ***
Total pot 195,324 | Rake 0 | Jackpot 0 | Bingo 0 | Fortune 0 | Tax 0
Board [2s Jd Qh 3d 5s]
Seat 1: 76034009 (small blind) folded before Flop
Seat 2: ac6f82ba (big blind) folded before Flop
Seat 3: 8e1ff344 folded before Flop
Seat 4: 47a23819 folded before Flop
Seat 5: Hero folded before Flop
Seat 6: 8d1049c5 showed [Js Jh] and won (195,324) with three of a kind, Jacks
Seat 7: cd76b676 folded before Flop
Seat 8: c221f1e2 showed [Ac As] and lost with a pair of Aces
Seat 9: f9e6f538 (button) folded before Flop


Poker Hand #TM330115723: Tournament #209712268, 270-M: $30 The European Classic [9-Max] Hold'em No Limit - Level17(2,000/4,000) - 2025/06/02 20:10:14
Table '70' 9-max Seat #8 is the button
Seat 1: 76034009 (126,039 in chips)
Seat 2: ac6f82ba (169,199 in chips)
Seat 3: 8e1ff344 (214,502 in chips)
Seat 4: 47a23819 (187,703 in chips)
Seat 5: Hero (58,600 in chips)
Seat 6: 8d1049c5 (89,412 in chips)
Seat 7: cd76b676 (37,058 in chips)
Seat 8: c221f1e2 (185,513 in chips)
Seat 9: f9e6f538 (77,385 in chips)
8d1049c5: posts the ante 500
47a23819: posts the ante 500
c221f1e2: posts the ante 500
cd76b676: posts the ante 500
76034009: posts the ante 500
Hero: posts the ante 500
8e1ff344: posts the ante 500
ac6f82ba: posts the ante 500
f9e6f538: posts the ante 500
f9e6f538: posts small blind 2,000
76034009: posts big blind 4,000
*** HOLE CARDS ***
Dealt to 76034009 
Dealt to ac6f82ba 
Dealt to 8e1ff344 
Dealt to 47a23819 
Dealt to Hero [Td 8c]
Dealt to 8d1049c5 
Dealt to cd76b676 
Dealt to c221f1e2 
Dealt to f9e6f538 
ac6f82ba: folds
8e1ff344: folds
47a23819: raises 4,000 to 8,000
Hero: folds
8d1049c5: folds
cd76b676: folds
c221f1e2: raises 16,000 to 24,000
f9e6f538: folds
76034009: folds
47a23819: folds
Uncalled bet (16,000) returned to c221f1e2
*** SHOWDOWN ***
c221f1e2 collected 26,500 from pot
*** SUMMARY ***
Total pot 26,500 | Rake 0 | Jackpot 0 | Bingo 0 | Fortune 0 | Tax 0
Seat 1: 76034009 (big blind) folded before Flop
Seat 2: ac6f82ba folded before Flop
Seat 3: 8e1ff344 folded before Flop
Seat 4: 47a23819 folded before Flop
Seat 5: Hero folded before Flop
Seat 6: 8d1049c5 folded before Flop
Seat 7: cd76b676 folded before Flop
Seat 8: c221f1e2 (button) collected (26,500)
Seat 9: f9e6f538 (small blind) folded before Flop


Poker Hand #TM330115684: Tournament #209712268, 270-M: $30 The European Classic [9-Max] Hold'em No Limit - Level17(2,000/4,000) - 2025/06/02 20:09:31
Table '70' 9-max Seat #7 is the button
Seat 1: 76034009 (126,539 in chips)
Seat 2: ac6f82ba (169,699 in chips)
Seat 3: 8e1ff344 (215,002 in chips)
Seat 4: 47a23819 (188,203 in chips)
Seat 5: Hero (59,100 in chips)
Seat 6: 8d1049c5 (89,912 in chips)
Seat 7: cd76b676 (37,558 in chips)
Seat 8: c221f1e2 (190,013 in chips)
Seat 9: f9e6f538 (69,385 in chips)
8d1049c5: posts the ante 500
47a23819: posts the ante 500
c221f1e2: posts the ante 500
cd76b676: posts the ante 500
76034009: posts the ante 500
Hero: posts the ante 500
8e1ff344: posts the ante 500
ac6f82ba: posts the ante 500
f9e6f538: posts the ante 500
c221f1e2: posts small blind 2,000
f9e6f538: posts big blind 4,000
*** HOLE CARDS ***
Dealt to 76034009 
Dealt to ac6f82ba 
Dealt to 8e1ff344 
Dealt to 47a23819 
Dealt to Hero [4c Js]
Dealt to 8d1049c5 
Dealt to cd76b676 
Dealt to c221f1e2 
Dealt to f9e6f538 
76034009: folds
ac6f82ba: folds
8e1ff344: folds
47a23819: folds
Hero: folds
8d1049c5: folds
cd76b676: folds
c221f1e2: calls 2,000
f9e6f538: raises 8,000 to 12,000
c221f1e2: folds
Uncalled bet (8,000) returned to f9e6f538
*** SHOWDOWN ***
f9e6f538 collected 12,500 from pot
*** SUMMARY ***
Total pot 12,500 | Rake 0 | Jackpot 0 | Bingo 0 | Fortune 0 | Tax 0
Seat 1: 76034009 folded before Flop
Seat 2: ac6f82ba folded before Flop
Seat 3: 8e1ff344 folded before Flop
Seat 4: 47a23819 folded before Flop
Seat 5: Hero folded before Flop
Seat 6: 8d1049c5 folded before Flop
Seat 7: cd76b676 (button) folded before Flop
Seat 8: c221f1e2 (small blind) folded before Flop
Seat 9: f9e6f538 (big blind) collected (12,500)


Poker Hand #TM330115627: Tournament #209712268, 270-M: $30 The European Classic [9-Max] Hold'em No Limit - Level17(2,000/4,000) - 2025/06/02 20:08:39
Table '70' 9-max Seat #6 is the button
Seat 1: 76034009 (127,039 in chips)
Seat 3: 8e1ff344 (215,502 in chips)
Seat 4: 47a23819 (188,703 in chips)
Seat 5: Hero (59,600 in chips)
Seat 6: 8d1049c5 (76,412 in chips)
Seat 7: cd76b676 (40,058 in chips)
Seat 8: c221f1e2 (198,513 in chips)
Seat 9: f9e6f538 (69,885 in chips)
8d1049c5: posts the ante 500
47a23819: posts the ante 500
c221f1e2: posts the ante 500
76034009: posts the ante 500
cd76b676: posts the ante 500
Hero: posts the ante 500
8e1ff344: posts the ante 500
f9e6f538: posts the ante 500
cd76b676: posts small blind 2,000
c221f1e2: posts big blind 4,000
*** HOLE CARDS ***
Dealt to 76034009 
Dealt to 8e1ff344 
Dealt to 47a23819 
Dealt to Hero [4h Ac]
Dealt to 8d1049c5 
Dealt to cd76b676 
Dealt to c221f1e2 
Dealt to f9e6f538 
f9e6f538: folds
76034009: folds
8e1ff344: folds
47a23819: folds
Hero: folds
8d1049c5: raises 4,000 to 8,000
cd76b676: folds
c221f1e2: calls 4,000
*** FLOP *** [Ad Jh 5d]
c221f1e2: checks
8d1049c5: bets 5,500
c221f1e2: folds
Uncalled bet (5,500) returned to 8d1049c5
*** SHOWDOWN ***
8d1049c5 collected 22,000 from pot
*** SUMMARY ***
Total pot 22,000 | Rake 0 | Jackpot 0 | Bingo 0 | Fortune 0 | Tax 0
Board [Ad Jh 5d]
Seat 1: 76034009 folded before Flop
Seat 3: 8e1ff344 folded before Flop
Seat 4: 47a23819 folded before Flop
Seat 5: Hero folded before Flop
Seat 6: 8d1049c5 (button) won (22,000)
Seat 7: cd76b676 (small blind) folded before Flop
Seat 8: c221f1e2 (big blind) folded on the Flop
Seat 9: f9e6f538 folded before Flop


Poker Hand #TM330115600: Tournament #209712268, 270-M: $30 The European Classic [9-Max] Hold'em No Limit - Level17(2,000/4,000) - 2025/06/02 20:08:08
Table '70' 9-max Seat #5 is the button
Seat 1: 76034009 (117,039 in chips)
Seat 2: 4530a7e8 (85,741 in chips)
Seat 3: 8e1ff344 (216,002 in chips)
Seat 4: 47a23819 (189,203 in chips)
Seat 5: Hero (60,100 in chips)
Seat 6: 8d1049c5 (78,912 in chips)
Seat 7: cd76b676 (44,558 in chips)
Seat 8: c221f1e2 (199,013 in chips)
Seat 9: f9e6f538 (70,385 in chips)
47a23819: posts the ante 500
8d1049c5: posts the ante 500
c221f1e2: posts the ante 500
4530a7e8: posts the ante 500
76034009: posts the ante 500
cd76b676: posts the ante 500
Hero: posts the ante 500
8e1ff344: posts the ante 500
f9e6f538: posts the ante 500
8d1049c5: posts small blind 2,000
cd76b676: posts big blind 4,000
*** HOLE CARDS ***
Dealt to 76034009 
Dealt to 4530a7e8 
Dealt to 8e1ff344 
Dealt to 47a23819 
Dealt to Hero [4s Ah]
Dealt to 8d1049c5 
Dealt to cd76b676 
Dealt to c221f1e2 
Dealt to f9e6f538 
c221f1e2: folds
f9e6f538: folds
76034009: raises 4,000 to 8,000
4530a7e8: folds
8e1ff344: folds
47a23819: folds
Hero: folds
8d1049c5: folds
cd76b676: folds
Uncalled bet (4,000) returned to 76034009
*** SHOWDOWN ***
76034009 collected 14,500 from pot
*** SUMMARY ***
Total pot 14,500 | Rake 0 | Jackpot 0 | Bingo 0 | Fortune 0 | Tax 0
Seat 1: 76034009 collected (14,500)
Seat 2: 4530a7e8 folded before Flop
Seat 3: 8e1ff344 folded before Flop
Seat 4: 47a23819 folded before Flop
Seat 5: Hero (button) folded before Flop
Seat 6: 8d1049c5 (small blind) folded before Flop
Seat 7: cd76b676 (big blind) folded before Flop
Seat 8: c221f1e2 folded before Flop
Seat 9: f9e6f538 folded before Flop


Poker Hand #TM330115518: Tournament #209712268, 270-M: $30 The European Classic [9-Max] Hold'em No Limit - Level17(2,000/4,000) - 2025/06/02 20:06:43
Table '70' 9-max Seat #4 is the button
Seat 1: 76034009 (117,539 in chips)
Seat 2: 4530a7e8 (86,241 in chips)
Seat 3: 8e1ff344 (216,502 in chips)
Seat 4: 47a23819 (203,328 in chips)
Seat 5: Hero (62,600 in chips)
Seat 6: 8d1049c5 (59,287 in chips)
Seat 7: cd76b676 (45,058 in chips)
Seat 8: c221f1e2 (199,513 in chips)
Seat 9: f9e6f538 (70,885 in chips)
47a23819: posts the ante 500
8d1049c5: posts the ante 500
c221f1e2: posts the ante 500
4530a7e8: posts the ante 500
76034009: posts the ante 500
cd76b676: posts the ante 500
Hero: posts the ante 500
8e1ff344: posts the ante 500
f9e6f538: posts the ante 500
Hero: posts small blind 2,000
8d1049c5: posts big blind 4,000
*** HOLE CARDS ***
Dealt to 76034009 
Dealt to 4530a7e8 
Dealt to 8e1ff344 
Dealt to 47a23819 
Dealt to Hero [4c As]
Dealt to 8d1049c5 
Dealt to cd76b676 
Dealt to c221f1e2 
Dealt to f9e6f538 
cd76b676: folds
c221f1e2: folds
f9e6f538: folds
76034009: folds
4530a7e8: folds
8e1ff344: folds
47a23819: raises 4,000 to 8,000
Hero: folds
8d1049c5: calls 4,000
*** FLOP *** [8h Js 8c]
8d1049c5: checks
47a23819: bets 5,625
8d1049c5: raises 10,375 to 16,000
47a23819: folds
Uncalled bet (10,375) returned to 8d1049c5
*** SHOWDOWN ***
8d1049c5 collected 33,750 from pot
*** SUMMARY ***
Total pot 33,750 | Rake 0 | Jackpot 0 | Bingo 0 | Fortune 0 | Tax 0
Board [8h Js 8c]
Seat 1: 76034009 folded before Flop
Seat 2: 4530a7e8 folded before Flop
Seat 3: 8e1ff344 folded before Flop
Seat 4: 47a23819 (button) folded on the Flop
Seat 5: Hero (small blind) folded before Flop
Seat 6: 8d1049c5 (big blind) won (33,750)
Seat 7: cd76b676 folded before Flop
Seat 8: c221f1e2 folded before Flop
Seat 9: f9e6f538 folded before Flop


Poker Hand #TM330115449: Tournament #209712268, 270-M: $30 The European Classic [9-Max] Hold'em No Limit - Level17(2,000/4,000) - 2025/06/02 20:05:35
Table '70' 9-max Seat #3 is the button
Seat 1: 76034009 (126,039 in chips)
Seat 2: 4530a7e8 (86,741 in chips)
Seat 3: 8e1ff344 (190,502 in chips)
Seat 4: 47a23819 (205,828 in chips)
Seat 5: Hero (67,100 in chips)
Seat 6: 8d1049c5 (59,787 in chips)
Seat 7: cd76b676 (45,558 in chips)
Seat 8: c221f1e2 (208,013 in chips)
Seat 9: f9e6f538 (71,385 in chips)
8d1049c5: posts the ante 500
47a23819: posts the ante 500
c221f1e2: posts the ante 500
4530a7e8: posts the ante 500
76034009: posts the ante 500
cd76b676: posts the ante 500
Hero: posts the ante 500
8e1ff344: posts the ante 500
f9e6f538: posts the ante 500
47a23819: posts small blind 2,000
Hero: posts big blind 4,000
*** HOLE CARDS ***
Dealt to 76034009 
Dealt to 4530a7e8 
Dealt to 8e1ff344 
Dealt to 47a23819 
Dealt to Hero [Th Jh]
Dealt to 8d1049c5 
Dealt to cd76b676 
Dealt to c221f1e2 
Dealt to f9e6f538 
8d1049c5: folds
cd76b676: folds
c221f1e2: raises 4,000 to 8,000
f9e6f538: folds
76034009: calls 8,000
4530a7e8: folds
8e1ff344: raises 42,500 to 50,500
47a23819: folds
Hero: folds
c221f1e2: folds
76034009: folds
Uncalled bet (42,500) returned to 8e1ff344
*** SHOWDOWN ***
8e1ff344 collected 34,500 from pot
*** SUMMARY ***
Total pot 34,500 | Rake 0 | Jackpot 0 | Bingo 0 | Fortune 0 | Tax 0
Seat 1: 76034009 folded before Flop
Seat 2: 4530a7e8 folded before Flop
Seat 3: 8e1ff344 (button) collected (34,500)
Seat 4: 47a23819 (small blind) folded before Flop
Seat 5: Hero (big blind) folded before Flop
Seat 6: 8d1049c5 folded before Flop
Seat 7: cd76b676 folded before Flop
Seat 8: c221f1e2 folded before Flop
Seat 9: f9e6f538 folded before Flop


Poker Hand #TM330115415: Tournament #209712268, 270-M: $30 The European Classic [9-Max] Hold'em No Limit - Level17(2,000/4,000) - 2025/06/02 20:05:05
Table '70' 9-max Seat #2 is the button
Seat 1: 76034009 (126,539 in chips)
Seat 2: 4530a7e8 (87,241 in chips)
Seat 3: 8e1ff344 (193,002 in chips)
Seat 4: 47a23819 (210,328 in chips)
Seat 5: Hero (67,600 in chips)
Seat 6: 8d1049c5 (60,287 in chips)
Seat 7: cd76b676 (46,058 in chips)
Seat 9: f9e6f538 (61,885 in chips)
8d1049c5: posts the ante 500
47a23819: posts the ante 500
4530a7e8: posts the ante 500
76034009: posts the ante 500
cd76b676: posts the ante 500
Hero: posts the ante 500
f9e6f538: posts the ante 500
8e1ff344: posts the ante 500
8e1ff344: posts small blind 2,000
47a23819: posts big blind 4,000
*** HOLE CARDS ***
Dealt to 76034009 
Dealt to 4530a7e8 
Dealt to 8e1ff344 
Dealt to 47a23819 
Dealt to Hero [Ts 5h]
Dealt to 8d1049c5 
Dealt to cd76b676 
Dealt to f9e6f538 
Hero: folds
8d1049c5: folds
cd76b676: folds
f9e6f538: raises 57,385 to 61,385
76034009: folds
4530a7e8: folds
8e1ff344: folds
47a23819: folds
Uncalled bet (57,385) returned to f9e6f538
*** SHOWDOWN ***
f9e6f538 collected 14,000 from pot
*** SUMMARY ***
Total pot 14,000 | Rake 0 | Jackpot 0 | Bingo 0 | Fortune 0 | Tax 0
Seat 1: 76034009 folded before Flop
Seat 2: 4530a7e8 (button) folded before Flop
Seat 3: 8e1ff344 (small blind) folded before Flop
Seat 4: 47a23819 (big blind) folded before Flop
Seat 5: Hero folded before Flop
Seat 6: 8d1049c5 folded before Flop
Seat 7: cd76b676 folded before Flop
Seat 9: f9e6f538 collected (14,000)


Poker Hand #TM330115371: Tournament #209712268, 270-M: $30 The European Classic [9-Max] Hold'em No Limit - Level17(2,000/4,000) - 2025/06/02 20:04:10
Table '70' 9-max Seat #1 is the button
Seat 1: 76034009 (127,039 in chips)
Seat 2: 4530a7e8 (89,741 in chips)
Seat 3: 8e1ff344 (143,171 in chips)
Seat 4: 47a23819 (210,828 in chips)
Seat 5: Hero (68,100 in chips)
Seat 6: 8d1049c5 (60,787 in chips)
Seat 7: cd76b676 (46,558 in chips)
Seat 8: 1a669f05 (44,331 in chips)
Seat 9: f9e6f538 (62,385 in chips)
8d1049c5: posts the ante 500
47a23819: posts the ante 500
1a669f05: posts the ante 500
76034009: posts the ante 500
cd76b676: posts the ante 500
4530a7e8: posts the ante 500
Hero: posts the ante 500
f9e6f538: posts the ante 500
8e1ff344: posts the ante 500
4530a7e8: posts small blind 2,000
8e1ff344: posts big blind 4,000
*** HOLE CARDS ***
Dealt to 76034009 
Dealt to 4530a7e8 
Dealt to 8e1ff344 
Dealt to 47a23819 
Dealt to Hero [6h 2s]
Dealt to 8d1049c5 
Dealt to cd76b676 
Dealt to 1a669f05 
Dealt to f9e6f538 
47a23819: folds
Hero: folds
8d1049c5: folds
cd76b676: folds
1a669f05: raises 39,831 to 43,831
f9e6f538: folds
76034009: folds
4530a7e8: folds
8e1ff344: calls 39,831
1a669f05: shows [5s 5d]
8e1ff344: shows [9d 9h]
*** FLOP *** [Jc Kc Ac]
*** TURN *** [Jc Kc Ac] [2h]
*** RIVER *** [Jc Kc Ac 2h] [7s]
*** SHOWDOWN ***
8e1ff344 collected 94,162 from pot
*** SUMMARY ***
Total pot 94,162 | Rake 0 | Jackpot 0 | Bingo 0 | Fortune 0 | Tax 0
Board [Jc Kc Ac 2h 7s]
Seat 1: 76034009 (button) folded before Flop
Seat 2: 4530a7e8 (small blind) folded before Flop
Seat 3: 8e1ff344 (big blind) showed [9d 9h] and won (94,162) with a pair of Nines
Seat 4: 47a23819 folded before Flop
Seat 5: Hero folded before Flop
Seat 6: 8d1049c5 folded before Flop
Seat 7: cd76b676 folded before Flop
Seat 8: 1a669f05 showed [5s 5d] and lost with a pair of Fives
Seat 9: f9e6f538 folded before Flop


Poker Hand #TM330115322: Tournament #209712268, 270-M: $30 The European Classic [9-Max] Hold'em No Limit - Level17(2,000/4,000) - 2025/06/02 20:03:28
Table '70' 9-max Seat #9 is the button
Seat 1: 76034009 (129,539 in chips)
Seat 2: 4530a7e8 (94,241 in chips)
Seat 3: 8e1ff344 (133,171 in chips)
Seat 4: 47a23819 (211,328 in chips)
Seat 5: Hero (68,600 in chips)
Seat 6: 8d1049c5 (61,287 in chips)
Seat 7: cd76b676 (47,058 in chips)
Seat 8: 1a669f05 (44,831 in chips)
Seat 9: f9e6f538 (62,885 in chips)
8d1049c5: posts the ante 500
47a23819: posts the ante 500
1a669f05: posts the ante 500
cd76b676: posts the ante 500
4530a7e8: posts the ante 500
76034009: posts the ante 500
Hero: posts the ante 500
f9e6f538: posts the ante 500
8e1ff344: posts the ante 500
76034009: posts small blind 2,000
4530a7e8: posts big blind 4,000
*** HOLE CARDS ***
Dealt to 76034009 
Dealt to 4530a7e8 
Dealt to 8e1ff344 
Dealt to 47a23819 
Dealt to Hero [8d 2d]
Dealt to 8d1049c5 
Dealt to cd76b676 
Dealt to 1a669f05 
Dealt to f9e6f538 
8e1ff344: raises 4,000 to 8,000
47a23819: folds
Hero: folds
8d1049c5: folds
cd76b676: folds
1a669f05: folds
f9e6f538: folds
76034009: folds
4530a7e8: folds
Uncalled bet (4,000) returned to 8e1ff344
*** SHOWDOWN ***
8e1ff344 collected 14,500 from pot
*** SUMMARY ***
Total pot 14,500 | Rake 0 | Jackpot 0 | Bingo 0 | Fortune 0 | Tax 0
Seat 1: 76034009 (small blind) folded before Flop
Seat 2: 4530a7e8 (big blind) folded before Flop
Seat 3: 8e1ff344 collected (14,500)
Seat 4: 47a23819 folded before Flop
Seat 5: Hero folded before Flop
Seat 6: 8d1049c5 folded before Flop
Seat 7: cd76b676 folded before Flop
Seat 8: 1a669f05 folded before Flop
Seat 9: f9e6f538 (button) folded before Flop


Poker Hand #TM330115208: Tournament #209712268, 270-M: $30 The European Classic [9-Max] Hold'em No Limit - Level16(1,500/3,000) - 2025/06/02 19:54:17
Table '70' 9-max Seat #8 is the button
Seat 1: 76034009 (140,052 in chips)
Seat 2: 4530a7e8 (94,591 in chips)
Seat 3: 8e1ff344 (133,521 in chips)
Seat 4: 47a23819 (211,678 in chips)
Seat 5: Hero (68,950 in chips)
Seat 6: 8d1049c5 (61,637 in chips)
Seat 7: cd76b676 (32,595 in chips)
Seat 8: 1a669f05 (45,181 in chips)
Seat 9: f9e6f538 (64,735 in chips)
8d1049c5: posts the ante 350
47a23819: posts the ante 350
1a669f05: posts the ante 350
cd76b676: posts the ante 350
4530a7e8: posts the ante 350
76034009: posts the ante 350
Hero: posts the ante 350
8e1ff344: posts the ante 350
f9e6f538: posts the ante 350
f9e6f538: posts small blind 1,500
76034009: posts big blind 3,000
*** HOLE CARDS ***
Dealt to 76034009 
Dealt to 4530a7e8 
Dealt to 8e1ff344 
Dealt to 47a23819 
Dealt to Hero [3s 3h]
Dealt to 8d1049c5 
Dealt to cd76b676 
Dealt to 1a669f05 
Dealt to f9e6f538 
4530a7e8: folds
8e1ff344: folds
47a23819: folds
Hero: folds
8d1049c5: folds
cd76b676: raises 3,000 to 6,000
1a669f05: folds
f9e6f538: folds
76034009: calls 3,000
*** FLOP *** [9c Ah Jc]
76034009: checks
cd76b676: bets 4,163
76034009: calls 4,163
*** TURN *** [9c Ah Jc] [Td]
76034009: checks
cd76b676: bets 22,082
76034009: folds
Uncalled bet (22,082) returned to cd76b676
*** SHOWDOWN ***
cd76b676 collected 24,976 from pot
*** SUMMARY ***
Total pot 24,976 | Rake 0 | Jackpot 0 | Bingo 0 | Fortune 0 | Tax 0
Board [9c Ah Jc Td]
Seat 1: 76034009 (big blind) folded on the Turn
Seat 2: 4530a7e8 folded before Flop
Seat 3: 8e1ff344 folded before Flop
Seat 4: 47a23819 folded before Flop
Seat 5: Hero folded before Flop
Seat 6: 8d1049c5 folded before Flop
Seat 7: cd76b676 won (24,976)
Seat 8: 1a669f05 (button) folded before Flop
Seat 9: f9e6f538 (small blind) folded before Flop


Poker Hand #TM330115175: Tournament #209712268, 270-M: $30 The European Classic [9-Max] Hold'em No Limit - Level16(1,500/3,000) - 2025/06/02 19:53:38
Table '70' 9-max Seat #7 is the button
Seat 2: 4530a7e8 (94,941 in chips)
Seat 3: 8e1ff344 (133,871 in chips)
Seat 4: 47a23819 (212,028 in chips)
Seat 5: Hero (69,300 in chips)
Seat 6: 8d1049c5 (61,987 in chips)
Seat 7: cd76b676 (25,645 in chips)
Seat 8: 1a669f05 (47,031 in chips)
Seat 9: f9e6f538 (68,085 in chips)
8d1049c5: posts the ante 350
47a23819: posts the ante 350
1a669f05: posts the ante 350
cd76b676: posts the ante 350
4530a7e8: posts the ante 350
Hero: posts the ante 350
8e1ff344: posts the ante 350
f9e6f538: posts the ante 350
1a669f05: posts small blind 1,500
f9e6f538: posts big blind 3,000
*** HOLE CARDS ***
Dealt to 4530a7e8 
Dealt to 8e1ff344 
Dealt to 47a23819 
Dealt to Hero [4c 3h]
Dealt to 8d1049c5 
Dealt to cd76b676 
Dealt to 1a669f05 
Dealt to f9e6f538 
4530a7e8: folds
8e1ff344: folds
47a23819: folds
Hero: folds
8d1049c5: folds
cd76b676: raises 22,295 to 25,295
1a669f05: folds
f9e6f538: folds
Uncalled bet (22,295) returned to cd76b676
*** SHOWDOWN ***
cd76b676 collected 10,300 from pot
*** SUMMARY ***
Total pot 10,300 | Rake 0 | Jackpot 0 | Bingo 0 | Fortune 0 | Tax 0
Seat 2: 4530a7e8 folded before Flop
Seat 3: 8e1ff344 folded before Flop
Seat 4: 47a23819 folded before Flop
Seat 5: Hero folded before Flop
Seat 6: 8d1049c5 folded before Flop
Seat 7: cd76b676 (button) collected (10,300)
Seat 8: 1a669f05 (small blind) folded before Flop
Seat 9: f9e6f538 (big blind) folded before Flop


Poker Hand #TM330115097: Tournament #209712268, 270-M: $30 The European Classic [9-Max] Hold'em No Limit - Level16(1,500/3,000) - 2025/06/02 19:52:11
Table '70' 9-max Seat #6 is the button
Seat 1: 922c779c (118,370 in chips)
Seat 2: 4530a7e8 (95,291 in chips)
Seat 3: 8e1ff344 (134,221 in chips)
Seat 4: 47a23819 (212,378 in chips)
Seat 5: Hero (69,650 in chips)
Seat 6: 8d1049c5 (62,337 in chips)
Seat 7: cd76b676 (27,495 in chips)
Seat 8: 1a669f05 (36,731 in chips)
Seat 9: f9e6f538 (68,435 in chips)
8d1049c5: posts the ante 350
47a23819: posts the ante 350
1a669f05: posts the ante 350
4530a7e8: posts the ante 350
cd76b676: posts the ante 350
Hero: posts the ante 350
8e1ff344: posts the ante 350
922c779c: posts the ante 350
f9e6f538: posts the ante 350
cd76b676: posts small blind 1,500
1a669f05: posts big blind 3,000
*** HOLE CARDS ***
Dealt to 922c779c 
Dealt to 4530a7e8 
Dealt to 8e1ff344 
Dealt to 47a23819 
Dealt to Hero [As 2s]
Dealt to 8d1049c5 
Dealt to cd76b676 
Dealt to 1a669f05 
Dealt to f9e6f538 
f9e6f538: folds
922c779c: raises 3,000 to 6,000
4530a7e8: folds
8e1ff344: folds
47a23819: folds
Hero: folds
8d1049c5: folds
cd76b676: folds
1a669f05: calls 3,000
*** FLOP *** [7h 5d 6s]
1a669f05: checks
922c779c: checks
*** TURN *** [7h 5d 6s] [8h]
1a669f05: bets 4,163
922c779c: folds
Uncalled bet (4,163) returned to 1a669f05
*** SHOWDOWN ***
1a669f05 collected 16,650 from pot
*** SUMMARY ***
Total pot 16,650 | Rake 0 | Jackpot 0 | Bingo 0 | Fortune 0 | Tax 0
Board [7h 5d 6s 8h]
Seat 1: 922c779c folded on the Turn
Seat 2: 4530a7e8 folded before Flop
Seat 3: 8e1ff344 folded before Flop
Seat 4: 47a23819 folded before Flop
Seat 5: Hero folded before Flop
Seat 6: 8d1049c5 (button) folded before Flop
Seat 7: cd76b676 (small blind) folded before Flop
Seat 8: 1a669f05 (big blind) won (16,650)
Seat 9: f9e6f538 folded before Flop


Poker Hand #TM330115055: Tournament #209712268, 270-M: $30 The European Classic [9-Max] Hold'em No Limit - Level16(1,500/3,000) - 2025/06/02 19:51:16
Table '70' 9-max Seat #5 is the button
Seat 1: 922c779c (93,420 in chips)
Seat 2: 4530a7e8 (95,641 in chips)
Seat 3: 8e1ff344 (134,571 in chips)
Seat 4: 47a23819 (212,728 in chips)
Seat 5: Hero (70,000 in chips)
Seat 6: 8d1049c5 (64,187 in chips)
Seat 7: cd76b676 (48,845 in chips)
Seat 8: 1a669f05 (37,081 in chips)
47a23819: posts the ante 350
8d1049c5: posts the ante 350
1a669f05: posts the ante 350
4530a7e8: posts the ante 350
cd76b676: posts the ante 350
Hero: posts the ante 350
8e1ff344: posts the ante 350
922c779c: posts the ante 350
8d1049c5: posts small blind 1,500
cd76b676: posts big blind 3,000
*** HOLE CARDS ***
Dealt to 922c779c 
Dealt to 4530a7e8 
Dealt to 8e1ff344 
Dealt to 47a23819 
Dealt to Hero [3h 7c]
Dealt to 8d1049c5 
Dealt to cd76b676 
Dealt to 1a669f05 
1a669f05: folds
922c779c: raises 3,000 to 6,000
4530a7e8: folds
8e1ff344: folds
47a23819: folds
Hero: folds
8d1049c5: folds
cd76b676: calls 3,000
*** FLOP *** [4h 7s 5h]
cd76b676: checks
922c779c: bets 5,379
cd76b676: raises 9,621 to 15,000
922c779c: raises 72,070 to 87,070
cd76b676: folds
Uncalled bet (72,070) returned to 922c779c
*** SHOWDOWN ***
922c779c collected 46,300 from pot
*** SUMMARY ***
Total pot 46,300 | Rake 0 | Jackpot 0 | Bingo 0 | Fortune 0 | Tax 0
Board [4h 7s 5h]
Seat 1: 922c779c won (46,300)
Seat 2: 4530a7e8 folded before Flop
Seat 3: 8e1ff344 folded before Flop
Seat 4: 47a23819 folded before Flop
Seat 5: Hero (button) folded before Flop
Seat 6: 8d1049c5 (small blind) folded before Flop
Seat 7: cd76b676 (big blind) folded on the Flop
Seat 8: 1a669f05 folded before Flop


Poker Hand #TM330114980: Tournament #209712268, 270-M: $30 The European Classic [9-Max] Hold'em No Limit - Level16(1,500/3,000) - 2025/06/02 19:50:04
Table '70' 9-max Seat #4 is the button
Seat 1: 922c779c (93,770 in chips)
Seat 2: 4530a7e8 (95,991 in chips)
Seat 3: 8e1ff344 (134,921 in chips)
Seat 4: 47a23819 (160,938 in chips)
Seat 5: Hero (71,850 in chips)
Seat 6: 8d1049c5 (67,537 in chips)
Seat 7: cd76b676 (49,195 in chips)
Seat 8: 1a669f05 (43,431 in chips)
Seat 9: f4fbf5f2 (38,840 in chips)
f4fbf5f2: posts the ante 350
47a23819: posts the ante 350
8d1049c5: posts the ante 350
1a669f05: posts the ante 350
4530a7e8: posts the ante 350
cd76b676: posts the ante 350
Hero: posts the ante 350
8e1ff344: posts the ante 350
922c779c: posts the ante 350
Hero: posts small blind 1,500
8d1049c5: posts big blind 3,000
*** HOLE CARDS ***
Dealt to 922c779c 
Dealt to 4530a7e8 
Dealt to 8e1ff344 
Dealt to 47a23819 
Dealt to Hero [5d Th]
Dealt to 8d1049c5 
Dealt to cd76b676 
Dealt to 1a669f05 
Dealt to f4fbf5f2 
cd76b676: folds
1a669f05: raises 3,000 to 6,000
f4fbf5f2: raises 32,490 to 38,490
922c779c: folds
4530a7e8: folds
8e1ff344: folds
47a23819: calls 38,490
Hero: folds
8d1049c5: folds
1a669f05: folds
f4fbf5f2: shows [8d 8c]
47a23819: shows [Ad Ah]
*** FLOP *** [3s 9d Jd]
*** TURN *** [3s 9d Jd] [Ts]
*** RIVER *** [3s 9d Jd Ts] [5c]
*** SHOWDOWN ***
47a23819 collected 90,630 from pot
*** SUMMARY ***
Total pot 90,630 | Rake 0 | Jackpot 0 | Bingo 0 | Fortune 0 | Tax 0
Board [3s 9d Jd Ts 5c]
Seat 1: 922c779c folded before Flop
Seat 2: 4530a7e8 folded before Flop
Seat 3: 8e1ff344 folded before Flop
Seat 4: 47a23819 (button) showed [Ad Ah] and won (90,630) with a pair of Aces
Seat 5: Hero (small blind) folded before Flop
Seat 6: 8d1049c5 (big blind) folded before Flop
Seat 7: cd76b676 folded before Flop
Seat 8: 1a669f05 folded before Flop
Seat 9: f4fbf5f2 showed [8d 8c] and lost with a pair of Eights


Poker Hand #TM330114946: Tournament #209712268, 270-M: $30 The European Classic [9-Max] Hold'em No Limit - Level16(1,500/3,000) - 2025/06/02 19:49:23
Table '70' 9-max Seat #3 is the button
Seat 1: 922c779c (94,120 in chips)
Seat 2: 4530a7e8 (96,341 in chips)
Seat 3: 8e1ff344 (135,271 in chips)
Seat 4: 47a23819 (162,788 in chips)
Seat 5: Hero (75,200 in chips)
Seat 6: 8d1049c5 (67,887 in chips)
Seat 7: cd76b676 (49,545 in chips)
Seat 8: 1a669f05 (43,781 in chips)
Seat 9: f4fbf5f2 (31,540 in chips)
f4fbf5f2: posts the ante 350
8d1049c5: posts the ante 350
47a23819: posts the ante 350
1a669f05: posts the ante 350
4530a7e8: posts the ante 350
cd76b676: posts the ante 350
Hero: posts the ante 350
8e1ff344: posts the ante 350
922c779c: posts the ante 350
47a23819: posts small blind 1,500
Hero: posts big blind 3,000
*** HOLE CARDS ***
Dealt to 922c779c 
Dealt to 4530a7e8 
Dealt to 8e1ff344 
Dealt to 47a23819 
Dealt to Hero [Kh 7d]
Dealt to 8d1049c5 
Dealt to cd76b676 
Dealt to 1a669f05 
Dealt to f4fbf5f2 
8d1049c5: folds
cd76b676: folds
1a669f05: folds
f4fbf5f2: raises 28,190 to 31,190
922c779c: folds
4530a7e8: folds
8e1ff344: folds
47a23819: folds
Hero: folds
Uncalled bet (28,190) returned to f4fbf5f2
*** SHOWDOWN ***
f4fbf5f2 collected 10,650 from pot
*** SUMMARY ***
Total pot 10,650 | Rake 0 | Jackpot 0 | Bingo 0 | Fortune 0 | Tax 0
Seat 1: 922c779c folded before Flop
Seat 2: 4530a7e8 folded before Flop
Seat 3: 8e1ff344 (button) folded before Flop
Seat 4: 47a23819 (small blind) folded before Flop
Seat 5: Hero (big blind) folded before Flop
Seat 6: 8d1049c5 folded before Flop
Seat 7: cd76b676 folded before Flop
Seat 8: 1a669f05 folded before Flop
Seat 9: f4fbf5f2 collected (10,650)


Poker Hand #TM330114921: Tournament #209712268, 270-M: $30 The European Classic [9-Max] Hold'em No Limit - Level16(1,500/3,000) - 2025/06/02 19:48:59
Table '70' 9-max Seat #2 is the button
Seat 1: 922c779c (94,470 in chips)
Seat 2: 4530a7e8 (96,691 in chips)
Seat 3: 8e1ff344 (137,121 in chips)
Seat 4: 47a23819 (166,138 in chips)
Seat 5: Hero (75,550 in chips)
Seat 6: 8d1049c5 (68,237 in chips)
Seat 7: cd76b676 (42,245 in chips)
Seat 8: 1a669f05 (44,131 in chips)
Seat 9: f4fbf5f2 (31,890 in chips)
f4fbf5f2: posts the ante 350
8d1049c5: posts the ante 350
47a23819: posts the ante 350
1a669f05: posts the ante 350
4530a7e8: posts the ante 350
cd76b676: posts the ante 350
Hero: posts the ante 350
922c779c: posts the ante 350
8e1ff344: posts the ante 350
8e1ff344: posts small blind 1,500
47a23819: posts big blind 3,000
*** HOLE CARDS ***
Dealt to 922c779c 
Dealt to 4530a7e8 
Dealt to 8e1ff344 
Dealt to 47a23819 
Dealt to Hero [2h Qh]
Dealt to 8d1049c5 
Dealt to cd76b676 
Dealt to 1a669f05 
Dealt to f4fbf5f2 
Hero: folds
8d1049c5: folds
cd76b676: raises 3,000 to 6,000
1a669f05: folds
f4fbf5f2: folds
922c779c: folds
4530a7e8: folds
8e1ff344: folds
47a23819: folds
Uncalled bet (3,000) returned to cd76b676
*** SHOWDOWN ***
cd76b676 collected 10,650 from pot
*** SUMMARY ***
Total pot 10,650 | Rake 0 | Jackpot 0 | Bingo 0 | Fortune 0 | Tax 0
Seat 1: 922c779c folded before Flop
Seat 2: 4530a7e8 (button) folded before Flop
Seat 3: 8e1ff344 (small blind) folded before Flop
Seat 4: 47a23819 (big blind) folded before Flop
Seat 5: Hero folded before Flop
Seat 6: 8d1049c5 folded before Flop
Seat 7: cd76b676 collected (10,650)
Seat 8: 1a669f05 folded before Flop
Seat 9: f4fbf5f2 folded before Flop


Poker Hand #TM330114833: Tournament #209712268, 270-M: $30 The European Classic [9-Max] Hold'em No Limit - Level16(1,500/3,000) - 2025/06/02 19:47:25
Table '70' 9-max Seat #1 is the button
Seat 1: 922c779c (94,820 in chips)
Seat 2: 4530a7e8 (98,541 in chips)
Seat 3: 8e1ff344 (147,071 in chips)
Seat 4: 47a23819 (166,488 in chips)
Seat 5: Hero (62,000 in chips)
Seat 6: 8d1049c5 (68,587 in chips)
Seat 7: cd76b676 (42,595 in chips)
Seat 9: f4fbf5f2 (32,240 in chips)
f4fbf5f2: posts the ante 350
8d1049c5: posts the ante 350
47a23819: posts the ante 350
cd76b676: posts the ante 350
4530a7e8: posts the ante 350
Hero: posts the ante 350
922c779c: posts the ante 350
8e1ff344: posts the ante 350
4530a7e8: posts small blind 1,500
8e1ff344: posts big blind 3,000
*** HOLE CARDS ***
Dealt to 922c779c 
Dealt to 4530a7e8 
Dealt to 8e1ff344 
Dealt to 47a23819 
Dealt to Hero [Td Tc]
Dealt to 8d1049c5 
Dealt to cd76b676 
Dealt to f4fbf5f2 
47a23819: folds
Hero: raises 3,000 to 6,000
8d1049c5: folds
cd76b676: folds
f4fbf5f2: folds
922c779c: folds
4530a7e8: folds
8e1ff344: calls 3,000
*** FLOP *** [2s 9d Ac]
8e1ff344: checks
Hero: bets 3,600
8e1ff344: calls 3,600
*** TURN *** [2s 9d Ac] [4d]
8e1ff344: checks
Hero: checks
*** RIVER *** [2s 9d Ac 4d] [4s]
8e1ff344: checks
Hero: checks
8e1ff344: shows [3d 2d] (two pair, Fours and Twos)
Hero: shows [Td Tc] (two pair, Tens and Fours)
*** SHOWDOWN ***
Hero collected 23,500 from pot
*** SUMMARY ***
Total pot 23,500 | Rake 0 | Jackpot 0 | Bingo 0 | Fortune 0 | Tax 0
Board [2s 9d Ac 4d 4s]
Seat 1: 922c779c (button) folded before Flop
Seat 2: 4530a7e8 (small blind) folded before Flop
Seat 3: 8e1ff344 (big blind) showed [3d 2d] and lost with two pair, Fours and Twos
Seat 4: 47a23819 folded before Flop
Seat 5: Hero showed [Td Tc] and won (23,500) with two pair, Tens and Fours
Seat 6: 8d1049c5 folded before Flop
Seat 7: cd76b676 folded before Flop
Seat 9: f4fbf5f2 folded before Flop


Poker Hand #TM330114737: Tournament #209712268, 270-M: $30 The European Classic [9-Max] Hold'em No Limit - Level16(1,500/3,000) - 2025/06/02 19:45:48
Table '70' 9-max Seat #9 is the button
Seat 1: 922c779c (32,160 in chips)
Seat 2: 4530a7e8 (101,891 in chips)
Seat 3: 8e1ff344 (147,421 in chips)
Seat 4: 47a23819 (172,838 in chips)
Seat 5: Hero (62,350 in chips)
Seat 6: 8d1049c5 (68,937 in chips)
Seat 8: efaff508 (19,750 in chips)
Seat 9: f4fbf5f2 (64,400 in chips)
f4fbf5f2: posts the ante 350
8d1049c5: posts the ante 350
47a23819: posts the ante 350
efaff508: posts the ante 350
4530a7e8: posts the ante 350
Hero: posts the ante 350
8e1ff344: posts the ante 350
922c779c: posts the ante 350
922c779c: posts small blind 1,500
4530a7e8: posts big blind 3,000
*** HOLE CARDS ***
Dealt to 922c779c 
Dealt to 4530a7e8 
Dealt to 8e1ff344 
Dealt to 47a23819 
Dealt to Hero [5c 2h]
Dealt to 8d1049c5 
Dealt to efaff508 
Dealt to f4fbf5f2 
8e1ff344: folds
47a23819: raises 3,000 to 6,000
Hero: folds
8d1049c5: folds
efaff508: calls 6,000
f4fbf5f2: calls 6,000
922c779c: raises 25,810 to 31,810
4530a7e8: folds
47a23819: folds
efaff508: calls 13,400
f4fbf5f2: calls 25,810
922c779c: shows [Jh Jd]
efaff508: shows [Qs Js]
f4fbf5f2: shows [As Tc]
*** FLOP *** [4d 9s 9c]
*** TURN *** [4d 9s 9c] [9h]
*** RIVER *** [4d 9s 9c 9h] [Kh]
*** SHOWDOWN ***
922c779c collected 70,000 from pot
922c779c collected 24,820 from pot
*** SUMMARY ***
Total pot 94,820 | Rake 0 | Jackpot 0 | Bingo 0 | Fortune 0 | Tax 0
Board [4d 9s 9c 9h Kh]
Seat 1: 922c779c (small blind) showed [Jh Jd] and won (94,820) with a full house, Nines full of Jacks
Seat 2: 4530a7e8 (big blind) folded before Flop
Seat 3: 8e1ff344 folded before Flop
Seat 4: 47a23819 folded before Flop
Seat 5: Hero folded before Flop
Seat 6: 8d1049c5 folded before Flop
Seat 8: efaff508 showed [Qs Js] and lost with three of a kind, Nines
Seat 9: f4fbf5f2 (button) showed [As Tc] and lost with three of a kind, Nines


Poker Hand #TM330114665: Tournament #209712268, 270-M: $30 The European Classic [9-Max] Hold'em No Limit - Level15(1,250/2,500) - 2025/06/02 19:44:36
Table '70' 9-max Seat #8 is the button
Seat 1: 922c779c (53,735 in chips)
Seat 2: 4530a7e8 (102,191 in chips)
Seat 3: 8e1ff344 (147,721 in chips)
Seat 4: 47a23819 (173,138 in chips)
Seat 5: Hero (62,650 in chips)
Seat 6: 8d1049c5 (69,237 in chips)
Seat 7: 8847e462 (19,450 in chips)
Seat 8: efaff508 (20,050 in chips)
Seat 9: f4fbf5f2 (21,575 in chips)
f4fbf5f2: posts the ante 300
8d1049c5: posts the ante 300
47a23819: posts the ante 300
efaff508: posts the ante 300
8847e462: posts the ante 300
4530a7e8: posts the ante 300
Hero: posts the ante 300
8e1ff344: posts the ante 300
922c779c: posts the ante 300
f4fbf5f2: posts small blind 1,250
922c779c: posts big blind 2,500
*** HOLE CARDS ***
Dealt to 922c779c 
Dealt to 4530a7e8 
Dealt to 8e1ff344 
Dealt to 47a23819 
Dealt to Hero [4h Jd]
Dealt to 8d1049c5 
Dealt to 8847e462 
Dealt to efaff508 
Dealt to f4fbf5f2 
4530a7e8: folds
8e1ff344: folds
47a23819: folds
Hero: folds
8d1049c5: folds
8847e462: raises 16,650 to 19,150
efaff508: folds
f4fbf5f2: raises 2,125 to 21,275
922c779c: calls 18,775
f4fbf5f2: shows [Kd Qc]
922c779c: shows [Js Td]
8847e462: shows [Jh 9h]
*** FLOP *** [Ts Kc 2d]
*** TURN *** [Ts Kc 2d] [6d]
*** RIVER *** [Ts Kc 2d 6d] [3h]
*** SHOWDOWN ***
f4fbf5f2 collected 60,150 from pot
f4fbf5f2 collected 4,250 from pot
*** SUMMARY ***
Total pot 64,400 | Rake 0 | Jackpot 0 | Bingo 0 | Fortune 0 | Tax 0
Board [Ts Kc 2d 6d 3h]
Seat 1: 922c779c (big blind) showed [Js Td] and lost with a pair of Tens
Seat 2: 4530a7e8 folded before Flop
Seat 3: 8e1ff344 folded before Flop
Seat 4: 47a23819 folded before Flop
Seat 5: Hero folded before Flop
Seat 6: 8d1049c5 folded before Flop
Seat 7: 8847e462 showed [Jh 9h] and lost with King high
Seat 8: efaff508 (button) folded before Flop
Seat 9: f4fbf5f2 (small blind) showed [Kd Qc] and won (64,400) with a pair of Kings


Poker Hand #TM330114592: Tournament #209712268, 270-M: $30 The European Classic [9-Max] Hold'em No Limit - Level15(1,250/2,500) - 2025/06/02 19:43:25
Table '70' 9-max Seat #7 is the button
Seat 1: 922c779c (79,635 in chips)
Seat 2: 4530a7e8 (107,491 in chips)
Seat 3: 8e1ff344 (148,021 in chips)
Seat 4: 47a23819 (173,438 in chips)
Seat 5: Hero (25,900 in chips)
Seat 6: 8d1049c5 (69,537 in chips)
Seat 7: 8847e462 (19,750 in chips)
Seat 8: efaff508 (21,600 in chips)
Seat 9: f4fbf5f2 (24,375 in chips)
f4fbf5f2: posts the ante 300
8d1049c5: posts the ante 300
47a23819: posts the ante 300
efaff508: posts the ante 300
8847e462: posts the ante 300
4530a7e8: posts the ante 300
Hero: posts the ante 300
8e1ff344: posts the ante 300
922c779c: posts the ante 300
efaff508: posts small blind 1,250
f4fbf5f2: posts big blind 2,500
*** HOLE CARDS ***
Dealt to 922c779c 
Dealt to 4530a7e8 
Dealt to 8e1ff344 
Dealt to 47a23819 
Dealt to Hero [9d 9s]
Dealt to 8d1049c5 
Dealt to 8847e462 
Dealt to efaff508 
Dealt to f4fbf5f2 
922c779c: raises 2,500 to 5,000
4530a7e8: calls 5,000
8e1ff344: folds
47a23819: folds
Hero: raises 20,600 to 25,600
8d1049c5: folds
8847e462: folds
efaff508: folds
f4fbf5f2: folds
922c779c: raises 53,735 to 79,335
4530a7e8: folds
Uncalled bet (53,735) returned to 922c779c
922c779c: shows [4c 4s]
Hero: shows [9d 9s]
*** FLOP *** [6s 6c 3d]
*** TURN *** [6s 6c 3d] [Ks]
*** RIVER *** [6s 6c 3d Ks] [Qd]
*** SHOWDOWN ***
Hero collected 62,650 from pot
*** SUMMARY ***
Total pot 62,650 | Rake 0 | Jackpot 0 | Bingo 0 | Fortune 0 | Tax 0
Board [6s 6c 3d Ks Qd]
Seat 1: 922c779c showed [4c 4s] and lost with two pair, Sixes and Fours
Seat 2: 4530a7e8 folded before Flop
Seat 3: 8e1ff344 folded before Flop
Seat 4: 47a23819 folded before Flop
Seat 5: Hero showed [9d 9s] and won (62,650) with two pair, Nines and Sixes
Seat 6: 8d1049c5 folded before Flop
Seat 7: 8847e462 (button) folded before Flop
Seat 8: efaff508 (small blind) folded before Flop
Seat 9: f4fbf5f2 (big blind) folded before Flop


Poker Hand #TM330114539: Tournament #209712268, 270-M: $30 The European Classic [9-Max] Hold'em No Limit - Level15(1,250/2,500) - 2025/06/02 19:42:26
Table '70' 9-max Seat #6 is the button
Seat 1: 922c779c (76,710 in chips)
Seat 2: 4530a7e8 (107,791 in chips)
Seat 3: 8e1ff344 (148,321 in chips)
Seat 4: 47a23819 (173,738 in chips)
Seat 5: Hero (26,200 in chips)
Seat 6: 8d1049c5 (69,837 in chips)
Seat 7: 8847e462 (21,300 in chips)
Seat 8: efaff508 (24,400 in chips)
Seat 9: f4fbf5f2 (21,450 in chips)
f4fbf5f2: posts the ante 300
8d1049c5: posts the ante 300
47a23819: posts the ante 300
efaff508: posts the ante 300
8847e462: posts the ante 300
4530a7e8: posts the ante 300
Hero: posts the ante 300
8e1ff344: posts the ante 300
922c779c: posts the ante 300
8847e462: posts small blind 1,250
efaff508: posts big blind 2,500
*** HOLE CARDS ***
Dealt to 922c779c 
Dealt to 4530a7e8 
Dealt to 8e1ff344 
Dealt to 47a23819 
Dealt to Hero [2h Kc]
Dealt to 8d1049c5 
Dealt to 8847e462 
Dealt to efaff508 
Dealt to f4fbf5f2 
f4fbf5f2: raises 18,650 to 21,150
922c779c: calls 21,150
4530a7e8: folds
8e1ff344: folds
47a23819: folds
Hero: folds
8d1049c5: folds
8847e462: folds
efaff508: folds
f4fbf5f2: shows [Ah 8c]
922c779c: shows [9c Ac]
*** FLOP *** [7c Ts 4s]
*** TURN *** [7c Ts 4s] [Td]
*** RIVER *** [7c Ts 4s Td] [7s]
*** SHOWDOWN ***
922c779c collected 24,375 from pot
f4fbf5f2 collected 24,375 from pot
*** SUMMARY ***
Total pot 48,750 | Rake 0 | Jackpot 0 | Bingo 0 | Fortune 0 | Tax 0
Board [7c Ts 4s Td 7s]
Seat 1: 922c779c showed [9c Ac] and won (24,375) with two pair, Tens and Sevens
Seat 2: 4530a7e8 folded before Flop
Seat 3: 8e1ff344 folded before Flop
Seat 4: 47a23819 folded before Flop
Seat 5: Hero folded before Flop
Seat 6: 8d1049c5 (button) folded before Flop
Seat 7: 8847e462 (small blind) folded before Flop
Seat 8: efaff508 (big blind) folded before Flop
Seat 9: f4fbf5f2 showed [Ah 8c] and won (24,375) with two pair, Tens and Sevens


Poker Hand #TM330114500: Tournament #209712268, 270-M: $30 The European Classic [9-Max] Hold'em No Limit - Level15(1,250/2,500) - 2025/06/02 19:41:47
Table '70' 9-max Seat #5 is the button
Seat 1: 922c779c (77,010 in chips)
Seat 2: 4530a7e8 (108,091 in chips)
Seat 3: 8e1ff344 (142,171 in chips)
Seat 4: 47a23819 (174,038 in chips)
Seat 5: Hero (26,500 in chips)
Seat 6: 8d1049c5 (71,387 in chips)
Seat 7: 8847e462 (24,100 in chips)
Seat 8: efaff508 (24,700 in chips)
Seat 9: f4fbf5f2 (21,750 in chips)
f4fbf5f2: posts the ante 300
47a23819: posts the ante 300
8d1049c5: posts the ante 300
efaff508: posts the ante 300
8847e462: posts the ante 300
4530a7e8: posts the ante 300
Hero: posts the ante 300
8e1ff344: posts the ante 300
922c779c: posts the ante 300
8d1049c5: posts small blind 1,250
8847e462: posts big blind 2,500
*** HOLE CARDS ***
Dealt to 922c779c 
Dealt to 4530a7e8 
Dealt to 8e1ff344 
Dealt to 47a23819 
Dealt to Hero [3s 6d]
Dealt to 8d1049c5 
Dealt to 8847e462 
Dealt to efaff508 
Dealt to f4fbf5f2 
efaff508: folds
f4fbf5f2: folds
922c779c: folds
4530a7e8: folds
8e1ff344: raises 2,500 to 5,000
47a23819: folds
Hero: folds
8d1049c5: folds
8847e462: folds
Uncalled bet (2,500) returned to 8e1ff344
*** SHOWDOWN ***
8e1ff344 collected 8,950 from pot
*** SUMMARY ***
Total pot 8,950 | Rake 0 | Jackpot 0 | Bingo 0 | Fortune 0 | Tax 0
Seat 1: 922c779c folded before Flop
Seat 2: 4530a7e8 folded before Flop
Seat 3: 8e1ff344 collected (8,950)
Seat 4: 47a23819 folded before Flop
Seat 5: Hero (button) folded before Flop
Seat 6: 8d1049c5 (small blind) folded before Flop
Seat 7: 8847e462 (big blind) folded before Flop
Seat 8: efaff508 folded before Flop
Seat 9: f4fbf5f2 folded before Flop


Poker Hand #TM330114443: Tournament #209712268, 270-M: $30 The European Classic [9-Max] Hold'em No Limit - Level15(1,250/2,500) - 2025/06/02 19:40:54
Table '70' 9-max Seat #4 is the button
Seat 1: 922c779c (77,310 in chips)
Seat 2: 4530a7e8 (108,391 in chips)
Seat 3: fa4b08e7 (23,700 in chips)
Seat 4: 47a23819 (174,338 in chips)
Seat 5: Hero (28,050 in chips)
Seat 6: 8d1049c5 (44,337 in chips)
Seat 7: 8847e462 (24,400 in chips)
Seat 8: efaff508 (25,000 in chips)
Seat 9: f4fbf5f2 (22,050 in chips)
f4fbf5f2: posts the ante 300
47a23819: posts the ante 300
8d1049c5: posts the ante 300
fa4b08e7: posts the ante 300
efaff508: posts the ante 300
8847e462: posts the ante 300
4530a7e8: posts the ante 300
Hero: posts the ante 300
922c779c: posts the ante 300
Hero: posts small blind 1,250
8d1049c5: posts big blind 2,500
*** HOLE CARDS ***
Dealt to 922c779c 
Dealt to 4530a7e8 
Dealt to fa4b08e7 
Dealt to 47a23819 
Dealt to Hero [7h 2c]
Dealt to 8d1049c5 
Dealt to 8847e462 
Dealt to efaff508 
Dealt to f4fbf5f2 
8847e462: folds
efaff508: folds
f4fbf5f2: folds
922c779c: folds
4530a7e8: folds
fa4b08e7: raises 20,900 to 23,400
47a23819: folds
Hero: folds
8d1049c5: calls 20,900
fa4b08e7: shows [4h 4d]
8d1049c5: shows [Kd Qs]
*** FLOP *** [3s 9d Qc]
*** TURN *** [3s 9d Qc] [6s]
*** RIVER *** [3s 9d Qc 6s] [6h]
*** SHOWDOWN ***
8d1049c5 collected 50,750 from pot
*** SUMMARY ***
Total pot 50,750 | Rake 0 | Jackpot 0 | Bingo 0 | Fortune 0 | Tax 0
Board [3s 9d Qc 6s 6h]
Seat 1: 922c779c folded before Flop
Seat 2: 4530a7e8 folded before Flop
Seat 3: fa4b08e7 showed [4h 4d] and lost with two pair, Sixes and Fours
Seat 4: 47a23819 (button) folded before Flop
Seat 5: Hero (small blind) folded before Flop
Seat 6: 8d1049c5 (big blind) showed [Kd Qs] and won (50,750) with two pair, Queens and Sixes
Seat 7: 8847e462 folded before Flop
Seat 8: efaff508 folded before Flop
Seat 9: f4fbf5f2 folded before Flop


Poker Hand #TM330114380: Tournament #209712268, 270-M: $30 The European Classic [9-Max] Hold'em No Limit - Level15(1,250/2,500) - 2025/06/02 19:39:54
Table '70' 9-max Seat #3 is the button
Seat 1: 922c779c (77,610 in chips)
Seat 2: 4530a7e8 (108,691 in chips)
Seat 3: fa4b08e7 (24,000 in chips)
Seat 4: 47a23819 (169,738 in chips)
Seat 5: Hero (30,850 in chips)
Seat 6: 8d1049c5 (44,637 in chips)
Seat 7: 8847e462 (24,700 in chips)
Seat 9: f4fbf5f2 (22,350 in chips)
f4fbf5f2: posts the ante 300
8d1049c5: posts the ante 300
47a23819: posts the ante 300
fa4b08e7: posts the ante 300
8847e462: posts the ante 300
4530a7e8: posts the ante 300
Hero: posts the ante 300
922c779c: posts the ante 300
47a23819: posts small blind 1,250
Hero: posts big blind 2,500
*** HOLE CARDS ***
Dealt to 922c779c 
Dealt to 4530a7e8 
Dealt to fa4b08e7 
Dealt to 47a23819 
Dealt to Hero [4s Qc]
Dealt to 8d1049c5 
Dealt to 8847e462 
Dealt to f4fbf5f2 
8d1049c5: folds
8847e462: folds
f4fbf5f2: folds
922c779c: folds
4530a7e8: folds
fa4b08e7: folds
47a23819: calls 1,250
Hero: checks
*** FLOP *** [8h Jd Jc]
47a23819: checks
Hero: checks
*** TURN *** [8h Jd Jc] [7d]
47a23819: bets 4,736
Hero: folds
Uncalled bet (4,736) returned to 47a23819
*** SHOWDOWN ***
47a23819 collected 7,400 from pot
*** SUMMARY ***
Total pot 7,400 | Rake 0 | Jackpot 0 | Bingo 0 | Fortune 0 | Tax 0
Board [8h Jd Jc 7d]
Seat 1: 922c779c folded before Flop
Seat 2: 4530a7e8 folded before Flop
Seat 3: fa4b08e7 (button) folded before Flop
Seat 4: 47a23819 (small blind) won (7,400)
Seat 5: Hero (big blind) folded on the Turn
Seat 6: 8d1049c5 folded before Flop
Seat 7: 8847e462 folded before Flop
Seat 9: f4fbf5f2 folded before Flop


Poker Hand #TM330114340: Tournament #209712268, 270-M: $30 The European Classic [9-Max] Hold'em No Limit - Level15(1,250/2,500) - 2025/06/02 19:39:16
Table '70' 9-max Seat #2 is the button
Seat 1: 922c779c (77,910 in chips)
Seat 2: 4530a7e8 (108,991 in chips)
Seat 3: fa4b08e7 (25,550 in chips)
Seat 4: 47a23819 (172,538 in chips)
Seat 5: Hero (24,700 in chips)
Seat 6: 8d1049c5 (44,937 in chips)
Seat 7: 8847e462 (25,000 in chips)
Seat 8: f291fb3a (42,347 in chips)
Seat 9: f4fbf5f2 (22,650 in chips)
f4fbf5f2: posts the ante 300
8d1049c5: posts the ante 300
47a23819: posts the ante 300
fa4b08e7: posts the ante 300
f291fb3a: posts the ante 300
8847e462: posts the ante 300
4530a7e8: posts the ante 300
Hero: posts the ante 300
922c779c: posts the ante 300
fa4b08e7: posts small blind 1,250
47a23819: posts big blind 2,500
*** HOLE CARDS ***
Dealt to 922c779c 
Dealt to 4530a7e8 
Dealt to fa4b08e7 
Dealt to 47a23819 
Dealt to Hero [Kd Qc]
Dealt to 8d1049c5 
Dealt to 8847e462 
Dealt to f291fb3a 
Dealt to f4fbf5f2 
Hero: raises 21,900 to 24,400
8d1049c5: folds
8847e462: folds
f291fb3a: folds
f4fbf5f2: folds
922c779c: folds
4530a7e8: folds
fa4b08e7: folds
47a23819: folds
Uncalled bet (21,900) returned to Hero
*** SHOWDOWN ***
Hero collected 8,950 from pot
*** SUMMARY ***
Total pot 8,950 | Rake 0 | Jackpot 0 | Bingo 0 | Fortune 0 | Tax 0
Seat 1: 922c779c folded before Flop
Seat 2: 4530a7e8 (button) folded before Flop
Seat 3: fa4b08e7 (small blind) folded before Flop
Seat 4: 47a23819 (big blind) folded before Flop
Seat 5: Hero collected (8,950)
Seat 6: 8d1049c5 folded before Flop
Seat 7: 8847e462 folded before Flop
Seat 8: f291fb3a folded before Flop
Seat 9: f4fbf5f2 folded before Flop


Poker Hand #TM330114293: Tournament #209712268, 270-M: $30 The European Classic [9-Max] Hold'em No Limit - Level15(1,250/2,500) - 2025/06/02 19:38:31
Table '70' 9-max Seat #1 is the button
Seat 1: 922c779c (78,210 in chips)
Seat 2: 4530a7e8 (101,591 in chips)
Seat 3: fa4b08e7 (30,850 in chips)
Seat 4: 47a23819 (172,838 in chips)
Seat 5: Hero (25,000 in chips)
Seat 6: 8d1049c5 (45,237 in chips)
Seat 7: b499fccf (41,706 in chips)
Seat 8: f291fb3a (42,647 in chips)
Seat 9: f4fbf5f2 (22,950 in chips)
f4fbf5f2: posts the ante 300
b499fccf: posts the ante 300
8d1049c5: posts the ante 300
47a23819: posts the ante 300
fa4b08e7: posts the ante 300
f291fb3a: posts the ante 300
4530a7e8: posts the ante 300
Hero: posts the ante 300
922c779c: posts the ante 300
4530a7e8: posts small blind 1,250
fa4b08e7: posts big blind 2,500
*** HOLE CARDS ***
Dealt to 922c779c 
Dealt to 4530a7e8 
Dealt to fa4b08e7 
Dealt to 47a23819 
Dealt to Hero [9c 4d]
Dealt to 8d1049c5 
Dealt to b499fccf 
Dealt to f291fb3a 
Dealt to f4fbf5f2 
47a23819: folds
Hero: folds
8d1049c5: folds
b499fccf: folds
f291fb3a: folds
f4fbf5f2: folds
922c779c: folds
4530a7e8: raises 2,500 to 5,000
fa4b08e7: calls 2,500
*** FLOP *** [9h 2h Jh]
4530a7e8: bets 2,500
fa4b08e7: folds
Uncalled bet (2,500) returned to 4530a7e8
*** SHOWDOWN ***
4530a7e8 collected 12,700 from pot
*** SUMMARY ***
Total pot 12,700 | Rake 0 | Jackpot 0 | Bingo 0 | Fortune 0 | Tax 0
Board [9h 2h Jh]
Seat 1: 922c779c (button) folded before Flop
Seat 2: 4530a7e8 (small blind) won (12,700)
Seat 3: fa4b08e7 (big blind) folded on the Flop
Seat 4: 47a23819 folded before Flop
Seat 5: Hero folded before Flop
Seat 6: 8d1049c5 folded before Flop
Seat 7: b499fccf folded before Flop
Seat 8: f291fb3a folded before Flop
Seat 9: f4fbf5f2 folded before Flop


