Poker Hand #TM320634145: Tournament #208645365, Bounty Hunters Forty Stack $44 Hold'em No Limit - Level13(1,500/3,000) - 2025/05/31 20:27:22
Table '21' 8-max Seat #6 is the button
Seat 1: Hero (19,411 in chips)
Seat 2: be1de2f (123,664 in chips)
Seat 3: 876ce831 (120,242 in chips)
Seat 4: 9a17ba81 (94,285 in chips)
Seat 5: 17ed51ed (108,004 in chips)
Seat 6: b2a55fa8 (74,349 in chips)
Seat 7: 897d3d3 (134,590 in chips)
Seat 8: 2278ea27 (176,150 in chips)
b2a55fa8: posts the ante 450
2278ea27: posts the ante 450
897d3d3: posts the ante 450
17ed51ed: posts the ante 450
876ce831: posts the ante 450
Hero: posts the ante 450
9a17ba81: posts the ante 450
be1de2f: posts the ante 450
897d3d3: posts small blind 1,500
2278ea27: posts big blind 3,000
*** HOLE CARDS ***
Dealt to Hero [Ts Th]
Dealt to be1de2f 
Dealt to 876ce831 
Dealt to 9a17ba81 
Dealt to 17ed51ed 
Dealt to b2a55fa8 
Dealt to 897d3d3 
Dealt to 2278ea27 
Hero: raises 15,961 to 18,961
be1de2f: folds
876ce831: folds
9a17ba81: folds
17ed51ed: folds
b2a55fa8: calls 18,961
897d3d3: calls 17,461
2278ea27: folds
*** FLOP *** [Qd 6d Kc]
897d3d3: checks
b2a55fa8: bets 54,938
897d3d3: folds
Uncalled bet (54,938) returned to b2a55fa8
b2a55fa8: shows [Ah Qc] (a pair of Queens)
Hero: shows [Ts Th] (a pair of Tens)
*** TURN *** [Qd 6d Kc] [3h]
*** RIVER *** [Qd 6d Kc 3h] [7s]
*** SHOWDOWN ***
b2a55fa8 collected 63,483 from pot
*** SUMMARY ***
Total pot 63,483 | Rake 0 | Jackpot 0 | Bingo 0 | Fortune 0 | Tax 0
Board [Qd 6d Kc 3h 7s]
Seat 1: Hero showed [Ts Th] and lost with a pair of Tens
Seat 2: be1de2f folded before Flop
Seat 3: 876ce831 folded before Flop
Seat 4: 9a17ba81 folded before Flop
Seat 5: 17ed51ed folded before Flop
Seat 6: b2a55fa8 (button) showed [Ah Qc] and won (63,483) with a pair of Queens
Seat 7: 897d3d3 (small blind) folded on the Flop
Seat 8: 2278ea27 (big blind) folded before Flop


Poker Hand #TM320634120: Tournament #208645365, Bounty Hunters Forty Stack $44 Hold'em No Limit - Level13(1,500/3,000) - 2025/05/31 20:26:02
Table '21' 8-max Seat #5 is the button
Seat 1: Hero (19,861 in chips)
Seat 2: be1de2f (124,114 in chips)
Seat 3: 876ce831 (120,692 in chips)
Seat 4: 9a17ba81 (94,735 in chips)
Seat 5: 17ed51ed (51,902 in chips)
Seat 6: b2a55fa8 (76,299 in chips)
Seat 7: 897d3d3 (186,492 in chips)
Seat 8: 2278ea27 (176,600 in chips)
b2a55fa8: posts the ante 450
2278ea27: posts the ante 450
897d3d3: posts the ante 450
17ed51ed: posts the ante 450
876ce831: posts the ante 450
Hero: posts the ante 450
9a17ba81: posts the ante 450
be1de2f: posts the ante 450
b2a55fa8: posts small blind 1,500
897d3d3: posts big blind 3,000
*** HOLE CARDS ***
Dealt to Hero [8s 4c]
Dealt to be1de2f 
Dealt to 876ce831 
Dealt to 9a17ba81 
Dealt to 17ed51ed 
Dealt to b2a55fa8 
Dealt to 897d3d3 
Dealt to 2278ea27 
2278ea27: folds
Hero: folds
be1de2f: folds
876ce831: folds
9a17ba81: folds
17ed51ed: raises 3,000 to 6,000
b2a55fa8: folds
897d3d3: raises 180,042 to 186,042
17ed51ed: calls 45,452
Uncalled bet (134,590) returned to 897d3d3
897d3d3: shows [5s As]
17ed51ed: shows [Ac Jd]
*** FLOP *** [8c 3c 6d]
*** TURN *** [8c 3c 6d] [7h]
*** RIVER *** [8c 3c 6d 7h] [Ts]
*** SHOWDOWN ***
17ed51ed collected 108,004 from pot
*** SUMMARY ***
Total pot 108,004 | Rake 0 | Jackpot 0 | Bingo 0 | Fortune 0 | Tax 0
Board [8c 3c 6d 7h Ts]
Seat 1: Hero folded before Flop
Seat 2: be1de2f folded before Flop
Seat 3: 876ce831 folded before Flop
Seat 4: 9a17ba81 folded before Flop
Seat 5: 17ed51ed (button) showed [Ac Jd] and won (108,004) with Ace high
Seat 6: b2a55fa8 (small blind) folded before Flop
Seat 7: 897d3d3 (big blind) showed [5s As] and lost with Ace high
Seat 8: 2278ea27 folded before Flop


Poker Hand #TM320634105: Tournament #208645365, Bounty Hunters Forty Stack $44 Hold'em No Limit - Level13(1,500/3,000) - 2025/05/31 20:25:07
Table '21' 8-max Seat #4 is the button
Seat 1: Hero (20,311 in chips)
Seat 2: be1de2f (124,564 in chips)
Seat 3: 876ce831 (121,142 in chips)
Seat 4: 9a17ba81 (95,185 in chips)
Seat 5: 17ed51ed (53,852 in chips)
Seat 6: b2a55fa8 (65,649 in chips)
Seat 7: 897d3d3 (186,942 in chips)
Seat 8: 2278ea27 (183,050 in chips)
b2a55fa8: posts the ante 450
2278ea27: posts the ante 450
897d3d3: posts the ante 450
17ed51ed: posts the ante 450
876ce831: posts the ante 450
Hero: posts the ante 450
9a17ba81: posts the ante 450
be1de2f: posts the ante 450
17ed51ed: posts small blind 1,500
b2a55fa8: posts big blind 3,000
*** HOLE CARDS ***
Dealt to Hero [4h 5d]
Dealt to be1de2f 
Dealt to 876ce831 
Dealt to 9a17ba81 
Dealt to 17ed51ed 
Dealt to b2a55fa8 
Dealt to 897d3d3 
Dealt to 2278ea27 
897d3d3: folds
2278ea27: raises 3,000 to 6,000
Hero: folds
be1de2f: folds
876ce831: folds
9a17ba81: folds
17ed51ed: folds
b2a55fa8: raises 14,325 to 20,325
2278ea27: folds
Uncalled bet (14,325) returned to b2a55fa8
*** SHOWDOWN ***
b2a55fa8 collected 17,100 from pot
*** SUMMARY ***
Total pot 17,100 | Rake 0 | Jackpot 0 | Bingo 0 | Fortune 0 | Tax 0
Seat 1: Hero folded before Flop
Seat 2: be1de2f folded before Flop
Seat 3: 876ce831 folded before Flop
Seat 4: 9a17ba81 (button) folded before Flop
Seat 5: 17ed51ed (small blind) folded before Flop
Seat 6: b2a55fa8 (big blind) collected (17,100)
Seat 7: 897d3d3 folded before Flop
Seat 8: 2278ea27 folded before Flop


Poker Hand #TM320634094: Tournament #208645365, Bounty Hunters Forty Stack $44 Hold'em No Limit - Level13(1,500/3,000) - 2025/05/31 20:24:24
Table '21' 8-max Seat #3 is the button
Seat 1: Hero (20,761 in chips)
Seat 2: be1de2f (125,014 in chips)
Seat 3: 876ce831 (121,592 in chips)
Seat 4: 9a17ba81 (101,635 in chips)
Seat 5: 17ed51ed (22,576 in chips)
Seat 6: b2a55fa8 (66,099 in chips)
Seat 7: 897d3d3 (209,518 in chips)
Seat 8: 2278ea27 (183,500 in chips)
b2a55fa8: posts the ante 450
2278ea27: posts the ante 450
897d3d3: posts the ante 450
17ed51ed: posts the ante 450
876ce831: posts the ante 450
Hero: posts the ante 450
be1de2f: posts the ante 450
9a17ba81: posts the ante 450
9a17ba81: posts small blind 1,500
17ed51ed: posts big blind 3,000
*** HOLE CARDS ***
Dealt to Hero [2s Qc]
Dealt to be1de2f 
Dealt to 876ce831 
Dealt to 9a17ba81 
Dealt to 17ed51ed 
Dealt to b2a55fa8 
Dealt to 897d3d3 
Dealt to 2278ea27 
b2a55fa8: folds
897d3d3: raises 3,000 to 6,000
2278ea27: folds
Hero: folds
be1de2f: folds
876ce831: folds
9a17ba81: calls 4,500
17ed51ed: calls 3,000
*** FLOP *** [2c 9s 7s]
9a17ba81: checks
17ed51ed: bets 16,126
897d3d3: calls 16,126
9a17ba81: folds
17ed51ed: shows [6s 8d] (Nine high)
897d3d3: shows [5s 5c] (a pair of Fives)
*** TURN *** [2c 9s 7s] [Th]
*** RIVER *** [2c 9s 7s Th] [4c]
*** SHOWDOWN ***
17ed51ed collected 53,852 from pot
*** SUMMARY ***
Total pot 53,852 | Rake 0 | Jackpot 0 | Bingo 0 | Fortune 0 | Tax 0
Board [2c 9s 7s Th 4c]
Seat 1: Hero folded before Flop
Seat 2: be1de2f folded before Flop
Seat 3: 876ce831 (button) folded before Flop
Seat 4: 9a17ba81 (small blind) folded on the Flop
Seat 5: 17ed51ed (big blind) showed [6s 8d] and won (53,852) with a straight, Ten to Six
Seat 6: b2a55fa8 folded before Flop
Seat 7: 897d3d3 showed [5s 5c] and lost with a pair of Fives
Seat 8: 2278ea27 folded before Flop


Poker Hand #TM320634074: Tournament #208645365, Bounty Hunters Forty Stack $44 Hold'em No Limit - Level13(1,500/3,000) - 2025/05/31 20:23:14
Table '21' 8-max Seat #2 is the button
Seat 1: Hero (21,211 in chips)
Seat 2: be1de2f (125,464 in chips)
Seat 3: 876ce831 (99,530 in chips)
Seat 4: 9a17ba81 (108,085 in chips)
Seat 5: 17ed51ed (23,026 in chips)
Seat 6: b2a55fa8 (66,549 in chips)
Seat 7: 897d3d3 (222,880 in chips)
Seat 8: 2278ea27 (183,950 in chips)
b2a55fa8: posts the ante 450
2278ea27: posts the ante 450
897d3d3: posts the ante 450
17ed51ed: posts the ante 450
876ce831: posts the ante 450
Hero: posts the ante 450
be1de2f: posts the ante 450
9a17ba81: posts the ante 450
876ce831: posts small blind 1,500
9a17ba81: posts big blind 3,000
*** HOLE CARDS ***
Dealt to Hero [3h 5c]
Dealt to be1de2f 
Dealt to 876ce831 
Dealt to 9a17ba81 
Dealt to 17ed51ed 
Dealt to b2a55fa8 
Dealt to 897d3d3 
Dealt to 2278ea27 
17ed51ed: folds
b2a55fa8: folds
897d3d3: raises 3,000 to 6,000
2278ea27: folds
Hero: folds
be1de2f: folds
876ce831: calls 4,500
9a17ba81: calls 3,000
*** FLOP *** [3c Kc 4h]
876ce831: checks
9a17ba81: checks
897d3d3: checks
*** TURN *** [3c Kc 4h] [Qh]
876ce831: bets 6,912
9a17ba81: folds
897d3d3: calls 6,912
*** RIVER *** [3c Kc 4h Qh] [9d]
876ce831: bets 24,000
897d3d3: folds
Uncalled bet (24,000) returned to 876ce831
*** SHOWDOWN ***
876ce831 collected 35,424 from pot
*** SUMMARY ***
Total pot 35,424 | Rake 0 | Jackpot 0 | Bingo 0 | Fortune 0 | Tax 0
Board [3c Kc 4h Qh 9d]
Seat 1: Hero folded before Flop
Seat 2: be1de2f (button) folded before Flop
Seat 3: 876ce831 (small blind) won (35,424)
Seat 4: 9a17ba81 (big blind) folded on the Turn
Seat 5: 17ed51ed folded before Flop
Seat 6: b2a55fa8 folded before Flop
Seat 7: 897d3d3 folded on the River
Seat 8: 2278ea27 folded before Flop


Poker Hand #TM320634060: Tournament #208645365, Bounty Hunters Forty Stack $44 Hold'em No Limit - Level13(1,500/3,000) - 2025/05/31 20:22:16
Table '21' 8-max Seat #1 is the button
Seat 1: Hero (68,876 in chips)
Seat 2: be1de2f (127,414 in chips)
Seat 3: 876ce831 (47,665 in chips)
Seat 4: 9a17ba81 (108,535 in chips)
Seat 5: 17ed51ed (23,476 in chips)
Seat 6: b2a55fa8 (66,999 in chips)
Seat 7: 897d3d3 (223,330 in chips)
Seat 8: 2278ea27 (184,400 in chips)
b2a55fa8: posts the ante 450
2278ea27: posts the ante 450
897d3d3: posts the ante 450
17ed51ed: posts the ante 450
876ce831: posts the ante 450
Hero: posts the ante 450
9a17ba81: posts the ante 450
be1de2f: posts the ante 450
be1de2f: posts small blind 1,500
876ce831: posts big blind 3,000
*** HOLE CARDS ***
Dealt to Hero [Kc Qc]
Dealt to be1de2f 
Dealt to 876ce831 
Dealt to 9a17ba81 
Dealt to 17ed51ed 
Dealt to b2a55fa8 
Dealt to 897d3d3 
Dealt to 2278ea27 
9a17ba81: folds
17ed51ed: folds
b2a55fa8: folds
897d3d3: folds
2278ea27: folds
Hero: raises 3,000 to 6,000
be1de2f: folds
876ce831: raises 41,215 to 47,215
Hero: calls 41,215
876ce831: shows [Kd Ad]
Hero: shows [Kc Qc]
*** FLOP *** [5s 2d 3c]
*** TURN *** [5s 2d 3c] [9h]
*** RIVER *** [5s 2d 3c 9h] [3d]
*** SHOWDOWN ***
876ce831 collected 99,530 from pot
*** SUMMARY ***
Total pot 99,530 | Rake 0 | Jackpot 0 | Bingo 0 | Fortune 0 | Tax 0
Board [5s 2d 3c 9h 3d]
Seat 1: Hero (button) showed [Kc Qc] and lost with a pair of Threes
Seat 2: be1de2f (small blind) folded before Flop
Seat 3: 876ce831 (big blind) showed [Kd Ad] and won (99,530) with a pair of Threes
Seat 4: 9a17ba81 folded before Flop
Seat 5: 17ed51ed folded before Flop
Seat 6: b2a55fa8 folded before Flop
Seat 7: 897d3d3 folded before Flop
Seat 8: 2278ea27 folded before Flop


Poker Hand #TM320634051: Tournament #208645365, Bounty Hunters Forty Stack $44 Hold'em No Limit - Level12(1,250/2,500) - 2025/05/31 20:21:39
Table '21' 8-max Seat #8 is the button
Seat 1: Hero (70,476 in chips)
Seat 2: be1de2f (132,764 in chips)
Seat 3: 876ce831 (48,015 in chips)
Seat 4: 9a17ba81 (108,885 in chips)
Seat 5: 17ed51ed (23,826 in chips)
Seat 6: b2a55fa8 (67,349 in chips)
Seat 7: 897d3d3 (214,630 in chips)
Seat 8: 2278ea27 (184,750 in chips)
b2a55fa8: posts the ante 350
2278ea27: posts the ante 350
897d3d3: posts the ante 350
17ed51ed: posts the ante 350
876ce831: posts the ante 350
Hero: posts the ante 350
9a17ba81: posts the ante 350
be1de2f: posts the ante 350
Hero: posts small blind 1,250
be1de2f: posts big blind 2,500
*** HOLE CARDS ***
Dealt to Hero [8d 4h]
Dealt to be1de2f 
Dealt to 876ce831 
Dealt to 9a17ba81 
Dealt to 17ed51ed 
Dealt to b2a55fa8 
Dealt to 897d3d3 
Dealt to 2278ea27 
876ce831: folds
9a17ba81: folds
17ed51ed: folds
b2a55fa8: folds
897d3d3: raises 2,500 to 5,000
2278ea27: folds
Hero: folds
be1de2f: calls 2,500
*** FLOP *** [2s 7d 4d]
be1de2f: checks
897d3d3: bets 5,000
be1de2f: folds
Uncalled bet (5,000) returned to 897d3d3
*** SHOWDOWN ***
897d3d3 collected 14,050 from pot
*** SUMMARY ***
Total pot 14,050 | Rake 0 | Jackpot 0 | Bingo 0 | Fortune 0 | Tax 0
Board [2s 7d 4d]
Seat 1: Hero (small blind) folded before Flop
Seat 2: be1de2f (big blind) folded on the Flop
Seat 3: 876ce831 folded before Flop
Seat 4: 9a17ba81 folded before Flop
Seat 5: 17ed51ed folded before Flop
Seat 6: b2a55fa8 folded before Flop
Seat 7: 897d3d3 won (14,050)
Seat 8: 2278ea27 (button) folded before Flop


Poker Hand #TM320634033: Tournament #208645365, Bounty Hunters Forty Stack $44 Hold'em No Limit - Level12(1,250/2,500) - 2025/05/31 20:20:38
Table '21' 8-max Seat #7 is the button
Seat 1: Hero (73,326 in chips)
Seat 2: be1de2f (133,114 in chips)
Seat 3: 876ce831 (152,405 in chips)
Seat 4: 9a17ba81 (109,235 in chips)
Seat 5: 17ed51ed (24,176 in chips)
Seat 6: b2a55fa8 (67,699 in chips)
Seat 7: 897d3d3 (104,390 in chips)
Seat 8: 2278ea27 (186,350 in chips)
b2a55fa8: posts the ante 350
2278ea27: posts the ante 350
897d3d3: posts the ante 350
17ed51ed: posts the ante 350
876ce831: posts the ante 350
Hero: posts the ante 350
9a17ba81: posts the ante 350
be1de2f: posts the ante 350
2278ea27: posts small blind 1,250
Hero: posts big blind 2,500
*** HOLE CARDS ***
Dealt to Hero [6c 8h]
Dealt to be1de2f 
Dealt to 876ce831 
Dealt to 9a17ba81 
Dealt to 17ed51ed 
Dealt to b2a55fa8 
Dealt to 897d3d3 
Dealt to 2278ea27 
be1de2f: folds
876ce831: raises 2,500 to 5,000
9a17ba81: folds
17ed51ed: folds
b2a55fa8: folds
897d3d3: raises 8,750 to 13,750
2278ea27: folds
Hero: folds
876ce831: raises 138,305 to 152,055
897d3d3: calls 90,290
Uncalled bet (48,015) returned to 876ce831
876ce831: shows [9h 9c]
897d3d3: shows [Ts Td]
*** FLOP *** [Tc Jd 4h]
*** TURN *** [Tc Jd 4h] [Ah]
*** RIVER *** [Tc Jd 4h Ah] [Kd]
*** SHOWDOWN ***
897d3d3 collected 214,630 from pot
*** SUMMARY ***
Total pot 214,630 | Rake 0 | Jackpot 0 | Bingo 0 | Fortune 0 | Tax 0
Board [Tc Jd 4h Ah Kd]
Seat 1: Hero (big blind) folded before Flop
Seat 2: be1de2f folded before Flop
Seat 3: 876ce831 showed [9h 9c] and lost with a pair of Nines
Seat 4: 9a17ba81 folded before Flop
Seat 5: 17ed51ed folded before Flop
Seat 6: b2a55fa8 folded before Flop
Seat 7: 897d3d3 (button) showed [Ts Td] and won (214,630) with three of a kind, Tens
Seat 8: 2278ea27 (small blind) folded before Flop


Poker Hand #TM320634021: Tournament #208645365, Bounty Hunters Forty Stack $44 Hold'em No Limit - Level12(1,250/2,500) - 2025/05/31 20:19:52
Table '21' 8-max Seat #6 is the button
Seat 1: Hero (73,676 in chips)
Seat 2: be1de2f (133,464 in chips)
Seat 3: 876ce831 (146,205 in chips)
Seat 4: 9a17ba81 (109,585 in chips)
Seat 5: 17ed51ed (24,526 in chips)
Seat 6: b2a55fa8 (68,049 in chips)
Seat 7: 897d3d3 (105,990 in chips)
Seat 8: 2278ea27 (189,200 in chips)
b2a55fa8: posts the ante 350
2278ea27: posts the ante 350
897d3d3: posts the ante 350
17ed51ed: posts the ante 350
876ce831: posts the ante 350
Hero: posts the ante 350
9a17ba81: posts the ante 350
be1de2f: posts the ante 350
897d3d3: posts small blind 1,250
2278ea27: posts big blind 2,500
*** HOLE CARDS ***
Dealt to Hero [Ad 7h]
Dealt to be1de2f 
Dealt to 876ce831 
Dealt to 9a17ba81 
Dealt to 17ed51ed 
Dealt to b2a55fa8 
Dealt to 897d3d3 
Dealt to 2278ea27 
Hero: folds
be1de2f: folds
876ce831: raises 2,500 to 5,000
9a17ba81: folds
17ed51ed: folds
b2a55fa8: folds
897d3d3: folds
2278ea27: folds
Uncalled bet (2,500) returned to 876ce831
*** SHOWDOWN ***
876ce831 collected 9,050 from pot
*** SUMMARY ***
Total pot 9,050 | Rake 0 | Jackpot 0 | Bingo 0 | Fortune 0 | Tax 0
Seat 1: Hero folded before Flop
Seat 2: be1de2f folded before Flop
Seat 3: 876ce831 collected (9,050)
Seat 4: 9a17ba81 folded before Flop
Seat 5: 17ed51ed folded before Flop
Seat 6: b2a55fa8 (button) folded before Flop
Seat 7: 897d3d3 (small blind) folded before Flop
Seat 8: 2278ea27 (big blind) folded before Flop


Poker Hand #TM320634003: Tournament #208645365, Bounty Hunters Forty Stack $44 Hold'em No Limit - Level12(1,250/2,500) - 2025/05/31 20:18:50
Table '21' 8-max Seat #5 is the button
Seat 1: Hero (74,026 in chips)
Seat 2: be1de2f (120,127 in chips)
Seat 3: 876ce831 (146,555 in chips)
Seat 4: 9a17ba81 (109,935 in chips)
Seat 5: 17ed51ed (24,876 in chips)
Seat 6: b2a55fa8 (69,649 in chips)
Seat 7: 897d3d3 (115,977 in chips)
Seat 8: 2278ea27 (189,550 in chips)
b2a55fa8: posts the ante 350
2278ea27: posts the ante 350
897d3d3: posts the ante 350
17ed51ed: posts the ante 350
876ce831: posts the ante 350
Hero: posts the ante 350
9a17ba81: posts the ante 350
be1de2f: posts the ante 350
b2a55fa8: posts small blind 1,250
897d3d3: posts big blind 2,500
*** HOLE CARDS ***
Dealt to Hero [Qc 4h]
Dealt to be1de2f 
Dealt to 876ce831 
Dealt to 9a17ba81 
Dealt to 17ed51ed 
Dealt to b2a55fa8 
Dealt to 897d3d3 
Dealt to 2278ea27 
2278ea27: folds
Hero: folds
be1de2f: raises 2,500 to 5,000
876ce831: folds
9a17ba81: folds
17ed51ed: folds
b2a55fa8: folds
897d3d3: calls 2,500
*** FLOP *** [3d Ah Jd]
897d3d3: checks
be1de2f: bets 4,637
897d3d3: calls 4,637
*** TURN *** [3d Ah Jd] [Tc]
897d3d3: checks
be1de2f: checks
*** RIVER *** [3d Ah Jd Tc] [6d]
897d3d3: checks
be1de2f: checks
897d3d3: shows [3h Qs] (a pair of Threes)
be1de2f: shows [Ts 9s] (a pair of Tens)
*** SHOWDOWN ***
be1de2f collected 23,324 from pot
*** SUMMARY ***
Total pot 23,324 | Rake 0 | Jackpot 0 | Bingo 0 | Fortune 0 | Tax 0
Board [3d Ah Jd Tc 6d]
Seat 1: Hero folded before Flop
Seat 2: be1de2f showed [Ts 9s] and won (23,324) with a pair of Tens
Seat 3: 876ce831 folded before Flop
Seat 4: 9a17ba81 folded before Flop
Seat 5: 17ed51ed (button) folded before Flop
Seat 6: b2a55fa8 (small blind) folded before Flop
Seat 7: 897d3d3 (big blind) showed [3h Qs] and lost with a pair of Threes
Seat 8: 2278ea27 folded before Flop


Poker Hand #TM320633981: Tournament #208645365, Bounty Hunters Forty Stack $44 Hold'em No Limit - Level12(1,250/2,500) - 2025/05/31 20:17:38
Table '21' 8-max Seat #4 is the button
Seat 1: Hero (74,376 in chips)
Seat 2: be1de2f (120,477 in chips)
Seat 3: 876ce831 (119,105 in chips)
Seat 4: 9a17ba81 (110,285 in chips)
Seat 5: 17ed51ed (26,476 in chips)
Seat 6: b2a55fa8 (72,499 in chips)
Seat 7: 897d3d3 (121,327 in chips)
Seat 8: 2278ea27 (206,150 in chips)
b2a55fa8: posts the ante 350
2278ea27: posts the ante 350
897d3d3: posts the ante 350
17ed51ed: posts the ante 350
876ce831: posts the ante 350
Hero: posts the ante 350
9a17ba81: posts the ante 350
be1de2f: posts the ante 350
17ed51ed: posts small blind 1,250
b2a55fa8: posts big blind 2,500
*** HOLE CARDS ***
Dealt to Hero [Ah 8d]
Dealt to be1de2f 
Dealt to 876ce831 
Dealt to 9a17ba81 
Dealt to 17ed51ed 
Dealt to b2a55fa8 
Dealt to 897d3d3 
Dealt to 2278ea27 
897d3d3: raises 2,500 to 5,000
2278ea27: raises 11,250 to 16,250
Hero: folds
be1de2f: folds
876ce831: raises 13,750 to 30,000
9a17ba81: folds
17ed51ed: folds
b2a55fa8: folds
897d3d3: folds
2278ea27: folds
Uncalled bet (13,750) returned to 876ce831
*** SHOWDOWN ***
876ce831 collected 44,050 from pot
*** SUMMARY ***
Total pot 44,050 | Rake 0 | Jackpot 0 | Bingo 0 | Fortune 0 | Tax 0
Seat 1: Hero folded before Flop
Seat 2: be1de2f folded before Flop
Seat 3: 876ce831 collected (44,050)
Seat 4: 9a17ba81 (button) folded before Flop
Seat 5: 17ed51ed (small blind) folded before Flop
Seat 6: b2a55fa8 (big blind) folded before Flop
Seat 7: 897d3d3 folded before Flop
Seat 8: 2278ea27 folded before Flop


Poker Hand #TM320633956: Tournament #208645365, Bounty Hunters Forty Stack $44 Hold'em No Limit - Level12(1,250/2,500) - 2025/05/31 20:16:43
Table '21' 8-max Seat #3 is the button
Seat 1: Hero (74,726 in chips)
Seat 2: be1de2f (120,827 in chips)
Seat 3: 876ce831 (119,455 in chips)
Seat 4: 9a17ba81 (111,885 in chips)
Seat 5: 17ed51ed (29,326 in chips)
Seat 6: b2a55fa8 (89,536 in chips)
Seat 7: 897d3d3 (98,440 in chips)
Seat 8: 2278ea27 (206,500 in chips)
b2a55fa8: posts the ante 350
2278ea27: posts the ante 350
897d3d3: posts the ante 350
17ed51ed: posts the ante 350
876ce831: posts the ante 350
Hero: posts the ante 350
be1de2f: posts the ante 350
9a17ba81: posts the ante 350
9a17ba81: posts small blind 1,250
17ed51ed: posts big blind 2,500
*** HOLE CARDS ***
Dealt to Hero [5c Kh]
Dealt to be1de2f 
Dealt to 876ce831 
Dealt to 9a17ba81 
Dealt to 17ed51ed 
Dealt to b2a55fa8 
Dealt to 897d3d3 
Dealt to 2278ea27 
b2a55fa8: raises 2,500 to 5,000
897d3d3: calls 5,000
2278ea27: folds
Hero: folds
be1de2f: folds
876ce831: folds
9a17ba81: folds
17ed51ed: folds
*** FLOP *** [9c 9h 2s]
b2a55fa8: bets 3,750
897d3d3: calls 3,750
*** TURN *** [9c 9h 2s] [6s]
b2a55fa8: bets 7,937
897d3d3: calls 7,937
*** RIVER *** [9c 9h 2s 6s] [Kd]
b2a55fa8: checks
897d3d3: checks
b2a55fa8: shows [Tc Ah] (a pair of Nines)
897d3d3: shows [Ac 2d] (two pair, Nines and Twos)
*** SHOWDOWN ***
897d3d3 collected 39,924 from pot
*** SUMMARY ***
Total pot 39,924 | Rake 0 | Jackpot 0 | Bingo 0 | Fortune 0 | Tax 0
Board [9c 9h 2s 6s Kd]
Seat 1: Hero folded before Flop
Seat 2: be1de2f folded before Flop
Seat 3: 876ce831 (button) folded before Flop
Seat 4: 9a17ba81 (small blind) folded before Flop
Seat 5: 17ed51ed (big blind) folded before Flop
Seat 6: b2a55fa8 showed [Tc Ah] and lost with a pair of Nines
Seat 7: 897d3d3 showed [Ac 2d] and won (39,924) with two pair, Nines and Twos
Seat 8: 2278ea27 folded before Flop


Poker Hand #TM320633938: Tournament #208645365, Bounty Hunters Forty Stack $44 Hold'em No Limit - Level12(1,250/2,500) - 2025/05/31 20:15:50
Table '21' 8-max Seat #2 is the button
Seat 1: Hero (75,076 in chips)
Seat 2: be1de2f (112,127 in chips)
Seat 3: 876ce831 (121,055 in chips)
Seat 4: 9a17ba81 (117,235 in chips)
Seat 5: 17ed51ed (29,676 in chips)
Seat 6: b2a55fa8 (89,886 in chips)
Seat 7: 897d3d3 (98,790 in chips)
Seat 8: 2278ea27 (206,850 in chips)
b2a55fa8: posts the ante 350
2278ea27: posts the ante 350
897d3d3: posts the ante 350
17ed51ed: posts the ante 350
876ce831: posts the ante 350
Hero: posts the ante 350
be1de2f: posts the ante 350
9a17ba81: posts the ante 350
876ce831: posts small blind 1,250
9a17ba81: posts big blind 2,500
*** HOLE CARDS ***
Dealt to Hero [4h 7h]
Dealt to be1de2f 
Dealt to 876ce831 
Dealt to 9a17ba81 
Dealt to 17ed51ed 
Dealt to b2a55fa8 
Dealt to 897d3d3 
Dealt to 2278ea27 
17ed51ed: folds
b2a55fa8: folds
897d3d3: folds
2278ea27: folds
Hero: folds
be1de2f: raises 2,500 to 5,000
876ce831: folds
9a17ba81: calls 2,500
*** FLOP *** [6s 9s Ac]
9a17ba81: checks
be1de2f: bets 4,637
9a17ba81: folds
Uncalled bet (4,637) returned to be1de2f
*** SHOWDOWN ***
be1de2f collected 14,050 from pot
*** SUMMARY ***
Total pot 14,050 | Rake 0 | Jackpot 0 | Bingo 0 | Fortune 0 | Tax 0
Board [6s 9s Ac]
Seat 1: Hero folded before Flop
Seat 2: be1de2f (button) won (14,050)
Seat 3: 876ce831 (small blind) folded before Flop
Seat 4: 9a17ba81 (big blind) folded on the Flop
Seat 5: 17ed51ed folded before Flop
Seat 6: b2a55fa8 folded before Flop
Seat 7: 897d3d3 folded before Flop
Seat 8: 2278ea27 folded before Flop


Poker Hand #TM320633921: Tournament #208645365, Bounty Hunters Forty Stack $44 Hold'em No Limit - Level12(1,250/2,500) - 2025/05/31 20:14:52
Table '21' 8-max Seat #1 is the button
Seat 1: Hero (34,613 in chips)
Seat 2: be1de2f (113,727 in chips)
Seat 3: 876ce831 (123,905 in chips)
Seat 4: 9a17ba81 (117,585 in chips)
Seat 5: 17ed51ed (30,026 in chips)
Seat 6: b2a55fa8 (90,236 in chips)
Seat 7: 897d3d3 (133,403 in chips)
Seat 8: 2278ea27 (207,200 in chips)
b2a55fa8: posts the ante 350
2278ea27: posts the ante 350
897d3d3: posts the ante 350
17ed51ed: posts the ante 350
876ce831: posts the ante 350
Hero: posts the ante 350
9a17ba81: posts the ante 350
be1de2f: posts the ante 350
be1de2f: posts small blind 1,250
876ce831: posts big blind 2,500
*** HOLE CARDS ***
Dealt to Hero [6c 6s]
Dealt to be1de2f 
Dealt to 876ce831 
Dealt to 9a17ba81 
Dealt to 17ed51ed 
Dealt to b2a55fa8 
Dealt to 897d3d3 
Dealt to 2278ea27 
9a17ba81: folds
17ed51ed: folds
b2a55fa8: folds
897d3d3: raises 2,500 to 5,000
2278ea27: folds
Hero: raises 29,263 to 34,263
be1de2f: folds
876ce831: folds
897d3d3: calls 29,263
Hero: shows [6c 6s]
897d3d3: shows [8d Ts]
*** FLOP *** [6h 9s 3c]
*** TURN *** [6h 9s 3c] [Qh]
*** RIVER *** [6h 9s 3c Qh] [9c]
*** SHOWDOWN ***
Hero collected 75,076 from pot
*** SUMMARY ***
Total pot 75,076 | Rake 0 | Jackpot 0 | Bingo 0 | Fortune 0 | Tax 0
Board [6h 9s 3c Qh 9c]
Seat 1: Hero (button) showed [6c 6s] and won (75,076) with a full house, Sixes full of Nines
Seat 2: be1de2f (small blind) folded before Flop
Seat 3: 876ce831 (big blind) folded before Flop
Seat 4: 9a17ba81 folded before Flop
Seat 5: 17ed51ed folded before Flop
Seat 6: b2a55fa8 folded before Flop
Seat 7: 897d3d3 showed [8d Ts] and lost with a pair of Nines
Seat 8: 2278ea27 folded before Flop


Poker Hand #TM320633895: Tournament #208645365, Bounty Hunters Forty Stack $44 Hold'em No Limit - Level12(1,250/2,500) - 2025/05/31 20:13:43
Table '21' 8-max Seat #8 is the button
Seat 1: Hero (36,213 in chips)
Seat 2: be1de2f (116,577 in chips)
Seat 3: 876ce831 (124,255 in chips)
Seat 4: 9a17ba81 (117,935 in chips)
Seat 5: 17ed51ed (30,376 in chips)
Seat 6: b2a55fa8 (60,616 in chips)
Seat 7: 897d3d3 (133,753 in chips)
Seat 8: 25152e3e (23,770 in chips)
25152e3e: posts the ante 350
b2a55fa8: posts the ante 350
897d3d3: posts the ante 350
17ed51ed: posts the ante 350
876ce831: posts the ante 350
Hero: posts the ante 350
9a17ba81: posts the ante 350
be1de2f: posts the ante 350
Hero: posts small blind 1,250
be1de2f: posts big blind 2,500
*** HOLE CARDS ***
Dealt to Hero [8h 7d]
Dealt to be1de2f 
Dealt to 876ce831 
Dealt to 9a17ba81 
Dealt to 17ed51ed 
Dealt to b2a55fa8 
Dealt to 897d3d3 
Dealt to 25152e3e 
876ce831: folds
9a17ba81: folds
17ed51ed: folds
b2a55fa8: raises 2,500 to 5,000
897d3d3: folds
25152e3e: raises 18,420 to 23,420
Hero: folds
be1de2f: folds
b2a55fa8: calls 18,420
25152e3e: shows [Ac Ts]
b2a55fa8: shows [As 3d]
*** FLOP *** [Qh Qs 9s]
*** TURN *** [Qh Qs 9s] [3h]
*** RIVER *** [Qh Qs 9s 3h] [2s]
*** SHOWDOWN ***
b2a55fa8 collected 53,390 from pot
*** SUMMARY ***
Total pot 53,390 | Rake 0 | Jackpot 0 | Bingo 0 | Fortune 0 | Tax 0
Board [Qh Qs 9s 3h 2s]
Seat 1: Hero (small blind) folded before Flop
Seat 2: be1de2f (big blind) folded before Flop
Seat 3: 876ce831 folded before Flop
Seat 4: 9a17ba81 folded before Flop
Seat 5: 17ed51ed folded before Flop
Seat 6: b2a55fa8 showed [As 3d] and won (53,390) with two pair, Queens and Threes
Seat 7: 897d3d3 folded before Flop
Seat 8: 25152e3e (button) showed [Ac Ts] and lost with a pair of Queens


Poker Hand #TM320633881: Tournament #208645365, Bounty Hunters Forty Stack $44 Hold'em No Limit - Level12(1,250/2,500) - 2025/05/31 20:13:05
Table '21' 8-max Seat #7 is the button
Seat 1: Hero (39,063 in chips)
Seat 2: be1de2f (130,899 in chips)
Seat 3: 876ce831 (104,083 in chips)
Seat 4: 9a17ba81 (118,285 in chips)
Seat 5: 17ed51ed (30,726 in chips)
Seat 6: b2a55fa8 (60,966 in chips)
Seat 7: 897d3d3 (134,103 in chips)
Seat 8: 25152e3e (25,370 in chips)
25152e3e: posts the ante 350
b2a55fa8: posts the ante 350
897d3d3: posts the ante 350
17ed51ed: posts the ante 350
876ce831: posts the ante 350
Hero: posts the ante 350
9a17ba81: posts the ante 350
be1de2f: posts the ante 350
25152e3e: posts small blind 1,250
Hero: posts big blind 2,500
*** HOLE CARDS ***
Dealt to Hero [6d Tc]
Dealt to be1de2f 
Dealt to 876ce831 
Dealt to 9a17ba81 
Dealt to 17ed51ed 
Dealt to b2a55fa8 
Dealt to 897d3d3 
Dealt to 25152e3e 
be1de2f: raises 2,500 to 5,000
876ce831: raises 8,972 to 13,972
9a17ba81: folds
17ed51ed: folds
b2a55fa8: folds
897d3d3: folds
25152e3e: folds
Hero: folds
be1de2f: calls 8,972
*** FLOP *** [2h 8c 3c]
be1de2f: checks
876ce831: bets 8,279
be1de2f: folds
Uncalled bet (8,279) returned to 876ce831
*** SHOWDOWN ***
876ce831 collected 34,494 from pot
*** SUMMARY ***
Total pot 34,494 | Rake 0 | Jackpot 0 | Bingo 0 | Fortune 0 | Tax 0
Board [2h 8c 3c]
Seat 1: Hero (big blind) folded before Flop
Seat 2: be1de2f folded on the Flop
Seat 3: 876ce831 won (34,494)
Seat 4: 9a17ba81 folded before Flop
Seat 5: 17ed51ed folded before Flop
Seat 6: b2a55fa8 folded before Flop
Seat 7: 897d3d3 (button) folded before Flop
Seat 8: 25152e3e (small blind) folded before Flop


Poker Hand #TM320633861: Tournament #208645365, Bounty Hunters Forty Stack $44 Hold'em No Limit - Level12(1,250/2,500) - 2025/05/31 20:12:03
Table '21' 8-max Seat #6 is the button
Seat 1: Hero (39,413 in chips)
Seat 2: be1de2f (131,249 in chips)
Seat 3: 876ce831 (121,933 in chips)
Seat 4: 9a17ba81 (118,635 in chips)
Seat 5: 17ed51ed (31,076 in chips)
Seat 6: b2a55fa8 (61,316 in chips)
Seat 7: 897d3d3 (111,653 in chips)
Seat 8: 25152e3e (28,220 in chips)
25152e3e: posts the ante 350
b2a55fa8: posts the ante 350
897d3d3: posts the ante 350
17ed51ed: posts the ante 350
876ce831: posts the ante 350
Hero: posts the ante 350
9a17ba81: posts the ante 350
be1de2f: posts the ante 350
897d3d3: posts small blind 1,250
25152e3e: posts big blind 2,500
*** HOLE CARDS ***
Dealt to Hero [7h 2h]
Dealt to be1de2f 
Dealt to 876ce831 
Dealt to 9a17ba81 
Dealt to 17ed51ed 
Dealt to b2a55fa8 
Dealt to 897d3d3 
Dealt to 25152e3e 
Hero: folds
be1de2f: folds
876ce831: raises 2,500 to 5,000
9a17ba81: folds
17ed51ed: folds
b2a55fa8: folds
897d3d3: raises 12,500 to 17,500
25152e3e: folds
876ce831: calls 12,500
*** FLOP *** [Ac 7s Qd]
897d3d3: bets 13,750
876ce831: folds
Uncalled bet (13,750) returned to 897d3d3
*** SHOWDOWN ***
897d3d3 collected 40,300 from pot
*** SUMMARY ***
Total pot 40,300 | Rake 0 | Jackpot 0 | Bingo 0 | Fortune 0 | Tax 0
Board [Ac 7s Qd]
Seat 1: Hero folded before Flop
Seat 2: be1de2f folded before Flop
Seat 3: 876ce831 folded on the Flop
Seat 4: 9a17ba81 folded before Flop
Seat 5: 17ed51ed folded before Flop
Seat 6: b2a55fa8 (button) folded before Flop
Seat 7: 897d3d3 (small blind) won (40,300)
Seat 8: 25152e3e (big blind) folded before Flop


Poker Hand #TM320633852: Tournament #208645365, Bounty Hunters Forty Stack $44 Hold'em No Limit - Level12(1,250/2,500) - 2025/05/31 20:11:43
Table '21' 8-max Seat #5 is the button
Seat 1: Hero (33,213 in chips)
Seat 2: be1de2f (131,599 in chips)
Seat 3: 876ce831 (122,283 in chips)
Seat 4: 9a17ba81 (118,985 in chips)
Seat 5: 17ed51ed (31,426 in chips)
Seat 6: b2a55fa8 (62,916 in chips)
Seat 7: 897d3d3 (114,503 in chips)
Seat 8: 25152e3e (28,570 in chips)
25152e3e: posts the ante 350
b2a55fa8: posts the ante 350
897d3d3: posts the ante 350
17ed51ed: posts the ante 350
876ce831: posts the ante 350
Hero: posts the ante 350
9a17ba81: posts the ante 350
be1de2f: posts the ante 350
b2a55fa8: posts small blind 1,250
897d3d3: posts big blind 2,500
*** HOLE CARDS ***
Dealt to Hero [Ad Qd]
Dealt to be1de2f 
Dealt to 876ce831 
Dealt to 9a17ba81 
Dealt to 17ed51ed 
Dealt to b2a55fa8 
Dealt to 897d3d3 
Dealt to 25152e3e 
25152e3e: folds
Hero: raises 30,363 to 32,863
be1de2f: folds
876ce831: folds
9a17ba81: folds
17ed51ed: folds
b2a55fa8: folds
897d3d3: folds
Uncalled bet (30,363) returned to Hero
*** SHOWDOWN ***
Hero collected 9,050 from pot
*** SUMMARY ***
Total pot 9,050 | Rake 0 | Jackpot 0 | Bingo 0 | Fortune 0 | Tax 0
Seat 1: Hero collected (9,050)
Seat 2: be1de2f folded before Flop
Seat 3: 876ce831 folded before Flop
Seat 4: 9a17ba81 folded before Flop
Seat 5: 17ed51ed (button) folded before Flop
Seat 6: b2a55fa8 (small blind) folded before Flop
Seat 7: 897d3d3 (big blind) folded before Flop
Seat 8: 25152e3e folded before Flop


Poker Hand #TM320633837: Tournament #208645365, Bounty Hunters Forty Stack $44 Hold'em No Limit - Level12(1,250/2,500) - 2025/05/31 20:10:58
Table '21' 8-max Seat #4 is the button
Seat 1: Hero (33,563 in chips)
Seat 2: be1de2f (131,949 in chips)
Seat 3: 876ce831 (122,633 in chips)
Seat 4: 9a17ba81 (119,335 in chips)
Seat 5: 17ed51ed (33,026 in chips)
Seat 6: b2a55fa8 (50,466 in chips)
Seat 7: 897d3d3 (123,603 in chips)
Seat 8: 25152e3e (28,920 in chips)
25152e3e: posts the ante 350
b2a55fa8: posts the ante 350
897d3d3: posts the ante 350
17ed51ed: posts the ante 350
876ce831: posts the ante 350
Hero: posts the ante 350
9a17ba81: posts the ante 350
be1de2f: posts the ante 350
17ed51ed: posts small blind 1,250
b2a55fa8: posts big blind 2,500
*** HOLE CARDS ***
Dealt to Hero [9c 5h]
Dealt to be1de2f 
Dealt to 876ce831 
Dealt to 9a17ba81 
Dealt to 17ed51ed 
Dealt to b2a55fa8 
Dealt to 897d3d3 
Dealt to 25152e3e 
897d3d3: raises 2,500 to 5,000
25152e3e: folds
Hero: folds
be1de2f: folds
876ce831: folds
9a17ba81: folds
17ed51ed: folds
b2a55fa8: calls 2,500
*** FLOP *** [7s 6d 5c]
b2a55fa8: bets 3,750
897d3d3: calls 3,750
*** TURN *** [7s 6d 5c] [2s]
b2a55fa8: bets 8,750
897d3d3: folds
Uncalled bet (8,750) returned to b2a55fa8
*** SHOWDOWN ***
b2a55fa8 collected 21,550 from pot
*** SUMMARY ***
Total pot 21,550 | Rake 0 | Jackpot 0 | Bingo 0 | Fortune 0 | Tax 0
Board [7s 6d 5c 2s]
Seat 1: Hero folded before Flop
Seat 2: be1de2f folded before Flop
Seat 3: 876ce831 folded before Flop
Seat 4: 9a17ba81 (button) folded before Flop
Seat 5: 17ed51ed (small blind) folded before Flop
Seat 6: b2a55fa8 (big blind) won (21,550)
Seat 7: 897d3d3 folded on the Turn
Seat 8: 25152e3e folded before Flop


Poker Hand #TM320633802: Tournament #208645365, Bounty Hunters Forty Stack $44 Hold'em No Limit - Level11(1,000/2,000) - 2025/05/31 20:09:35
Table '21' 8-max Seat #3 is the button
Seat 1: Hero (33,863 in chips)
Seat 2: be1de2f (132,249 in chips)
Seat 3: 876ce831 (108,533 in chips)
Seat 4: 9a17ba81 (120,635 in chips)
Seat 5: 17ed51ed (35,326 in chips)
Seat 6: b2a55fa8 (50,766 in chips)
Seat 7: 897d3d3 (132,903 in chips)
Seat 8: 25152e3e (29,220 in chips)
25152e3e: posts the ante 300
b2a55fa8: posts the ante 300
897d3d3: posts the ante 300
17ed51ed: posts the ante 300
876ce831: posts the ante 300
Hero: posts the ante 300
be1de2f: posts the ante 300
9a17ba81: posts the ante 300
9a17ba81: posts small blind 1,000
17ed51ed: posts big blind 2,000
*** HOLE CARDS ***
Dealt to Hero [Kd 4s]
Dealt to be1de2f 
Dealt to 876ce831 
Dealt to 9a17ba81 
Dealt to 17ed51ed 
Dealt to b2a55fa8 
Dealt to 897d3d3 
Dealt to 25152e3e 
b2a55fa8: folds
897d3d3: raises 2,000 to 4,000
25152e3e: folds
Hero: folds
be1de2f: folds
876ce831: calls 4,000
9a17ba81: folds
17ed51ed: folds
*** FLOP *** [5c 7h 2d]
897d3d3: checks
876ce831: checks
*** TURN *** [5c 7h 2d] [5h]
897d3d3: bets 5,000
876ce831: calls 5,000
*** RIVER *** [5c 7h 2d 5h] [2c]
897d3d3: checks
876ce831: checks
897d3d3: shows [Ts 9d] (two pair, Fives and Twos)
876ce831: shows [Ah Jc] (two pair, Fives and Twos)
*** SHOWDOWN ***
876ce831 collected 23,400 from pot
*** SUMMARY ***
Total pot 23,400 | Rake 0 | Jackpot 0 | Bingo 0 | Fortune 0 | Tax 0
Board [5c 7h 2d 5h 2c]
Seat 1: Hero folded before Flop
Seat 2: be1de2f folded before Flop
Seat 3: 876ce831 (button) showed [Ah Jc] and won (23,400) with two pair, Fives and Twos
Seat 4: 9a17ba81 (small blind) folded before Flop
Seat 5: 17ed51ed (big blind) folded before Flop
Seat 6: b2a55fa8 folded before Flop
Seat 7: 897d3d3 showed [Ts 9d] and lost with two pair, Fives and Twos
Seat 8: 25152e3e folded before Flop


Poker Hand #TM320633781: Tournament #208645365, Bounty Hunters Forty Stack $44 Hold'em No Limit - Level11(1,000/2,000) - 2025/05/31 20:08:16
Table '21' 8-max Seat #2 is the button
Seat 1: Hero (34,163 in chips)
Seat 2: be1de2f (132,549 in chips)
Seat 3: 876ce831 (109,833 in chips)
Seat 4: 9a17ba81 (98,775 in chips)
Seat 5: 17ed51ed (45,006 in chips)
Seat 6: b2a55fa8 (51,066 in chips)
Seat 7: 897d3d3 (142,583 in chips)
Seat 8: 25152e3e (29,520 in chips)
25152e3e: posts the ante 300
b2a55fa8: posts the ante 300
897d3d3: posts the ante 300
17ed51ed: posts the ante 300
876ce831: posts the ante 300
Hero: posts the ante 300
be1de2f: posts the ante 300
9a17ba81: posts the ante 300
876ce831: posts small blind 1,000
9a17ba81: posts big blind 2,000
*** HOLE CARDS ***
Dealt to Hero [Qd Kc]
Dealt to be1de2f 
Dealt to 876ce831 
Dealt to 9a17ba81 
Dealt to 17ed51ed 
Dealt to b2a55fa8 
Dealt to 897d3d3 
Dealt to 25152e3e 
17ed51ed: raises 2,400 to 4,400
b2a55fa8: folds
897d3d3: calls 4,400
25152e3e: folds
Hero: folds
be1de2f: folds
876ce831: folds
9a17ba81: calls 2,400
*** FLOP *** [Kh Jc 8h]
9a17ba81: checks
17ed51ed: bets 4,980
897d3d3: calls 4,980
9a17ba81: calls 4,980
*** TURN *** [Kh Jc 8h] [4d]
9a17ba81: checks
17ed51ed: checks
897d3d3: checks
*** RIVER *** [Kh Jc 8h 4d] [5h]
9a17ba81: checks
17ed51ed: checks
897d3d3: checks
9a17ba81: shows [Jd Qh] (a pair of Jacks)
17ed51ed: shows [Ac Qc] (Ace high)
897d3d3: shows [Jh 9s] (a pair of Jacks)
*** SHOWDOWN ***
9a17ba81 collected 31,540 from pot
*** SUMMARY ***
Total pot 31,540 | Rake 0 | Jackpot 0 | Bingo 0 | Fortune 0 | Tax 0
Board [Kh Jc 8h 4d 5h]
Seat 1: Hero folded before Flop
Seat 2: be1de2f (button) folded before Flop
Seat 3: 876ce831 (small blind) folded before Flop
Seat 4: 9a17ba81 (big blind) showed [Jd Qh] and won (31,540) with a pair of Jacks
Seat 5: 17ed51ed showed [Ac Qc] and lost with Ace high
Seat 6: b2a55fa8 folded before Flop
Seat 7: 897d3d3 showed [Jh 9s] and lost with a pair of Jacks
Seat 8: 25152e3e folded before Flop


Poker Hand #TM320633769: Tournament #208645365, Bounty Hunters Forty Stack $44 Hold'em No Limit - Level11(1,000/2,000) - 2025/05/31 20:07:39
Table '21' 8-max Seat #1 is the button
Seat 1: Hero (34,463 in chips)
Seat 2: be1de2f (133,849 in chips)
Seat 3: 876ce831 (106,733 in chips)
Seat 4: 9a17ba81 (99,075 in chips)
Seat 5: 17ed51ed (45,306 in chips)
Seat 6: b2a55fa8 (51,366 in chips)
Seat 7: 897d3d3 (142,883 in chips)
Seat 8: 25152e3e (29,820 in chips)
25152e3e: posts the ante 300
b2a55fa8: posts the ante 300
897d3d3: posts the ante 300
17ed51ed: posts the ante 300
876ce831: posts the ante 300
Hero: posts the ante 300
9a17ba81: posts the ante 300
be1de2f: posts the ante 300
be1de2f: posts small blind 1,000
876ce831: posts big blind 2,000
*** HOLE CARDS ***
Dealt to Hero [5d 9s]
Dealt to be1de2f 
Dealt to 876ce831 
Dealt to 9a17ba81 
Dealt to 17ed51ed 
Dealt to b2a55fa8 
Dealt to 897d3d3 
Dealt to 25152e3e 
9a17ba81: folds
17ed51ed: folds
b2a55fa8: folds
897d3d3: folds
25152e3e: folds
Hero: folds
be1de2f: folds
Uncalled bet (1,000) returned to 876ce831
*** SHOWDOWN ***
876ce831 collected 4,400 from pot
*** SUMMARY ***
Total pot 4,400 | Rake 0 | Jackpot 0 | Bingo 0 | Fortune 0 | Tax 0
Seat 1: Hero (button) folded before Flop
Seat 2: be1de2f (small blind) folded before Flop
Seat 3: 876ce831 (big blind) collected (4,400)
Seat 4: 9a17ba81 folded before Flop
Seat 5: 17ed51ed folded before Flop
Seat 6: b2a55fa8 folded before Flop
Seat 7: 897d3d3 folded before Flop
Seat 8: 25152e3e folded before Flop


Poker Hand #TM320633749: Tournament #208645365, Bounty Hunters Forty Stack $44 Hold'em No Limit - Level11(1,000/2,000) - 2025/05/31 20:06:39
Table '21' 8-max Seat #8 is the button
Seat 1: Hero (35,763 in chips)
Seat 2: be1de2f (115,049 in chips)
Seat 3: 876ce831 (107,033 in chips)
Seat 4: 9a17ba81 (99,375 in chips)
Seat 5: 17ed51ed (45,606 in chips)
Seat 6: b2a55fa8 (67,366 in chips)
Seat 7: 897d3d3 (143,183 in chips)
Seat 8: 25152e3e (30,120 in chips)
25152e3e: posts the ante 300
b2a55fa8: posts the ante 300
897d3d3: posts the ante 300
17ed51ed: posts the ante 300
876ce831: posts the ante 300
Hero: posts the ante 300
9a17ba81: posts the ante 300
be1de2f: posts the ante 300
Hero: posts small blind 1,000
be1de2f: posts big blind 2,000
*** HOLE CARDS ***
Dealt to Hero [2h Qh]
Dealt to be1de2f 
Dealt to 876ce831 
Dealt to 9a17ba81 
Dealt to 17ed51ed 
Dealt to b2a55fa8 
Dealt to 897d3d3 
Dealt to 25152e3e 
876ce831: folds
9a17ba81: folds
17ed51ed: folds
b2a55fa8: raises 2,000 to 4,000
897d3d3: folds
25152e3e: folds
Hero: folds
be1de2f: calls 2,000
*** FLOP *** [9s 5d As]
be1de2f: checks
b2a55fa8: bets 3,000
be1de2f: calls 3,000
*** TURN *** [9s 5d As] [2d]
be1de2f: checks
b2a55fa8: bets 8,700
be1de2f: calls 8,700
*** RIVER *** [9s 5d As 2d] [Kd]
be1de2f: checks
b2a55fa8: checks
be1de2f: shows [8d Ac] (a pair of Aces)
b2a55fa8: shows [Td Th] (a pair of Tens)
*** SHOWDOWN ***
be1de2f collected 34,800 from pot
*** SUMMARY ***
Total pot 34,800 | Rake 0 | Jackpot 0 | Bingo 0 | Fortune 0 | Tax 0
Board [9s 5d As 2d Kd]
Seat 1: Hero (small blind) folded before Flop
Seat 2: be1de2f (big blind) showed [8d Ac] and won (34,800) with a pair of Aces
Seat 3: 876ce831 folded before Flop
Seat 4: 9a17ba81 folded before Flop
Seat 5: 17ed51ed folded before Flop
Seat 6: b2a55fa8 showed [Td Th] and lost with a pair of Tens
Seat 7: 897d3d3 folded before Flop
Seat 8: 25152e3e (button) folded before Flop


Poker Hand #TM320633738: Tournament #208645365, Bounty Hunters Forty Stack $44 Hold'em No Limit - Level11(1,000/2,000) - 2025/05/31 20:06:00
Table '21' 8-max Seat #7 is the button
Seat 1: Hero (38,063 in chips)
Seat 2: be1de2f (115,349 in chips)
Seat 3: 876ce831 (101,933 in chips)
Seat 4: 9a17ba81 (99,675 in chips)
Seat 5: 17ed51ed (45,906 in chips)
Seat 6: b2a55fa8 (67,666 in chips)
Seat 7: 897d3d3 (143,483 in chips)
Seat 8: 25152e3e (31,420 in chips)
25152e3e: posts the ante 300
b2a55fa8: posts the ante 300
897d3d3: posts the ante 300
17ed51ed: posts the ante 300
876ce831: posts the ante 300
Hero: posts the ante 300
9a17ba81: posts the ante 300
be1de2f: posts the ante 300
25152e3e: posts small blind 1,000
Hero: posts big blind 2,000
*** HOLE CARDS ***
Dealt to Hero [5d Ts]
Dealt to be1de2f 
Dealt to 876ce831 
Dealt to 9a17ba81 
Dealt to 17ed51ed 
Dealt to b2a55fa8 
Dealt to 897d3d3 
Dealt to 25152e3e 
be1de2f: folds
876ce831: raises 2,000 to 4,000
9a17ba81: folds
17ed51ed: folds
b2a55fa8: folds
897d3d3: folds
25152e3e: folds
Hero: folds
Uncalled bet (2,000) returned to 876ce831
*** SHOWDOWN ***
876ce831 collected 7,400 from pot
*** SUMMARY ***
Total pot 7,400 | Rake 0 | Jackpot 0 | Bingo 0 | Fortune 0 | Tax 0
Seat 1: Hero (big blind) folded before Flop
Seat 2: be1de2f folded before Flop
Seat 3: 876ce831 collected (7,400)
Seat 4: 9a17ba81 folded before Flop
Seat 5: 17ed51ed folded before Flop
Seat 6: b2a55fa8 folded before Flop
Seat 7: 897d3d3 (button) folded before Flop
Seat 8: 25152e3e (small blind) folded before Flop


Poker Hand #TM320633713: Tournament #208645365, Bounty Hunters Forty Stack $44 Hold'em No Limit - Level11(1,000/2,000) - 2025/05/31 20:04:59
Table '21' 8-max Seat #6 is the button
Seat 1: Hero (38,363 in chips)
Seat 2: be1de2f (115,649 in chips)
Seat 3: 876ce831 (102,233 in chips)
Seat 4: 9a17ba81 (92,575 in chips)
Seat 5: 17ed51ed (46,206 in chips)
Seat 6: b2a55fa8 (67,966 in chips)
Seat 7: 897d3d3 (144,783 in chips)
Seat 8: 25152e3e (35,720 in chips)
25152e3e: posts the ante 300
b2a55fa8: posts the ante 300
897d3d3: posts the ante 300
17ed51ed: posts the ante 300
876ce831: posts the ante 300
Hero: posts the ante 300
9a17ba81: posts the ante 300
be1de2f: posts the ante 300
897d3d3: posts small blind 1,000
25152e3e: posts big blind 2,000
*** HOLE CARDS ***
Dealt to Hero [4s 8s]
Dealt to be1de2f 
Dealt to 876ce831 
Dealt to 9a17ba81 
Dealt to 17ed51ed 
Dealt to b2a55fa8 
Dealt to 897d3d3 
Dealt to 25152e3e 
Hero: folds
be1de2f: folds
876ce831: folds
9a17ba81: raises 2,000 to 4,000
17ed51ed: folds
b2a55fa8: folds
897d3d3: folds
25152e3e: calls 2,000
*** FLOP *** [As 9d Kh]
25152e3e: checks
9a17ba81: bets 3,762
25152e3e: folds
Uncalled bet (3,762) returned to 9a17ba81
*** SHOWDOWN ***
9a17ba81 collected 11,400 from pot
*** SUMMARY ***
Total pot 11,400 | Rake 0 | Jackpot 0 | Bingo 0 | Fortune 0 | Tax 0
Board [As 9d Kh]
Seat 1: Hero folded before Flop
Seat 2: be1de2f folded before Flop
Seat 3: 876ce831 folded before Flop
Seat 4: 9a17ba81 won (11,400)
Seat 5: 17ed51ed folded before Flop
Seat 6: b2a55fa8 (button) folded before Flop
Seat 7: 897d3d3 (small blind) folded before Flop
Seat 8: 25152e3e (big blind) folded on the Flop


Poker Hand #TM320633700: Tournament #208645365, Bounty Hunters Forty Stack $44 Hold'em No Limit - Level11(1,000/2,000) - 2025/05/31 20:04:14
Table '21' 8-max Seat #5 is the button
Seat 1: Hero (38,663 in chips)
Seat 2: be1de2f (115,949 in chips)
Seat 3: 876ce831 (102,533 in chips)
Seat 4: 9a17ba81 (92,875 in chips)
Seat 5: 17ed51ed (46,506 in chips)
Seat 6: b2a55fa8 (60,866 in chips)
Seat 7: 897d3d3 (150,083 in chips)
Seat 8: 25152e3e (36,020 in chips)
25152e3e: posts the ante 300
b2a55fa8: posts the ante 300
897d3d3: posts the ante 300
17ed51ed: posts the ante 300
876ce831: posts the ante 300
Hero: posts the ante 300
9a17ba81: posts the ante 300
be1de2f: posts the ante 300
b2a55fa8: posts small blind 1,000
897d3d3: posts big blind 2,000
*** HOLE CARDS ***
Dealt to Hero [5h 7s]
Dealt to be1de2f 
Dealt to 876ce831 
Dealt to 9a17ba81 
Dealt to 17ed51ed 
Dealt to b2a55fa8 
Dealt to 897d3d3 
Dealt to 25152e3e 
25152e3e: folds
Hero: folds
be1de2f: folds
876ce831: folds
9a17ba81: folds
17ed51ed: folds
b2a55fa8: raises 3,000 to 5,000
897d3d3: calls 3,000
*** FLOP *** [6h 8h Kd]
b2a55fa8: bets 4,092
897d3d3: folds
Uncalled bet (4,092) returned to b2a55fa8
*** SHOWDOWN ***
b2a55fa8 collected 12,400 from pot
*** SUMMARY ***
Total pot 12,400 | Rake 0 | Jackpot 0 | Bingo 0 | Fortune 0 | Tax 0
Board [6h 8h Kd]
Seat 1: Hero folded before Flop
Seat 2: be1de2f folded before Flop
Seat 3: 876ce831 folded before Flop
Seat 4: 9a17ba81 folded before Flop
Seat 5: 17ed51ed (button) folded before Flop
Seat 6: b2a55fa8 (small blind) won (12,400)
Seat 7: 897d3d3 (big blind) folded on the Flop
Seat 8: 25152e3e folded before Flop


Poker Hand #TM320633692: Tournament #208645365, Bounty Hunters Forty Stack $44 Hold'em No Limit - Level11(1,000/2,000) - 2025/05/31 20:03:49
Table '21' 8-max Seat #4 is the button
Seat 1: Hero (38,963 in chips)
Seat 2: be1de2f (116,249 in chips)
Seat 3: 876ce831 (97,433 in chips)
Seat 4: 9a17ba81 (93,175 in chips)
Seat 5: 17ed51ed (47,806 in chips)
Seat 6: b2a55fa8 (63,166 in chips)
Seat 7: 897d3d3 (150,383 in chips)
Seat 8: 25152e3e (36,320 in chips)
25152e3e: posts the ante 300
b2a55fa8: posts the ante 300
897d3d3: posts the ante 300
17ed51ed: posts the ante 300
876ce831: posts the ante 300
Hero: posts the ante 300
9a17ba81: posts the ante 300
be1de2f: posts the ante 300
17ed51ed: posts small blind 1,000
b2a55fa8: posts big blind 2,000
*** HOLE CARDS ***
Dealt to Hero [Qh Js]
Dealt to be1de2f 
Dealt to 876ce831 
Dealt to 9a17ba81 
Dealt to 17ed51ed 
Dealt to b2a55fa8 
Dealt to 897d3d3 
Dealt to 25152e3e 
897d3d3: folds
25152e3e: folds
Hero: folds
be1de2f: folds
876ce831: raises 2,000 to 4,000
9a17ba81: folds
17ed51ed: folds
b2a55fa8: folds
Uncalled bet (2,000) returned to 876ce831
*** SHOWDOWN ***
876ce831 collected 7,400 from pot
*** SUMMARY ***
Total pot 7,400 | Rake 0 | Jackpot 0 | Bingo 0 | Fortune 0 | Tax 0
Seat 1: Hero folded before Flop
Seat 2: be1de2f folded before Flop
Seat 3: 876ce831 collected (7,400)
Seat 4: 9a17ba81 (button) folded before Flop
Seat 5: 17ed51ed (small blind) folded before Flop
Seat 6: b2a55fa8 (big blind) folded before Flop
Seat 7: 897d3d3 folded before Flop
Seat 8: 25152e3e folded before Flop


Poker Hand #TM320633674: Tournament #208645365, Bounty Hunters Forty Stack $44 Hold'em No Limit - Level11(1,000/2,000) - 2025/05/31 20:02:52
Table '21' 8-max Seat #3 is the button
Seat 1: Hero (39,263 in chips)
Seat 2: be1de2f (116,549 in chips)
Seat 3: 876ce831 (101,733 in chips)
Seat 4: 9a17ba81 (85,075 in chips)
Seat 5: 17ed51ed (50,106 in chips)
Seat 6: b2a55fa8 (63,466 in chips)
Seat 7: 897d3d3 (150,683 in chips)
Seat 8: 25152e3e (36,620 in chips)
25152e3e: posts the ante 300
b2a55fa8: posts the ante 300
897d3d3: posts the ante 300
17ed51ed: posts the ante 300
876ce831: posts the ante 300
Hero: posts the ante 300
be1de2f: posts the ante 300
9a17ba81: posts the ante 300
9a17ba81: posts small blind 1,000
17ed51ed: posts big blind 2,000
*** HOLE CARDS ***
Dealt to Hero [2h Ks]
Dealt to be1de2f 
Dealt to 876ce831 
Dealt to 9a17ba81 
Dealt to 17ed51ed 
Dealt to b2a55fa8 
Dealt to 897d3d3 
Dealt to 25152e3e 
b2a55fa8: folds
897d3d3: folds
25152e3e: folds
Hero: folds
be1de2f: folds
876ce831: raises 2,000 to 4,000
9a17ba81: raises 12,000 to 16,000
17ed51ed: folds
876ce831: folds
Uncalled bet (12,000) returned to 9a17ba81
*** SHOWDOWN ***
9a17ba81 collected 12,400 from pot
*** SUMMARY ***
Total pot 12,400 | Rake 0 | Jackpot 0 | Bingo 0 | Fortune 0 | Tax 0
Seat 1: Hero folded before Flop
Seat 2: be1de2f folded before Flop
Seat 3: 876ce831 (button) folded before Flop
Seat 4: 9a17ba81 (small blind) collected (12,400)
Seat 5: 17ed51ed (big blind) folded before Flop
Seat 6: b2a55fa8 folded before Flop
Seat 7: 897d3d3 folded before Flop
Seat 8: 25152e3e folded before Flop


Poker Hand #TM320633663: Tournament #208645365, Bounty Hunters Forty Stack $44 Hold'em No Limit - Level11(1,000/2,000) - 2025/05/31 20:02:03
Table '21' 8-max Seat #2 is the button
Seat 1: Hero (39,563 in chips)
Seat 2: be1de2f (116,849 in chips)
Seat 3: 876ce831 (97,633 in chips)
Seat 4: 9a17ba81 (87,375 in chips)
Seat 5: 17ed51ed (50,406 in chips)
Seat 6: b2a55fa8 (63,766 in chips)
Seat 7: 897d3d3 (150,983 in chips)
Seat 8: 25152e3e (36,920 in chips)
25152e3e: posts the ante 300
b2a55fa8: posts the ante 300
897d3d3: posts the ante 300
17ed51ed: posts the ante 300
876ce831: posts the ante 300
Hero: posts the ante 300
be1de2f: posts the ante 300
9a17ba81: posts the ante 300
876ce831: posts small blind 1,000
9a17ba81: posts big blind 2,000
*** HOLE CARDS ***
Dealt to Hero [6d 9d]
Dealt to be1de2f 
Dealt to 876ce831 
Dealt to 9a17ba81 
Dealt to 17ed51ed 
Dealt to b2a55fa8 
Dealt to 897d3d3 
Dealt to 25152e3e 
17ed51ed: folds
b2a55fa8: folds
897d3d3: folds
25152e3e: folds
Hero: folds
be1de2f: folds
876ce831: raises 5,000 to 7,000
9a17ba81: folds
Uncalled bet (5,000) returned to 876ce831
*** SHOWDOWN ***
876ce831 collected 6,400 from pot
*** SUMMARY ***
Total pot 6,400 | Rake 0 | Jackpot 0 | Bingo 0 | Fortune 0 | Tax 0
Seat 1: Hero folded before Flop
Seat 2: be1de2f (button) folded before Flop
Seat 3: 876ce831 (small blind) collected (6,400)
Seat 4: 9a17ba81 (big blind) folded before Flop
Seat 5: 17ed51ed folded before Flop
Seat 6: b2a55fa8 folded before Flop
Seat 7: 897d3d3 folded before Flop
Seat 8: 25152e3e folded before Flop


Poker Hand #TM320633642: Tournament #208645365, Bounty Hunters Forty Stack $44 Hold'em No Limit - Level11(1,000/2,000) - 2025/05/31 19:54:55
Table '21' 8-max Seat #1 is the button
Seat 1: Hero (39,863 in chips)
Seat 2: be1de2f (124,141 in chips)
Seat 3: 876ce831 (88,541 in chips)
Seat 4: 9a17ba81 (87,675 in chips)
Seat 5: 17ed51ed (50,706 in chips)
Seat 6: b2a55fa8 (64,066 in chips)
Seat 7: 897d3d3 (151,283 in chips)
Seat 8: 25152e3e (37,220 in chips)
25152e3e: posts the ante 300
b2a55fa8: posts the ante 300
897d3d3: posts the ante 300
17ed51ed: posts the ante 300
876ce831: posts the ante 300
Hero: posts the ante 300
9a17ba81: posts the ante 300
be1de2f: posts the ante 300
be1de2f: posts small blind 1,000
876ce831: posts big blind 2,000
*** HOLE CARDS ***
Dealt to Hero [Kc 3s]
Dealt to be1de2f 
Dealt to 876ce831 
Dealt to 9a17ba81 
Dealt to 17ed51ed 
Dealt to b2a55fa8 
Dealt to 897d3d3 
Dealt to 25152e3e 
9a17ba81: folds
17ed51ed: folds
b2a55fa8: folds
897d3d3: folds
25152e3e: folds
Hero: folds
be1de2f: calls 1,000
876ce831: raises 4,992 to 6,992
be1de2f: calls 4,992
*** FLOP *** [7h Jc 8h]
be1de2f: checks
876ce831: bets 8,192
be1de2f: folds
Uncalled bet (8,192) returned to 876ce831
*** SHOWDOWN ***
876ce831 collected 16,384 from pot
*** SUMMARY ***
Total pot 16,384 | Rake 0 | Jackpot 0 | Bingo 0 | Fortune 0 | Tax 0
Board [7h Jc 8h]
Seat 1: Hero (button) folded before Flop
Seat 2: be1de2f (small blind) folded on the Flop
Seat 3: 876ce831 (big blind) won (16,384)
Seat 4: 9a17ba81 folded before Flop
Seat 5: 17ed51ed folded before Flop
Seat 6: b2a55fa8 folded before Flop
Seat 7: 897d3d3 folded before Flop
Seat 8: 25152e3e folded before Flop


Poker Hand #TM320633621: Tournament #208645365, Bounty Hunters Forty Stack $44 Hold'em No Limit - Level11(1,000/2,000) - 2025/05/31 19:54:04
Table '21' 8-max Seat #8 is the button
Seat 1: Hero (41,163 in chips)
Seat 2: be1de2f (126,441 in chips)
Seat 3: 876ce831 (88,841 in chips)
Seat 4: 9a17ba81 (69,575 in chips)
Seat 5: 17ed51ed (51,006 in chips)
Seat 6: b2a55fa8 (77,366 in chips)
Seat 7: 897d3d3 (151,583 in chips)
Seat 8: 25152e3e (37,520 in chips)
25152e3e: posts the ante 300
b2a55fa8: posts the ante 300
897d3d3: posts the ante 300
17ed51ed: posts the ante 300
876ce831: posts the ante 300
Hero: posts the ante 300
9a17ba81: posts the ante 300
be1de2f: posts the ante 300
Hero: posts small blind 1,000
be1de2f: posts big blind 2,000
*** HOLE CARDS ***
Dealt to Hero [4c 5s]
Dealt to be1de2f 
Dealt to 876ce831 
Dealt to 9a17ba81 
Dealt to 17ed51ed 
Dealt to b2a55fa8 
Dealt to 897d3d3 
Dealt to 25152e3e 
876ce831: folds
9a17ba81: raises 2,000 to 4,000
17ed51ed: folds
b2a55fa8: raises 9,000 to 13,000
897d3d3: folds
25152e3e: folds
Hero: folds
be1de2f: folds
9a17ba81: raises 56,275 to 69,275
b2a55fa8: folds
Uncalled bet (56,275) returned to 9a17ba81
*** SHOWDOWN ***
9a17ba81 collected 31,400 from pot
*** SUMMARY ***
Total pot 31,400 | Rake 0 | Jackpot 0 | Bingo 0 | Fortune 0 | Tax 0
Seat 1: Hero (small blind) folded before Flop
Seat 2: be1de2f (big blind) folded before Flop
Seat 3: 876ce831 folded before Flop
Seat 4: 9a17ba81 collected (31,400)
Seat 5: 17ed51ed folded before Flop
Seat 6: b2a55fa8 folded before Flop
Seat 7: 897d3d3 folded before Flop
Seat 8: 25152e3e (button) folded before Flop


Poker Hand #TM320633601: Tournament #208645365, Bounty Hunters Forty Stack $44 Hold'em No Limit - Level11(1,000/2,000) - 2025/05/31 19:53:12
Table '21' 8-max Seat #7 is the button
Seat 1: Hero (59,023 in chips)
Seat 2: be1de2f (126,741 in chips)
Seat 3: 876ce831 (89,141 in chips)
Seat 4: 9a17ba81 (69,875 in chips)
Seat 5: 17ed51ed (51,306 in chips)
Seat 6: b2a55fa8 (77,666 in chips)
Seat 7: 897d3d3 (151,883 in chips)
Seat 8: 25152e3e (17,860 in chips)
25152e3e: posts the ante 300
b2a55fa8: posts the ante 300
897d3d3: posts the ante 300
17ed51ed: posts the ante 300
876ce831: posts the ante 300
Hero: posts the ante 300
9a17ba81: posts the ante 300
be1de2f: posts the ante 300
25152e3e: posts small blind 1,000
Hero: posts big blind 2,000
*** HOLE CARDS ***
Dealt to Hero [3d Js]
Dealt to be1de2f 
Dealt to 876ce831 
Dealt to 9a17ba81 
Dealt to 17ed51ed 
Dealt to b2a55fa8 
Dealt to 897d3d3 
Dealt to 25152e3e 
be1de2f: folds
876ce831: folds
9a17ba81: folds
17ed51ed: folds
b2a55fa8: folds
897d3d3: folds
25152e3e: raises 15,560 to 17,560
Hero: calls 15,560
25152e3e: shows [Ah Jh]
Hero: shows [3d Js]
*** FLOP *** [5d Ac Ks]
*** TURN *** [5d Ac Ks] [7d]
*** RIVER *** [5d Ac Ks 7d] [2c]
*** SHOWDOWN ***
25152e3e collected 37,520 from pot
*** SUMMARY ***
Total pot 37,520 | Rake 0 | Jackpot 0 | Bingo 0 | Fortune 0 | Tax 0
Board [5d Ac Ks 7d 2c]
Seat 1: Hero (big blind) showed [3d Js] and lost with Ace high
Seat 2: be1de2f folded before Flop
Seat 3: 876ce831 folded before Flop
Seat 4: 9a17ba81 folded before Flop
Seat 5: 17ed51ed folded before Flop
Seat 6: b2a55fa8 folded before Flop
Seat 7: 897d3d3 (button) folded before Flop
Seat 8: 25152e3e (small blind) showed [Ah Jh] and won (37,520) with a pair of Aces


Poker Hand #TM320633563: Tournament #208645365, Bounty Hunters Forty Stack $44 Hold'em No Limit - Level11(1,000/2,000) - 2025/05/31 19:51:34
Table '21' 8-max Seat #6 is the button
Seat 1: Hero (59,323 in chips)
Seat 2: be1de2f (127,041 in chips)
Seat 3: 876ce831 (71,041 in chips)
Seat 4: 9a17ba81 (70,175 in chips)
Seat 5: 17ed51ed (51,606 in chips)
Seat 6: b2a55fa8 (77,966 in chips)
Seat 7: 897d3d3 (166,183 in chips)
Seat 8: 25152e3e (20,160 in chips)
25152e3e: posts the ante 300
b2a55fa8: posts the ante 300
897d3d3: posts the ante 300
17ed51ed: posts the ante 300
876ce831: posts the ante 300
Hero: posts the ante 300
9a17ba81: posts the ante 300
be1de2f: posts the ante 300
897d3d3: posts small blind 1,000
25152e3e: posts big blind 2,000
*** HOLE CARDS ***
Dealt to Hero [9d 8s]
Dealt to be1de2f 
Dealt to 876ce831 
Dealt to 9a17ba81 
Dealt to 17ed51ed 
Dealt to b2a55fa8 
Dealt to 897d3d3 
Dealt to 25152e3e 
Hero: folds
be1de2f: folds
876ce831: raises 2,000 to 4,000
9a17ba81: folds
17ed51ed: folds
b2a55fa8: folds
897d3d3: raises 10,000 to 14,000
25152e3e: folds
876ce831: calls 10,000
*** FLOP *** [8d 9h 3s]
897d3d3: checks
876ce831: checks
*** TURN *** [8d 9h 3s] [Kd]
897d3d3: checks
876ce831: checks
*** RIVER *** [8d 9h 3s Kd] [9c]
897d3d3: checks
876ce831: bets 16,200
897d3d3: folds
Uncalled bet (16,200) returned to 876ce831
*** SHOWDOWN ***
876ce831 collected 32,400 from pot
*** SUMMARY ***
Total pot 32,400 | Rake 0 | Jackpot 0 | Bingo 0 | Fortune 0 | Tax 0
Board [8d 9h 3s Kd 9c]
Seat 1: Hero folded before Flop
Seat 2: be1de2f folded before Flop
Seat 3: 876ce831 won (32,400)
Seat 4: 9a17ba81 folded before Flop
Seat 5: 17ed51ed folded before Flop
Seat 6: b2a55fa8 (button) folded before Flop
Seat 7: 897d3d3 (small blind) folded on the River
Seat 8: 25152e3e (big blind) folded before Flop


Poker Hand #TM320633542: Tournament #208645365, Bounty Hunters Forty Stack $44 Hold'em No Limit - Level10(800/1,600) - 2025/05/31 19:50:42
Table '21' 8-max Seat #5 is the button
Seat 1: Hero (59,573 in chips)
Seat 2: be1de2f (127,291 in chips)
Seat 3: 876ce831 (71,291 in chips)
Seat 4: 9a17ba81 (70,425 in chips)
Seat 5: 17ed51ed (51,856 in chips)
Seat 6: b2a55fa8 (79,016 in chips)
Seat 7: 897d3d3 (160,273 in chips)
Seat 8: 25152e3e (23,770 in chips)
25152e3e: posts the ante 250
b2a55fa8: posts the ante 250
897d3d3: posts the ante 250
17ed51ed: posts the ante 250
876ce831: posts the ante 250
Hero: posts the ante 250
9a17ba81: posts the ante 250
be1de2f: posts the ante 250
b2a55fa8: posts small blind 800
897d3d3: posts big blind 1,600
*** HOLE CARDS ***
Dealt to Hero [Th 7h]
Dealt to be1de2f 
Dealt to 876ce831 
Dealt to 9a17ba81 
Dealt to 17ed51ed 
Dealt to b2a55fa8 
Dealt to 897d3d3 
Dealt to 25152e3e 
25152e3e: raises 1,760 to 3,360
Hero: folds
be1de2f: folds
876ce831: folds
9a17ba81: folds
17ed51ed: folds
b2a55fa8: folds
897d3d3: raises 156,663 to 160,023
25152e3e: folds
Uncalled bet (156,663) returned to 897d3d3
*** SHOWDOWN ***
897d3d3 collected 9,520 from pot
*** SUMMARY ***
Total pot 9,520 | Rake 0 | Jackpot 0 | Bingo 0 | Fortune 0 | Tax 0
Seat 1: Hero folded before Flop
Seat 2: be1de2f folded before Flop
Seat 3: 876ce831 folded before Flop
Seat 4: 9a17ba81 folded before Flop
Seat 5: 17ed51ed (button) folded before Flop
Seat 6: b2a55fa8 (small blind) folded before Flop
Seat 7: 897d3d3 (big blind) collected (9,520)
Seat 8: 25152e3e folded before Flop


Poker Hand #TM320633526: Tournament #208645365, Bounty Hunters Forty Stack $44 Hold'em No Limit - Level10(800/1,600) - 2025/05/31 19:50:03
Table '21' 8-max Seat #4 is the button
Seat 1: Hero (59,823 in chips)
Seat 2: be1de2f (127,541 in chips)
Seat 3: 876ce831 (71,541 in chips)
Seat 4: 9a17ba81 (70,675 in chips)
Seat 5: 17ed51ed (53,706 in chips)
Seat 6: b2a55fa8 (75,666 in chips)
Seat 7: 897d3d3 (160,523 in chips)
Seat 8: 25152e3e (24,020 in chips)
25152e3e: posts the ante 250
b2a55fa8: posts the ante 250
897d3d3: posts the ante 250
17ed51ed: posts the ante 250
876ce831: posts the ante 250
Hero: posts the ante 250
9a17ba81: posts the ante 250
be1de2f: posts the ante 250
17ed51ed: posts small blind 800
b2a55fa8: posts big blind 1,600
*** HOLE CARDS ***
Dealt to Hero [Jc 7s]
Dealt to be1de2f 
Dealt to 876ce831 
Dealt to 9a17ba81 
Dealt to 17ed51ed 
Dealt to b2a55fa8 
Dealt to 897d3d3 
Dealt to 25152e3e 
897d3d3: folds
25152e3e: folds
Hero: folds
be1de2f: folds
876ce831: folds
9a17ba81: folds
17ed51ed: calls 800
b2a55fa8: raises 6,400 to 8,000
17ed51ed: folds
Uncalled bet (6,400) returned to b2a55fa8
*** SHOWDOWN ***
b2a55fa8 collected 5,200 from pot
*** SUMMARY ***
Total pot 5,200 | Rake 0 | Jackpot 0 | Bingo 0 | Fortune 0 | Tax 0
Seat 1: Hero folded before Flop
Seat 2: be1de2f folded before Flop
Seat 3: 876ce831 folded before Flop
Seat 4: 9a17ba81 (button) folded before Flop
Seat 5: 17ed51ed (small blind) folded before Flop
Seat 6: b2a55fa8 (big blind) collected (5,200)
Seat 7: 897d3d3 folded before Flop
Seat 8: 25152e3e folded before Flop


Poker Hand #TM320633500: Tournament #208645365, Bounty Hunters Forty Stack $44 Hold'em No Limit - Level10(800/1,600) - 2025/05/31 19:49:09
Table '21' 8-max Seat #3 is the button
Seat 1: Hero (60,073 in chips)
Seat 2: be1de2f (120,191 in chips)
Seat 3: 876ce831 (71,791 in chips)
Seat 4: 9a17ba81 (71,725 in chips)
Seat 5: 17ed51ed (55,556 in chips)
Seat 6: b2a55fa8 (75,916 in chips)
Seat 7: 897d3d3 (163,973 in chips)
Seat 8: 25152e3e (24,270 in chips)
25152e3e: posts the ante 250
b2a55fa8: posts the ante 250
897d3d3: posts the ante 250
17ed51ed: posts the ante 250
876ce831: posts the ante 250
Hero: posts the ante 250
be1de2f: posts the ante 250
9a17ba81: posts the ante 250
9a17ba81: posts small blind 800
17ed51ed: posts big blind 1,600
*** HOLE CARDS ***
Dealt to Hero [6c 4s]
Dealt to be1de2f 
Dealt to 876ce831 
Dealt to 9a17ba81 
Dealt to 17ed51ed 
Dealt to b2a55fa8 
Dealt to 897d3d3 
Dealt to 25152e3e 
b2a55fa8: folds
897d3d3: raises 1,600 to 3,200
25152e3e: folds
Hero: folds
be1de2f: calls 3,200
876ce831: folds
9a17ba81: folds
17ed51ed: folds
*** FLOP *** [Jh 5c 2c]
897d3d3: checks
be1de2f: checks
*** TURN *** [Jh 5c 2c] [9h]
897d3d3: checks
be1de2f: checks
*** RIVER *** [Jh 5c 2c 9h] [Tc]
897d3d3: checks
be1de2f: checks
897d3d3: shows [8h Ac] (Ace high)
be1de2f: shows [Ad 5d] (a pair of Fives)
*** SHOWDOWN ***
be1de2f collected 10,800 from pot
*** SUMMARY ***
Total pot 10,800 | Rake 0 | Jackpot 0 | Bingo 0 | Fortune 0 | Tax 0
Board [Jh 5c 2c 9h Tc]
Seat 1: Hero folded before Flop
Seat 2: be1de2f showed [Ad 5d] and won (10,800) with a pair of Fives
Seat 3: 876ce831 (button) folded before Flop
Seat 4: 9a17ba81 (small blind) folded before Flop
Seat 5: 17ed51ed (big blind) folded before Flop
Seat 6: b2a55fa8 folded before Flop
Seat 7: 897d3d3 showed [8h Ac] and lost with Ace high
Seat 8: 25152e3e folded before Flop


Poker Hand #TM320633469: Tournament #208645365, Bounty Hunters Forty Stack $44 Hold'em No Limit - Level10(800/1,600) - 2025/05/31 19:47:52
Table '21' 8-max Seat #2 is the button
Seat 1: Hero (60,323 in chips)
Seat 2: be1de2f (84,153 in chips)
Seat 3: 876ce831 (72,841 in chips)
Seat 4: 9a17ba81 (81,250 in chips)
Seat 5: 17ed51ed (55,806 in chips)
Seat 6: b2a55fa8 (76,166 in chips)
Seat 7: 897d3d3 (188,686 in chips)
b2a55fa8: posts the ante 250
897d3d3: posts the ante 250
17ed51ed: posts the ante 250
876ce831: posts the ante 250
Hero: posts the ante 250
be1de2f: posts the ante 250
9a17ba81: posts the ante 250
876ce831: posts small blind 800
9a17ba81: posts big blind 1,600
*** HOLE CARDS ***
Dealt to Hero [Kd 6s]
Dealt to be1de2f 
Dealt to 876ce831 
Dealt to 9a17ba81 
Dealt to 17ed51ed 
Dealt to b2a55fa8 
Dealt to 897d3d3 
17ed51ed: folds
b2a55fa8: folds
897d3d3: raises 1,600 to 3,200
Hero: folds
be1de2f: calls 3,200
876ce831: folds
9a17ba81: calls 1,600
*** FLOP *** [3s 5s 4s]
9a17ba81: checks
897d3d3: checks
be1de2f: checks
*** TURN *** [3s 5s 4s] [9c]
9a17ba81: bets 6,075
897d3d3: calls 6,075
be1de2f: calls 6,075
*** RIVER *** [3s 5s 4s 9c] [Ah]
9a17ba81: checks
897d3d3: checks
be1de2f: bets 15,188
9a17ba81: folds
897d3d3: calls 15,188
be1de2f: shows [9s 9d] (three of a kind, Nines)
897d3d3: shows [Ad 6d] (a pair of Aces)
*** SHOWDOWN ***
be1de2f collected 60,751 from pot
*** SUMMARY ***
Total pot 60,751 | Rake 0 | Jackpot 0 | Bingo 0 | Fortune 0 | Tax 0
Board [3s 5s 4s 9c Ah]
Seat 1: Hero folded before Flop
Seat 2: be1de2f (button) showed [9s 9d] and won (60,751) with three of a kind, Nines
Seat 3: 876ce831 (small blind) folded before Flop
Seat 4: 9a17ba81 (big blind) folded on the River
Seat 5: 17ed51ed folded before Flop
Seat 6: b2a55fa8 folded before Flop
Seat 7: 897d3d3 showed [Ad 6d] and lost with a pair of Aces


Poker Hand #TM320633459: Tournament #208645365, Bounty Hunters Forty Stack $44 Hold'em No Limit - Level10(800/1,600) - 2025/05/31 19:47:31
Table '21' 8-max Seat #1 is the button
Seat 1: Hero (60,573 in chips)
Seat 2: be1de2f (85,203 in chips)
Seat 3: 876ce831 (74,691 in chips)
Seat 4: 9a17ba81 (81,500 in chips)
Seat 5: 17ed51ed (56,056 in chips)
Seat 6: b2a55fa8 (72,266 in chips)
Seat 7: 897d3d3 (188,936 in chips)
b2a55fa8: posts the ante 250
897d3d3: posts the ante 250
17ed51ed: posts the ante 250
876ce831: posts the ante 250
Hero: posts the ante 250
9a17ba81: posts the ante 250
be1de2f: posts the ante 250
be1de2f: posts small blind 800
876ce831: posts big blind 1,600
*** HOLE CARDS ***
Dealt to Hero [9c 4c]
Dealt to be1de2f 
Dealt to 876ce831 
Dealt to 9a17ba81 
Dealt to 17ed51ed 
Dealt to b2a55fa8 
Dealt to 897d3d3 
9a17ba81: folds
17ed51ed: folds
b2a55fa8: raises 1,600 to 3,200
897d3d3: folds
Hero: folds
be1de2f: folds
876ce831: folds
Uncalled bet (1,600) returned to b2a55fa8
*** SHOWDOWN ***
b2a55fa8 collected 5,750 from pot
*** SUMMARY ***
Total pot 5,750 | Rake 0 | Jackpot 0 | Bingo 0 | Fortune 0 | Tax 0
Seat 1: Hero (button) folded before Flop
Seat 2: be1de2f (small blind) folded before Flop
Seat 3: 876ce831 (big blind) folded before Flop
Seat 4: 9a17ba81 folded before Flop
Seat 5: 17ed51ed folded before Flop
Seat 6: b2a55fa8 collected (5,750)
Seat 7: 897d3d3 folded before Flop


Poker Hand #TM320633439: Tournament #208645365, Bounty Hunters Forty Stack $44 Hold'em No Limit - Level10(800/1,600) - 2025/05/31 19:46:42
Table '21' 8-max Seat #8 is the button
Seat 1: Hero (39,755 in chips)
Seat 2: be1de2f (87,053 in chips)
Seat 3: 876ce831 (74,941 in chips)
Seat 4: 9a17ba81 (81,750 in chips)
Seat 5: 17ed51ed (56,306 in chips)
Seat 6: b2a55fa8 (72,516 in chips)
Seat 7: 897d3d3 (189,186 in chips)
Seat 8: 58689ef (17,718 in chips)
b2a55fa8: posts the ante 250
897d3d3: posts the ante 250
17ed51ed: posts the ante 250
876ce831: posts the ante 250
58689ef: posts the ante 250
Hero: posts the ante 250
9a17ba81: posts the ante 250
be1de2f: posts the ante 250
Hero: posts small blind 800
be1de2f: posts big blind 1,600
*** HOLE CARDS ***
Dealt to Hero [Ad 5d]
Dealt to be1de2f 
Dealt to 876ce831 
Dealt to 9a17ba81 
Dealt to 17ed51ed 
Dealt to b2a55fa8 
Dealt to 897d3d3 
Dealt to 58689ef 
876ce831: folds
9a17ba81: folds
17ed51ed: folds
b2a55fa8: folds
897d3d3: folds
58689ef: raises 15,868 to 17,468
Hero: raises 22,037 to 39,505
be1de2f: folds
Uncalled bet (22,037) returned to Hero
Hero: shows [Ad 5d]
58689ef: shows [As 4d]
*** FLOP *** [5c Ah 5h]
*** TURN *** [5c Ah 5h] [2s]
*** RIVER *** [5c Ah 5h 2s] [8c]
*** SHOWDOWN ***
Hero collected 38,536 from pot
*** SUMMARY ***
Total pot 38,536 | Rake 0 | Jackpot 0 | Bingo 0 | Fortune 0 | Tax 0
Board [5c Ah 5h 2s 8c]
Seat 1: Hero (small blind) showed [Ad 5d] and won (38,536) with a full house, Fives full of Aces
Seat 2: be1de2f (big blind) folded before Flop
Seat 3: 876ce831 folded before Flop
Seat 4: 9a17ba81 folded before Flop
Seat 5: 17ed51ed folded before Flop
Seat 6: b2a55fa8 folded before Flop
Seat 7: 897d3d3 folded before Flop
Seat 8: 58689ef (button) showed [As 4d] and lost with two pair, Aces and Fives


Poker Hand #TM320633426: Tournament #208645365, Bounty Hunters Forty Stack $44 Hold'em No Limit - Level10(800/1,600) - 2025/05/31 19:46:13
Table '21' 8-max Seat #7 is the button
Seat 1: Hero (41,605 in chips)
Seat 2: be1de2f (87,303 in chips)
Seat 3: 876ce831 (75,191 in chips)
Seat 4: 9a17ba81 (82,000 in chips)
Seat 5: 17ed51ed (56,556 in chips)
Seat 6: b2a55fa8 (72,766 in chips)
Seat 7: 897d3d3 (185,036 in chips)
Seat 8: 58689ef (18,768 in chips)
b2a55fa8: posts the ante 250
897d3d3: posts the ante 250
17ed51ed: posts the ante 250
876ce831: posts the ante 250
58689ef: posts the ante 250
Hero: posts the ante 250
9a17ba81: posts the ante 250
be1de2f: posts the ante 250
58689ef: posts small blind 800
Hero: posts big blind 1,600
*** HOLE CARDS ***
Dealt to Hero [3s 2d]
Dealt to be1de2f 
Dealt to 876ce831 
Dealt to 9a17ba81 
Dealt to 17ed51ed 
Dealt to b2a55fa8 
Dealt to 897d3d3 
Dealt to 58689ef 
be1de2f: folds
876ce831: folds
9a17ba81: folds
17ed51ed: folds
b2a55fa8: folds
897d3d3: raises 1,600 to 3,200
58689ef: folds
Hero: folds
Uncalled bet (1,600) returned to 897d3d3
*** SHOWDOWN ***
897d3d3 collected 6,000 from pot
*** SUMMARY ***
Total pot 6,000 | Rake 0 | Jackpot 0 | Bingo 0 | Fortune 0 | Tax 0
Seat 1: Hero (big blind) folded before Flop
Seat 2: be1de2f folded before Flop
Seat 3: 876ce831 folded before Flop
Seat 4: 9a17ba81 folded before Flop
Seat 5: 17ed51ed folded before Flop
Seat 6: b2a55fa8 folded before Flop
Seat 7: 897d3d3 (button) collected (6,000)
Seat 8: 58689ef (small blind) folded before Flop


Poker Hand #TM320633378: Tournament #208645365, Bounty Hunters Forty Stack $44 Hold'em No Limit - Level10(800/1,600) - 2025/05/31 19:44:17
Table '21' 8-max Seat #6 is the button
Seat 1: Hero (41,855 in chips)
Seat 2: be1de2f (87,553 in chips)
Seat 3: 876ce831 (75,441 in chips)
Seat 5: 17ed51ed (63,411 in chips)
Seat 6: b2a55fa8 (73,016 in chips)
Seat 7: 897d3d3 (165,321 in chips)
Seat 8: 58689ef (30,628 in chips)
b2a55fa8: posts the ante 250
897d3d3: posts the ante 250
17ed51ed: posts the ante 250
876ce831: posts the ante 250
58689ef: posts the ante 250
Hero: posts the ante 250
be1de2f: posts the ante 250
897d3d3: posts small blind 800
58689ef: posts big blind 1,600
*** HOLE CARDS ***
Dealt to Hero [5h 6s]
Dealt to be1de2f 
Dealt to 876ce831 
Dealt to 17ed51ed 
Dealt to b2a55fa8 
Dealt to 897d3d3 
Dealt to 58689ef 
Hero: folds
be1de2f: folds
876ce831: folds
17ed51ed: raises 1,600 to 3,200
b2a55fa8: folds
897d3d3: calls 2,400
58689ef: calls 1,600
*** FLOP *** [2c 4d Jc]
897d3d3: checks
58689ef: checks
17ed51ed: bets 3,405
897d3d3: calls 3,405
58689ef: raises 5,005 to 8,410
17ed51ed: folds
897d3d3: calls 5,005
*** TURN *** [2c 4d Jc] [Jh]
897d3d3: checks
58689ef: checks
*** RIVER *** [2c 4d Jc Jh] [6h]
897d3d3: bets 32,000
58689ef: folds
Uncalled bet (32,000) returned to 897d3d3
*** SHOWDOWN ***
897d3d3 collected 31,575 from pot
*** SUMMARY ***
Total pot 31,575 | Rake 0 | Jackpot 0 | Bingo 0 | Fortune 0 | Tax 0
Board [2c 4d Jc Jh 6h]
Seat 1: Hero folded before Flop
Seat 2: be1de2f folded before Flop
Seat 3: 876ce831 folded before Flop
Seat 5: 17ed51ed folded on the Flop
Seat 6: b2a55fa8 (button) folded before Flop
Seat 7: 897d3d3 (small blind) won (31,575)
Seat 8: 58689ef (big blind) folded on the River


Poker Hand #TM320633349: Tournament #208645365, Bounty Hunters Forty Stack $44 Hold'em No Limit - Level10(800/1,600) - 2025/05/31 19:42:56
Table '21' 8-max Seat #5 is the button
Seat 1: Hero (42,105 in chips)
Seat 2: be1de2f (87,803 in chips)
Seat 3: 876ce831 (54,584 in chips)
Seat 4: 35be978f (16,957 in chips)
Seat 5: 17ed51ed (63,661 in chips)
Seat 6: b2a55fa8 (74,066 in chips)
Seat 7: 897d3d3 (167,171 in chips)
Seat 8: 58689ef (30,878 in chips)
35be978f: posts the ante 250
b2a55fa8: posts the ante 250
897d3d3: posts the ante 250
17ed51ed: posts the ante 250
876ce831: posts the ante 250
58689ef: posts the ante 250
Hero: posts the ante 250
be1de2f: posts the ante 250
b2a55fa8: posts small blind 800
897d3d3: posts big blind 1,600
*** HOLE CARDS ***
Dealt to Hero [Kd 3d]
Dealt to be1de2f 
Dealt to 876ce831 
Dealt to 35be978f 
Dealt to 17ed51ed 
Dealt to b2a55fa8 
Dealt to 897d3d3 
Dealt to 58689ef 
58689ef: folds
Hero: folds
be1de2f: folds
876ce831: raises 1,600 to 3,200
35be978f: raises 13,500 to 16,700
17ed51ed: folds
b2a55fa8: folds
897d3d3: folds
876ce831: raises 13,500 to 30,200
35be978f: calls 7
Uncalled bet (13,493) returned to 876ce831
876ce831: shows [Qc Th]
35be978f: shows [Ah Jh]
*** FLOP *** [3h Qh Jd]
*** TURN *** [3h Qh Jd] [4c]
*** RIVER *** [3h Qh Jd 4c] [2d]
*** SHOWDOWN ***
876ce831 collected 37,814 from pot
*** SUMMARY ***
Total pot 37,814 | Rake 0 | Jackpot 0 | Bingo 0 | Fortune 0 | Tax 0
Board [3h Qh Jd 4c 2d]
Seat 1: Hero folded before Flop
Seat 2: be1de2f folded before Flop
Seat 3: 876ce831 showed [Qc Th] and won (37,814) with a pair of Queens
Seat 4: 35be978f showed [Ah Jh] and lost with a pair of Jacks
Seat 5: 17ed51ed (button) folded before Flop
Seat 6: b2a55fa8 (small blind) folded before Flop
Seat 7: 897d3d3 (big blind) folded before Flop
Seat 8: 58689ef folded before Flop


Poker Hand #TM320633316: Tournament #208645365, Bounty Hunters Forty Stack $44 Hold'em No Limit - Level10(800/1,600) - 2025/05/31 19:41:42
Table '21' 8-max Seat #4 is the button
Seat 1: Hero (42,355 in chips)
Seat 2: be1de2f (79,017 in chips)
Seat 3: 876ce831 (54,834 in chips)
Seat 4: 35be978f (17,207 in chips)
Seat 5: 17ed51ed (64,711 in chips)
Seat 6: b2a55fa8 (80,552 in chips)
Seat 7: 897d3d3 (167,421 in chips)
Seat 8: 58689ef (31,128 in chips)
35be978f: posts the ante 250
b2a55fa8: posts the ante 250
897d3d3: posts the ante 250
17ed51ed: posts the ante 250
876ce831: posts the ante 250
58689ef: posts the ante 250
Hero: posts the ante 250
be1de2f: posts the ante 250
17ed51ed: posts small blind 800
b2a55fa8: posts big blind 1,600
*** HOLE CARDS ***
Dealt to Hero [Jd 6c]
Dealt to be1de2f 
Dealt to 876ce831 
Dealt to 35be978f 
Dealt to 17ed51ed 
Dealt to b2a55fa8 
Dealt to 897d3d3 
Dealt to 58689ef 
897d3d3: folds
58689ef: folds
Hero: folds
be1de2f: raises 1,600 to 3,200
876ce831: folds
35be978f: folds
17ed51ed: folds
b2a55fa8: calls 1,600
*** FLOP *** [Kd 7d 5s]
b2a55fa8: checks
be1de2f: bets 3,036
b2a55fa8: calls 3,036
*** TURN *** [Kd 7d 5s] [Ks]
b2a55fa8: checks
be1de2f: bets 11,454
b2a55fa8: folds
Uncalled bet (11,454) returned to be1de2f
*** SHOWDOWN ***
be1de2f collected 15,272 from pot
*** SUMMARY ***
Total pot 15,272 | Rake 0 | Jackpot 0 | Bingo 0 | Fortune 0 | Tax 0
Board [Kd 7d 5s Ks]
Seat 1: Hero folded before Flop
Seat 2: be1de2f won (15,272)
Seat 3: 876ce831 folded before Flop
Seat 4: 35be978f (button) folded before Flop
Seat 5: 17ed51ed (small blind) folded before Flop
Seat 6: b2a55fa8 (big blind) folded on the Turn
Seat 7: 897d3d3 folded before Flop
Seat 8: 58689ef folded before Flop


Poker Hand #TM320633300: Tournament #208645365, Bounty Hunters Forty Stack $44 Hold'em No Limit - Level10(800/1,600) - 2025/05/31 19:41:05
Table '21' 8-max Seat #3 is the button
Seat 1: Hero (42,605 in chips)
Seat 2: be1de2f (73,267 in chips)
Seat 3: 876ce831 (55,084 in chips)
Seat 4: 35be978f (18,257 in chips)
Seat 5: 17ed51ed (68,161 in chips)
Seat 6: b2a55fa8 (80,802 in chips)
Seat 7: 897d3d3 (167,671 in chips)
Seat 8: 58689ef (31,378 in chips)
b2a55fa8: posts the ante 250
35be978f: posts the ante 250
897d3d3: posts the ante 250
17ed51ed: posts the ante 250
876ce831: posts the ante 250
58689ef: posts the ante 250
Hero: posts the ante 250
be1de2f: posts the ante 250
35be978f: posts small blind 800
17ed51ed: posts big blind 1,600
*** HOLE CARDS ***
Dealt to Hero [Ad 6h]
Dealt to be1de2f 
Dealt to 876ce831 
Dealt to 35be978f 
Dealt to 17ed51ed 
Dealt to b2a55fa8 
Dealt to 897d3d3 
Dealt to 58689ef 
b2a55fa8: folds
897d3d3: folds
58689ef: folds
Hero: folds
be1de2f: raises 1,600 to 3,200
876ce831: folds
35be978f: folds
17ed51ed: calls 1,600
*** FLOP *** [8c Ah Qc]
17ed51ed: checks
be1de2f: bets 3,036
17ed51ed: folds
Uncalled bet (3,036) returned to be1de2f
*** SHOWDOWN ***
be1de2f collected 9,200 from pot
*** SUMMARY ***
Total pot 9,200 | Rake 0 | Jackpot 0 | Bingo 0 | Fortune 0 | Tax 0
Board [8c Ah Qc]
Seat 1: Hero folded before Flop
Seat 2: be1de2f won (9,200)
Seat 3: 876ce831 (button) folded before Flop
Seat 4: 35be978f (small blind) folded before Flop
Seat 5: 17ed51ed (big blind) folded on the Flop
Seat 6: b2a55fa8 folded before Flop
Seat 7: 897d3d3 folded before Flop
Seat 8: 58689ef folded before Flop


Poker Hand #TM320633246: Tournament #208645365, Bounty Hunters Forty Stack $44 Hold'em No Limit - Level10(800/1,600) - 2025/05/31 19:39:10
Table '21' 8-max Seat #2 is the button
Seat 1: Hero (50,411 in chips)
Seat 2: be1de2f (73,517 in chips)
Seat 3: 876ce831 (62,890 in chips)
Seat 4: 35be978f (20,107 in chips)
Seat 5: 17ed51ed (68,411 in chips)
Seat 6: b2a55fa8 (81,052 in chips)
Seat 7: 897d3d3 (149,209 in chips)
Seat 8: 58689ef (31,628 in chips)
b2a55fa8: posts the ante 250
35be978f: posts the ante 250
897d3d3: posts the ante 250
17ed51ed: posts the ante 250
876ce831: posts the ante 250
58689ef: posts the ante 250
Hero: posts the ante 250
be1de2f: posts the ante 250
876ce831: posts small blind 800
35be978f: posts big blind 1,600
*** HOLE CARDS ***
Dealt to Hero [As Jc]
Dealt to be1de2f 
Dealt to 876ce831 
Dealt to 35be978f 
Dealt to 17ed51ed 
Dealt to b2a55fa8 
Dealt to 897d3d3 
Dealt to 58689ef 
17ed51ed: folds
b2a55fa8: folds
897d3d3: raises 1,600 to 3,200
58689ef: folds
Hero: calls 3,200
be1de2f: folds
876ce831: calls 2,400
35be978f: folds
*** FLOP *** [5s Ts 8s]
876ce831: checks
897d3d3: checks
Hero: bets 4,356
876ce831: calls 4,356
897d3d3: calls 4,356
*** TURN *** [5s Ts 8s] [Td]
876ce831: checks
897d3d3: checks
Hero: checks
*** RIVER *** [5s Ts 8s Td] [Kh]
876ce831: checks
897d3d3: checks
Hero: checks
876ce831: shows [6h 6s] (two pair, Tens and Sixes)
897d3d3: shows [Th Qh] (three of a kind, Tens)
Hero: shows [As Jc] (a pair of Tens)
*** SHOWDOWN ***
897d3d3 collected 26,268 from pot
*** SUMMARY ***
Total pot 26,268 | Rake 0 | Jackpot 0 | Bingo 0 | Fortune 0 | Tax 0
Board [5s Ts 8s Td Kh]
Seat 1: Hero showed [As Jc] and lost with a pair of Tens
Seat 2: be1de2f (button) folded before Flop
Seat 3: 876ce831 (small blind) showed [6h 6s] and lost with two pair, Tens and Sixes
Seat 4: 35be978f (big blind) folded before Flop
Seat 5: 17ed51ed folded before Flop
Seat 6: b2a55fa8 folded before Flop
Seat 7: 897d3d3 showed [Th Qh] and won (26,268) with three of a kind, Tens
Seat 8: 58689ef folded before Flop


Poker Hand #TM320633218: Tournament #208645365, Bounty Hunters Forty Stack $44 Hold'em No Limit - Level9(600/1,200) - 2025/05/31 19:38:00
Table '21' 8-max Seat #1 is the button
Seat 1: Hero (50,591 in chips)
Seat 2: be1de2f (74,297 in chips)
Seat 3: 876ce831 (64,270 in chips)
Seat 4: 35be978f (20,287 in chips)
Seat 5: 17ed51ed (78,791 in chips)
Seat 6: b2a55fa8 (81,232 in chips)
Seat 7: 897d3d3 (135,949 in chips)
Seat 8: 58689ef (31,808 in chips)
b2a55fa8: posts the ante 180
35be978f: posts the ante 180
897d3d3: posts the ante 180
17ed51ed: posts the ante 180
876ce831: posts the ante 180
58689ef: posts the ante 180
Hero: posts the ante 180
be1de2f: posts the ante 180
be1de2f: posts small blind 600
876ce831: posts big blind 1,200
*** HOLE CARDS ***
Dealt to Hero [Td Kc]
Dealt to be1de2f 
Dealt to 876ce831 
Dealt to 35be978f 
Dealt to 17ed51ed 
Dealt to b2a55fa8 
Dealt to 897d3d3 
Dealt to 58689ef 
35be978f: folds
17ed51ed: raises 1,800 to 3,000
b2a55fa8: folds
897d3d3: raises 7,200 to 10,200
58689ef: folds
Hero: folds
be1de2f: folds
876ce831: folds
17ed51ed: calls 7,200
*** FLOP *** [8c 9h 5s]
17ed51ed: checks
897d3d3: bets 12,000
17ed51ed: folds
Uncalled bet (12,000) returned to 897d3d3
*** SHOWDOWN ***
897d3d3 collected 23,640 from pot
*** SUMMARY ***
Total pot 23,640 | Rake 0 | Jackpot 0 | Bingo 0 | Fortune 0 | Tax 0
Board [8c 9h 5s]
Seat 1: Hero (button) folded before Flop
Seat 2: be1de2f (small blind) folded before Flop
Seat 3: 876ce831 (big blind) folded before Flop
Seat 4: 35be978f folded before Flop
Seat 5: 17ed51ed folded on the Flop
Seat 6: b2a55fa8 folded before Flop
Seat 7: 897d3d3 won (23,640)
Seat 8: 58689ef folded before Flop


Poker Hand #TM320633195: Tournament #208645365, Bounty Hunters Forty Stack $44 Hold'em No Limit - Level9(600/1,200) - 2025/05/31 19:37:12
Table '21' 8-max Seat #8 is the button
Seat 1: Hero (51,371 in chips)
Seat 2: be1de2f (79,135 in chips)
Seat 3: 876ce831 (64,450 in chips)
Seat 4: 35be978f (20,467 in chips)
Seat 5: 17ed51ed (78,971 in chips)
Seat 6: b2a55fa8 (74,714 in chips)
Seat 7: 897d3d3 (136,129 in chips)
Seat 8: 58689ef (31,988 in chips)
b2a55fa8: posts the ante 180
35be978f: posts the ante 180
897d3d3: posts the ante 180
17ed51ed: posts the ante 180
876ce831: posts the ante 180
58689ef: posts the ante 180
Hero: posts the ante 180
be1de2f: posts the ante 180
Hero: posts small blind 600
be1de2f: posts big blind 1,200
*** HOLE CARDS ***
Dealt to Hero [5d 6c]
Dealt to be1de2f 
Dealt to 876ce831 
Dealt to 35be978f 
Dealt to 17ed51ed 
Dealt to b2a55fa8 
Dealt to 897d3d3 
Dealt to 58689ef 
876ce831: folds
35be978f: folds
17ed51ed: folds
b2a55fa8: raises 1,200 to 2,400
897d3d3: folds
58689ef: folds
Hero: folds
be1de2f: calls 1,200
*** FLOP *** [Ac Jc 4c]
be1de2f: checks
b2a55fa8: bets 2,258
be1de2f: calls 2,258
*** TURN *** [Ac Jc 4c] [Ts]
be1de2f: checks
b2a55fa8: bets 5,678
be1de2f: folds
Uncalled bet (5,678) returned to b2a55fa8
*** SHOWDOWN ***
b2a55fa8 collected 11,356 from pot
*** SUMMARY ***
Total pot 11,356 | Rake 0 | Jackpot 0 | Bingo 0 | Fortune 0 | Tax 0
Board [Ac Jc 4c Ts]
Seat 1: Hero (small blind) folded before Flop
Seat 2: be1de2f (big blind) folded on the Turn
Seat 3: 876ce831 folded before Flop
Seat 4: 35be978f folded before Flop
Seat 5: 17ed51ed folded before Flop
Seat 6: b2a55fa8 won (11,356)
Seat 7: 897d3d3 folded before Flop
Seat 8: 58689ef (button) folded before Flop


Poker Hand #TM320633169: Tournament #208645365, Bounty Hunters Forty Stack $44 Hold'em No Limit - Level9(600/1,200) - 2025/05/31 19:36:09
Table '21' 8-max Seat #7 is the button
Seat 1: Hero (53,951 in chips)
Seat 2: be1de2f (81,715 in chips)
Seat 3: 876ce831 (64,630 in chips)
Seat 4: 35be978f (20,647 in chips)
Seat 5: 17ed51ed (79,151 in chips)
Seat 6: b2a55fa8 (68,054 in chips)
Seat 7: 897d3d3 (136,309 in chips)
Seat 8: 58689ef (32,768 in chips)
b2a55fa8: posts the ante 180
35be978f: posts the ante 180
897d3d3: posts the ante 180
17ed51ed: posts the ante 180
876ce831: posts the ante 180
58689ef: posts the ante 180
Hero: posts the ante 180
be1de2f: posts the ante 180
58689ef: posts small blind 600
Hero: posts big blind 1,200
*** HOLE CARDS ***
Dealt to Hero [9c Ts]
Dealt to be1de2f 
Dealt to 876ce831 
Dealt to 35be978f 
Dealt to 17ed51ed 
Dealt to b2a55fa8 
Dealt to 897d3d3 
Dealt to 58689ef 
be1de2f: raises 1,200 to 2,400
876ce831: folds
35be978f: folds
17ed51ed: folds
b2a55fa8: calls 2,400
897d3d3: folds
58689ef: folds
Hero: calls 1,200
*** FLOP *** [4d 3h Qc]
Hero: checks
be1de2f: checks
b2a55fa8: bets 3,050
Hero: folds
be1de2f: folds
Uncalled bet (3,050) returned to b2a55fa8
*** SHOWDOWN ***
b2a55fa8 collected 9,240 from pot
*** SUMMARY ***
Total pot 9,240 | Rake 0 | Jackpot 0 | Bingo 0 | Fortune 0 | Tax 0
Board [4d 3h Qc]
Seat 1: Hero (big blind) folded on the Flop
Seat 2: be1de2f folded on the Flop
Seat 3: 876ce831 folded before Flop
Seat 4: 35be978f folded before Flop
Seat 5: 17ed51ed folded before Flop
Seat 6: b2a55fa8 won (9,240)
Seat 7: 897d3d3 (button) folded before Flop
Seat 8: 58689ef (small blind) folded before Flop


Poker Hand #TM320633148: Tournament #208645365, Bounty Hunters Forty Stack $44 Hold'em No Limit - Level9(600/1,200) - 2025/05/31 19:35:17
Table '21' 8-max Seat #6 is the button
Seat 1: Hero (56,531 in chips)
Seat 2: be1de2f (81,895 in chips)
Seat 3: 876ce831 (64,810 in chips)
Seat 4: 35be978f (20,827 in chips)
Seat 5: 17ed51ed (79,331 in chips)
Seat 6: b2a55fa8 (68,234 in chips)
Seat 7: 897d3d3 (131,449 in chips)
Seat 8: 58689ef (34,148 in chips)
b2a55fa8: posts the ante 180
35be978f: posts the ante 180
897d3d3: posts the ante 180
17ed51ed: posts the ante 180
876ce831: posts the ante 180
58689ef: posts the ante 180
Hero: posts the ante 180
be1de2f: posts the ante 180
897d3d3: posts small blind 600
58689ef: posts big blind 1,200
*** HOLE CARDS ***
Dealt to Hero [Ks Qh]
Dealt to be1de2f 
Dealt to 876ce831 
Dealt to 35be978f 
Dealt to 17ed51ed 
Dealt to b2a55fa8 
Dealt to 897d3d3 
Dealt to 58689ef 
Hero: raises 1,200 to 2,400
be1de2f: folds
876ce831: folds
35be978f: folds
17ed51ed: folds
b2a55fa8: folds
897d3d3: raises 6,000 to 8,400
58689ef: folds
Hero: folds
Uncalled bet (6,000) returned to 897d3d3
*** SHOWDOWN ***
897d3d3 collected 7,440 from pot
*** SUMMARY ***
Total pot 7,440 | Rake 0 | Jackpot 0 | Bingo 0 | Fortune 0 | Tax 0
Seat 1: Hero folded before Flop
Seat 2: be1de2f folded before Flop
Seat 3: 876ce831 folded before Flop
Seat 4: 35be978f folded before Flop
Seat 5: 17ed51ed folded before Flop
Seat 6: b2a55fa8 (button) folded before Flop
Seat 7: 897d3d3 (small blind) collected (7,440)
Seat 8: 58689ef (big blind) folded before Flop


Poker Hand #TM320633123: Tournament #208645365, Bounty Hunters Forty Stack $44 Hold'em No Limit - Level9(600/1,200) - 2025/05/31 19:34:31
Table '21' 8-max Seat #5 is the button
Seat 1: Hero (56,711 in chips)
Seat 2: be1de2f (82,075 in chips)
Seat 3: 876ce831 (64,990 in chips)
Seat 4: 35be978f (21,007 in chips)
Seat 5: 17ed51ed (79,511 in chips)
Seat 6: b2a55fa8 (69,014 in chips)
Seat 7: 897d3d3 (134,029 in chips)
Seat 8: 58689ef (29,888 in chips)
35be978f: posts the ante 180
b2a55fa8: posts the ante 180
897d3d3: posts the ante 180
17ed51ed: posts the ante 180
876ce831: posts the ante 180
58689ef: posts the ante 180
Hero: posts the ante 180
be1de2f: posts the ante 180
b2a55fa8: posts small blind 600
897d3d3: posts big blind 1,200
*** HOLE CARDS ***
Dealt to Hero [9c Qc]
Dealt to be1de2f 
Dealt to 876ce831 
Dealt to 35be978f 
Dealt to 17ed51ed 
Dealt to b2a55fa8 
Dealt to 897d3d3 
Dealt to 58689ef 
58689ef: raises 1,200 to 2,400
Hero: folds
be1de2f: folds
876ce831: folds
35be978f: folds
17ed51ed: folds
b2a55fa8: folds
897d3d3: calls 1,200
*** FLOP *** [6h Kh Th]
897d3d3: checks
58689ef: bets 2,310
897d3d3: folds
Uncalled bet (2,310) returned to 58689ef
*** SHOWDOWN ***
58689ef collected 6,840 from pot
*** SUMMARY ***
Total pot 6,840 | Rake 0 | Jackpot 0 | Bingo 0 | Fortune 0 | Tax 0
Board [6h Kh Th]
Seat 1: Hero folded before Flop
Seat 2: be1de2f folded before Flop
Seat 3: 876ce831 folded before Flop
Seat 4: 35be978f folded before Flop
Seat 5: 17ed51ed (button) folded before Flop
Seat 6: b2a55fa8 (small blind) folded before Flop
Seat 7: 897d3d3 (big blind) folded on the Flop
Seat 8: 58689ef won (6,840)


Poker Hand #TM320633075: Tournament #208645365, Bounty Hunters Forty Stack $44 Hold'em No Limit - Level9(600/1,200) - 2025/05/31 19:32:48
Table '21' 8-max Seat #4 is the button
Seat 1: Hero (56,891 in chips)
Seat 2: be1de2f (62,995 in chips)
Seat 3: 876ce831 (81,190 in chips)
Seat 4: 35be978f (21,187 in chips)
Seat 5: 17ed51ed (80,291 in chips)
Seat 6: b2a55fa8 (70,394 in chips)
Seat 7: 897d3d3 (134,209 in chips)
Seat 8: 58689ef (30,068 in chips)
35be978f: posts the ante 180
b2a55fa8: posts the ante 180
897d3d3: posts the ante 180
17ed51ed: posts the ante 180
876ce831: posts the ante 180
58689ef: posts the ante 180
Hero: posts the ante 180
be1de2f: posts the ante 180
17ed51ed: posts small blind 600
b2a55fa8: posts big blind 1,200
*** HOLE CARDS ***
Dealt to Hero [2h 9s]
Dealt to be1de2f 
Dealt to 876ce831 
Dealt to 35be978f 
Dealt to 17ed51ed 
Dealt to b2a55fa8 
Dealt to 897d3d3 
Dealt to 58689ef 
897d3d3: folds
58689ef: folds
Hero: folds
be1de2f: raises 1,200 to 2,400
876ce831: raises 4,800 to 7,200
35be978f: folds
17ed51ed: folds
b2a55fa8: folds
be1de2f: calls 4,800
*** FLOP *** [9c Qs Js]
be1de2f: checks
876ce831: checks
*** TURN *** [9c Qs Js] [9d]
be1de2f: checks
876ce831: bets 8,820
be1de2f: calls 8,820
*** RIVER *** [9c Qs Js 9d] [Qh]
be1de2f: checks
876ce831: checks
be1de2f: shows [Td Th] (two pair, Queens and Tens)
876ce831: shows [5d 5s] (two pair, Queens and Nines)
*** SHOWDOWN ***
be1de2f collected 35,280 from pot
*** SUMMARY ***
Total pot 35,280 | Rake 0 | Jackpot 0 | Bingo 0 | Fortune 0 | Tax 0
Board [9c Qs Js 9d Qh]
Seat 1: Hero folded before Flop
Seat 2: be1de2f showed [Td Th] and won (35,280) with two pair, Queens and Tens
Seat 3: 876ce831 showed [5d 5s] and lost with two pair, Queens and Nines
Seat 4: 35be978f (button) folded before Flop
Seat 5: 17ed51ed (small blind) folded before Flop
Seat 6: b2a55fa8 (big blind) folded before Flop
Seat 7: 897d3d3 folded before Flop
Seat 8: 58689ef folded before Flop


Poker Hand #TM320633046: Tournament #208645365, Bounty Hunters Forty Stack $44 Hold'em No Limit - Level9(600/1,200) - 2025/05/31 19:31:42
Table '21' 8-max Seat #3 is the button
Seat 1: Hero (57,071 in chips)
Seat 2: be1de2f (63,175 in chips)
Seat 3: 876ce831 (74,741 in chips)
Seat 4: 35be978f (21,967 in chips)
Seat 5: 17ed51ed (85,060 in chips)
Seat 6: b2a55fa8 (70,574 in chips)
Seat 7: 897d3d3 (134,389 in chips)
Seat 8: 58689ef (30,248 in chips)
b2a55fa8: posts the ante 180
35be978f: posts the ante 180
897d3d3: posts the ante 180
17ed51ed: posts the ante 180
876ce831: posts the ante 180
58689ef: posts the ante 180
Hero: posts the ante 180
be1de2f: posts the ante 180
35be978f: posts small blind 600
17ed51ed: posts big blind 1,200
*** HOLE CARDS ***
Dealt to Hero [7d 6c]
Dealt to be1de2f 
Dealt to 876ce831 
Dealt to 35be978f 
Dealt to 17ed51ed 
Dealt to b2a55fa8 
Dealt to 897d3d3 
Dealt to 58689ef 
b2a55fa8: folds
897d3d3: folds
58689ef: folds
Hero: folds
be1de2f: folds
876ce831: raises 1,200 to 2,400
35be978f: folds
17ed51ed: calls 1,200
*** FLOP *** [4h As 7h]
17ed51ed: checks
876ce831: bets 2,189
17ed51ed: calls 2,189
*** TURN *** [4h As 7h] [Qh]
17ed51ed: checks
876ce831: bets 5,609
17ed51ed: folds
Uncalled bet (5,609) returned to 876ce831
*** SHOWDOWN ***
876ce831 collected 11,218 from pot
*** SUMMARY ***
Total pot 11,218 | Rake 0 | Jackpot 0 | Bingo 0 | Fortune 0 | Tax 0
Board [4h As 7h Qh]
Seat 1: Hero folded before Flop
Seat 2: be1de2f folded before Flop
Seat 3: 876ce831 (button) won (11,218)
Seat 4: 35be978f (small blind) folded before Flop
Seat 5: 17ed51ed (big blind) folded on the Turn
Seat 6: b2a55fa8 folded before Flop
Seat 7: 897d3d3 folded before Flop
Seat 8: 58689ef folded before Flop


Poker Hand #TM320633030: Tournament #208645365, Bounty Hunters Forty Stack $44 Hold'em No Limit - Level9(600/1,200) - 2025/05/31 19:31:02
Table '21' 8-max Seat #2 is the button
Seat 1: Hero (57,251 in chips)
Seat 2: be1de2f (63,355 in chips)
Seat 3: 876ce831 (75,521 in chips)
Seat 4: 35be978f (17,707 in chips)
Seat 5: 17ed51ed (85,240 in chips)
Seat 6: b2a55fa8 (73,154 in chips)
Seat 7: 897d3d3 (134,569 in chips)
Seat 8: 58689ef (30,428 in chips)
b2a55fa8: posts the ante 180
35be978f: posts the ante 180
897d3d3: posts the ante 180
17ed51ed: posts the ante 180
876ce831: posts the ante 180
58689ef: posts the ante 180
Hero: posts the ante 180
be1de2f: posts the ante 180
876ce831: posts small blind 600
35be978f: posts big blind 1,200
*** HOLE CARDS ***
Dealt to Hero [Js 5s]
Dealt to be1de2f 
Dealt to 876ce831 
Dealt to 35be978f 
Dealt to 17ed51ed 
Dealt to b2a55fa8 
Dealt to 897d3d3 
Dealt to 58689ef 
17ed51ed: folds
b2a55fa8: raises 1,200 to 2,400
897d3d3: folds
58689ef: folds
Hero: folds
be1de2f: folds
876ce831: folds
35be978f: raises 15,127 to 17,527
b2a55fa8: folds
Uncalled bet (15,127) returned to 35be978f
*** SHOWDOWN ***
35be978f collected 6,840 from pot
*** SUMMARY ***
Total pot 6,840 | Rake 0 | Jackpot 0 | Bingo 0 | Fortune 0 | Tax 0
Seat 1: Hero folded before Flop
Seat 2: be1de2f (button) folded before Flop
Seat 3: 876ce831 (small blind) folded before Flop
Seat 4: 35be978f (big blind) collected (6,840)
Seat 5: 17ed51ed folded before Flop
Seat 6: b2a55fa8 folded before Flop
Seat 7: 897d3d3 folded before Flop
Seat 8: 58689ef folded before Flop


Poker Hand #TM320632990: Tournament #208645365, Bounty Hunters Forty Stack $44 Hold'em No Limit - Level9(600/1,200) - 2025/05/31 19:29:38
Table '21' 8-max Seat #1 is the button
Seat 1: Hero (57,431 in chips)
Seat 2: be1de2f (66,175 in chips)
Seat 3: 876ce831 (76,901 in chips)
Seat 4: 35be978f (17,887 in chips)
Seat 5: 17ed51ed (68,908 in chips)
Seat 6: b2a55fa8 (73,334 in chips)
Seat 7: 897d3d3 (134,749 in chips)
Seat 8: 58689ef (41,840 in chips)
b2a55fa8: posts the ante 180
35be978f: posts the ante 180
897d3d3: posts the ante 180
17ed51ed: posts the ante 180
876ce831: posts the ante 180
58689ef: posts the ante 180
Hero: posts the ante 180
be1de2f: posts the ante 180
be1de2f: posts small blind 600
876ce831: posts big blind 1,200
*** HOLE CARDS ***
Dealt to Hero [Kc 7c]
Dealt to be1de2f 
Dealt to 876ce831 
Dealt to 35be978f 
Dealt to 17ed51ed 
Dealt to b2a55fa8 
Dealt to 897d3d3 
Dealt to 58689ef 
35be978f: folds
17ed51ed: raises 1,440 to 2,640
b2a55fa8: folds
897d3d3: folds
58689ef: calls 2,640
Hero: folds
be1de2f: calls 2,040
876ce831: folds
*** FLOP *** [Js 9h 5h]
be1de2f: checks
17ed51ed: bets 3,168
58689ef: raises 5,424 to 8,592
be1de2f: folds
17ed51ed: raises 57,496 to 66,088
58689ef: folds
Uncalled bet (57,496) returned to 17ed51ed
*** SHOWDOWN ***
17ed51ed collected 27,744 from pot
*** SUMMARY ***
Total pot 27,744 | Rake 0 | Jackpot 0 | Bingo 0 | Fortune 0 | Tax 0
Board [Js 9h 5h]
Seat 1: Hero (button) folded before Flop
Seat 2: be1de2f (small blind) folded on the Flop
Seat 3: 876ce831 (big blind) folded before Flop
Seat 4: 35be978f folded before Flop
Seat 5: 17ed51ed won (27,744)
Seat 6: b2a55fa8 folded before Flop
Seat 7: 897d3d3 folded before Flop
Seat 8: 58689ef folded on the Flop


Poker Hand #TM320632965: Tournament #208645365, Bounty Hunters Forty Stack $44 Hold'em No Limit - Level9(600/1,200) - 2025/05/31 19:28:38
Table '21' 8-max Seat #8 is the button
Seat 1: Hero (56,891 in chips)
Seat 2: be1de2f (65,635 in chips)
Seat 3: 876ce831 (77,081 in chips)
Seat 4: 35be978f (18,067 in chips)
Seat 5: 17ed51ed (69,088 in chips)
Seat 6: b2a55fa8 (73,514 in chips)
Seat 7: 897d3d3 (134,929 in chips)
Seat 8: 58689ef (42,020 in chips)
b2a55fa8: posts the ante 180
35be978f: posts the ante 180
897d3d3: posts the ante 180
17ed51ed: posts the ante 180
876ce831: posts the ante 180
58689ef: posts the ante 180
Hero: posts the ante 180
be1de2f: posts the ante 180
Hero: posts small blind 600
be1de2f: posts big blind 1,200
*** HOLE CARDS ***
Dealt to Hero [4h As]
Dealt to be1de2f 
Dealt to 876ce831 
Dealt to 35be978f 
Dealt to 17ed51ed 
Dealt to b2a55fa8 
Dealt to 897d3d3 
Dealt to 58689ef 
876ce831: folds
35be978f: folds
17ed51ed: folds
b2a55fa8: folds
897d3d3: folds
58689ef: folds
Hero: calls 600
be1de2f: checks
*** FLOP *** [Kd Qc Jh]
Hero: checks
be1de2f: checks
*** TURN *** [Kd Qc Jh] [7s]
Hero: checks
be1de2f: checks
*** RIVER *** [Kd Qc Jh 7s] [2c]
Hero: checks
be1de2f: checks
Hero: shows [4h As] (Ace high)
be1de2f: shows [6h Ad] (Ace high)
*** SHOWDOWN ***
be1de2f collected 1,920 from pot
Hero collected 1,920 from pot
*** SUMMARY ***
Total pot 3,840 | Rake 0 | Jackpot 0 | Bingo 0 | Fortune 0 | Tax 0
Board [Kd Qc Jh 7s 2c]
Seat 1: Hero (small blind) showed [4h As] and won (1,920) with Ace high
Seat 2: be1de2f (big blind) showed [6h Ad] and won (1,920) with Ace high
Seat 3: 876ce831 folded before Flop
Seat 4: 35be978f folded before Flop
Seat 5: 17ed51ed folded before Flop
Seat 6: b2a55fa8 folded before Flop
Seat 7: 897d3d3 folded before Flop
Seat 8: 58689ef (button) folded before Flop


Poker Hand #TM320632924: Tournament #208645365, Bounty Hunters Forty Stack $44 Hold'em No Limit - Level9(600/1,200) - 2025/05/31 19:27:23
Table '21' 8-max Seat #7 is the button
Seat 1: Hero (59,471 in chips)
Seat 2: be1de2f (65,815 in chips)
Seat 3: 876ce831 (77,261 in chips)
Seat 4: 35be978f (18,247 in chips)
Seat 5: 17ed51ed (69,268 in chips)
Seat 6: b2a55fa8 (73,694 in chips)
Seat 7: 897d3d3 (135,109 in chips)
Seat 8: 58689ef (38,360 in chips)
b2a55fa8: posts the ante 180
35be978f: posts the ante 180
897d3d3: posts the ante 180
17ed51ed: posts the ante 180
876ce831: posts the ante 180
58689ef: posts the ante 180
Hero: posts the ante 180
be1de2f: posts the ante 180
58689ef: posts small blind 600
Hero: posts big blind 1,200
*** HOLE CARDS ***
Dealt to Hero [Kd 7h]
Dealt to be1de2f 
Dealt to 876ce831 
Dealt to 35be978f 
Dealt to 17ed51ed 
Dealt to b2a55fa8 
Dealt to 897d3d3 
Dealt to 58689ef 
be1de2f: folds
876ce831: folds
35be978f: folds
17ed51ed: folds
b2a55fa8: folds
897d3d3: folds
58689ef: calls 600
Hero: checks
*** FLOP *** [5d 6s Ts]
58689ef: bets 1,200
Hero: calls 1,200
*** TURN *** [5d 6s Ts] [4h]
58689ef: checks
Hero: checks
*** RIVER *** [5d 6s Ts 4h] [9c]
58689ef: checks
Hero: checks
58689ef: shows [Qh Ks] (King high)
Hero: shows [Kd 7h] (King high)
*** SHOWDOWN ***
58689ef collected 6,240 from pot
*** SUMMARY ***
Total pot 6,240 | Rake 0 | Jackpot 0 | Bingo 0 | Fortune 0 | Tax 0
Board [5d 6s Ts 4h 9c]
Seat 1: Hero (big blind) showed [Kd 7h] and lost with King high
Seat 2: be1de2f folded before Flop
Seat 3: 876ce831 folded before Flop
Seat 4: 35be978f folded before Flop
Seat 5: 17ed51ed folded before Flop
Seat 6: b2a55fa8 folded before Flop
Seat 7: 897d3d3 (button) folded before Flop
Seat 8: 58689ef (small blind) showed [Qh Ks] and won (6,240) with King high


Poker Hand #TM320632899: Tournament #208645365, Bounty Hunters Forty Stack $44 Hold'em No Limit - Level8(500/1,000) - 2025/05/31 19:26:42
Table '21' 8-max Seat #6 is the button
Seat 1: Hero (59,621 in chips)
Seat 2: be1de2f (65,965 in chips)
Seat 3: 876ce831 (77,411 in chips)
Seat 4: 35be978f (18,397 in chips)
Seat 5: 17ed51ed (69,418 in chips)
Seat 6: b2a55fa8 (75,844 in chips)
Seat 7: 897d3d3 (135,759 in chips)
Seat 8: 58689ef (34,810 in chips)
b2a55fa8: posts the ante 150
35be978f: posts the ante 150
897d3d3: posts the ante 150
17ed51ed: posts the ante 150
876ce831: posts the ante 150
58689ef: posts the ante 150
Hero: posts the ante 150
be1de2f: posts the ante 150
897d3d3: posts small blind 500
58689ef: posts big blind 1,000
*** HOLE CARDS ***
Dealt to Hero [2h 3d]
Dealt to be1de2f 
Dealt to 876ce831 
Dealt to 35be978f 
Dealt to 17ed51ed 
Dealt to b2a55fa8 
Dealt to 897d3d3 
Dealt to 58689ef 
Hero: folds
be1de2f: folds
876ce831: folds
35be978f: folds
17ed51ed: folds
b2a55fa8: raises 1,000 to 2,000
897d3d3: folds
58689ef: raises 5,876 to 7,876
b2a55fa8: folds
Uncalled bet (5,876) returned to 58689ef
*** SHOWDOWN ***
58689ef collected 5,700 from pot
*** SUMMARY ***
Total pot 5,700 | Rake 0 | Jackpot 0 | Bingo 0 | Fortune 0 | Tax 0
Seat 1: Hero folded before Flop
Seat 2: be1de2f folded before Flop
Seat 3: 876ce831 folded before Flop
Seat 4: 35be978f folded before Flop
Seat 5: 17ed51ed folded before Flop
Seat 6: b2a55fa8 (button) folded before Flop
Seat 7: 897d3d3 (small blind) folded before Flop
Seat 8: 58689ef (big blind) collected (5,700)


Poker Hand #TM320632879: Tournament #208645365, Bounty Hunters Forty Stack $44 Hold'em No Limit - Level8(500/1,000) - 2025/05/31 19:26:04
Table '21' 8-max Seat #5 is the button
Seat 1: Hero (59,771 in chips)
Seat 2: be1de2f (66,115 in chips)
Seat 3: 876ce831 (77,561 in chips)
Seat 4: 35be978f (18,547 in chips)
Seat 5: 17ed51ed (69,568 in chips)
Seat 6: b2a55fa8 (76,994 in chips)
Seat 7: 897d3d3 (133,709 in chips)
Seat 8: 58689ef (34,960 in chips)
35be978f: posts the ante 150
b2a55fa8: posts the ante 150
897d3d3: posts the ante 150
17ed51ed: posts the ante 150
876ce831: posts the ante 150
58689ef: posts the ante 150
Hero: posts the ante 150
be1de2f: posts the ante 150
b2a55fa8: posts small blind 500
897d3d3: posts big blind 1,000
*** HOLE CARDS ***
Dealt to Hero [2c Kd]
Dealt to be1de2f 
Dealt to 876ce831 
Dealt to 35be978f 
Dealt to 17ed51ed 
Dealt to b2a55fa8 
Dealt to 897d3d3 
Dealt to 58689ef 
58689ef: folds
Hero: folds
be1de2f: folds
876ce831: folds
35be978f: folds
17ed51ed: folds
b2a55fa8: calls 500
897d3d3: raises 2,500 to 3,500
b2a55fa8: folds
Uncalled bet (2,500) returned to 897d3d3
*** SHOWDOWN ***
897d3d3 collected 3,200 from pot
*** SUMMARY ***
Total pot 3,200 | Rake 0 | Jackpot 0 | Bingo 0 | Fortune 0 | Tax 0
Seat 1: Hero folded before Flop
Seat 2: be1de2f folded before Flop
Seat 3: 876ce831 folded before Flop
Seat 4: 35be978f folded before Flop
Seat 5: 17ed51ed (button) folded before Flop
Seat 6: b2a55fa8 (small blind) folded before Flop
Seat 7: 897d3d3 (big blind) collected (3,200)
Seat 8: 58689ef folded before Flop


Poker Hand #TM320632810: Tournament #208645365, Bounty Hunters Forty Stack $44 Hold'em No Limit - Level8(500/1,000) - 2025/05/31 19:24:00
Table '21' 8-max Seat #4 is the button
Seat 1: Hero (59,921 in chips)
Seat 2: be1de2f (66,265 in chips)
Seat 3: 876ce831 (77,711 in chips)
Seat 4: 35be978f (18,697 in chips)
Seat 5: 17ed51ed (70,218 in chips)
Seat 6: b2a55fa8 (64,187 in chips)
Seat 7: 897d3d3 (133,859 in chips)
Seat 8: 58689ef (46,367 in chips)
35be978f: posts the ante 150
b2a55fa8: posts the ante 150
897d3d3: posts the ante 150
17ed51ed: posts the ante 150
876ce831: posts the ante 150
58689ef: posts the ante 150
Hero: posts the ante 150
be1de2f: posts the ante 150
17ed51ed: posts small blind 500
b2a55fa8: posts big blind 1,000
*** HOLE CARDS ***
Dealt to Hero [Kh 6s]
Dealt to be1de2f 
Dealt to 876ce831 
Dealt to 35be978f 
Dealt to 17ed51ed 
Dealt to b2a55fa8 
Dealt to 897d3d3 
Dealt to 58689ef 
897d3d3: folds
58689ef: raises 1,000 to 2,000
Hero: folds
be1de2f: folds
876ce831: folds
35be978f: folds
17ed51ed: folds
b2a55fa8: calls 1,000
*** FLOP *** [2c 9d 8d]
b2a55fa8: checks
58689ef: checks
*** TURN *** [2c 9d 8d] [4d]
b2a55fa8: checks
58689ef: bets 2,280
b2a55fa8: calls 2,280
*** RIVER *** [2c 9d 8d 4d] [9h]
b2a55fa8: checks
58689ef: bets 6,977
b2a55fa8: calls 6,977
58689ef: shows [5h 5c] (two pair, Nines and Fives)
b2a55fa8: shows [8h 7s] (two pair, Nines and Eights)
*** SHOWDOWN ***
b2a55fa8 collected 24,214 from pot
*** SUMMARY ***
Total pot 24,214 | Rake 0 | Jackpot 0 | Bingo 0 | Fortune 0 | Tax 0
Board [2c 9d 8d 4d 9h]
Seat 1: Hero folded before Flop
Seat 2: be1de2f folded before Flop
Seat 3: 876ce831 folded before Flop
Seat 4: 35be978f (button) folded before Flop
Seat 5: 17ed51ed (small blind) folded before Flop
Seat 6: b2a55fa8 (big blind) showed [8h 7s] and won (24,214) with two pair, Nines and Eights
Seat 7: 897d3d3 folded before Flop
Seat 8: 58689ef showed [5h 5c] and lost with two pair, Nines and Fives


Poker Hand #TM320632794: Tournament #208645365, Bounty Hunters Forty Stack $44 Hold'em No Limit - Level8(500/1,000) - 2025/05/31 19:23:31
Table '21' 8-max Seat #3 is the button
Seat 1: Hero (60,071 in chips)
Seat 2: be1de2f (66,415 in chips)
Seat 3: 876ce831 (77,861 in chips)
Seat 4: 35be978f (19,347 in chips)
Seat 5: 17ed51ed (71,368 in chips)
Seat 6: b2a55fa8 (64,337 in chips)
Seat 7: 897d3d3 (131,309 in chips)
Seat 8: 58689ef (46,517 in chips)
b2a55fa8: posts the ante 150
35be978f: posts the ante 150
897d3d3: posts the ante 150
17ed51ed: posts the ante 150
876ce831: posts the ante 150
58689ef: posts the ante 150
Hero: posts the ante 150
be1de2f: posts the ante 150
35be978f: posts small blind 500
17ed51ed: posts big blind 1,000
*** HOLE CARDS ***
Dealt to Hero [Kh Ts]
Dealt to be1de2f 
Dealt to 876ce831 
Dealt to 35be978f 
Dealt to 17ed51ed 
Dealt to b2a55fa8 
Dealt to 897d3d3 
Dealt to 58689ef 
b2a55fa8: folds
897d3d3: raises 1,000 to 2,000
58689ef: folds
Hero: folds
be1de2f: folds
876ce831: folds
35be978f: folds
17ed51ed: folds
Uncalled bet (1,000) returned to 897d3d3
*** SHOWDOWN ***
897d3d3 collected 3,700 from pot
*** SUMMARY ***
Total pot 3,700 | Rake 0 | Jackpot 0 | Bingo 0 | Fortune 0 | Tax 0
Seat 1: Hero folded before Flop
Seat 2: be1de2f folded before Flop
Seat 3: 876ce831 (button) folded before Flop
Seat 4: 35be978f (small blind) folded before Flop
Seat 5: 17ed51ed (big blind) folded before Flop
Seat 6: b2a55fa8 folded before Flop
Seat 7: 897d3d3 collected (3,700)
Seat 8: 58689ef folded before Flop


Poker Hand #TM320632776: Tournament #208645365, Bounty Hunters Forty Stack $44 Hold'em No Limit - Level8(500/1,000) - 2025/05/31 19:22:44
Table '21' 8-max Seat #2 is the button
Seat 1: Hero (55,521 in chips)
Seat 2: be1de2f (66,565 in chips)
Seat 3: 876ce831 (78,511 in chips)
Seat 4: 35be978f (20,497 in chips)
Seat 5: 17ed51ed (71,518 in chips)
Seat 6: b2a55fa8 (66,487 in chips)
Seat 7: 897d3d3 (131,459 in chips)
Seat 8: 58689ef (46,667 in chips)
b2a55fa8: posts the ante 150
35be978f: posts the ante 150
897d3d3: posts the ante 150
17ed51ed: posts the ante 150
876ce831: posts the ante 150
58689ef: posts the ante 150
Hero: posts the ante 150
be1de2f: posts the ante 150
876ce831: posts small blind 500
35be978f: posts big blind 1,000
*** HOLE CARDS ***
Dealt to Hero [Ah 9h]
Dealt to be1de2f 
Dealt to 876ce831 
Dealt to 35be978f 
Dealt to 17ed51ed 
Dealt to b2a55fa8 
Dealt to 897d3d3 
Dealt to 58689ef 
17ed51ed: folds
b2a55fa8: raises 1,000 to 2,000
897d3d3: folds
58689ef: folds
Hero: raises 5,025 to 7,025
be1de2f: folds
876ce831: folds
35be978f: folds
b2a55fa8: folds
Uncalled bet (5,025) returned to Hero
*** SHOWDOWN ***
Hero collected 6,700 from pot
*** SUMMARY ***
Total pot 6,700 | Rake 0 | Jackpot 0 | Bingo 0 | Fortune 0 | Tax 0
Seat 1: Hero collected (6,700)
Seat 2: be1de2f (button) folded before Flop
Seat 3: 876ce831 (small blind) folded before Flop
Seat 4: 35be978f (big blind) folded before Flop
Seat 5: 17ed51ed folded before Flop
Seat 6: b2a55fa8 folded before Flop
Seat 7: 897d3d3 folded before Flop
Seat 8: 58689ef folded before Flop


Poker Hand #TM320632743: Tournament #208645365, Bounty Hunters Forty Stack $44 Hold'em No Limit - Level8(500/1,000) - 2025/05/31 19:21:54
Table '21' 8-max Seat #1 is the button
Seat 1: Hero (59,096 in chips)
Seat 2: be1de2f (67,215 in chips)
Seat 3: 876ce831 (73,536 in chips)
Seat 4: 35be978f (20,647 in chips)
Seat 5: 17ed51ed (71,668 in chips)
Seat 6: b2a55fa8 (66,637 in chips)
Seat 7: 897d3d3 (131,609 in chips)
Seat 8: 58689ef (46,817 in chips)
b2a55fa8: posts the ante 150
35be978f: posts the ante 150
897d3d3: posts the ante 150
17ed51ed: posts the ante 150
876ce831: posts the ante 150
58689ef: posts the ante 150
Hero: posts the ante 150
be1de2f: posts the ante 150
be1de2f: posts small blind 500
876ce831: posts big blind 1,000
*** HOLE CARDS ***
Dealt to Hero [Ts Qc]
Dealt to be1de2f 
Dealt to 876ce831 
Dealt to 35be978f 
Dealt to 17ed51ed 
Dealt to b2a55fa8 
Dealt to 897d3d3 
Dealt to 58689ef 
35be978f: folds
17ed51ed: folds
b2a55fa8: folds
897d3d3: folds
58689ef: folds
Hero: raises 1,000 to 2,000
be1de2f: folds
876ce831: calls 1,000
*** FLOP *** [9s 7d Ad]
876ce831: checks
Hero: bets 1,425
876ce831: raises 5,052 to 6,477
Hero: folds
Uncalled bet (5,052) returned to 876ce831
*** SHOWDOWN ***
876ce831 collected 8,550 from pot
*** SUMMARY ***
Total pot 8,550 | Rake 0 | Jackpot 0 | Bingo 0 | Fortune 0 | Tax 0
Board [9s 7d Ad]
Seat 1: Hero (button) folded on the Flop
Seat 2: be1de2f (small blind) folded before Flop
Seat 3: 876ce831 (big blind) won (8,550)
Seat 4: 35be978f folded before Flop
Seat 5: 17ed51ed folded before Flop
Seat 6: b2a55fa8 folded before Flop
Seat 7: 897d3d3 folded before Flop
Seat 8: 58689ef folded before Flop


Poker Hand #TM320632722: Tournament #208645365, Bounty Hunters Forty Stack $44 Hold'em No Limit - Level8(500/1,000) - 2025/05/31 19:21:16
Table '21' 8-max Seat #8 is the button
Seat 1: Hero (59,746 in chips)
Seat 2: be1de2f (68,365 in chips)
Seat 3: 876ce831 (73,686 in chips)
Seat 4: 35be978f (20,797 in chips)
Seat 5: 17ed51ed (71,818 in chips)
Seat 6: b2a55fa8 (68,787 in chips)
Seat 7: 897d3d3 (131,759 in chips)
Seat 8: 58689ef (42,267 in chips)
b2a55fa8: posts the ante 150
35be978f: posts the ante 150
897d3d3: posts the ante 150
17ed51ed: posts the ante 150
876ce831: posts the ante 150
58689ef: posts the ante 150
Hero: posts the ante 150
be1de2f: posts the ante 150
Hero: posts small blind 500
be1de2f: posts big blind 1,000
*** HOLE CARDS ***
Dealt to Hero [9d 2c]
Dealt to be1de2f 
Dealt to 876ce831 
Dealt to 35be978f 
Dealt to 17ed51ed 
Dealt to b2a55fa8 
Dealt to 897d3d3 
Dealt to 58689ef 
876ce831: folds
35be978f: folds
17ed51ed: folds
b2a55fa8: raises 1,000 to 2,000
897d3d3: folds
58689ef: raises 5,556 to 7,556
Hero: folds
be1de2f: folds
b2a55fa8: folds
Uncalled bet (5,556) returned to 58689ef
*** SHOWDOWN ***
58689ef collected 6,700 from pot
*** SUMMARY ***
Total pot 6,700 | Rake 0 | Jackpot 0 | Bingo 0 | Fortune 0 | Tax 0
Seat 1: Hero (small blind) folded before Flop
Seat 2: be1de2f (big blind) folded before Flop
Seat 3: 876ce831 folded before Flop
Seat 4: 35be978f folded before Flop
Seat 5: 17ed51ed folded before Flop
Seat 6: b2a55fa8 folded before Flop
Seat 7: 897d3d3 folded before Flop
Seat 8: 58689ef (button) collected (6,700)


Poker Hand #TM320632688: Tournament #208645365, Bounty Hunters Forty Stack $44 Hold'em No Limit - Level8(500/1,000) - 2025/05/31 19:20:07
Table '21' 8-max Seat #7 is the button
Seat 1: Hero (61,896 in chips)
Seat 2: be1de2f (68,515 in chips)
Seat 3: 876ce831 (73,836 in chips)
Seat 4: 35be978f (20,947 in chips)
Seat 5: 17ed51ed (71,968 in chips)
Seat 6: b2a55fa8 (65,237 in chips)
Seat 7: 897d3d3 (131,909 in chips)
Seat 8: 58689ef (42,917 in chips)
b2a55fa8: posts the ante 150
35be978f: posts the ante 150
897d3d3: posts the ante 150
17ed51ed: posts the ante 150
876ce831: posts the ante 150
58689ef: posts the ante 150
Hero: posts the ante 150
be1de2f: posts the ante 150
58689ef: posts small blind 500
Hero: posts big blind 1,000
*** HOLE CARDS ***
Dealt to Hero [7c Jd]
Dealt to be1de2f 
Dealt to 876ce831 
Dealt to 35be978f 
Dealt to 17ed51ed 
Dealt to b2a55fa8 
Dealt to 897d3d3 
Dealt to 58689ef 
be1de2f: folds
876ce831: folds
35be978f: folds
17ed51ed: folds
b2a55fa8: raises 1,000 to 2,000
897d3d3: folds
58689ef: folds
Hero: calls 1,000
*** FLOP *** [3d 5d Ks]
Hero: checks
b2a55fa8: checks
*** TURN *** [3d 5d Ks] [Ac]
Hero: checks
b2a55fa8: bets 5,700
Hero: folds
Uncalled bet (5,700) returned to b2a55fa8
*** SHOWDOWN ***
b2a55fa8 collected 5,700 from pot
*** SUMMARY ***
Total pot 5,700 | Rake 0 | Jackpot 0 | Bingo 0 | Fortune 0 | Tax 0
Board [3d 5d Ks Ac]
Seat 1: Hero (big blind) folded on the Turn
Seat 2: be1de2f folded before Flop
Seat 3: 876ce831 folded before Flop
Seat 4: 35be978f folded before Flop
Seat 5: 17ed51ed folded before Flop
Seat 6: b2a55fa8 won (5,700)
Seat 7: 897d3d3 (button) folded before Flop
Seat 8: 58689ef (small blind) folded before Flop


Poker Hand #TM320632646: Tournament #208645365, Bounty Hunters Forty Stack $44 Hold'em No Limit - Level8(500/1,000) - 2025/05/31 19:18:46
Table '21' 8-max Seat #6 is the button
Seat 1: Hero (62,046 in chips)
Seat 2: be1de2f (68,665 in chips)
Seat 3: 876ce831 (73,986 in chips)
Seat 4: 35be978f (21,097 in chips)
Seat 5: 17ed51ed (72,118 in chips)
Seat 6: b2a55fa8 (80,211 in chips)
Seat 7: 897d3d3 (106,435 in chips)
Seat 8: 58689ef (52,667 in chips)
b2a55fa8: posts the ante 150
35be978f: posts the ante 150
897d3d3: posts the ante 150
17ed51ed: posts the ante 150
876ce831: posts the ante 150
58689ef: posts the ante 150
Hero: posts the ante 150
be1de2f: posts the ante 150
897d3d3: posts small blind 500
58689ef: posts big blind 1,000
*** HOLE CARDS ***
Dealt to Hero [9c 5c]
Dealt to be1de2f 
Dealt to 876ce831 
Dealt to 35be978f 
Dealt to 17ed51ed 
Dealt to b2a55fa8 
Dealt to 897d3d3 
Dealt to 58689ef 
Hero: folds
be1de2f: folds
876ce831: folds
35be978f: folds
17ed51ed: folds
b2a55fa8: raises 1,000 to 2,000
897d3d3: calls 1,500
58689ef: calls 1,000
*** FLOP *** [8s 3h 4s]
897d3d3: checks
58689ef: checks
b2a55fa8: bets 2,376
897d3d3: calls 2,376
58689ef: raises 5,224 to 7,600
b2a55fa8: raises 5,224 to 12,824
897d3d3: raises 91,461 to 104,285
58689ef: folds
b2a55fa8: folds
Uncalled bet (91,461) returned to 897d3d3
*** SHOWDOWN ***
897d3d3 collected 40,448 from pot
*** SUMMARY ***
Total pot 40,448 | Rake 0 | Jackpot 0 | Bingo 0 | Fortune 0 | Tax 0
Board [8s 3h 4s]
Seat 1: Hero folded before Flop
Seat 2: be1de2f folded before Flop
Seat 3: 876ce831 folded before Flop
Seat 4: 35be978f folded before Flop
Seat 5: 17ed51ed folded before Flop
Seat 6: b2a55fa8 (button) folded on the Flop
Seat 7: 897d3d3 (small blind) won (40,448)
Seat 8: 58689ef (big blind) folded on the Flop


Poker Hand #TM320632611: Tournament #208645365, Bounty Hunters Forty Stack $44 Hold'em No Limit - Level8(500/1,000) - 2025/05/31 19:17:39
Table '21' 8-max Seat #5 is the button
Seat 1: Hero (62,196 in chips)
Seat 2: be1de2f (63,234 in chips)
Seat 3: 876ce831 (74,136 in chips)
Seat 4: 35be978f (21,247 in chips)
Seat 5: 17ed51ed (72,268 in chips)
Seat 6: b2a55fa8 (80,861 in chips)
Seat 7: 897d3d3 (110,466 in chips)
Seat 8: 58689ef (52,817 in chips)
35be978f: posts the ante 150
b2a55fa8: posts the ante 150
897d3d3: posts the ante 150
17ed51ed: posts the ante 150
876ce831: posts the ante 150
58689ef: posts the ante 150
Hero: posts the ante 150
be1de2f: posts the ante 150
b2a55fa8: posts small blind 500
897d3d3: posts big blind 1,000
*** HOLE CARDS ***
Dealt to Hero [7h 2s]
Dealt to be1de2f 
Dealt to 876ce831 
Dealt to 35be978f 
Dealt to 17ed51ed 
Dealt to b2a55fa8 
Dealt to 897d3d3 
Dealt to 58689ef 
58689ef: folds
Hero: folds
be1de2f: raises 1,000 to 2,000
876ce831: folds
35be978f: folds
17ed51ed: folds
b2a55fa8: folds
897d3d3: calls 1,000
*** FLOP *** [5h 4d 2d]
897d3d3: checks
be1de2f: bets 1,881
897d3d3: calls 1,881
*** TURN *** [5h 4d 2d] [Kd]
897d3d3: checks
be1de2f: checks
*** RIVER *** [5h 4d 2d Kd] [Qd]
897d3d3: checks
be1de2f: bets 4,731
897d3d3: folds
Uncalled bet (4,731) returned to be1de2f
*** SHOWDOWN ***
be1de2f collected 9,462 from pot
*** SUMMARY ***
Total pot 9,462 | Rake 0 | Jackpot 0 | Bingo 0 | Fortune 0 | Tax 0
Board [5h 4d 2d Kd Qd]
Seat 1: Hero folded before Flop
Seat 2: be1de2f won (9,462)
Seat 3: 876ce831 folded before Flop
Seat 4: 35be978f folded before Flop
Seat 5: 17ed51ed (button) folded before Flop
Seat 6: b2a55fa8 (small blind) folded before Flop
Seat 7: 897d3d3 (big blind) folded on the River
Seat 8: 58689ef folded before Flop


Poker Hand #TM320632565: Tournament #208645365, Bounty Hunters Forty Stack $44 Hold'em No Limit - Level8(500/1,000) - 2025/05/31 19:16:20
Table '21' 8-max Seat #4 is the button
Seat 1: Hero (62,346 in chips)
Seat 2: be1de2f (63,384 in chips)
Seat 3: 876ce831 (74,286 in chips)
Seat 4: 35be978f (21,397 in chips)
Seat 5: 17ed51ed (72,918 in chips)
Seat 6: b2a55fa8 (85,291 in chips)
Seat 7: 897d3d3 (110,616 in chips)
Seat 8: 58689ef (46,987 in chips)
35be978f: posts the ante 150
b2a55fa8: posts the ante 150
897d3d3: posts the ante 150
17ed51ed: posts the ante 150
876ce831: posts the ante 150
58689ef: posts the ante 150
Hero: posts the ante 150
be1de2f: posts the ante 150
17ed51ed: posts small blind 500
b2a55fa8: posts big blind 1,000
*** HOLE CARDS ***
Dealt to Hero [2c 9c]
Dealt to be1de2f 
Dealt to 876ce831 
Dealt to 35be978f 
Dealt to 17ed51ed 
Dealt to b2a55fa8 
Dealt to 897d3d3 
Dealt to 58689ef 
897d3d3: folds
58689ef: raises 1,000 to 2,000
Hero: folds
be1de2f: folds
876ce831: folds
35be978f: folds
17ed51ed: folds
b2a55fa8: calls 1,000
*** FLOP *** [Qh 4d 7h]
b2a55fa8: checks
58689ef: bets 2,280
b2a55fa8: calls 2,280
*** TURN *** [Qh 4d 7h] [6d]
b2a55fa8: checks
58689ef: bets 6,477
b2a55fa8: folds
Uncalled bet (6,477) returned to 58689ef
*** SHOWDOWN ***
58689ef collected 10,260 from pot
*** SUMMARY ***
Total pot 10,260 | Rake 0 | Jackpot 0 | Bingo 0 | Fortune 0 | Tax 0
Board [Qh 4d 7h 6d]
Seat 1: Hero folded before Flop
Seat 2: be1de2f folded before Flop
Seat 3: 876ce831 folded before Flop
Seat 4: 35be978f (button) folded before Flop
Seat 5: 17ed51ed (small blind) folded before Flop
Seat 6: b2a55fa8 (big blind) folded on the Turn
Seat 7: 897d3d3 folded before Flop
Seat 8: 58689ef won (10,260)


Poker Hand #TM320632542: Tournament #208645365, Bounty Hunters Forty Stack $44 Hold'em No Limit - Level8(500/1,000) - 2025/05/31 19:15:47
Table '21' 8-max Seat #3 is the button
Seat 1: Hero (57,796 in chips)
Seat 2: be1de2f (63,534 in chips)
Seat 3: 876ce831 (74,436 in chips)
Seat 4: 35be978f (22,047 in chips)
Seat 5: 17ed51ed (74,068 in chips)
Seat 6: b2a55fa8 (87,441 in chips)
Seat 7: 897d3d3 (110,766 in chips)
Seat 8: 58689ef (47,137 in chips)
b2a55fa8: posts the ante 150
35be978f: posts the ante 150
897d3d3: posts the ante 150
17ed51ed: posts the ante 150
876ce831: posts the ante 150
58689ef: posts the ante 150
Hero: posts the ante 150
be1de2f: posts the ante 150
35be978f: posts small blind 500
17ed51ed: posts big blind 1,000
*** HOLE CARDS ***
Dealt to Hero [Jc Ah]
Dealt to be1de2f 
Dealt to 876ce831 
Dealt to 35be978f 
Dealt to 17ed51ed 
Dealt to b2a55fa8 
Dealt to 897d3d3 
Dealt to 58689ef 
b2a55fa8: raises 1,000 to 2,000
897d3d3: folds
58689ef: folds
Hero: raises 5,025 to 7,025
be1de2f: folds
876ce831: folds
35be978f: folds
17ed51ed: folds
b2a55fa8: folds
Uncalled bet (5,025) returned to Hero
*** SHOWDOWN ***
Hero collected 6,700 from pot
*** SUMMARY ***
Total pot 6,700 | Rake 0 | Jackpot 0 | Bingo 0 | Fortune 0 | Tax 0
Seat 1: Hero collected (6,700)
Seat 2: be1de2f folded before Flop
Seat 3: 876ce831 (button) folded before Flop
Seat 4: 35be978f (small blind) folded before Flop
Seat 5: 17ed51ed (big blind) folded before Flop
Seat 6: b2a55fa8 folded before Flop
Seat 7: 897d3d3 folded before Flop
Seat 8: 58689ef folded before Flop


Poker Hand #TM320632509: Tournament #208645365, Bounty Hunters Forty Stack $44 Hold'em No Limit - Level7(400/800) - 2025/05/31 19:14:37
Table '21' 8-max Seat #2 is the button
Seat 1: Hero (57,916 in chips)
Seat 2: be1de2f (55,274 in chips)
Seat 3: 876ce831 (74,956 in chips)
Seat 4: 35be978f (25,677 in chips)
Seat 5: 17ed51ed (74,188 in chips)
Seat 6: b2a55fa8 (87,561 in chips)
Seat 7: 897d3d3 (114,396 in chips)
Seat 8: 58689ef (47,257 in chips)
b2a55fa8: posts the ante 120
35be978f: posts the ante 120
897d3d3: posts the ante 120
17ed51ed: posts the ante 120
876ce831: posts the ante 120
58689ef: posts the ante 120
Hero: posts the ante 120
be1de2f: posts the ante 120
876ce831: posts small blind 400
35be978f: posts big blind 800
*** HOLE CARDS ***
Dealt to Hero [3h 6c]
Dealt to be1de2f 
Dealt to 876ce831 
Dealt to 35be978f 
Dealt to 17ed51ed 
Dealt to b2a55fa8 
Dealt to 897d3d3 
Dealt to 58689ef 
17ed51ed: folds
b2a55fa8: folds
897d3d3: raises 800 to 1,600
58689ef: folds
Hero: folds
be1de2f: calls 1,600
876ce831: folds
35be978f: calls 800
*** FLOP *** [8s 6d Js]
35be978f: checks
897d3d3: checks
be1de2f: checks
*** TURN *** [8s 6d Js] [7h]
35be978f: bets 1,910
897d3d3: calls 1,910
be1de2f: calls 1,910
*** RIVER *** [8s 6d Js 7h] [5c]
35be978f: checks
897d3d3: checks
be1de2f: bets 8,918
35be978f: folds
897d3d3: folds
Uncalled bet (8,918) returned to be1de2f
*** SHOWDOWN ***
be1de2f collected 11,890 from pot
*** SUMMARY ***
Total pot 11,890 | Rake 0 | Jackpot 0 | Bingo 0 | Fortune 0 | Tax 0
Board [8s 6d Js 7h 5c]
Seat 1: Hero folded before Flop
Seat 2: be1de2f (button) won (11,890)
Seat 3: 876ce831 (small blind) folded before Flop
Seat 4: 35be978f (big blind) folded on the River
Seat 5: 17ed51ed folded before Flop
Seat 6: b2a55fa8 folded before Flop
Seat 7: 897d3d3 folded on the River
Seat 8: 58689ef folded before Flop


Poker Hand #TM320632468: Tournament #208645365, Bounty Hunters Forty Stack $44 Hold'em No Limit - Level7(400/800) - 2025/05/31 19:13:31
Table '21' 8-max Seat #1 is the button
Seat 1: Hero (58,036 in chips)
Seat 2: be1de2f (77,884 in chips)
Seat 3: 876ce831 (75,876 in chips)
Seat 4: 35be978f (25,797 in chips)
Seat 5: 17ed51ed (74,308 in chips)
Seat 6: b2a55fa8 (87,681 in chips)
Seat 7: 897d3d3 (88,666 in chips)
Seat 8: 58689ef (48,977 in chips)
b2a55fa8: posts the ante 120
35be978f: posts the ante 120
897d3d3: posts the ante 120
17ed51ed: posts the ante 120
876ce831: posts the ante 120
58689ef: posts the ante 120
Hero: posts the ante 120
be1de2f: posts the ante 120
be1de2f: posts small blind 400
876ce831: posts big blind 800
*** HOLE CARDS ***
Dealt to Hero [2s 8h]
Dealt to be1de2f 
Dealt to 876ce831 
Dealt to 35be978f 
Dealt to 17ed51ed 
Dealt to b2a55fa8 
Dealt to 897d3d3 
Dealt to 58689ef 
35be978f: folds
17ed51ed: folds
b2a55fa8: folds
897d3d3: raises 800 to 1,600
58689ef: calls 1,600
Hero: folds
be1de2f: raises 4,000 to 5,600
876ce831: folds
897d3d3: calls 4,000
58689ef: folds
*** FLOP *** [4c 3h 3d]
be1de2f: bets 4,805
897d3d3: calls 4,805
*** TURN *** [4c 3h 3d] [7s]
be1de2f: bets 12,085
897d3d3: calls 12,085
*** RIVER *** [4c 3h 3d 7s] [Th]
be1de2f: checks
897d3d3: checks
be1de2f: shows [Ad Kc] (a pair of Threes)
897d3d3: shows [6h 6s] (two pair, Sixes and Threes)
*** SHOWDOWN ***
897d3d3 collected 48,340 from pot
*** SUMMARY ***
Total pot 48,340 | Rake 0 | Jackpot 0 | Bingo 0 | Fortune 0 | Tax 0
Board [4c 3h 3d 7s Th]
Seat 1: Hero (button) folded before Flop
Seat 2: be1de2f (small blind) showed [Ad Kc] and lost with a pair of Threes
Seat 3: 876ce831 (big blind) folded before Flop
Seat 4: 35be978f folded before Flop
Seat 5: 17ed51ed folded before Flop
Seat 6: b2a55fa8 folded before Flop
Seat 7: 897d3d3 showed [6h 6s] and won (48,340) with two pair, Sixes and Threes
Seat 8: 58689ef folded before Flop


Poker Hand #TM320632450: Tournament #208645365, Bounty Hunters Forty Stack $44 Hold'em No Limit - Level7(400/800) - 2025/05/31 19:12:53
Table '21' 8-max Seat #8 is the button
Seat 1: Hero (58,556 in chips)
Seat 2: be1de2f (79,604 in chips)
Seat 3: 876ce831 (73,036 in chips)
Seat 4: 35be978f (25,917 in chips)
Seat 5: 17ed51ed (74,428 in chips)
Seat 6: b2a55fa8 (87,801 in chips)
Seat 7: 897d3d3 (88,786 in chips)
Seat 8: 58689ef (49,097 in chips)
b2a55fa8: posts the ante 120
35be978f: posts the ante 120
897d3d3: posts the ante 120
17ed51ed: posts the ante 120
876ce831: posts the ante 120
58689ef: posts the ante 120
Hero: posts the ante 120
be1de2f: posts the ante 120
Hero: posts small blind 400
be1de2f: posts big blind 800
*** HOLE CARDS ***
Dealt to Hero [9h Td]
Dealt to be1de2f 
Dealt to 876ce831 
Dealt to 35be978f 
Dealt to 17ed51ed 
Dealt to b2a55fa8 
Dealt to 897d3d3 
Dealt to 58689ef 
876ce831: raises 800 to 1,600
35be978f: folds
17ed51ed: folds
b2a55fa8: folds
897d3d3: folds
58689ef: folds
Hero: folds
be1de2f: calls 800
*** FLOP *** [3h 7h Ks]
be1de2f: checks
876ce831: bets 1,460
be1de2f: folds
Uncalled bet (1,460) returned to 876ce831
*** SHOWDOWN ***
876ce831 collected 4,560 from pot
*** SUMMARY ***
Total pot 4,560 | Rake 0 | Jackpot 0 | Bingo 0 | Fortune 0 | Tax 0
Board [3h 7h Ks]
Seat 1: Hero (small blind) folded before Flop
Seat 2: be1de2f (big blind) folded on the Flop
Seat 3: 876ce831 won (4,560)
Seat 4: 35be978f folded before Flop
Seat 5: 17ed51ed folded before Flop
Seat 6: b2a55fa8 folded before Flop
Seat 7: 897d3d3 folded before Flop
Seat 8: 58689ef (button) folded before Flop


Poker Hand #TM320632429: Tournament #208645365, Bounty Hunters Forty Stack $44 Hold'em No Limit - Level7(400/800) - 2025/05/31 19:12:20
Table '21' 8-max Seat #7 is the button
Seat 1: Hero (59,476 in chips)
Seat 2: be1de2f (79,724 in chips)
Seat 3: 876ce831 (73,156 in chips)
Seat 4: 35be978f (27,637 in chips)
Seat 5: 17ed51ed (74,548 in chips)
Seat 6: b2a55fa8 (87,921 in chips)
Seat 7: 897d3d3 (85,146 in chips)
Seat 8: 58689ef (49,617 in chips)
b2a55fa8: posts the ante 120
35be978f: posts the ante 120
897d3d3: posts the ante 120
17ed51ed: posts the ante 120
876ce831: posts the ante 120
58689ef: posts the ante 120
Hero: posts the ante 120
be1de2f: posts the ante 120
58689ef: posts small blind 400
Hero: posts big blind 800
*** HOLE CARDS ***
Dealt to Hero [2c Qd]
Dealt to be1de2f 
Dealt to 876ce831 
Dealt to 35be978f 
Dealt to 17ed51ed 
Dealt to b2a55fa8 
Dealt to 897d3d3 
Dealt to 58689ef 
be1de2f: folds
876ce831: folds
35be978f: raises 800 to 1,600
17ed51ed: folds
b2a55fa8: folds
897d3d3: raises 2,800 to 4,400
58689ef: folds
Hero: folds
35be978f: folds
Uncalled bet (2,800) returned to 897d3d3
*** SHOWDOWN ***
897d3d3 collected 5,360 from pot
*** SUMMARY ***
Total pot 5,360 | Rake 0 | Jackpot 0 | Bingo 0 | Fortune 0 | Tax 0
Seat 1: Hero (big blind) folded before Flop
Seat 2: be1de2f folded before Flop
Seat 3: 876ce831 folded before Flop
Seat 4: 35be978f folded before Flop
Seat 5: 17ed51ed folded before Flop
Seat 6: b2a55fa8 folded before Flop
Seat 7: 897d3d3 (button) collected (5,360)
Seat 8: 58689ef (small blind) folded before Flop


Poker Hand #TM320632405: Tournament #208645365, Bounty Hunters Forty Stack $44 Hold'em No Limit - Level7(400/800) - 2025/05/31 19:11:46
Table '21' 8-max Seat #6 is the button
Seat 1: Hero (59,596 in chips)
Seat 2: be1de2f (79,844 in chips)
Seat 3: 876ce831 (73,276 in chips)
Seat 4: 35be978f (27,757 in chips)
Seat 5: 17ed51ed (74,668 in chips)
Seat 6: b2a55fa8 (88,041 in chips)
Seat 7: 897d3d3 (85,666 in chips)
Seat 8: 58689ef (48,377 in chips)
b2a55fa8: posts the ante 120
35be978f: posts the ante 120
897d3d3: posts the ante 120
17ed51ed: posts the ante 120
876ce831: posts the ante 120
58689ef: posts the ante 120
Hero: posts the ante 120
be1de2f: posts the ante 120
897d3d3: posts small blind 400
58689ef: posts big blind 800
*** HOLE CARDS ***
Dealt to Hero [8d Qd]
Dealt to be1de2f 
Dealt to 876ce831 
Dealt to 35be978f 
Dealt to 17ed51ed 
Dealt to b2a55fa8 
Dealt to 897d3d3 
Dealt to 58689ef 
Hero: folds
be1de2f: folds
876ce831: folds
35be978f: folds
17ed51ed: folds
b2a55fa8: folds
897d3d3: folds
Uncalled bet (400) returned to 58689ef
*** SHOWDOWN ***
58689ef collected 1,760 from pot
*** SUMMARY ***
Total pot 1,760 | Rake 0 | Jackpot 0 | Bingo 0 | Fortune 0 | Tax 0
Seat 1: Hero folded before Flop
Seat 2: be1de2f folded before Flop
Seat 3: 876ce831 folded before Flop
Seat 4: 35be978f folded before Flop
Seat 5: 17ed51ed folded before Flop
Seat 6: b2a55fa8 (button) folded before Flop
Seat 7: 897d3d3 (small blind) folded before Flop
Seat 8: 58689ef (big blind) collected (1,760)


Poker Hand #TM320632349: Tournament #208645365, Bounty Hunters Forty Stack $44 Hold'em No Limit - Level7(400/800) - 2025/05/31 19:10:24
Table '21' 8-max Seat #5 is the button
Seat 1: Hero (59,716 in chips)
Seat 2: be1de2f (79,964 in chips)
Seat 3: 876ce831 (73,396 in chips)
Seat 4: 35be978f (27,877 in chips)
Seat 5: 17ed51ed (74,788 in chips)
Seat 6: b2a55fa8 (103,201 in chips)
Seat 7: 897d3d3 (69,786 in chips)
Seat 8: 58689ef (48,497 in chips)
35be978f: posts the ante 120
b2a55fa8: posts the ante 120
897d3d3: posts the ante 120
17ed51ed: posts the ante 120
876ce831: posts the ante 120
58689ef: posts the ante 120
Hero: posts the ante 120
be1de2f: posts the ante 120
b2a55fa8: posts small blind 400
897d3d3: posts big blind 800
*** HOLE CARDS ***
Dealt to Hero [2d Jh]
Dealt to be1de2f 
Dealt to 876ce831 
Dealt to 35be978f 
Dealt to 17ed51ed 
Dealt to b2a55fa8 
Dealt to 897d3d3 
Dealt to 58689ef 
58689ef: folds
Hero: folds
be1de2f: folds
876ce831: folds
35be978f: folds
17ed51ed: folds
b2a55fa8: raises 2,240 to 3,040
897d3d3: calls 2,240
*** FLOP *** [8d 3c 2h]
b2a55fa8: checks
897d3d3: checks
*** TURN *** [8d 3c 2h] [3h]
b2a55fa8: bets 12,000
897d3d3: calls 12,000
*** RIVER *** [8d 3c 2h 3h] [Jd]
b2a55fa8: checks
897d3d3: bets 15,600
b2a55fa8: folds
Uncalled bet (15,600) returned to 897d3d3
*** SHOWDOWN ***
897d3d3 collected 31,040 from pot
*** SUMMARY ***
Total pot 31,040 | Rake 0 | Jackpot 0 | Bingo 0 | Fortune 0 | Tax 0
Board [8d 3c 2h 3h Jd]
Seat 1: Hero folded before Flop
Seat 2: be1de2f folded before Flop
Seat 3: 876ce831 folded before Flop
Seat 4: 35be978f folded before Flop
Seat 5: 17ed51ed (button) folded before Flop
Seat 6: b2a55fa8 (small blind) folded on the River
Seat 7: 897d3d3 (big blind) showed [Th 9h] and won (31,040)
Seat 8: 58689ef folded before Flop


Poker Hand #TM320632288: Tournament #208645365, Bounty Hunters Forty Stack $44 Hold'em No Limit - Level7(400/800) - 2025/05/31 19:08:50
Table '21' 8-max Seat #4 is the button
Seat 1: Hero (59,836 in chips)
Seat 2: be1de2f (80,084 in chips)
Seat 3: 876ce831 (73,516 in chips)
Seat 4: 35be978f (27,997 in chips)
Seat 5: 17ed51ed (75,308 in chips)
Seat 6: b2a55fa8 (98,821 in chips)
Seat 7: 897d3d3 (69,906 in chips)
Seat 8: 58689ef (51,757 in chips)
35be978f: posts the ante 120
b2a55fa8: posts the ante 120
897d3d3: posts the ante 120
17ed51ed: posts the ante 120
876ce831: posts the ante 120
58689ef: posts the ante 120
Hero: posts the ante 120
be1de2f: posts the ante 120
17ed51ed: posts small blind 400
b2a55fa8: posts big blind 800
*** HOLE CARDS ***
Dealt to Hero [Ah 8c]
Dealt to be1de2f 
Dealt to 876ce831 
Dealt to 35be978f 
Dealt to 17ed51ed 
Dealt to b2a55fa8 
Dealt to 897d3d3 
Dealt to 58689ef 
897d3d3: folds
58689ef: raises 800 to 1,600
Hero: folds
be1de2f: folds
876ce831: folds
35be978f: folds
17ed51ed: folds
b2a55fa8: calls 800
*** FLOP *** [Jc Qh Kc]
b2a55fa8: checks
58689ef: bets 1,540
b2a55fa8: calls 1,540
*** TURN *** [Jc Qh Kc] [2s]
b2a55fa8: checks
58689ef: checks
*** RIVER *** [Jc Qh Kc 2s] [Ac]
b2a55fa8: bets 5,200
58689ef: folds
Uncalled bet (5,200) returned to b2a55fa8
*** SHOWDOWN ***
b2a55fa8 collected 7,640 from pot
*** SUMMARY ***
Total pot 7,640 | Rake 0 | Jackpot 0 | Bingo 0 | Fortune 0 | Tax 0
Board [Jc Qh Kc 2s Ac]
Seat 1: Hero folded before Flop
Seat 2: be1de2f folded before Flop
Seat 3: 876ce831 folded before Flop
Seat 4: 35be978f (button) folded before Flop
Seat 5: 17ed51ed (small blind) folded before Flop
Seat 6: b2a55fa8 (big blind) won (7,640)
Seat 7: 897d3d3 folded before Flop
Seat 8: 58689ef folded on the River


Poker Hand #TM320632262: Tournament #208645365, Bounty Hunters Forty Stack $44 Hold'em No Limit - Level7(400/800) - 2025/05/31 19:08:12
Table '21' 8-max Seat #3 is the button
Seat 1: Hero (59,956 in chips)
Seat 3: 876ce831 (73,636 in chips)
Seat 4: 35be978f (28,517 in chips)
Seat 5: 17ed51ed (77,028 in chips)
Seat 6: b2a55fa8 (96,101 in chips)
Seat 7: 897d3d3 (70,026 in chips)
Seat 8: 58689ef (51,877 in chips)
b2a55fa8: posts the ante 120
35be978f: posts the ante 120
897d3d3: posts the ante 120
17ed51ed: posts the ante 120
876ce831: posts the ante 120
58689ef: posts the ante 120
Hero: posts the ante 120
35be978f: posts small blind 400
17ed51ed: posts big blind 800
*** HOLE CARDS ***
Dealt to Hero [Kd 3s]
Dealt to 876ce831 
Dealt to 35be978f 
Dealt to 17ed51ed 
Dealt to b2a55fa8 
Dealt to 897d3d3 
Dealt to 58689ef 
b2a55fa8: raises 800 to 1,600
897d3d3: folds
58689ef: folds
Hero: folds
876ce831: folds
35be978f: folds
17ed51ed: calls 800
*** FLOP *** [7h Tc Qs]
17ed51ed: checks
b2a55fa8: bets 2,530
17ed51ed: folds
Uncalled bet (2,530) returned to b2a55fa8
*** SHOWDOWN ***
b2a55fa8 collected 4,440 from pot
*** SUMMARY ***
Total pot 4,440 | Rake 0 | Jackpot 0 | Bingo 0 | Fortune 0 | Tax 0
Board [7h Tc Qs]
Seat 1: Hero folded before Flop
Seat 3: 876ce831 (button) folded before Flop
Seat 4: 35be978f (small blind) folded before Flop
Seat 5: 17ed51ed (big blind) folded on the Flop
Seat 6: b2a55fa8 won (4,440)
Seat 7: 897d3d3 folded before Flop
Seat 8: 58689ef folded before Flop


Poker Hand #TM320632226: Tournament #208645365, Bounty Hunters Forty Stack $44 Hold'em No Limit - Level7(400/800) - 2025/05/31 19:07:14
Table '21' 8-max Seat #1 is the button
Seat 1: Hero (60,076 in chips)
Seat 2: 82d58373 (12,813 in chips)
Seat 3: 876ce831 (60,103 in chips)
Seat 4: 35be978f (28,637 in chips)
Seat 5: 17ed51ed (77,148 in chips)
Seat 6: b2a55fa8 (96,221 in chips)
Seat 7: 897d3d3 (70,146 in chips)
Seat 8: 58689ef (51,997 in chips)
82d58373: posts the ante 120
b2a55fa8: posts the ante 120
35be978f: posts the ante 120
897d3d3: posts the ante 120
17ed51ed: posts the ante 120
876ce831: posts the ante 120
58689ef: posts the ante 120
Hero: posts the ante 120
82d58373: posts small blind 400
876ce831: posts big blind 800
*** HOLE CARDS ***
Dealt to Hero [3d Qc]
Dealt to 82d58373 
Dealt to 876ce831 
Dealt to 35be978f 
Dealt to 17ed51ed 
Dealt to b2a55fa8 
Dealt to 897d3d3 
Dealt to 58689ef 
35be978f: folds
17ed51ed: folds
b2a55fa8: folds
897d3d3: folds
58689ef: folds
Hero: folds
82d58373: calls 400
876ce831: raises 18,400 to 19,200
82d58373: calls 11,893
Uncalled bet (6,507) returned to 876ce831
876ce831: shows [2s 8d]
82d58373: shows [Kc 3c]
*** FLOP *** [8s Jh 7h]
*** TURN *** [8s Jh 7h] [3s]
*** RIVER *** [8s Jh 7h 3s] [9s]
*** SHOWDOWN ***
876ce831 collected 26,346 from pot
*** SUMMARY ***
Total pot 26,346 | Rake 0 | Jackpot 0 | Bingo 0 | Fortune 0 | Tax 0
Board [8s Jh 7h 3s 9s]
Seat 1: Hero (button) folded before Flop
Seat 2: 82d58373 (small blind) showed [Kc 3c] and lost with a pair of Threes
Seat 3: 876ce831 (big blind) showed [2s 8d] and won (26,346) with a pair of Eights
Seat 4: 35be978f folded before Flop
Seat 5: 17ed51ed folded before Flop
Seat 6: b2a55fa8 folded before Flop
Seat 7: 897d3d3 folded before Flop
Seat 8: 58689ef folded before Flop


Poker Hand #TM320632170: Tournament #208645365, Bounty Hunters Forty Stack $44 Hold'em No Limit - Level7(400/800) - 2025/05/31 19:06:00
Table '21' 8-max Seat #8 is the button
Seat 1: Hero (60,596 in chips)
Seat 2: 82d58373 (14,533 in chips)
Seat 3: 876ce831 (60,223 in chips)
Seat 4: 35be978f (28,757 in chips)
Seat 5: 17ed51ed (74,308 in chips)
Seat 6: b2a55fa8 (96,341 in chips)
Seat 7: 897d3d3 (70,266 in chips)
Seat 8: 58689ef (52,117 in chips)
82d58373: posts the ante 120
b2a55fa8: posts the ante 120
35be978f: posts the ante 120
897d3d3: posts the ante 120
17ed51ed: posts the ante 120
876ce831: posts the ante 120
58689ef: posts the ante 120
Hero: posts the ante 120
Hero: posts small blind 400
82d58373: posts big blind 800
*** HOLE CARDS ***
Dealt to Hero [7s 8h]
Dealt to 82d58373 
Dealt to 876ce831 
Dealt to 35be978f 
Dealt to 17ed51ed 
Dealt to b2a55fa8 
Dealt to 897d3d3 
Dealt to 58689ef 
876ce831: folds
35be978f: folds
17ed51ed: raises 800 to 1,600
b2a55fa8: folds
897d3d3: folds
58689ef: folds
Hero: folds
82d58373: calls 800
*** FLOP *** [2h 4c Td]
82d58373: checks
17ed51ed: bets 1,368
82d58373: folds
Uncalled bet (1,368) returned to 17ed51ed
*** SHOWDOWN ***
17ed51ed collected 4,560 from pot
*** SUMMARY ***
Total pot 4,560 | Rake 0 | Jackpot 0 | Bingo 0 | Fortune 0 | Tax 0
Board [2h 4c Td]
Seat 1: Hero (small blind) folded before Flop
Seat 2: 82d58373 (big blind) folded on the Flop
Seat 3: 876ce831 folded before Flop
Seat 4: 35be978f folded before Flop
Seat 5: 17ed51ed won (4,560)
Seat 6: b2a55fa8 folded before Flop
Seat 7: 897d3d3 folded before Flop
Seat 8: 58689ef (button) folded before Flop


Poker Hand #TM320632147: Tournament #208645365, Bounty Hunters Forty Stack $44 Hold'em No Limit - Level7(400/800) - 2025/05/31 19:05:28
Table '21' 8-max Seat #7 is the button
Seat 1: Hero (61,516 in chips)
Seat 2: 82d58373 (14,653 in chips)
Seat 3: 876ce831 (60,343 in chips)
Seat 4: 35be978f (28,877 in chips)
Seat 5: 17ed51ed (74,428 in chips)
Seat 6: b2a55fa8 (96,461 in chips)
Seat 7: 897d3d3 (68,226 in chips)
Seat 8: 58689ef (52,637 in chips)
82d58373: posts the ante 120
b2a55fa8: posts the ante 120
35be978f: posts the ante 120
897d3d3: posts the ante 120
17ed51ed: posts the ante 120
876ce831: posts the ante 120
58689ef: posts the ante 120
Hero: posts the ante 120
58689ef: posts small blind 400
Hero: posts big blind 800
*** HOLE CARDS ***
Dealt to Hero [6d 2h]
Dealt to 82d58373 
Dealt to 876ce831 
Dealt to 35be978f 
Dealt to 17ed51ed 
Dealt to b2a55fa8 
Dealt to 897d3d3 
Dealt to 58689ef 
82d58373: folds
876ce831: folds
35be978f: folds
17ed51ed: folds
b2a55fa8: folds
897d3d3: raises 800 to 1,600
58689ef: folds
Hero: folds
Uncalled bet (800) returned to 897d3d3
*** SHOWDOWN ***
897d3d3 collected 2,960 from pot
*** SUMMARY ***
Total pot 2,960 | Rake 0 | Jackpot 0 | Bingo 0 | Fortune 0 | Tax 0
Seat 1: Hero (big blind) folded before Flop
Seat 2: 82d58373 folded before Flop
Seat 3: 876ce831 folded before Flop
Seat 4: 35be978f folded before Flop
Seat 5: 17ed51ed folded before Flop
Seat 6: b2a55fa8 folded before Flop
Seat 7: 897d3d3 (button) collected (2,960)
Seat 8: 58689ef (small blind) folded before Flop


Poker Hand #TM320632061: Tournament #208645365, Bounty Hunters Forty Stack $44 Hold'em No Limit - Level7(400/800) - 2025/05/31 19:03:02
Table '21' 8-max Seat #6 is the button
Seat 1: Hero (61,636 in chips)
Seat 2: 82d58373 (14,773 in chips)
Seat 3: 876ce831 (42,730 in chips)
Seat 4: 35be978f (28,997 in chips)
Seat 5: 17ed51ed (90,121 in chips)
Seat 6: b2a55fa8 (96,581 in chips)
Seat 7: 897d3d3 (68,746 in chips)
Seat 8: 58689ef (53,557 in chips)
82d58373: posts the ante 120
b2a55fa8: posts the ante 120
35be978f: posts the ante 120
897d3d3: posts the ante 120
17ed51ed: posts the ante 120
876ce831: posts the ante 120
58689ef: posts the ante 120
Hero: posts the ante 120
897d3d3: posts small blind 400
58689ef: posts big blind 800
*** HOLE CARDS ***
Dealt to Hero [Ts 5s]
Dealt to 82d58373 
Dealt to 876ce831 
Dealt to 35be978f 
Dealt to 17ed51ed 
Dealt to b2a55fa8 
Dealt to 897d3d3 
Dealt to 58689ef 
Hero: folds
82d58373: folds
876ce831: raises 800 to 1,600
35be978f: folds
17ed51ed: raises 3,200 to 4,800
b2a55fa8: folds
897d3d3: folds
58689ef: folds
876ce831: calls 3,200
*** FLOP *** [4s As 2s]
876ce831: checks
17ed51ed: bets 3,528
876ce831: calls 3,528
*** TURN *** [4s As 2s] [9c]
876ce831: checks
17ed51ed: checks
*** RIVER *** [4s As 2s 9c] [Js]
876ce831: checks
17ed51ed: bets 7,245
876ce831: calls 7,245
17ed51ed: shows [Qh Th] (Ace high)
876ce831: shows [7s 7c] (a flush Ace high)
*** SHOWDOWN ***
876ce831 collected 33,306 from pot
*** SUMMARY ***
Total pot 33,306 | Rake 0 | Jackpot 0 | Bingo 0 | Fortune 0 | Tax 0
Board [4s As 2s 9c Js]
Seat 1: Hero folded before Flop
Seat 2: 82d58373 folded before Flop
Seat 3: 876ce831 showed [7s 7c] and won (33,306) with a flush Ace high
Seat 4: 35be978f folded before Flop
Seat 5: 17ed51ed showed [Qh Th] and lost with Ace high
Seat 6: b2a55fa8 (button) folded before Flop
Seat 7: 897d3d3 (small blind) folded before Flop
Seat 8: 58689ef (big blind) folded before Flop


Poker Hand #TM320631958: Tournament #208645365, Bounty Hunters Forty Stack $44 Hold'em No Limit - Level6(300/600) - 2025/05/31 18:54:05
Table '21' 8-max Seat #5 is the button
Seat 1: Hero (61,726 in chips)
Seat 2: 82d58373 (14,863 in chips)
Seat 3: 876ce831 (40,000 in chips)
Seat 4: 35be978f (29,087 in chips)
Seat 5: 17ed51ed (90,211 in chips)
Seat 6: b2a55fa8 (96,971 in chips)
Seat 7: 897d3d3 (69,436 in chips)
Seat 8: 58689ef (54,847 in chips)
82d58373: posts the ante 90
35be978f: posts the ante 90
b2a55fa8: posts the ante 90
897d3d3: posts the ante 90
17ed51ed: posts the ante 90
876ce831: posts the ante 90
58689ef: posts the ante 90
Hero: posts the ante 90
b2a55fa8: posts small blind 300
897d3d3: posts big blind 600
*** HOLE CARDS ***
Dealt to Hero [Js 5d]
Dealt to 82d58373 
Dealt to 876ce831 
Dealt to 35be978f 
Dealt to 17ed51ed 
Dealt to b2a55fa8 
Dealt to 897d3d3 
Dealt to 58689ef 
58689ef: raises 600 to 1,200
Hero: folds
82d58373: folds
876ce831: calls 1,200
35be978f: folds
17ed51ed: folds
b2a55fa8: folds
897d3d3: folds
*** FLOP *** [5h Ah 2s]
58689ef: checks
876ce831: bets 2,010
58689ef: folds
Uncalled bet (2,010) returned to 876ce831
*** SHOWDOWN ***
876ce831 collected 4,020 from pot
*** SUMMARY ***
Total pot 4,020 | Rake 0 | Jackpot 0 | Bingo 0 | Fortune 0 | Tax 0
Board [5h Ah 2s]
Seat 1: Hero folded before Flop
Seat 2: 82d58373 folded before Flop
Seat 3: 876ce831 won (4,020)
Seat 4: 35be978f folded before Flop
Seat 5: 17ed51ed (button) folded before Flop
Seat 6: b2a55fa8 (small blind) folded before Flop
Seat 7: 897d3d3 (big blind) folded before Flop
Seat 8: 58689ef folded on the Flop


Poker Hand #TM320631894: Tournament #208645365, Bounty Hunters Forty Stack $44 Hold'em No Limit - Level6(300/600) - 2025/05/31 18:52:20
Table '21' 8-max Seat #4 is the button
Seat 1: Hero (61,816 in chips)
Seat 2: 82d58373 (14,953 in chips)
Seat 4: 35be978f (29,177 in chips)
Seat 5: 17ed51ed (90,601 in chips)
Seat 6: b2a55fa8 (97,661 in chips)
Seat 7: 897d3d3 (82,904 in chips)
Seat 8: 58689ef (40,029 in chips)
82d58373: posts the ante 90
35be978f: posts the ante 90
b2a55fa8: posts the ante 90
897d3d3: posts the ante 90
17ed51ed: posts the ante 90
58689ef: posts the ante 90
Hero: posts the ante 90
17ed51ed: posts small blind 300
b2a55fa8: posts big blind 600
*** HOLE CARDS ***
Dealt to Hero [7d 6c]
Dealt to 82d58373 
Dealt to 35be978f 
Dealt to 17ed51ed 
Dealt to b2a55fa8 
Dealt to 897d3d3 
Dealt to 58689ef 
897d3d3: raises 600 to 1,200
58689ef: raises 3,273 to 4,473
Hero: folds
82d58373: folds
35be978f: folds
17ed51ed: folds
b2a55fa8: folds
897d3d3: calls 3,273
*** FLOP *** [5c Th 2h]
897d3d3: checks
58689ef: bets 2,619
897d3d3: calls 2,619
*** TURN *** [5c Th 2h] [7h]
897d3d3: checks
58689ef: bets 6,286
897d3d3: calls 6,286
*** RIVER *** [5c Th 2h 7h] [9c]
897d3d3: checks
58689ef: bets 26,400
897d3d3: folds
Uncalled bet (26,400) returned to 58689ef
*** SHOWDOWN ***
58689ef collected 28,286 from pot
*** SUMMARY ***
Total pot 28,286 | Rake 0 | Jackpot 0 | Bingo 0 | Fortune 0 | Tax 0
Board [5c Th 2h 7h 9c]
Seat 1: Hero folded before Flop
Seat 2: 82d58373 folded before Flop
Seat 4: 35be978f (button) folded before Flop
Seat 5: 17ed51ed (small blind) folded before Flop
Seat 6: b2a55fa8 (big blind) folded before Flop
Seat 7: 897d3d3 folded on the River
Seat 8: 58689ef won (28,286)


Poker Hand #TM320631853: Tournament #208645365, Bounty Hunters Forty Stack $44 Hold'em No Limit - Level6(300/600) - 2025/05/31 18:51:06
Table '21' 8-max Seat #3 is the button
Seat 1: Hero (36,875 in chips)
Seat 2: 82d58373 (16,243 in chips)
Seat 3: 8424cd4d (22,301 in chips)
Seat 4: 35be978f (29,567 in chips)
Seat 5: 17ed51ed (91,291 in chips)
Seat 6: b2a55fa8 (97,751 in chips)
Seat 7: 897d3d3 (82,994 in chips)
Seat 8: 58689ef (40,119 in chips)
82d58373: posts the ante 90
b2a55fa8: posts the ante 90
35be978f: posts the ante 90
897d3d3: posts the ante 90
8424cd4d: posts the ante 90
17ed51ed: posts the ante 90
58689ef: posts the ante 90
Hero: posts the ante 90
35be978f: posts small blind 300
17ed51ed: posts big blind 600
*** HOLE CARDS ***
Dealt to Hero [9d Ad]
Dealt to 82d58373 
Dealt to 8424cd4d 
Dealt to 35be978f 
Dealt to 17ed51ed 
Dealt to b2a55fa8 
Dealt to 897d3d3 
Dealt to 58689ef 
b2a55fa8: folds
897d3d3: folds
58689ef: folds
Hero: raises 600 to 1,200
82d58373: calls 1,200
8424cd4d: raises 21,011 to 22,211
35be978f: folds
17ed51ed: folds
Hero: calls 21,011
82d58373: folds
8424cd4d: shows [Kd Td]
Hero: shows [9d Ad]
*** FLOP *** [7h 3h Js]
*** TURN *** [7h 3h Js] [7d]
*** RIVER *** [7h 3h Js 7d] [8d]
*** SHOWDOWN ***
Hero collected 47,242 from pot
*** SUMMARY ***
Total pot 47,242 | Rake 0 | Jackpot 0 | Bingo 0 | Fortune 0 | Tax 0
Board [7h 3h Js 7d 8d]
Seat 1: Hero showed [9d Ad] and won (47,242) with a pair of Sevens
Seat 2: 82d58373 folded before Flop
Seat 3: 8424cd4d (button) showed [Kd Td] and lost with a pair of Sevens
Seat 4: 35be978f (small blind) folded before Flop
Seat 5: 17ed51ed (big blind) folded before Flop
Seat 6: b2a55fa8 folded before Flop
Seat 7: 897d3d3 folded before Flop
Seat 8: 58689ef folded before Flop


Poker Hand #TM320631809: Tournament #208645365, Bounty Hunters Forty Stack $44 Hold'em No Limit - Level6(300/600) - 2025/05/31 18:50:00
Table '21' 8-max Seat #2 is the button
Seat 1: Hero (36,965 in chips)
Seat 2: 82d58373 (16,333 in chips)
Seat 3: 8424cd4d (22,691 in chips)
Seat 4: 35be978f (31,986 in chips)
Seat 5: 17ed51ed (91,381 in chips)
Seat 6: b2a55fa8 (94,492 in chips)
Seat 7: 897d3d3 (83,084 in chips)
Seat 8: 58689ef (40,209 in chips)
82d58373: posts the ante 90
b2a55fa8: posts the ante 90
35be978f: posts the ante 90
897d3d3: posts the ante 90
8424cd4d: posts the ante 90
17ed51ed: posts the ante 90
58689ef: posts the ante 90
Hero: posts the ante 90
8424cd4d: posts small blind 300
35be978f: posts big blind 600
*** HOLE CARDS ***
Dealt to Hero [7h 6d]
Dealt to 82d58373 
Dealt to 8424cd4d 
Dealt to 35be978f 
Dealt to 17ed51ed 
Dealt to b2a55fa8 
Dealt to 897d3d3 
Dealt to 58689ef 
17ed51ed: folds
b2a55fa8: raises 600 to 1,200
897d3d3: folds
58689ef: folds
Hero: folds
82d58373: folds
8424cd4d: folds
35be978f: calls 600
*** FLOP *** [2c Td Kc]
35be978f: checks
b2a55fa8: bets 1,129
35be978f: calls 1,129
*** TURN *** [2c Td Kc] [3h]
35be978f: checks
b2a55fa8: bets 5,678
35be978f: folds
Uncalled bet (5,678) returned to b2a55fa8
*** SHOWDOWN ***
b2a55fa8 collected 5,678 from pot
*** SUMMARY ***
Total pot 5,678 | Rake 0 | Jackpot 0 | Bingo 0 | Fortune 0 | Tax 0
Board [2c Td Kc 3h]
Seat 1: Hero folded before Flop
Seat 2: 82d58373 (button) folded before Flop
Seat 3: 8424cd4d (small blind) folded before Flop
Seat 4: 35be978f (big blind) folded on the Turn
Seat 5: 17ed51ed folded before Flop
Seat 6: b2a55fa8 won (5,678)
Seat 7: 897d3d3 folded before Flop
Seat 8: 58689ef folded before Flop


Poker Hand #TM320631794: Tournament #208645365, Bounty Hunters Forty Stack $44 Hold'em No Limit - Level6(300/600) - 2025/05/31 18:49:33
Table '21' 8-max Seat #1 is the button
Seat 1: Hero (37,055 in chips)
Seat 2: 82d58373 (16,723 in chips)
Seat 3: 8424cd4d (23,381 in chips)
Seat 4: 35be978f (32,076 in chips)
Seat 5: 17ed51ed (91,471 in chips)
Seat 6: b2a55fa8 (94,582 in chips)
Seat 7: 897d3d3 (81,554 in chips)
Seat 8: 58689ef (40,299 in chips)
82d58373: posts the ante 90
b2a55fa8: posts the ante 90
35be978f: posts the ante 90
897d3d3: posts the ante 90
8424cd4d: posts the ante 90
17ed51ed: posts the ante 90
58689ef: posts the ante 90
Hero: posts the ante 90
82d58373: posts small blind 300
8424cd4d: posts big blind 600
*** HOLE CARDS ***
Dealt to Hero [6d Jd]
Dealt to 82d58373 
Dealt to 8424cd4d 
Dealt to 35be978f 
Dealt to 17ed51ed 
Dealt to b2a55fa8 
Dealt to 897d3d3 
Dealt to 58689ef 
35be978f: folds
17ed51ed: folds
b2a55fa8: folds
897d3d3: raises 600 to 1,200
58689ef: folds
Hero: folds
82d58373: folds
8424cd4d: folds
Uncalled bet (600) returned to 897d3d3
*** SHOWDOWN ***
897d3d3 collected 2,220 from pot
*** SUMMARY ***
Total pot 2,220 | Rake 0 | Jackpot 0 | Bingo 0 | Fortune 0 | Tax 0
Seat 1: Hero (button) folded before Flop
Seat 2: 82d58373 (small blind) folded before Flop
Seat 3: 8424cd4d (big blind) folded before Flop
Seat 4: 35be978f folded before Flop
Seat 5: 17ed51ed folded before Flop
Seat 6: b2a55fa8 folded before Flop
Seat 7: 897d3d3 collected (2,220)
Seat 8: 58689ef folded before Flop


Poker Hand #TM319461756: Tournament #208645365, Bounty Hunters Forty Stack $44 Hold'em No Limit - Level6(300/600) - 2025/05/31 18:48:40
Table '21' 8-max Seat #8 is the button
Seat 1: Hero (38,345 in chips)
Seat 2: 82d58373 (17,413 in chips)
Seat 3: 8424cd4d (23,471 in chips)
Seat 4: 35be978f (32,166 in chips)
Seat 5: 17ed51ed (91,561 in chips)
Seat 6: b2a55fa8 (92,152 in chips)
Seat 7: 897d3d3 (81,644 in chips)
Seat 8: 58689ef (40,389 in chips)
82d58373: posts the ante 90
b2a55fa8: posts the ante 90
35be978f: posts the ante 90
897d3d3: posts the ante 90
8424cd4d: posts the ante 90
17ed51ed: posts the ante 90
58689ef: posts the ante 90
Hero: posts the ante 90
Hero: posts small blind 300
82d58373: posts big blind 600
*** HOLE CARDS ***
Dealt to Hero [Jd Tc]
Dealt to 82d58373 
Dealt to 8424cd4d 
Dealt to 35be978f 
Dealt to 17ed51ed 
Dealt to b2a55fa8 
Dealt to 897d3d3 
Dealt to 58689ef 
8424cd4d: folds
35be978f: folds
17ed51ed: folds
b2a55fa8: raises 600 to 1,200
897d3d3: folds
58689ef: folds
Hero: calls 900
82d58373: folds
*** FLOP *** [7h 4s Ad]
Hero: checks
b2a55fa8: bets 1,228
Hero: folds
Uncalled bet (1,228) returned to b2a55fa8
*** SHOWDOWN ***
b2a55fa8 collected 3,720 from pot
*** SUMMARY ***
Total pot 3,720 | Rake 0 | Jackpot 0 | Bingo 0 | Fortune 0 | Tax 0
Board [7h 4s Ad]
Seat 1: Hero (small blind) folded on the Flop
Seat 2: 82d58373 (big blind) folded before Flop
Seat 3: 8424cd4d folded before Flop
Seat 4: 35be978f folded before Flop
Seat 5: 17ed51ed folded before Flop
Seat 6: b2a55fa8 won (3,720)
Seat 7: 897d3d3 folded before Flop
Seat 8: 58689ef (button) folded before Flop


Poker Hand #TM319461719: Tournament #208645365, Bounty Hunters Forty Stack $44 Hold'em No Limit - Level6(300/600) - 2025/05/31 18:47:36
Table '21' 8-max Seat #7 is the button
Seat 1: Hero (39,035 in chips)
Seat 2: 82d58373 (17,503 in chips)
Seat 3: 8424cd4d (23,561 in chips)
Seat 4: 35be978f (32,256 in chips)
Seat 5: 17ed51ed (91,651 in chips)
Seat 6: b2a55fa8 (98,106 in chips)
Seat 7: 897d3d3 (74,250 in chips)
Seat 8: 58689ef (40,779 in chips)
82d58373: posts the ante 90
b2a55fa8: posts the ante 90
35be978f: posts the ante 90
897d3d3: posts the ante 90
8424cd4d: posts the ante 90
17ed51ed: posts the ante 90
58689ef: posts the ante 90
Hero: posts the ante 90
58689ef: posts small blind 300
Hero: posts big blind 600
*** HOLE CARDS ***
Dealt to Hero [Qd 6s]
Dealt to 82d58373 
Dealt to 8424cd4d 
Dealt to 35be978f 
Dealt to 17ed51ed 
Dealt to b2a55fa8 
Dealt to 897d3d3 
Dealt to 58689ef 
82d58373: folds
8424cd4d: folds
35be978f: folds
17ed51ed: folds
b2a55fa8: raises 600 to 1,200
897d3d3: calls 1,200
58689ef: folds
Hero: folds
*** FLOP *** [Jh 9s 2c]
b2a55fa8: bets 1,327
897d3d3: calls 1,327
*** TURN *** [Jh 9s 2c] [7d]
b2a55fa8: bets 3,337
897d3d3: calls 3,337
*** RIVER *** [Jh 9s 2c 7d] [Ah]
b2a55fa8: checks
897d3d3: bets 13,500
b2a55fa8: folds
Uncalled bet (13,500) returned to 897d3d3
*** SHOWDOWN ***
897d3d3 collected 13,348 from pot
*** SUMMARY ***
Total pot 13,348 | Rake 0 | Jackpot 0 | Bingo 0 | Fortune 0 | Tax 0
Board [Jh 9s 2c 7d Ah]
Seat 1: Hero (big blind) folded before Flop
Seat 2: 82d58373 folded before Flop
Seat 3: 8424cd4d folded before Flop
Seat 4: 35be978f folded before Flop
Seat 5: 17ed51ed folded before Flop
Seat 6: b2a55fa8 folded on the River
Seat 7: 897d3d3 (button) won (13,348)
Seat 8: 58689ef (small blind) folded before Flop


Poker Hand #TM319461674: Tournament #208645365, Bounty Hunters Forty Stack $44 Hold'em No Limit - Level6(300/600) - 2025/05/31 18:46:27
Table '21' 8-max Seat #6 is the button
Seat 1: Hero (33,108 in chips)
Seat 2: 82d58373 (21,990 in chips)
Seat 3: 8424cd4d (23,651 in chips)
Seat 4: 35be978f (32,346 in chips)
Seat 5: 17ed51ed (91,741 in chips)
Seat 6: b2a55fa8 (98,196 in chips)
Seat 7: 897d3d3 (74,640 in chips)
Seat 8: 58689ef (41,469 in chips)
82d58373: posts the ante 90
b2a55fa8: posts the ante 90
35be978f: posts the ante 90
897d3d3: posts the ante 90
8424cd4d: posts the ante 90
17ed51ed: posts the ante 90
58689ef: posts the ante 90
Hero: posts the ante 90
897d3d3: posts small blind 300
58689ef: posts big blind 600
*** HOLE CARDS ***
Dealt to Hero [Ad Kc]
Dealt to 82d58373 
Dealt to 8424cd4d 
Dealt to 35be978f 
Dealt to 17ed51ed 
Dealt to b2a55fa8 
Dealt to 897d3d3 
Dealt to 58689ef 
Hero: raises 600 to 1,200
82d58373: calls 1,200
8424cd4d: folds
35be978f: folds
17ed51ed: folds
b2a55fa8: folds
897d3d3: folds
58689ef: folds
*** FLOP *** [Jc Ah 8c]
Hero: bets 1,327
82d58373: calls 1,327
*** TURN *** [Jc Ah 8c] [2s]
Hero: checks
82d58373: bets 1,870
Hero: raises 28,621 to 30,491
82d58373: folds
Uncalled bet (28,621) returned to Hero
*** SHOWDOWN ***
Hero collected 10,414 from pot
*** SUMMARY ***
Total pot 10,414 | Rake 0 | Jackpot 0 | Bingo 0 | Fortune 0 | Tax 0
Board [Jc Ah 8c 2s]
Seat 1: Hero won (10,414)
Seat 2: 82d58373 folded on the Turn
Seat 3: 8424cd4d folded before Flop
Seat 4: 35be978f folded before Flop
Seat 5: 17ed51ed folded before Flop
Seat 6: b2a55fa8 (button) folded before Flop
Seat 7: 897d3d3 (small blind) folded before Flop
Seat 8: 58689ef (big blind) folded before Flop


Poker Hand #TM319461613: Tournament #208645365, Bounty Hunters Forty Stack $44 Hold'em No Limit - Level6(300/600) - 2025/05/31 18:45:02
Table '21' 8-max Seat #5 is the button
Seat 1: Hero (33,198 in chips)
Seat 2: 82d58373 (22,080 in chips)
Seat 3: 8424cd4d (23,741 in chips)
Seat 4: 35be978f (32,436 in chips)
Seat 5: 17ed51ed (96,271 in chips)
Seat 6: b2a55fa8 (88,686 in chips)
Seat 7: 897d3d3 (79,170 in chips)
Seat 8: 58689ef (41,559 in chips)
82d58373: posts the ante 90
35be978f: posts the ante 90
b2a55fa8: posts the ante 90
897d3d3: posts the ante 90
8424cd4d: posts the ante 90
17ed51ed: posts the ante 90
58689ef: posts the ante 90
Hero: posts the ante 90
b2a55fa8: posts small blind 300
897d3d3: posts big blind 600
*** HOLE CARDS ***
Dealt to Hero [6h Qs]
Dealt to 82d58373 
Dealt to 8424cd4d 
Dealt to 35be978f 
Dealt to 17ed51ed 
Dealt to b2a55fa8 
Dealt to 897d3d3 
Dealt to 58689ef 
58689ef: folds
Hero: folds
82d58373: folds
8424cd4d: folds
35be978f: folds
17ed51ed: raises 600 to 1,200
b2a55fa8: calls 900
897d3d3: calls 600
*** FLOP *** [5s 8s 4d]
b2a55fa8: checks
897d3d3: checks
17ed51ed: checks
*** TURN *** [5s 8s 4d] [Td]
b2a55fa8: bets 3,240
897d3d3: calls 3,240
17ed51ed: calls 3,240
*** RIVER *** [5s 8s 4d Td] [Qc]
b2a55fa8: checks
897d3d3: checks
17ed51ed: checks
b2a55fa8: shows [Jh Qd] (a pair of Queens)
897d3d3: shows [8c 9d] (a pair of Eights)
17ed51ed: shows [Kd 6c] (King high)
*** SHOWDOWN ***
b2a55fa8 collected 14,040 from pot
*** SUMMARY ***
Total pot 14,040 | Rake 0 | Jackpot 0 | Bingo 0 | Fortune 0 | Tax 0
Board [5s 8s 4d Td Qc]
Seat 1: Hero folded before Flop
Seat 2: 82d58373 folded before Flop
Seat 3: 8424cd4d folded before Flop
Seat 4: 35be978f folded before Flop
Seat 5: 17ed51ed (button) showed [Kd 6c] and lost with King high
Seat 6: b2a55fa8 (small blind) showed [Jh Qd] and won (14,040) with a pair of Queens
Seat 7: 897d3d3 (big blind) showed [8c 9d] and lost with a pair of Eights
Seat 8: 58689ef folded before Flop


Poker Hand #TM319461563: Tournament #208645365, Bounty Hunters Forty Stack $44 Hold'em No Limit - Level6(300/600) - 2025/05/31 18:43:45
Table '21' 8-max Seat #4 is the button
Seat 1: Hero (33,288 in chips)
Seat 2: 82d58373 (22,170 in chips)
Seat 3: 8424cd4d (23,831 in chips)
Seat 4: 35be978f (42,921 in chips)
Seat 5: 17ed51ed (96,661 in chips)
Seat 6: b2a55fa8 (76,161 in chips)
Seat 7: 897d3d3 (79,260 in chips)
Seat 8: 58689ef (42,849 in chips)
82d58373: posts the ante 90
35be978f: posts the ante 90
b2a55fa8: posts the ante 90
897d3d3: posts the ante 90
8424cd4d: posts the ante 90
17ed51ed: posts the ante 90
58689ef: posts the ante 90
Hero: posts the ante 90
17ed51ed: posts small blind 300
b2a55fa8: posts big blind 600
*** HOLE CARDS ***
Dealt to Hero [2h Qd]
Dealt to 82d58373 
Dealt to 8424cd4d 
Dealt to 35be978f 
Dealt to 17ed51ed 
Dealt to b2a55fa8 
Dealt to 897d3d3 
Dealt to 58689ef 
897d3d3: folds
58689ef: raises 600 to 1,200
Hero: folds
82d58373: folds
8424cd4d: folds
35be978f: calls 1,200
17ed51ed: folds
b2a55fa8: calls 600
*** FLOP *** [2d 3h 6h]
b2a55fa8: bets 1,525
58689ef: folds
35be978f: calls 1,525
*** TURN *** [2d 3h 6h] [6d]
b2a55fa8: bets 7,670
35be978f: calls 7,670
*** RIVER *** [2d 3h 6h 6d] [2s]
b2a55fa8: bets 65,676
35be978f: folds
Uncalled bet (65,676) returned to b2a55fa8
*** SHOWDOWN ***
b2a55fa8 collected 23,010 from pot
*** SUMMARY ***
Total pot 23,010 | Rake 0 | Jackpot 0 | Bingo 0 | Fortune 0 | Tax 0
Board [2d 3h 6h 6d 2s]
Seat 1: Hero folded before Flop
Seat 2: 82d58373 folded before Flop
Seat 3: 8424cd4d folded before Flop
Seat 4: 35be978f (button) folded on the River
Seat 5: 17ed51ed (small blind) folded before Flop
Seat 6: b2a55fa8 (big blind) won (23,010)
Seat 7: 897d3d3 folded before Flop
Seat 8: 58689ef folded on the Flop


Poker Hand #TM319461532: Tournament #208645365, Bounty Hunters Forty Stack $44 Hold'em No Limit - Level6(300/600) - 2025/05/31 18:43:02
Table '21' 8-max Seat #3 is the button
Seat 1: Hero (33,378 in chips)
Seat 2: 82d58373 (22,260 in chips)
Seat 3: 8424cd4d (23,921 in chips)
Seat 4: 35be978f (40,491 in chips)
Seat 5: 17ed51ed (97,351 in chips)
Seat 6: b2a55fa8 (77,451 in chips)
Seat 7: 897d3d3 (79,350 in chips)
Seat 8: 58689ef (42,939 in chips)
82d58373: posts the ante 90
b2a55fa8: posts the ante 90
35be978f: posts the ante 90
897d3d3: posts the ante 90
8424cd4d: posts the ante 90
17ed51ed: posts the ante 90
58689ef: posts the ante 90
Hero: posts the ante 90
35be978f: posts small blind 300
17ed51ed: posts big blind 600
*** HOLE CARDS ***
Dealt to Hero [7s Kc]
Dealt to 82d58373 
Dealt to 8424cd4d 
Dealt to 35be978f 
Dealt to 17ed51ed 
Dealt to b2a55fa8 
Dealt to 897d3d3 
Dealt to 58689ef 
b2a55fa8: raises 600 to 1,200
897d3d3: folds
58689ef: folds
Hero: folds
82d58373: folds
8424cd4d: folds
35be978f: raises 4,200 to 5,400
17ed51ed: folds
b2a55fa8: folds
Uncalled bet (4,200) returned to 35be978f
*** SHOWDOWN ***
35be978f collected 3,720 from pot
*** SUMMARY ***
Total pot 3,720 | Rake 0 | Jackpot 0 | Bingo 0 | Fortune 0 | Tax 0
Seat 1: Hero folded before Flop
Seat 2: 82d58373 folded before Flop
Seat 3: 8424cd4d (button) folded before Flop
Seat 4: 35be978f (small blind) collected (3,720)
Seat 5: 17ed51ed (big blind) folded before Flop
Seat 6: b2a55fa8 folded before Flop
Seat 7: 897d3d3 folded before Flop
Seat 8: 58689ef folded before Flop


Poker Hand #TM319461496: Tournament #208645365, Bounty Hunters Forty Stack $44 Hold'em No Limit - Level5(250/500) - 2025/05/31 18:42:15
Table '21' 8-max Seat #2 is the button
Seat 1: Hero (33,453 in chips)
Seat 2: 82d58373 (22,335 in chips)
Seat 3: 8424cd4d (21,760 in chips)
Seat 4: 35be978f (42,202 in chips)
Seat 5: 17ed51ed (97,426 in chips)
Seat 6: b2a55fa8 (77,526 in chips)
Seat 7: 897d3d3 (79,425 in chips)
Seat 8: 58689ef (43,014 in chips)
82d58373: posts the ante 75
b2a55fa8: posts the ante 75
35be978f: posts the ante 75
897d3d3: posts the ante 75
8424cd4d: posts the ante 75
17ed51ed: posts the ante 75
58689ef: posts the ante 75
Hero: posts the ante 75
8424cd4d: posts small blind 250
35be978f: posts big blind 500
*** HOLE CARDS ***
Dealt to Hero [Ah 4c]
Dealt to 82d58373 
Dealt to 8424cd4d 
Dealt to 35be978f 
Dealt to 17ed51ed 
Dealt to b2a55fa8 
Dealt to 897d3d3 
Dealt to 58689ef 
17ed51ed: folds
b2a55fa8: folds
897d3d3: folds
58689ef: folds
Hero: folds
82d58373: folds
8424cd4d: calls 250
35be978f: raises 1,136 to 1,636
8424cd4d: raises 20,049 to 21,685
35be978f: folds
Uncalled bet (20,049) returned to 8424cd4d
*** SHOWDOWN ***
8424cd4d collected 3,872 from pot
*** SUMMARY ***
Total pot 3,872 | Rake 0 | Jackpot 0 | Bingo 0 | Fortune 0 | Tax 0
Seat 1: Hero folded before Flop
Seat 2: 82d58373 (button) folded before Flop
Seat 3: 8424cd4d (small blind) collected (3,872)
Seat 4: 35be978f (big blind) folded before Flop
Seat 5: 17ed51ed folded before Flop
Seat 6: b2a55fa8 folded before Flop
Seat 7: 897d3d3 folded before Flop
Seat 8: 58689ef folded before Flop


Poker Hand #TM319461481: Tournament #208645365, Bounty Hunters Forty Stack $44 Hold'em No Limit - Level5(250/500) - 2025/05/31 18:41:55
Table '21' 8-max Seat #1 is the button
Seat 1: Hero (33,528 in chips)
Seat 2: 82d58373 (22,660 in chips)
Seat 3: 8424cd4d (20,985 in chips)
Seat 4: 35be978f (42,277 in chips)
Seat 5: 17ed51ed (97,501 in chips)
Seat 6: b2a55fa8 (77,601 in chips)
Seat 7: 897d3d3 (79,500 in chips)
Seat 8: 58689ef (43,089 in chips)
82d58373: posts the ante 75
b2a55fa8: posts the ante 75
35be978f: posts the ante 75
897d3d3: posts the ante 75
8424cd4d: posts the ante 75
17ed51ed: posts the ante 75
58689ef: posts the ante 75
Hero: posts the ante 75
82d58373: posts small blind 250
8424cd4d: posts big blind 500
*** HOLE CARDS ***
Dealt to Hero [4s Td]
Dealt to 82d58373 
Dealt to 8424cd4d 
Dealt to 35be978f 
Dealt to 17ed51ed 
Dealt to b2a55fa8 
Dealt to 897d3d3 
Dealt to 58689ef 
35be978f: folds
17ed51ed: folds
b2a55fa8: folds
897d3d3: folds
58689ef: folds
Hero: folds
82d58373: folds
Uncalled bet (250) returned to 8424cd4d
*** SHOWDOWN ***
8424cd4d collected 1,100 from pot
*** SUMMARY ***
Total pot 1,100 | Rake 0 | Jackpot 0 | Bingo 0 | Fortune 0 | Tax 0
Seat 1: Hero (button) folded before Flop
Seat 2: 82d58373 (small blind) folded before Flop
Seat 3: 8424cd4d (big blind) collected (1,100)
Seat 4: 35be978f folded before Flop
Seat 5: 17ed51ed folded before Flop
Seat 6: b2a55fa8 folded before Flop
Seat 7: 897d3d3 folded before Flop
Seat 8: 58689ef folded before Flop


Poker Hand #TM319461459: Tournament #208645365, Bounty Hunters Forty Stack $44 Hold'em No Limit - Level5(250/500) - 2025/05/31 18:41:24
Table '21' 8-max Seat #8 is the button
Seat 1: Hero (33,853 in chips)
Seat 2: 82d58373 (23,235 in chips)
Seat 3: 8424cd4d (21,060 in chips)
Seat 4: 35be978f (41,002 in chips)
Seat 5: 17ed51ed (97,576 in chips)
Seat 6: b2a55fa8 (77,676 in chips)
Seat 7: 897d3d3 (79,575 in chips)
Seat 8: 58689ef (43,164 in chips)
82d58373: posts the ante 75
b2a55fa8: posts the ante 75
35be978f: posts the ante 75
897d3d3: posts the ante 75
8424cd4d: posts the ante 75
17ed51ed: posts the ante 75
58689ef: posts the ante 75
Hero: posts the ante 75
Hero: posts small blind 250
82d58373: posts big blind 500
*** HOLE CARDS ***
Dealt to Hero [5h 2h]
Dealt to 82d58373 
Dealt to 8424cd4d 
Dealt to 35be978f 
Dealt to 17ed51ed 
Dealt to b2a55fa8 
Dealt to 897d3d3 
Dealt to 58689ef 
8424cd4d: folds
35be978f: raises 500 to 1,000
17ed51ed: folds
b2a55fa8: folds
897d3d3: folds
58689ef: folds
Hero: folds
82d58373: folds
Uncalled bet (500) returned to 35be978f
*** SHOWDOWN ***
35be978f collected 1,850 from pot
*** SUMMARY ***
Total pot 1,850 | Rake 0 | Jackpot 0 | Bingo 0 | Fortune 0 | Tax 0
Seat 1: Hero (small blind) folded before Flop
Seat 2: 82d58373 (big blind) folded before Flop
Seat 3: 8424cd4d folded before Flop
Seat 4: 35be978f collected (1,850)
Seat 5: 17ed51ed folded before Flop
Seat 6: b2a55fa8 folded before Flop
Seat 7: 897d3d3 folded before Flop
Seat 8: 58689ef (button) folded before Flop


Poker Hand #TM319461403: Tournament #208645365, Bounty Hunters Forty Stack $44 Hold'em No Limit - Level5(250/500) - 2025/05/31 18:40:08
Table '21' 8-max Seat #7 is the button
Seat 1: Hero (31,578 in chips)
Seat 2: 82d58373 (23,310 in chips)
Seat 3: 8424cd4d (21,135 in chips)
Seat 4: 35be978f (41,077 in chips)
Seat 5: 17ed51ed (97,651 in chips)
Seat 6: b2a55fa8 (77,751 in chips)
Seat 7: 897d3d3 (79,650 in chips)
Seat 8: 58689ef (44,989 in chips)
82d58373: posts the ante 75
b2a55fa8: posts the ante 75
35be978f: posts the ante 75
897d3d3: posts the ante 75
8424cd4d: posts the ante 75
17ed51ed: posts the ante 75
58689ef: posts the ante 75
Hero: posts the ante 75
58689ef: posts small blind 250
Hero: posts big blind 500
*** HOLE CARDS ***
Dealt to Hero [Tc 7d]
Dealt to 82d58373 
Dealt to 8424cd4d 
Dealt to 35be978f 
Dealt to 17ed51ed 
Dealt to b2a55fa8 
Dealt to 897d3d3 
Dealt to 58689ef 
82d58373: folds
8424cd4d: folds
35be978f: folds
17ed51ed: folds
b2a55fa8: folds
897d3d3: folds
58689ef: raises 1,250 to 1,750
Hero: raises 3,500 to 5,250
58689ef: folds
Uncalled bet (3,500) returned to Hero
*** SHOWDOWN ***
Hero collected 4,100 from pot
*** SUMMARY ***
Total pot 4,100 | Rake 0 | Jackpot 0 | Bingo 0 | Fortune 0 | Tax 0
Seat 1: Hero (big blind) collected (4,100)
Seat 2: 82d58373 folded before Flop
Seat 3: 8424cd4d folded before Flop
Seat 4: 35be978f folded before Flop
Seat 5: 17ed51ed folded before Flop
Seat 6: b2a55fa8 folded before Flop
Seat 7: 897d3d3 (button) folded before Flop
Seat 8: 58689ef (small blind) folded before Flop


Poker Hand #TM319461359: Tournament #208645365, Bounty Hunters Forty Stack $44 Hold'em No Limit - Level5(250/500) - 2025/05/31 18:39:15
Table '21' 8-max Seat #6 is the button
Seat 1: Hero (31,653 in chips)
Seat 2: 82d58373 (23,385 in chips)
Seat 3: 8424cd4d (19,360 in chips)
Seat 4: 35be978f (41,152 in chips)
Seat 5: 17ed51ed (97,726 in chips)
Seat 6: b2a55fa8 (77,826 in chips)
Seat 7: 897d3d3 (79,975 in chips)
Seat 8: 58689ef (46,064 in chips)
82d58373: posts the ante 75
b2a55fa8: posts the ante 75
35be978f: posts the ante 75
897d3d3: posts the ante 75
8424cd4d: posts the ante 75
17ed51ed: posts the ante 75
58689ef: posts the ante 75
Hero: posts the ante 75
897d3d3: posts small blind 250
58689ef: posts big blind 500
*** HOLE CARDS ***
Dealt to Hero [Ks 7d]
Dealt to 82d58373 
Dealt to 8424cd4d 
Dealt to 35be978f 
Dealt to 17ed51ed 
Dealt to b2a55fa8 
Dealt to 897d3d3 
Dealt to 58689ef 
Hero: folds
82d58373: folds
8424cd4d: raises 500 to 1,000
35be978f: folds
17ed51ed: folds
b2a55fa8: folds
897d3d3: folds
58689ef: calls 500
*** FLOP *** [5h 6h 8d]
58689ef: checks
8424cd4d: bets 2,000
58689ef: folds
Uncalled bet (2,000) returned to 8424cd4d
*** SHOWDOWN ***
8424cd4d collected 2,850 from pot
*** SUMMARY ***
Total pot 2,850 | Rake 0 | Jackpot 0 | Bingo 0 | Fortune 0 | Tax 0
Board [5h 6h 8d]
Seat 1: Hero folded before Flop
Seat 2: 82d58373 folded before Flop
Seat 3: 8424cd4d won (2,850)
Seat 4: 35be978f folded before Flop
Seat 5: 17ed51ed folded before Flop
Seat 6: b2a55fa8 (button) folded before Flop
Seat 7: 897d3d3 (small blind) folded before Flop
Seat 8: 58689ef (big blind) folded on the Flop


Poker Hand #TM319461284: Tournament #208645365, Bounty Hunters Forty Stack $44 Hold'em No Limit - Level5(250/500) - 2025/05/31 18:37:37
Table '21' 8-max Seat #5 is the button
Seat 1: Hero (31,728 in chips)
Seat 2: 82d58373 (23,460 in chips)
Seat 3: 8424cd4d (15,391 in chips)
Seat 4: 35be978f (43,421 in chips)
Seat 5: 17ed51ed (97,801 in chips)
Seat 6: b2a55fa8 (78,151 in chips)
Seat 7: 897d3d3 (81,050 in chips)
Seat 8: 58689ef (46,139 in chips)
82d58373: posts the ante 75
35be978f: posts the ante 75
b2a55fa8: posts the ante 75
897d3d3: posts the ante 75
8424cd4d: posts the ante 75
17ed51ed: posts the ante 75
58689ef: posts the ante 75
Hero: posts the ante 75
b2a55fa8: posts small blind 250
897d3d3: posts big blind 500
*** HOLE CARDS ***
Dealt to Hero [6s 4d]
Dealt to 82d58373 
Dealt to 8424cd4d 
Dealt to 35be978f 
Dealt to 17ed51ed 
Dealt to b2a55fa8 
Dealt to 897d3d3 
Dealt to 58689ef 
58689ef: folds
Hero: folds
82d58373: folds
8424cd4d: raises 500 to 1,000
35be978f: calls 1,000
17ed51ed: folds
b2a55fa8: folds
897d3d3: calls 500
*** FLOP *** [Kh Jd Td]
897d3d3: checks
8424cd4d: checks
35be978f: bets 1,194
897d3d3: folds
8424cd4d: calls 1,194
*** TURN *** [Kh Jd Td] [7d]
8424cd4d: checks
35be978f: checks
*** RIVER *** [Kh Jd Td 7d] [5c]
8424cd4d: bets 1,000
35be978f: folds
Uncalled bet (1,000) returned to 8424cd4d
*** SHOWDOWN ***
8424cd4d collected 6,238 from pot
*** SUMMARY ***
Total pot 6,238 | Rake 0 | Jackpot 0 | Bingo 0 | Fortune 0 | Tax 0
Board [Kh Jd Td 7d 5c]
Seat 1: Hero folded before Flop
Seat 2: 82d58373 folded before Flop
Seat 3: 8424cd4d won (6,238)
Seat 4: 35be978f folded on the River
Seat 5: 17ed51ed (button) folded before Flop
Seat 6: b2a55fa8 (small blind) folded before Flop
Seat 7: 897d3d3 (big blind) folded on the Flop
Seat 8: 58689ef folded before Flop


Poker Hand #TM319461170: Tournament #208645365, Bounty Hunters Forty Stack $44 Hold'em No Limit - Level5(250/500) - 2025/05/31 18:35:08
Table '21' 8-max Seat #4 is the button
Seat 1: Hero (31,803 in chips)
Seat 2: 82d58373 (23,535 in chips)
Seat 3: 8424cd4d (55,316 in chips)
Seat 4: 35be978f (43,496 in chips)
Seat 5: 17ed51ed (98,126 in chips)
Seat 6: b2a55fa8 (78,726 in chips)
Seat 7: 897d3d3 (39,925 in chips)
Seat 8: 58689ef (46,214 in chips)
82d58373: posts the ante 75
35be978f: posts the ante 75
b2a55fa8: posts the ante 75
897d3d3: posts the ante 75
8424cd4d: posts the ante 75
17ed51ed: posts the ante 75
58689ef: posts the ante 75
Hero: posts the ante 75
17ed51ed: posts small blind 250
b2a55fa8: posts big blind 500
*** HOLE CARDS ***
Dealt to Hero [8h 2s]
Dealt to 82d58373 
Dealt to 8424cd4d 
Dealt to 35be978f 
Dealt to 17ed51ed 
Dealt to b2a55fa8 
Dealt to 897d3d3 
Dealt to 58689ef 
897d3d3: raises 500 to 1,000
58689ef: folds
Hero: folds
82d58373: folds
8424cd4d: raises 2,250 to 3,250
35be978f: folds
17ed51ed: folds
b2a55fa8: folds
897d3d3: calls 2,250
*** FLOP *** [5d 5s 3c]
897d3d3: checks
8424cd4d: bets 4,000
897d3d3: calls 4,000
*** TURN *** [5d 5s 3c] [Tc]
897d3d3: checks
8424cd4d: bets 9,250
897d3d3: calls 9,250
*** RIVER *** [5d 5s 3c Tc] [Jh]
897d3d3: bets 23,350
8424cd4d: calls 23,350
897d3d3: shows [3s 3d] (a full house, Threes full of Fives)
8424cd4d: shows [Ts Ks] (two pair, Tens and Fives)
*** SHOWDOWN ***
897d3d3 collected 81,050 from pot
*** SUMMARY ***
Total pot 81,050 | Rake 0 | Jackpot 0 | Bingo 0 | Fortune 0 | Tax 0
Board [5d 5s 3c Tc Jh]
Seat 1: Hero folded before Flop
Seat 2: 82d58373 folded before Flop
Seat 3: 8424cd4d showed [Ts Ks] and lost with two pair, Tens and Fives
Seat 4: 35be978f (button) folded before Flop
Seat 5: 17ed51ed (small blind) folded before Flop
Seat 6: b2a55fa8 (big blind) folded before Flop
Seat 7: 897d3d3 showed [3s 3d] and won (81,050) with a full house, Threes full of Fives
Seat 8: 58689ef folded before Flop


Poker Hand #TM319461098: Tournament #208645365, Bounty Hunters Forty Stack $44 Hold'em No Limit - Level5(250/500) - 2025/05/31 18:33:43
Table '21' 8-max Seat #3 is the button
Seat 1: Hero (31,878 in chips)
Seat 2: 82d58373 (23,610 in chips)
Seat 3: 8424cd4d (52,517 in chips)
Seat 4: 35be978f (43,821 in chips)
Seat 5: 17ed51ed (100,225 in chips)
Seat 6: b2a55fa8 (78,801 in chips)
Seat 7: 897d3d3 (40,000 in chips)
Seat 8: 58689ef (46,289 in chips)
82d58373: posts the ante 75
b2a55fa8: posts the ante 75
35be978f: posts the ante 75
897d3d3: posts the ante 75
8424cd4d: posts the ante 75
17ed51ed: posts the ante 75
58689ef: posts the ante 75
Hero: posts the ante 75
35be978f: posts small blind 250
17ed51ed: posts big blind 500
*** HOLE CARDS ***
Dealt to Hero [4d Qc]
Dealt to 82d58373 
Dealt to 8424cd4d 
Dealt to 35be978f 
Dealt to 17ed51ed 
Dealt to b2a55fa8 
Dealt to 897d3d3 
Dealt to 58689ef 
b2a55fa8: folds
897d3d3: folds
58689ef: folds
Hero: folds
82d58373: folds
8424cd4d: raises 550 to 1,050
35be978f: folds
17ed51ed: calls 550
*** FLOP *** [9d Js 6c]
17ed51ed: checks
8424cd4d: bets 974
17ed51ed: calls 974
*** TURN *** [9d Js 6c] [Ac]
17ed51ed: checks
8424cd4d: bets 5,750
17ed51ed: folds
Uncalled bet (5,750) returned to 8424cd4d
*** SHOWDOWN ***
8424cd4d collected 4,898 from pot
*** SUMMARY ***
Total pot 4,898 | Rake 0 | Jackpot 0 | Bingo 0 | Fortune 0 | Tax 0
Board [9d Js 6c Ac]
Seat 1: Hero folded before Flop
Seat 2: 82d58373 folded before Flop
Seat 3: 8424cd4d (button) won (4,898)
Seat 4: 35be978f (small blind) folded before Flop
Seat 5: 17ed51ed (big blind) folded on the Turn
Seat 6: b2a55fa8 folded before Flop
Seat 7: 897d3d3 folded before Flop
Seat 8: 58689ef folded before Flop


Poker Hand #TM319461051: Tournament #208645365, Bounty Hunters Forty Stack $44 Hold'em No Limit - Level5(250/500) - 2025/05/31 18:32:43
Table '21' 8-max Seat #2 is the button
Seat 1: Hero (31,953 in chips)
Seat 2: 82d58373 (23,685 in chips)
Seat 3: 8424cd4d (49,560 in chips)
Seat 4: 35be978f (44,396 in chips)
Seat 5: 17ed51ed (100,300 in chips)
Seat 6: b2a55fa8 (78,876 in chips)
Seat 8: 58689ef (48,371 in chips)
82d58373: posts the ante 75
b2a55fa8: posts the ante 75
35be978f: posts the ante 75
8424cd4d: posts the ante 75
17ed51ed: posts the ante 75
58689ef: posts the ante 75
Hero: posts the ante 75
8424cd4d: posts small blind 250
35be978f: posts big blind 500
*** HOLE CARDS ***
Dealt to Hero [2c Kd]
Dealt to 82d58373 
Dealt to 8424cd4d 
Dealt to 35be978f 
Dealt to 17ed51ed 
Dealt to b2a55fa8 
Dealt to 58689ef 
17ed51ed: folds
b2a55fa8: folds
58689ef: raises 500 to 1,000
Hero: folds
82d58373: folds
8424cd4d: calls 750
35be978f: folds
*** FLOP *** [Jh Jc 4h]
8424cd4d: checks
58689ef: bets 1,007
8424cd4d: raises 2,243 to 3,250
58689ef: folds
Uncalled bet (2,243) returned to 8424cd4d
*** SHOWDOWN ***
8424cd4d collected 5,039 from pot
*** SUMMARY ***
Total pot 5,039 | Rake 0 | Jackpot 0 | Bingo 0 | Fortune 0 | Tax 0
Board [Jh Jc 4h]
Seat 1: Hero folded before Flop
Seat 2: 82d58373 (button) folded before Flop
Seat 3: 8424cd4d (small blind) won (5,039)
Seat 4: 35be978f (big blind) folded before Flop
Seat 5: 17ed51ed folded before Flop
Seat 6: b2a55fa8 folded before Flop
Seat 8: 58689ef folded on the Flop


Poker Hand #TM319460998: Tournament #208645365, Bounty Hunters Forty Stack $44 Hold'em No Limit - Level5(250/500) - 2025/05/31 18:31:37
Table '21' 8-max Seat #1 is the button
Seat 1: Hero (10,276 in chips)
Seat 2: 82d58373 (24,010 in chips)
Seat 3: 8424cd4d (50,135 in chips)
Seat 4: 35be978f (44,471 in chips)
Seat 5: 17ed51ed (100,375 in chips)
Seat 6: b2a55fa8 (52,040 in chips)
Seat 7: a421dfcb (47,388 in chips)
Seat 8: 58689ef (48,446 in chips)
82d58373: posts the ante 75
b2a55fa8: posts the ante 75
35be978f: posts the ante 75
8424cd4d: posts the ante 75
17ed51ed: posts the ante 75
58689ef: posts the ante 75
Hero: posts the ante 75
a421dfcb: posts the ante 75
82d58373: posts small blind 250
8424cd4d: posts big blind 500
*** HOLE CARDS ***
Dealt to Hero [Kh Ac]
Dealt to 82d58373 
Dealt to 8424cd4d 
Dealt to 35be978f 
Dealt to 17ed51ed 
Dealt to b2a55fa8 
Dealt to a421dfcb 
Dealt to 58689ef 
35be978f: folds
17ed51ed: folds
b2a55fa8: raises 500 to 1,000
a421dfcb: raises 2,500 to 3,500
58689ef: folds
Hero: raises 6,701 to 10,201
82d58373: folds
8424cd4d: folds
b2a55fa8: raises 41,764 to 51,965
a421dfcb: calls 43,813
Uncalled bet (4,652) returned to b2a55fa8
b2a55fa8: shows [Jd Jc]
a421dfcb: shows [Tc Th]
Hero: shows [Kh Ac]
*** FLOP *** [6h 9h 8h]
*** TURN *** [6h 9h 8h] [4d]
*** RIVER *** [6h 9h 8h 4d] [Ad]
*** SHOWDOWN ***
Hero collected 31,953 from pot
b2a55fa8 collected 74,224 from pot
*** SUMMARY ***
Total pot 106,177 | Rake 0 | Jackpot 0 | Bingo 0 | Fortune 0 | Tax 0
Board [6h 9h 8h 4d Ad]
Seat 1: Hero (button) showed [Kh Ac] and won (31,953) with a pair of Aces
Seat 2: 82d58373 (small blind) folded before Flop
Seat 3: 8424cd4d (big blind) folded before Flop
Seat 4: 35be978f folded before Flop
Seat 5: 17ed51ed folded before Flop
Seat 6: b2a55fa8 showed [Jd Jc] and won (74,224) with a pair of Jacks
Seat 7: a421dfcb showed [Tc Th] and lost with a pair of Tens
Seat 8: 58689ef folded before Flop


Poker Hand #TM319460913: Tournament #208645365, Bounty Hunters Forty Stack $44 Hold'em No Limit - Level4(200/400) - 2025/05/31 18:29:55
Table '21' 8-max Seat #8 is the button
Seat 1: Hero (33,590 in chips)
Seat 2: 82d58373 (24,470 in chips)
Seat 3: 8424cd4d (50,195 in chips)
Seat 4: 35be978f (44,531 in chips)
Seat 5: 17ed51ed (100,435 in chips)
Seat 6: b2a55fa8 (52,100 in chips)
Seat 7: a421dfcb (23,314 in chips)
Seat 8: 58689ef (48,506 in chips)
82d58373: posts the ante 60
b2a55fa8: posts the ante 60
35be978f: posts the ante 60
8424cd4d: posts the ante 60
17ed51ed: posts the ante 60
58689ef: posts the ante 60
Hero: posts the ante 60
a421dfcb: posts the ante 60
Hero: posts small blind 200
82d58373: posts big blind 400
*** HOLE CARDS ***
Dealt to Hero [Ah Kh]
Dealt to 82d58373 
Dealt to 8424cd4d 
Dealt to 35be978f 
Dealt to 17ed51ed 
Dealt to b2a55fa8 
Dealt to a421dfcb 
Dealt to 58689ef 
8424cd4d: folds
35be978f: folds
17ed51ed: folds
b2a55fa8: folds
a421dfcb: raises 400 to 800
58689ef: folds
Hero: raises 2,800 to 3,600
82d58373: folds
a421dfcb: calls 2,800
*** FLOP *** [8h 6h 8s]
Hero: bets 6,800
a421dfcb: calls 6,800
*** TURN *** [8h 6h 8s] [2s]
Hero: bets 23,130
a421dfcb: calls 12,854
Uncalled bet (10,276) returned to Hero
Hero: shows [Ah Kh] (a pair of Eights)
a421dfcb: shows [7h 7d] (two pair, Eights and Sevens)
*** RIVER *** [8h 6h 8s 2s] [8c]
*** SHOWDOWN ***
a421dfcb collected 47,388 from pot
*** SUMMARY ***
Total pot 47,388 | Rake 0 | Jackpot 0 | Bingo 0 | Fortune 0 | Tax 0
Board [8h 6h 8s 2s 8c]
Seat 1: Hero (small blind) showed [Ah Kh] and lost with three of a kind, Eights
Seat 2: 82d58373 (big blind) folded before Flop
Seat 3: 8424cd4d folded before Flop
Seat 4: 35be978f folded before Flop
Seat 5: 17ed51ed folded before Flop
Seat 6: b2a55fa8 folded before Flop
Seat 7: a421dfcb showed [7h 7d] and won (47,388) with a full house, Eights full of Sevens
Seat 8: 58689ef (button) folded before Flop


Poker Hand #TM319460873: Tournament #208645365, Bounty Hunters Forty Stack $44 Hold'em No Limit - Level4(200/400) - 2025/05/31 18:29:05
Table '21' 8-max Seat #7 is the button
Seat 1: Hero (34,050 in chips)
Seat 2: 82d58373 (24,530 in chips)
Seat 3: 8424cd4d (51,095 in chips)
Seat 4: 35be978f (45,431 in chips)
Seat 5: 17ed51ed (97,735 in chips)
Seat 6: b2a55fa8 (52,160 in chips)
Seat 7: a421dfcb (23,374 in chips)
Seat 8: 58689ef (48,766 in chips)
82d58373: posts the ante 60
b2a55fa8: posts the ante 60
35be978f: posts the ante 60
8424cd4d: posts the ante 60
17ed51ed: posts the ante 60
58689ef: posts the ante 60
Hero: posts the ante 60
a421dfcb: posts the ante 60
58689ef: posts small blind 200
Hero: posts big blind 400
*** HOLE CARDS ***
Dealt to Hero [As Qd]
Dealt to 82d58373 
Dealt to 8424cd4d 
Dealt to 35be978f 
Dealt to 17ed51ed 
Dealt to b2a55fa8 
Dealt to a421dfcb 
Dealt to 58689ef 
82d58373: folds
8424cd4d: raises 440 to 840
35be978f: calls 840
17ed51ed: raises 3,160 to 4,000
b2a55fa8: folds
a421dfcb: folds
58689ef: folds
Hero: folds
8424cd4d: folds
35be978f: folds
Uncalled bet (3,160) returned to 17ed51ed
*** SHOWDOWN ***
17ed51ed collected 3,600 from pot
*** SUMMARY ***
Total pot 3,600 | Rake 0 | Jackpot 0 | Bingo 0 | Fortune 0 | Tax 0
Seat 1: Hero (big blind) folded before Flop
Seat 2: 82d58373 folded before Flop
Seat 3: 8424cd4d folded before Flop
Seat 4: 35be978f folded before Flop
Seat 5: 17ed51ed collected (3,600)
Seat 6: b2a55fa8 folded before Flop
Seat 7: a421dfcb (button) folded before Flop
Seat 8: 58689ef (small blind) folded before Flop


Poker Hand #TM319460784: Tournament #208645365, Bounty Hunters Forty Stack $44 Hold'em No Limit - Level4(200/400) - 2025/05/31 18:27:07
Table '21' 8-max Seat #6 is the button
Seat 1: Hero (34,110 in chips)
Seat 2: 82d58373 (24,590 in chips)
Seat 3: 8424cd4d (45,375 in chips)
Seat 4: 35be978f (49,791 in chips)
Seat 5: 17ed51ed (97,795 in chips)
Seat 6: b2a55fa8 (52,220 in chips)
Seat 7: a421dfcb (23,634 in chips)
Seat 8: 58689ef (49,626 in chips)
82d58373: posts the ante 60
b2a55fa8: posts the ante 60
35be978f: posts the ante 60
8424cd4d: posts the ante 60
17ed51ed: posts the ante 60
58689ef: posts the ante 60
Hero: posts the ante 60
a421dfcb: posts the ante 60
a421dfcb: posts small blind 200
58689ef: posts big blind 400
*** HOLE CARDS ***
Dealt to Hero [7s 9c]
Dealt to 82d58373 
Dealt to 8424cd4d 
Dealt to 35be978f 
Dealt to 17ed51ed 
Dealt to b2a55fa8 
Dealt to a421dfcb 
Dealt to 58689ef 
Hero: folds
82d58373: folds
8424cd4d: raises 400 to 800
35be978f: calls 800
17ed51ed: folds
b2a55fa8: folds
a421dfcb: folds
58689ef: calls 400
*** FLOP *** [9h Th Kc]
58689ef: checks
8424cd4d: checks
35be978f: bets 955
58689ef: folds
8424cd4d: calls 955
*** TURN *** [9h Th Kc] [4c]
8424cd4d: checks
35be978f: bets 2,545
8424cd4d: calls 2,545
*** RIVER *** [9h Th Kc 4c] [3c]
8424cd4d: checks
35be978f: checks
8424cd4d: shows [Kd Js] (a pair of Kings)
35be978f: shows [Ad Qc] (Ace high)
*** SHOWDOWN ***
8424cd4d collected 10,080 from pot
*** SUMMARY ***
Total pot 10,080 | Rake 0 | Jackpot 0 | Bingo 0 | Fortune 0 | Tax 0
Board [9h Th Kc 4c 3c]
Seat 1: Hero folded before Flop
Seat 2: 82d58373 folded before Flop
Seat 3: 8424cd4d showed [Kd Js] and won (10,080) with a pair of Kings
Seat 4: 35be978f showed [Ad Qc] and lost with Ace high
Seat 5: 17ed51ed folded before Flop
Seat 6: b2a55fa8 (button) folded before Flop
Seat 7: a421dfcb (small blind) folded before Flop
Seat 8: 58689ef (big blind) folded on the Flop


Poker Hand #TM319460746: Tournament #208645365, Bounty Hunters Forty Stack $44 Hold'em No Limit - Level4(200/400) - 2025/05/31 18:26:08
Table '21' 8-max Seat #5 is the button
Seat 1: Hero (34,170 in chips)
Seat 2: 82d58373 (24,650 in chips)
Seat 3: 8424cd4d (45,435 in chips)
Seat 4: 35be978f (49,851 in chips)
Seat 5: 17ed51ed (97,855 in chips)
Seat 6: b2a55fa8 (47,000 in chips)
Seat 7: a421dfcb (24,094 in chips)
Seat 8: 58689ef (54,086 in chips)
82d58373: posts the ante 60
35be978f: posts the ante 60
b2a55fa8: posts the ante 60
8424cd4d: posts the ante 60
17ed51ed: posts the ante 60
58689ef: posts the ante 60
Hero: posts the ante 60
a421dfcb: posts the ante 60
b2a55fa8: posts small blind 200
a421dfcb: posts big blind 400
*** HOLE CARDS ***
Dealt to Hero [5c 7c]
Dealt to 82d58373 
Dealt to 8424cd4d 
Dealt to 35be978f 
Dealt to 17ed51ed 
Dealt to b2a55fa8 
Dealt to a421dfcb 
Dealt to 58689ef 
58689ef: raises 400 to 800
Hero: folds
82d58373: folds
8424cd4d: folds
35be978f: folds
17ed51ed: folds
b2a55fa8: raises 3,600 to 4,400
a421dfcb: folds
58689ef: calls 3,600
*** FLOP *** [Kc 9d 7s]
b2a55fa8: bets 3,195
58689ef: folds
Uncalled bet (3,195) returned to b2a55fa8
*** SHOWDOWN ***
b2a55fa8 collected 9,680 from pot
*** SUMMARY ***
Total pot 9,680 | Rake 0 | Jackpot 0 | Bingo 0 | Fortune 0 | Tax 0
Board [Kc 9d 7s]
Seat 1: Hero folded before Flop
Seat 2: 82d58373 folded before Flop
Seat 3: 8424cd4d folded before Flop
Seat 4: 35be978f folded before Flop
Seat 5: 17ed51ed (button) folded before Flop
Seat 6: b2a55fa8 (small blind) won (9,680)
Seat 7: a421dfcb (big blind) folded before Flop
Seat 8: 58689ef folded on the Flop


Poker Hand #TM319460715: Tournament #208645365, Bounty Hunters Forty Stack $44 Hold'em No Limit - Level4(200/400) - 2025/05/31 18:25:30
Table '21' 8-max Seat #4 is the button
Seat 1: Hero (34,230 in chips)
Seat 2: 82d58373 (24,710 in chips)
Seat 3: 8424cd4d (45,495 in chips)
Seat 4: 35be978f (49,911 in chips)
Seat 5: 17ed51ed (96,235 in chips)
Seat 6: b2a55fa8 (48,260 in chips)
Seat 7: a421dfcb (24,154 in chips)
Seat 8: 58689ef (54,146 in chips)
82d58373: posts the ante 60
35be978f: posts the ante 60
b2a55fa8: posts the ante 60
8424cd4d: posts the ante 60
17ed51ed: posts the ante 60
58689ef: posts the ante 60
Hero: posts the ante 60
a421dfcb: posts the ante 60
17ed51ed: posts small blind 200
b2a55fa8: posts big blind 400
*** HOLE CARDS ***
Dealt to Hero [8c 6s]
Dealt to 82d58373 
Dealt to 8424cd4d 
Dealt to 35be978f 
Dealt to 17ed51ed 
Dealt to b2a55fa8 
Dealt to a421dfcb 
Dealt to 58689ef 
a421dfcb: folds
58689ef: folds
Hero: folds
82d58373: folds
8424cd4d: folds
35be978f: folds
17ed51ed: raises 800 to 1,200
b2a55fa8: calls 800
*** FLOP *** [3h 4h 3s]
17ed51ed: bets 1,064
b2a55fa8: folds
Uncalled bet (1,064) returned to 17ed51ed
*** SHOWDOWN ***
17ed51ed collected 2,880 from pot
*** SUMMARY ***
Total pot 2,880 | Rake 0 | Jackpot 0 | Bingo 0 | Fortune 0 | Tax 0
Board [3h 4h 3s]
Seat 1: Hero folded before Flop
Seat 2: 82d58373 folded before Flop
Seat 3: 8424cd4d folded before Flop
Seat 4: 35be978f (button) folded before Flop
Seat 5: 17ed51ed (small blind) won (2,880)
Seat 6: b2a55fa8 (big blind) folded on the Flop
Seat 7: a421dfcb folded before Flop
Seat 8: 58689ef folded before Flop


Poker Hand #TM319460676: Tournament #208645365, Bounty Hunters Forty Stack $44 Hold'em No Limit - Level4(200/400) - 2025/05/31 18:24:40
Table '21' 8-max Seat #3 is the button
Seat 1: Hero (34,290 in chips)
Seat 2: 82d58373 (25,570 in chips)
Seat 3: 8424cd4d (45,555 in chips)
Seat 4: 35be978f (50,171 in chips)
Seat 5: 17ed51ed (94,015 in chips)
Seat 6: b2a55fa8 (48,320 in chips)
Seat 7: a421dfcb (24,214 in chips)
Seat 8: 58689ef (55,006 in chips)
82d58373: posts the ante 60
b2a55fa8: posts the ante 60
35be978f: posts the ante 60
8424cd4d: posts the ante 60
17ed51ed: posts the ante 60
58689ef: posts the ante 60
Hero: posts the ante 60
a421dfcb: posts the ante 60
35be978f: posts small blind 200
17ed51ed: posts big blind 400
*** HOLE CARDS ***
Dealt to Hero [4d Jh]
Dealt to 82d58373 
Dealt to 8424cd4d 
Dealt to 35be978f 
Dealt to 17ed51ed 
Dealt to b2a55fa8 
Dealt to a421dfcb 
Dealt to 58689ef 
b2a55fa8: folds
a421dfcb: folds
58689ef: raises 400 to 800
Hero: folds
82d58373: calls 800
8424cd4d: folds
35be978f: folds
17ed51ed: raises 4,000 to 4,800
58689ef: folds
82d58373: folds
Uncalled bet (4,000) returned to 17ed51ed
*** SHOWDOWN ***
17ed51ed collected 3,080 from pot
*** SUMMARY ***
Total pot 3,080 | Rake 0 | Jackpot 0 | Bingo 0 | Fortune 0 | Tax 0
Seat 1: Hero folded before Flop
Seat 2: 82d58373 folded before Flop
Seat 3: 8424cd4d (button) folded before Flop
Seat 4: 35be978f (small blind) folded before Flop
Seat 5: 17ed51ed (big blind) collected (3,080)
Seat 6: b2a55fa8 folded before Flop
Seat 7: a421dfcb folded before Flop
Seat 8: 58689ef folded before Flop


Poker Hand #TM319460631: Tournament #208645365, Bounty Hunters Forty Stack $44 Hold'em No Limit - Level4(200/400) - 2025/05/31 18:23:45
Table '21' 8-max Seat #2 is the button
Seat 1: Hero (38,150 in chips)
Seat 2: 82d58373 (25,630 in chips)
Seat 3: 8424cd4d (40,935 in chips)
Seat 4: 35be978f (50,631 in chips)
Seat 5: 17ed51ed (94,075 in chips)
Seat 6: b2a55fa8 (48,380 in chips)
Seat 7: a421dfcb (24,274 in chips)
Seat 8: 58689ef (55,066 in chips)
82d58373: posts the ante 60
b2a55fa8: posts the ante 60
35be978f: posts the ante 60
8424cd4d: posts the ante 60
17ed51ed: posts the ante 60
58689ef: posts the ante 60
Hero: posts the ante 60
a421dfcb: posts the ante 60
8424cd4d: posts small blind 200
35be978f: posts big blind 400
*** HOLE CARDS ***
Dealt to Hero [Kc Qh]
Dealt to 82d58373 
Dealt to 8424cd4d 
Dealt to 35be978f 
Dealt to 17ed51ed 
Dealt to b2a55fa8 
Dealt to a421dfcb 
Dealt to 58689ef 
17ed51ed: folds
b2a55fa8: folds
a421dfcb: folds
58689ef: folds
Hero: raises 400 to 800
82d58373: folds
8424cd4d: raises 3,000 to 3,800
35be978f: folds
Hero: calls 3,000
*** FLOP *** [4s 7s 9s]
8424cd4d: bets 2,600
Hero: folds
Uncalled bet (2,600) returned to 8424cd4d
*** SHOWDOWN ***
8424cd4d collected 8,480 from pot
*** SUMMARY ***
Total pot 8,480 | Rake 0 | Jackpot 0 | Bingo 0 | Fortune 0 | Tax 0
Board [4s 7s 9s]
Seat 1: Hero folded on the Flop
Seat 2: 82d58373 (button) folded before Flop
Seat 3: 8424cd4d (small blind) won (8,480)
Seat 4: 35be978f (big blind) folded before Flop
Seat 5: 17ed51ed folded before Flop
Seat 6: b2a55fa8 folded before Flop
Seat 7: a421dfcb folded before Flop
Seat 8: 58689ef folded before Flop


Poker Hand #TM319460584: Tournament #208645365, Bounty Hunters Forty Stack $44 Hold'em No Limit - Level4(200/400) - 2025/05/31 18:22:48
Table '21' 8-max Seat #1 is the button
Seat 1: Hero (38,210 in chips)
Seat 2: 82d58373 (25,890 in chips)
Seat 3: 8424cd4d (41,875 in chips)
Seat 4: 35be978f (50,691 in chips)
Seat 5: 17ed51ed (92,575 in chips)
Seat 6: b2a55fa8 (48,440 in chips)
Seat 7: a421dfcb (24,334 in chips)
Seat 8: 58689ef (55,126 in chips)
82d58373: posts the ante 60
b2a55fa8: posts the ante 60
35be978f: posts the ante 60
8424cd4d: posts the ante 60
17ed51ed: posts the ante 60
58689ef: posts the ante 60
Hero: posts the ante 60
a421dfcb: posts the ante 60
82d58373: posts small blind 200
8424cd4d: posts big blind 400
*** HOLE CARDS ***
Dealt to Hero [6d Ts]
Dealt to 82d58373 
Dealt to 8424cd4d 
Dealt to 35be978f 
Dealt to 17ed51ed 
Dealt to b2a55fa8 
Dealt to a421dfcb 
Dealt to 58689ef 
35be978f: folds
17ed51ed: raises 480 to 880
b2a55fa8: folds
a421dfcb: folds
58689ef: folds
Hero: folds
82d58373: folds
8424cd4d: calls 480
*** FLOP *** [4h Qs Ac]
8424cd4d: checks
17ed51ed: bets 1,713
8424cd4d: folds
Uncalled bet (1,713) returned to 17ed51ed
*** SHOWDOWN ***
17ed51ed collected 2,440 from pot
*** SUMMARY ***
Total pot 2,440 | Rake 0 | Jackpot 0 | Bingo 0 | Fortune 0 | Tax 0
Board [4h Qs Ac]
Seat 1: Hero (button) folded before Flop
Seat 2: 82d58373 (small blind) folded before Flop
Seat 3: 8424cd4d (big blind) folded on the Flop
Seat 4: 35be978f folded before Flop
Seat 5: 17ed51ed won (2,440)
Seat 6: b2a55fa8 folded before Flop
Seat 7: a421dfcb folded before Flop
Seat 8: 58689ef folded before Flop


Poker Hand #TM319460562: Tournament #208645365, Bounty Hunters Forty Stack $44 Hold'em No Limit - Level4(200/400) - 2025/05/31 18:22:18
Table '21' 8-max Seat #8 is the button
Seat 1: Hero (38,470 in chips)
Seat 2: 82d58373 (26,350 in chips)
Seat 3: 8424cd4d (41,935 in chips)
Seat 4: 35be978f (50,751 in chips)
Seat 5: 17ed51ed (92,635 in chips)
Seat 6: b2a55fa8 (48,500 in chips)
Seat 7: a421dfcb (23,314 in chips)
Seat 8: 58689ef (55,186 in chips)
82d58373: posts the ante 60
b2a55fa8: posts the ante 60
35be978f: posts the ante 60
8424cd4d: posts the ante 60
17ed51ed: posts the ante 60
58689ef: posts the ante 60
Hero: posts the ante 60
a421dfcb: posts the ante 60
Hero: posts small blind 200
82d58373: posts big blind 400
*** HOLE CARDS ***
Dealt to Hero [3d Qh]
Dealt to 82d58373 
Dealt to 8424cd4d 
Dealt to 35be978f 
Dealt to 17ed51ed 
Dealt to b2a55fa8 
Dealt to a421dfcb 
Dealt to 58689ef 
8424cd4d: folds
35be978f: folds
17ed51ed: folds
b2a55fa8: folds
a421dfcb: raises 400 to 800
58689ef: folds
Hero: folds
82d58373: folds
Uncalled bet (400) returned to a421dfcb
*** SHOWDOWN ***
a421dfcb collected 1,480 from pot
*** SUMMARY ***
Total pot 1,480 | Rake 0 | Jackpot 0 | Bingo 0 | Fortune 0 | Tax 0
Seat 1: Hero (small blind) folded before Flop
Seat 2: 82d58373 (big blind) folded before Flop
Seat 3: 8424cd4d folded before Flop
Seat 4: 35be978f folded before Flop
Seat 5: 17ed51ed folded before Flop
Seat 6: b2a55fa8 folded before Flop
Seat 7: a421dfcb collected (1,480)
Seat 8: 58689ef (button) folded before Flop


Poker Hand #TM319460533: Tournament #208645365, Bounty Hunters Forty Stack $44 Hold'em No Limit - Level4(200/400) - 2025/05/31 18:21:47
Table '21' 8-max Seat #7 is the button
Seat 1: Hero (38,930 in chips)
Seat 2: 82d58373 (26,410 in chips)
Seat 3: 8424cd4d (41,995 in chips)
Seat 4: 35be978f (51,611 in chips)
Seat 5: 17ed51ed (90,815 in chips)
Seat 6: b2a55fa8 (48,560 in chips)
Seat 7: a421dfcb (23,374 in chips)
Seat 8: 58689ef (55,446 in chips)
82d58373: posts the ante 60
b2a55fa8: posts the ante 60
35be978f: posts the ante 60
8424cd4d: posts the ante 60
17ed51ed: posts the ante 60
58689ef: posts the ante 60
Hero: posts the ante 60
a421dfcb: posts the ante 60
58689ef: posts small blind 200
Hero: posts big blind 400
*** HOLE CARDS ***
Dealt to Hero [8s 9s]
Dealt to 82d58373 
Dealt to 8424cd4d 
Dealt to 35be978f 
Dealt to 17ed51ed 
Dealt to b2a55fa8 
Dealt to a421dfcb 
Dealt to 58689ef 
82d58373: folds
8424cd4d: folds
35be978f: raises 400 to 800
17ed51ed: raises 1,800 to 2,600
b2a55fa8: folds
a421dfcb: folds
58689ef: folds
Hero: folds
35be978f: folds
Uncalled bet (1,800) returned to 17ed51ed
*** SHOWDOWN ***
17ed51ed collected 2,680 from pot
*** SUMMARY ***
Total pot 2,680 | Rake 0 | Jackpot 0 | Bingo 0 | Fortune 0 | Tax 0
Seat 1: Hero (big blind) folded before Flop
Seat 2: 82d58373 folded before Flop
Seat 3: 8424cd4d folded before Flop
Seat 4: 35be978f folded before Flop
Seat 5: 17ed51ed collected (2,680)
Seat 6: b2a55fa8 folded before Flop
Seat 7: a421dfcb (button) folded before Flop
Seat 8: 58689ef (small blind) folded before Flop


Poker Hand #TM319460506: Tournament #208645365, Bounty Hunters Forty Stack $44 Hold'em No Limit - Level4(200/400) - 2025/05/31 18:21:07
Table '21' 8-max Seat #6 is the button
Seat 1: Hero (39,790 in chips)
Seat 2: 82d58373 (26,470 in chips)
Seat 3: 8424cd4d (42,055 in chips)
Seat 4: 35be978f (52,471 in chips)
Seat 5: 17ed51ed (90,875 in chips)
Seat 6: b2a55fa8 (45,940 in chips)
Seat 7: a421dfcb (23,634 in chips)
Seat 8: 58689ef (55,906 in chips)
82d58373: posts the ante 60
b2a55fa8: posts the ante 60
35be978f: posts the ante 60
8424cd4d: posts the ante 60
17ed51ed: posts the ante 60
58689ef: posts the ante 60
Hero: posts the ante 60
a421dfcb: posts the ante 60
a421dfcb: posts small blind 200
58689ef: posts big blind 400
*** HOLE CARDS ***
Dealt to Hero [8d 7d]
Dealt to 82d58373 
Dealt to 8424cd4d 
Dealt to 35be978f 
Dealt to 17ed51ed 
Dealt to b2a55fa8 
Dealt to a421dfcb 
Dealt to 58689ef 
Hero: raises 400 to 800
82d58373: folds
8424cd4d: folds
35be978f: calls 800
17ed51ed: folds
b2a55fa8: raises 5,080 to 5,880
a421dfcb: folds
58689ef: folds
Hero: folds
35be978f: folds
Uncalled bet (5,080) returned to b2a55fa8
*** SHOWDOWN ***
b2a55fa8 collected 3,480 from pot
*** SUMMARY ***
Total pot 3,480 | Rake 0 | Jackpot 0 | Bingo 0 | Fortune 0 | Tax 0
Seat 1: Hero folded before Flop
Seat 2: 82d58373 folded before Flop
Seat 3: 8424cd4d folded before Flop
Seat 4: 35be978f folded before Flop
Seat 5: 17ed51ed folded before Flop
Seat 6: b2a55fa8 (button) collected (3,480)
Seat 7: a421dfcb (small blind) folded before Flop
Seat 8: 58689ef (big blind) folded before Flop


Poker Hand #TM319460453: Tournament #208645365, Bounty Hunters Forty Stack $44 Hold'em No Limit - Level4(200/400) - 2025/05/31 18:20:01
Table '21' 8-max Seat #5 is the button
Seat 1: Hero (39,850 in chips)
Seat 2: 82d58373 (27,330 in chips)
Seat 3: 8424cd4d (42,115 in chips)
Seat 4: 35be978f (52,531 in chips)
Seat 5: 17ed51ed (93,597 in chips)
Seat 6: b2a55fa8 (41,658 in chips)
Seat 7: a421dfcb (24,094 in chips)
Seat 8: 58689ef (55,966 in chips)
82d58373: posts the ante 60
35be978f: posts the ante 60
b2a55fa8: posts the ante 60
8424cd4d: posts the ante 60
17ed51ed: posts the ante 60
58689ef: posts the ante 60
Hero: posts the ante 60
a421dfcb: posts the ante 60
b2a55fa8: posts small blind 200
a421dfcb: posts big blind 400
*** HOLE CARDS ***
Dealt to Hero [7c 5s]
Dealt to 82d58373 
Dealt to 8424cd4d 
Dealt to 35be978f 
Dealt to 17ed51ed 
Dealt to b2a55fa8 
Dealt to a421dfcb 
Dealt to 58689ef 
58689ef: folds
Hero: folds
82d58373: raises 400 to 800
8424cd4d: folds
35be978f: folds
17ed51ed: raises 1,862 to 2,662
b2a55fa8: raises 6,338 to 9,000
a421dfcb: folds
82d58373: folds
17ed51ed: folds
Uncalled bet (6,338) returned to b2a55fa8
*** SHOWDOWN ***
b2a55fa8 collected 7,004 from pot
*** SUMMARY ***
Total pot 7,004 | Rake 0 | Jackpot 0 | Bingo 0 | Fortune 0 | Tax 0
Seat 1: Hero folded before Flop
Seat 2: 82d58373 folded before Flop
Seat 3: 8424cd4d folded before Flop
Seat 4: 35be978f folded before Flop
Seat 5: 17ed51ed (button) folded before Flop
Seat 6: b2a55fa8 (small blind) collected (7,004)
Seat 7: a421dfcb (big blind) folded before Flop
Seat 8: 58689ef folded before Flop


Poker Hand #TM319460429: Tournament #208645365, Bounty Hunters Forty Stack $44 Hold'em No Limit - Level4(200/400) - 2025/05/31 18:19:23
Table '21' 8-max Seat #4 is the button
Seat 1: Hero (39,910 in chips)
Seat 2: 82d58373 (27,390 in chips)
Seat 3: 8424cd4d (42,175 in chips)
Seat 4: 35be978f (52,591 in chips)
Seat 5: 17ed51ed (94,057 in chips)
Seat 6: b2a55fa8 (40,838 in chips)
Seat 7: a421dfcb (24,154 in chips)
Seat 8: 58689ef (56,026 in chips)
82d58373: posts the ante 60
35be978f: posts the ante 60
b2a55fa8: posts the ante 60
8424cd4d: posts the ante 60
17ed51ed: posts the ante 60
58689ef: posts the ante 60
Hero: posts the ante 60
a421dfcb: posts the ante 60
17ed51ed: posts small blind 200
b2a55fa8: posts big blind 400
*** HOLE CARDS ***
Dealt to Hero [4c Ks]
Dealt to 82d58373 
Dealt to 8424cd4d 
Dealt to 35be978f 
Dealt to 17ed51ed 
Dealt to b2a55fa8 
Dealt to a421dfcb 
Dealt to 58689ef 
a421dfcb: folds
58689ef: folds
Hero: folds
82d58373: folds
8424cd4d: folds
35be978f: folds
17ed51ed: calls 200
b2a55fa8: raises 2,400 to 2,800
17ed51ed: folds
Uncalled bet (2,400) returned to b2a55fa8
*** SHOWDOWN ***
b2a55fa8 collected 1,280 from pot
*** SUMMARY ***
Total pot 1,280 | Rake 0 | Jackpot 0 | Bingo 0 | Fortune 0 | Tax 0
Seat 1: Hero folded before Flop
Seat 2: 82d58373 folded before Flop
Seat 3: 8424cd4d folded before Flop
Seat 4: 35be978f (button) folded before Flop
Seat 5: 17ed51ed (small blind) folded before Flop
Seat 6: b2a55fa8 (big blind) collected (1,280)
Seat 7: a421dfcb folded before Flop
Seat 8: 58689ef folded before Flop


Poker Hand #TM319460377: Tournament #208645365, Bounty Hunters Forty Stack $44 Hold'em No Limit - Level3(150/300) - 2025/05/31 18:18:18
Table '21' 8-max Seat #3 is the button
Seat 1: Hero (39,955 in chips)
Seat 2: 82d58373 (27,435 in chips)
Seat 3: 8424cd4d (42,220 in chips)
Seat 4: 35be978f (49,051 in chips)
Seat 5: 17ed51ed (94,402 in chips)
Seat 6: b2a55fa8 (40,883 in chips)
Seat 7: a421dfcb (27,124 in chips)
Seat 8: 58689ef (56,071 in chips)
82d58373: posts the ante 45
b2a55fa8: posts the ante 45
35be978f: posts the ante 45
8424cd4d: posts the ante 45
17ed51ed: posts the ante 45
58689ef: posts the ante 45
Hero: posts the ante 45
a421dfcb: posts the ante 45
35be978f: posts small blind 150
17ed51ed: posts big blind 300
*** HOLE CARDS ***
Dealt to Hero [Tc Jd]
Dealt to 82d58373 
Dealt to 8424cd4d 
Dealt to 35be978f 
Dealt to 17ed51ed 
Dealt to b2a55fa8 
Dealt to a421dfcb 
Dealt to 58689ef 
b2a55fa8: folds
a421dfcb: raises 300 to 600
58689ef: folds
Hero: folds
82d58373: folds
8424cd4d: folds
35be978f: calls 450
17ed51ed: folds
*** FLOP *** [6s 7h Js]
35be978f: checks
a421dfcb: checks
*** TURN *** [6s 7h Js] [5h]
35be978f: bets 2,325
a421dfcb: calls 2,325
*** RIVER *** [6s 7h Js 5h] [2h]
35be978f: bets 6,000
a421dfcb: folds
Uncalled bet (6,000) returned to 35be978f
*** SHOWDOWN ***
35be978f collected 6,510 from pot
*** SUMMARY ***
Total pot 6,510 | Rake 0 | Jackpot 0 | Bingo 0 | Fortune 0 | Tax 0
Board [6s 7h Js 5h 2h]
Seat 1: Hero folded before Flop
Seat 2: 82d58373 folded before Flop
Seat 3: 8424cd4d (button) folded before Flop
Seat 4: 35be978f (small blind) won (6,510)
Seat 5: 17ed51ed (big blind) folded before Flop
Seat 6: b2a55fa8 folded before Flop
Seat 7: a421dfcb folded on the River
Seat 8: 58689ef folded before Flop


Poker Hand #TM319460281: Tournament #208645365, Bounty Hunters Forty Stack $44 Hold'em No Limit - Level3(150/300) - 2025/05/31 18:16:14
Table '21' 8-max Seat #2 is the button
Seat 1: Hero (40,000 in chips)
Seat 2: 82d58373 (27,480 in chips)
Seat 3: 8424cd4d (42,415 in chips)
Seat 4: 35be978f (36,684 in chips)
Seat 5: 17ed51ed (95,854 in chips)
Seat 6: b2a55fa8 (40,928 in chips)
Seat 7: a421dfcb (37,664 in chips)
Seat 8: 58689ef (56,116 in chips)
82d58373: posts the ante 45
b2a55fa8: posts the ante 45
35be978f: posts the ante 45
8424cd4d: posts the ante 45
17ed51ed: posts the ante 45
58689ef: posts the ante 45
Hero: posts the ante 45
a421dfcb: posts the ante 45
8424cd4d: posts small blind 150
35be978f: posts big blind 300
*** HOLE CARDS ***
Dealt to Hero [Qs 3d]
Dealt to 82d58373 
Dealt to 8424cd4d 
Dealt to 35be978f 
Dealt to 17ed51ed 
Dealt to b2a55fa8 
Dealt to a421dfcb 
Dealt to 58689ef 
17ed51ed: raises 360 to 660
b2a55fa8: folds
a421dfcb: calls 660
58689ef: folds
Hero: folds
82d58373: folds
8424cd4d: folds
35be978f: calls 360
*** FLOP *** [As Ad 7d]
35be978f: checks
17ed51ed: bets 747
a421dfcb: calls 747
35be978f: raises 2,367 to 3,114
17ed51ed: folds
a421dfcb: calls 2,367
*** TURN *** [As Ad 7d] [Ts]
35be978f: bets 6,721
a421dfcb: calls 6,721
*** RIVER *** [As Ad 7d Ts] [2h]
35be978f: bets 26,144
a421dfcb: folds
Uncalled bet (26,144) returned to 35be978f
*** SHOWDOWN ***
35be978f collected 22,907 from pot
*** SUMMARY ***
Total pot 22,907 | Rake 0 | Jackpot 0 | Bingo 0 | Fortune 0 | Tax 0
Board [As Ad 7d Ts 2h]
Seat 1: Hero folded before Flop
Seat 2: 82d58373 (button) folded before Flop
Seat 3: 8424cd4d (small blind) folded before Flop
Seat 4: 35be978f (big blind) won (22,907)
Seat 5: 17ed51ed folded on the Flop
Seat 6: b2a55fa8 folded before Flop
Seat 7: a421dfcb folded on the River
Seat 8: 58689ef folded before Flop


