PokerStars Hand #256982440442: Tournament #3909706280, $4.80+$5.00+$1.20 USD Hold'em No Limit - Level VI (50/100) - 2025/07/17 13:18:19 BRT [2025/07/17 12:18:19 ET]
Table '3909706280 111' 8-max Seat #1 is the button
Seat 1: Znahar82 (5924 in chips, $7.50 bounty) 
Seat 2: Cpt.Strambo (11056 in chips, $7.50 bounty) 
Seat 3: KV*MerzaveC* (5206 in chips, $5 bounty) 
Seat 4: r0ch4_p (7797 in chips, $5 bounty) 
Seat 5: nilas91 (8906 in chips, $5 bounty) 
Seat 6: bruxo-jones (4755 in chips, $5 bounty) 
Seat 7: MarcosTroty (10764 in chips, $10 bounty) 
Seat 8: Gabrielfs13 (5000 in chips, $5 bounty) 
Znahar82: posts the ante 15
Cpt.Strambo: posts the ante 15
KV*MerzaveC*: posts the ante 15
r0ch4_p: posts the ante 15
nilas91: posts the ante 15
bruxo-jones: posts the ante 15
MarcosTroty: posts the ante 15
Gabrielfs13: posts the ante 15
Cpt.Strambo: posts small blind 50
KV*MerzaveC*: posts big blind 100
*** HOLE CARDS ***
Dealt to Gabrielfs13 [7d 9c]
r0ch4_p: raises 100 to 200
nilas91: folds 
bruxo-jones: folds 
MarcosTroty: folds 
Gabrielfs13: folds 
Znahar82: folds 
Cpt.Strambo: calls 150
KV*MerzaveC*: folds 
*** FLOP *** [6c Td 8s]
Cpt.Strambo: checks 
r0ch4_p: bets 248
Cpt.Strambo: calls 248
*** TURN *** [6c Td 8s] [Kd]
Cpt.Strambo: checks 
r0ch4_p: bets 737
Cpt.Strambo: calls 737
*** RIVER *** [6c Td 8s Kd] [Kc]
Cpt.Strambo: checks 
r0ch4_p: bets 2000
Cpt.Strambo: folds 
Uncalled bet (2000) returned to r0ch4_p
r0ch4_p collected 2590 from pot
r0ch4_p: doesn't show hand 
*** SUMMARY ***
Total pot 2590 | Rake 0 
Board [6c Td 8s Kd Kc]
Seat 1: Znahar82 (button) folded before Flop (didn't bet)
Seat 2: Cpt.Strambo (small blind) folded on the River
Seat 3: KV*MerzaveC* (big blind) folded before Flop
Seat 4: r0ch4_p collected (2590)
Seat 5: nilas91 folded before Flop (didn't bet)
Seat 6: bruxo-jones folded before Flop (didn't bet)
Seat 7: MarcosTroty folded before Flop (didn't bet)
Seat 8: Gabrielfs13 folded before Flop (didn't bet)



PokerStars Hand #256982463041: Tournament #3909706280, $4.80+$5.00+$1.20 USD Hold'em No Limit - Level VI (50/100) - 2025/07/17 13:20:23 BRT [2025/07/17 12:20:23 ET]
Table '3909706280 111' 8-max Seat #2 is the button
Seat 1: Znahar82 (5909 in chips, $7.50 bounty) 
Seat 2: Cpt.Strambo (9856 in chips, $7.50 bounty) 
Seat 3: KV*MerzaveC* (5091 in chips, $5 bounty) 
Seat 4: r0ch4_p (9187 in chips, $5 bounty) 
Seat 5: nilas91 (8891 in chips, $5 bounty) 
Seat 6: bruxo-jones (4740 in chips, $5 bounty) 
Seat 7: MarcosTroty (10749 in chips, $10 bounty) 
Seat 8: Gabrielfs13 (4985 in chips, $5 bounty) 
Znahar82: posts the ante 15
Cpt.Strambo: posts the ante 15
KV*MerzaveC*: posts the ante 15
r0ch4_p: posts the ante 15
nilas91: posts the ante 15
bruxo-jones: posts the ante 15
MarcosTroty: posts the ante 15
Gabrielfs13: posts the ante 15
KV*MerzaveC*: posts small blind 50
r0ch4_p: posts big blind 100
*** HOLE CARDS ***
Dealt to Gabrielfs13 [Ah 2c]
nilas91: folds 
bruxo-jones: folds 
MarcosTroty: folds 
Gabrielfs13: folds 
Znahar82: folds 
Cpt.Strambo: raises 110 to 210
KV*MerzaveC*: calls 160
r0ch4_p: folds 
*** FLOP *** [9c As Qd]
KV*MerzaveC*: checks 
Cpt.Strambo: bets 211
KV*MerzaveC*: calls 211
*** TURN *** [9c As Qd] [2s]
KV*MerzaveC*: checks 
Cpt.Strambo: checks 
*** RIVER *** [9c As Qd 2s] [Qh]
KV*MerzaveC*: checks 
Cpt.Strambo: checks 
*** SHOW DOWN ***
KV*MerzaveC*: shows [Kd Th] (a pair of Queens)
Cpt.Strambo: mucks hand 
KV*MerzaveC* collected 1062 from pot
*** SUMMARY ***
Total pot 1062 | Rake 0 
Board [9c As Qd 2s Qh]
Seat 1: Znahar82 folded before Flop (didn't bet)
Seat 2: Cpt.Strambo (button) mucked [6c 4c]
Seat 3: KV*MerzaveC* (small blind) showed [Kd Th] and won (1062) with a pair of Queens
Seat 4: r0ch4_p (big blind) folded before Flop
Seat 5: nilas91 folded before Flop (didn't bet)
Seat 6: bruxo-jones folded before Flop (didn't bet)
Seat 7: MarcosTroty folded before Flop (didn't bet)
Seat 8: Gabrielfs13 folded before Flop (didn't bet)



PokerStars Hand #256982474505: Tournament #3909706280, $4.80+$5.00+$1.20 USD Hold'em No Limit - Level VI (50/100) - 2025/07/17 13:21:26 BRT [2025/07/17 12:21:26 ET]
Table '3909706280 111' 8-max Seat #3 is the button
Seat 1: Znahar82 (5894 in chips, $7.50 bounty) 
Seat 2: Cpt.Strambo (9420 in chips, $7.50 bounty) 
Seat 3: KV*MerzaveC* (5717 in chips, $5 bounty) 
Seat 4: r0ch4_p (9072 in chips, $5 bounty) 
Seat 5: nilas91 (8876 in chips, $5 bounty) 
Seat 6: bruxo-jones (4725 in chips, $5 bounty) 
Seat 7: MarcosTroty (10734 in chips, $10 bounty) 
Seat 8: Gabrielfs13 (4970 in chips, $5 bounty) 
Znahar82: posts the ante 15
Cpt.Strambo: posts the ante 15
KV*MerzaveC*: posts the ante 15
r0ch4_p: posts the ante 15
nilas91: posts the ante 15
bruxo-jones: posts the ante 15
MarcosTroty: posts the ante 15
Gabrielfs13: posts the ante 15
r0ch4_p: posts small blind 50
nilas91: posts big blind 100
*** HOLE CARDS ***
Dealt to Gabrielfs13 [Jd Qd]
bruxo-jones: raises 100 to 200
MarcosTroty: folds 
Gabrielfs13: raises 400 to 600
Znahar82: folds 
Cpt.Strambo: folds 
KV*MerzaveC*: raises 900 to 1500
r0ch4_p: folds 
nilas91: folds 
bruxo-jones: folds 
Gabrielfs13: calls 900
*** FLOP *** [7d 2c Kc]
Gabrielfs13: checks 
KV*MerzaveC*: bets 937
Gabrielfs13: raises 2518 to 3455 and is all-in
KV*MerzaveC*: calls 2518
*** TURN *** [7d 2c Kc] [Ts]
*** RIVER *** [7d 2c Kc Ts] [Jc]
*** SHOW DOWN ***
Gabrielfs13: shows [Jd Qd] (a pair of Jacks)
KV*MerzaveC*: shows [As Ac] (a pair of Aces)
KV*MerzaveC* collected 10380 from pot
KV*MerzaveC* wins $2.50 for eliminating Gabrielfs13 and their own bounty increases by $2.50 to $7.50
Gabrielfs13 finished the tournament
*** SUMMARY ***
Total pot 10380 | Rake 0 
Board [7d 2c Kc Ts Jc]
Seat 1: Znahar82 folded before Flop (didn't bet)
Seat 2: Cpt.Strambo folded before Flop (didn't bet)
Seat 3: KV*MerzaveC* (button) showed [As Ac] and won (10380) with a pair of Aces
Seat 4: r0ch4_p (small blind) folded before Flop
Seat 5: nilas91 (big blind) folded before Flop
Seat 6: bruxo-jones folded before Flop
Seat 7: MarcosTroty folded before Flop (didn't bet)
Seat 8: Gabrielfs13 showed [Jd Qd] and lost with a pair of Jacks



PokerStars Hand #256982494815: Tournament #3909706280, $4.80+$5.00+$1.20 USD Hold'em No Limit - Level VI (50/100) - 2025/07/17 13:23:16 BRT [2025/07/17 12:23:16 ET]
Table '3909706280 2' 8-max Seat #8 is the button
Seat 1: 1MERCIER1 (4847 in chips, $5 bounty) 
Seat 2: andergoes (5303 in chips, $5 bounty) 
Seat 3: Gabrielfs13 (5000 in chips, $5 bounty) 
Seat 4: Mephetran (3678 in chips, $5 bounty) 
Seat 5: C0mpetition (12415 in chips, $7.50 bounty) 
Seat 6: vbxTT (7353 in chips, $5 bounty) 
Seat 7: Lil_Vpip (15875 in chips, $10 bounty) 
Seat 8: Mir0nchik (10758 in chips, $7.50 bounty) 
1MERCIER1: posts the ante 15
andergoes: posts the ante 15
Gabrielfs13: posts the ante 15
Mephetran: posts the ante 15
C0mpetition: posts the ante 15
vbxTT: posts the ante 15
Lil_Vpip: posts the ante 15
Mir0nchik: posts the ante 15
1MERCIER1: posts small blind 50
andergoes: posts big blind 100
*** HOLE CARDS ***
Dealt to Gabrielfs13 [7s 7h]
Gabrielfs13: raises 100 to 200
Mephetran: folds 
C0mpetition: raises 200 to 400
vbxTT: folds 
Lil_Vpip: folds 
Mir0nchik: folds 
1MERCIER1: folds 
andergoes: folds 
Gabrielfs13: calls 200
*** FLOP *** [5h 6h Jd]
Gabrielfs13: checks 
C0mpetition: bets 1000
Gabrielfs13: calls 1000
*** TURN *** [5h 6h Jd] [Qc]
Gabrielfs13: checks 
C0mpetition: checks 
*** RIVER *** [5h 6h Jd Qc] [Th]
Gabrielfs13: checks 
C0mpetition: bets 3991
Gabrielfs13: folds 
Uncalled bet (3991) returned to C0mpetition
C0mpetition collected 3070 from pot
C0mpetition: doesn't show hand 
*** SUMMARY ***
Total pot 3070 | Rake 0 
Board [5h 6h Jd Qc Th]
Seat 1: 1MERCIER1 (small blind) folded before Flop
Seat 2: andergoes (big blind) folded before Flop
Seat 3: Gabrielfs13 folded on the River
Seat 4: Mephetran folded before Flop (didn't bet)
Seat 5: C0mpetition collected (3070)
Seat 6: vbxTT folded before Flop (didn't bet)
Seat 7: Lil_Vpip folded before Flop (didn't bet)
Seat 8: Mir0nchik (button) folded before Flop (didn't bet)



PokerStars Hand #256982509341: Tournament #3909706280, $4.80+$5.00+$1.20 USD Hold'em No Limit - Level VI (50/100) - 2025/07/17 13:24:35 BRT [2025/07/17 12:24:35 ET]
Table '3909706280 2' 8-max Seat #1 is the button
Seat 1: 1MERCIER1 (4782 in chips, $5 bounty) 
Seat 2: andergoes (5188 in chips, $5 bounty) 
Seat 3: Gabrielfs13 (3585 in chips, $5 bounty) 
Seat 4: Mephetran (3663 in chips, $5 bounty) 
Seat 5: C0mpetition (14070 in chips, $7.50 bounty) 
Seat 6: vbxTT (7338 in chips, $5 bounty) 
Seat 7: Lil_Vpip (15860 in chips, $10 bounty) 
Seat 8: Mir0nchik (10743 in chips, $7.50 bounty) 
1MERCIER1: posts the ante 15
andergoes: posts the ante 15
Gabrielfs13: posts the ante 15
Mephetran: posts the ante 15
C0mpetition: posts the ante 15
vbxTT: posts the ante 15
Lil_Vpip: posts the ante 15
Mir0nchik: posts the ante 15
andergoes: posts small blind 50
Gabrielfs13: posts big blind 100
*** HOLE CARDS ***
Dealt to Gabrielfs13 [9s 6c]
Mephetran: folds 
C0mpetition: folds 
vbxTT: folds 
Lil_Vpip: folds 
Mir0nchik: raises 100 to 200
1MERCIER1: folds 
andergoes: folds 
Gabrielfs13: calls 100
*** FLOP *** [8h Ks 7c]
Gabrielfs13: checks 
Mir0nchik: bets 277
Gabrielfs13: raises 573 to 850
Mir0nchik: calls 573
*** TURN *** [8h Ks 7c] [3d]
Gabrielfs13: bets 1135
Mir0nchik: raises 3723 to 4858
Gabrielfs13: calls 1385 and is all-in
Uncalled bet (2338) returned to Mir0nchik
*** RIVER *** [8h Ks 7c 3d] [Tc]
*** SHOW DOWN ***
Gabrielfs13: shows [9s 6c] (a straight, Six to Ten)
Mir0nchik: shows [Ah 7d] (a pair of Sevens)
Gabrielfs13 collected 7310 from pot
*** SUMMARY ***
Total pot 7310 | Rake 0 
Board [8h Ks 7c 3d Tc]
Seat 1: 1MERCIER1 (button) folded before Flop (didn't bet)
Seat 2: andergoes (small blind) folded before Flop
Seat 3: Gabrielfs13 (big blind) showed [9s 6c] and won (7310) with a straight, Six to Ten
Seat 4: Mephetran folded before Flop (didn't bet)
Seat 5: C0mpetition folded before Flop (didn't bet)
Seat 6: vbxTT folded before Flop (didn't bet)
Seat 7: Lil_Vpip folded before Flop (didn't bet)
Seat 8: Mir0nchik showed [Ah 7d] and lost with a pair of Sevens



PokerStars Hand #256982520043: Tournament #3909706280, $4.80+$5.00+$1.20 USD Hold'em No Limit - Level VII (60/120) - 2025/07/17 13:25:33 BRT [2025/07/17 12:25:33 ET]
Table '3909706280 2' 8-max Seat #2 is the button
Seat 1: 1MERCIER1 (4767 in chips, $5 bounty) 
Seat 2: andergoes (5123 in chips, $5 bounty) 
Seat 3: Gabrielfs13 (7310 in chips, $5 bounty) 
Seat 4: Mephetran (3648 in chips, $5 bounty) 
Seat 5: C0mpetition (14055 in chips, $7.50 bounty) 
Seat 6: vbxTT (7323 in chips, $5 bounty) 
Seat 7: Lil_Vpip (15845 in chips, $10 bounty) 
Seat 8: Mir0nchik (7158 in chips, $7.50 bounty) 
1MERCIER1: posts the ante 18
andergoes: posts the ante 18
Gabrielfs13: posts the ante 18
Mephetran: posts the ante 18
C0mpetition: posts the ante 18
vbxTT: posts the ante 18
Lil_Vpip: posts the ante 18
Mir0nchik: posts the ante 18
Gabrielfs13: posts small blind 60
Mephetran: posts big blind 120
*** HOLE CARDS ***
Dealt to Gabrielfs13 [5s Js]
C0mpetition: raises 120 to 240
vbxTT: folds 
Lil_Vpip: calls 240
Mir0nchik: folds 
1MERCIER1: folds 
andergoes: folds 
Gabrielfs13: folds 
Mephetran: calls 120
*** FLOP *** [2d 6c Jd]
Mephetran: checks 
C0mpetition: bets 300
Lil_Vpip: calls 300
Mephetran: folds 
*** TURN *** [2d 6c Jd] [Qd]
C0mpetition: checks 
Lil_Vpip: checks 
*** RIVER *** [2d 6c Jd Qd] [2s]
C0mpetition: bets 1500
Lil_Vpip: folds 
Uncalled bet (1500) returned to C0mpetition
C0mpetition collected 1524 from pot
C0mpetition: doesn't show hand 
*** SUMMARY ***
Total pot 1524 | Rake 0 
Board [2d 6c Jd Qd 2s]
Seat 1: 1MERCIER1 folded before Flop (didn't bet)
Seat 2: andergoes (button) folded before Flop (didn't bet)
Seat 3: Gabrielfs13 (small blind) folded before Flop
Seat 4: Mephetran (big blind) folded on the Flop
Seat 5: C0mpetition collected (1524)
Seat 6: vbxTT folded before Flop (didn't bet)
Seat 7: Lil_Vpip folded on the River
Seat 8: Mir0nchik folded before Flop (didn't bet)



PokerStars Hand #256982531003: Tournament #3909706280, $4.80+$5.00+$1.20 USD Hold'em No Limit - Level VII (60/120) - 2025/07/17 13:26:33 BRT [2025/07/17 12:26:33 ET]
Table '3909706280 2' 8-max Seat #3 is the button
Seat 1: 1MERCIER1 (4749 in chips, $5 bounty) 
Seat 2: andergoes (5105 in chips, $5 bounty) 
Seat 3: Gabrielfs13 (7232 in chips, $5 bounty) 
Seat 4: Mephetran (3390 in chips, $5 bounty) 
Seat 5: C0mpetition (15021 in chips, $7.50 bounty) 
Seat 6: vbxTT (7305 in chips, $5 bounty) 
Seat 7: Lil_Vpip (15287 in chips, $10 bounty) 
Seat 8: Mir0nchik (7140 in chips, $7.50 bounty) 
1MERCIER1: posts the ante 18
andergoes: posts the ante 18
Gabrielfs13: posts the ante 18
Mephetran: posts the ante 18
C0mpetition: posts the ante 18
vbxTT: posts the ante 18
Lil_Vpip: posts the ante 18
Mir0nchik: posts the ante 18
Mephetran: posts small blind 60
C0mpetition: posts big blind 120
*** HOLE CARDS ***
Dealt to Gabrielfs13 [9d Ts]
vbxTT: folds 
Lil_Vpip: raises 120 to 240
Mir0nchik: folds 
1MERCIER1: folds 
andergoes: folds 
Gabrielfs13: folds 
Mephetran: calls 180
C0mpetition: calls 120
*** FLOP *** [5d 8h Tc]
Mephetran: checks 
C0mpetition: bets 360
Lil_Vpip: folds 
Mephetran: folds 
Uncalled bet (360) returned to C0mpetition
C0mpetition collected 864 from pot
C0mpetition: doesn't show hand 
*** SUMMARY ***
Total pot 864 | Rake 0 
Board [5d 8h Tc]
Seat 1: 1MERCIER1 folded before Flop (didn't bet)
Seat 2: andergoes folded before Flop (didn't bet)
Seat 3: Gabrielfs13 (button) folded before Flop (didn't bet)
Seat 4: Mephetran (small blind) folded on the Flop
Seat 5: C0mpetition (big blind) collected (864)
Seat 6: vbxTT folded before Flop (didn't bet)
Seat 7: Lil_Vpip folded on the Flop
Seat 8: Mir0nchik folded before Flop (didn't bet)



PokerStars Hand #256982539260: Tournament #3909706280, $4.80+$5.00+$1.20 USD Hold'em No Limit - Level VII (60/120) - 2025/07/17 13:27:18 BRT [2025/07/17 12:27:18 ET]
Table '3909706280 2' 8-max Seat #4 is the button
Seat 1: 1MERCIER1 (4731 in chips, $5 bounty) 
Seat 2: andergoes (5087 in chips, $5 bounty) 
Seat 3: Gabrielfs13 (7214 in chips, $5 bounty) 
Seat 4: Mephetran (3132 in chips, $5 bounty) 
Seat 5: C0mpetition (15627 in chips, $7.50 bounty) 
Seat 6: vbxTT (7287 in chips, $5 bounty) 
Seat 7: Lil_Vpip (15029 in chips, $10 bounty) 
Seat 8: Mir0nchik (7122 in chips, $7.50 bounty) 
1MERCIER1: posts the ante 18
andergoes: posts the ante 18
Gabrielfs13: posts the ante 18
Mephetran: posts the ante 18
C0mpetition: posts the ante 18
vbxTT: posts the ante 18
Lil_Vpip: posts the ante 18
Mir0nchik: posts the ante 18
C0mpetition: posts small blind 60
vbxTT: posts big blind 120
*** HOLE CARDS ***
Dealt to Gabrielfs13 [Ac Kh]
Lil_Vpip: raises 120 to 240
Mir0nchik: raises 540 to 780
1MERCIER1: folds 
andergoes: folds 
Gabrielfs13: raises 6416 to 7196 and is all-in
Mephetran: folds 
C0mpetition: folds 
vbxTT: folds 
Lil_Vpip: folds 
Mir0nchik: folds 
Uncalled bet (6416) returned to Gabrielfs13
Gabrielfs13 collected 2124 from pot
Gabrielfs13: doesn't show hand 
*** SUMMARY ***
Total pot 2124 | Rake 0 
Seat 1: 1MERCIER1 folded before Flop (didn't bet)
Seat 2: andergoes folded before Flop (didn't bet)
Seat 3: Gabrielfs13 collected (2124)
Seat 4: Mephetran (button) folded before Flop (didn't bet)
Seat 5: C0mpetition (small blind) folded before Flop
Seat 6: vbxTT (big blind) folded before Flop
Seat 7: Lil_Vpip folded before Flop
Seat 8: Mir0nchik folded before Flop



PokerStars Hand #256982544269: Tournament #3909706280, $4.80+$5.00+$1.20 USD Hold'em No Limit - Level VII (60/120) - 2025/07/17 13:27:45 BRT [2025/07/17 12:27:45 ET]
Table '3909706280 2' 8-max Seat #5 is the button
Seat 1: 1MERCIER1 (4713 in chips, $5 bounty) 
Seat 2: andergoes (5069 in chips, $5 bounty) 
Seat 3: Gabrielfs13 (8540 in chips, $5 bounty) 
Seat 4: Mephetran (3114 in chips, $5 bounty) 
Seat 5: C0mpetition (15549 in chips, $7.50 bounty) 
Seat 6: vbxTT (7149 in chips, $5 bounty) 
Seat 7: Lil_Vpip (14771 in chips, $10 bounty) 
Seat 8: Mir0nchik (6324 in chips, $7.50 bounty) 
1MERCIER1: posts the ante 18
andergoes: posts the ante 18
Gabrielfs13: posts the ante 18
Mephetran: posts the ante 18
C0mpetition: posts the ante 18
vbxTT: posts the ante 18
Lil_Vpip: posts the ante 18
Mir0nchik: posts the ante 18
vbxTT: posts small blind 60
Lil_Vpip: posts big blind 120
*** HOLE CARDS ***
Dealt to Gabrielfs13 [2c 4s]
Mir0nchik: folds 
1MERCIER1: folds 
andergoes: folds 
Gabrielfs13: folds 
Mephetran: folds 
C0mpetition: raises 120 to 240
vbxTT: raises 720 to 960
Lil_Vpip: folds 
C0mpetition: folds 
Uncalled bet (720) returned to vbxTT
vbxTT collected 744 from pot
vbxTT: doesn't show hand 
*** SUMMARY ***
Total pot 744 | Rake 0 
Seat 1: 1MERCIER1 folded before Flop (didn't bet)
Seat 2: andergoes folded before Flop (didn't bet)
Seat 3: Gabrielfs13 folded before Flop (didn't bet)
Seat 4: Mephetran folded before Flop (didn't bet)
Seat 5: C0mpetition (button) folded before Flop
Seat 6: vbxTT (small blind) collected (744)
Seat 7: Lil_Vpip (big blind) folded before Flop
Seat 8: Mir0nchik folded before Flop (didn't bet)



PokerStars Hand #256982551623: Tournament #3909706280, $4.80+$5.00+$1.20 USD Hold'em No Limit - Level VII (60/120) - 2025/07/17 13:28:24 BRT [2025/07/17 12:28:24 ET]
Table '3909706280 2' 8-max Seat #6 is the button
Seat 1: 1MERCIER1 (4695 in chips, $5 bounty) 
Seat 2: andergoes (5051 in chips, $5 bounty) 
Seat 3: Gabrielfs13 (8522 in chips, $5 bounty) 
Seat 4: Mephetran (3096 in chips, $5 bounty) 
Seat 5: C0mpetition (15291 in chips, $7.50 bounty) 
Seat 6: vbxTT (7635 in chips, $5 bounty) 
Seat 7: Lil_Vpip (14633 in chips, $10 bounty) 
Seat 8: Mir0nchik (6306 in chips, $7.50 bounty) 
1MERCIER1: posts the ante 18
andergoes: posts the ante 18
Gabrielfs13: posts the ante 18
Mephetran: posts the ante 18
C0mpetition: posts the ante 18
vbxTT: posts the ante 18
Lil_Vpip: posts the ante 18
Mir0nchik: posts the ante 18
Lil_Vpip: posts small blind 60
Mir0nchik: posts big blind 120
*** HOLE CARDS ***
Dealt to Gabrielfs13 [8h 9d]
1MERCIER1: raises 120 to 240
andergoes: folds 
Gabrielfs13: folds 
Mephetran: folds 
C0mpetition: folds 
vbxTT: calls 240
Lil_Vpip: folds 
Mir0nchik: folds 
*** FLOP *** [2s 3d Jc]
1MERCIER1: bets 265
vbxTT: raises 455 to 720
1MERCIER1: calls 455
*** TURN *** [2s 3d Jc] [Jh]
1MERCIER1: checks 
vbxTT: bets 1200
1MERCIER1: calls 1200
*** RIVER *** [2s 3d Jc Jh] [3h]
1MERCIER1: checks 
vbxTT: bets 2640
1MERCIER1 has timed out
1MERCIER1: folds 
1MERCIER1 is sitting out
Uncalled bet (2640) returned to vbxTT
vbxTT collected 4644 from pot
vbxTT: doesn't show hand 
1MERCIER1 has returned
*** SUMMARY ***
Total pot 4644 | Rake 0 
Board [2s 3d Jc Jh 3h]
Seat 1: 1MERCIER1 folded on the River
Seat 2: andergoes folded before Flop (didn't bet)
Seat 3: Gabrielfs13 folded before Flop (didn't bet)
Seat 4: Mephetran folded before Flop (didn't bet)
Seat 5: C0mpetition folded before Flop (didn't bet)
Seat 6: vbxTT (button) collected (4644)
Seat 7: Lil_Vpip (small blind) folded before Flop
Seat 8: Mir0nchik (big blind) folded before Flop



PokerStars Hand #256982579336: Tournament #3909706280, $4.80+$5.00+$1.20 USD Hold'em No Limit - Level VII (60/120) - 2025/07/17 13:30:53 BRT [2025/07/17 12:30:53 ET]
Table '3909706280 2' 8-max Seat #7 is the button
Seat 1: 1MERCIER1 (2517 in chips, $5 bounty) 
Seat 2: andergoes (5033 in chips, $5 bounty) 
Seat 3: Gabrielfs13 (8504 in chips, $5 bounty) 
Seat 4: Mephetran (3078 in chips, $5 bounty) 
Seat 5: C0mpetition (15273 in chips, $7.50 bounty) 
Seat 6: vbxTT (10101 in chips, $5 bounty) 
Seat 7: Lil_Vpip (14555 in chips, $10 bounty) 
Seat 8: Mir0nchik (6168 in chips, $7.50 bounty) 
1MERCIER1: posts the ante 18
andergoes: posts the ante 18
Gabrielfs13: posts the ante 18
Mephetran: posts the ante 18
C0mpetition: posts the ante 18
vbxTT: posts the ante 18
Lil_Vpip: posts the ante 18
Mir0nchik: posts the ante 18
Mir0nchik: posts small blind 60
1MERCIER1: posts big blind 120
*** HOLE CARDS ***
Dealt to Gabrielfs13 [2s Jc]
andergoes: raises 120 to 240
Gabrielfs13: folds 
Mephetran: folds 
C0mpetition: folds 
vbxTT: folds 
Lil_Vpip: folds 
Mir0nchik: folds 
1MERCIER1: calls 120
*** FLOP *** [4s Kh 6s]
1MERCIER1: checks 
andergoes: bets 226
1MERCIER1: calls 226
*** TURN *** [4s Kh 6s] [Td]
1MERCIER1: checks 
andergoes: bets 540
1MERCIER1: folds 
Uncalled bet (540) returned to andergoes
andergoes collected 1136 from pot
andergoes: doesn't show hand 
*** SUMMARY ***
Total pot 1136 | Rake 0 
Board [4s Kh 6s Td]
Seat 1: 1MERCIER1 (big blind) folded on the Turn
Seat 2: andergoes collected (1136)
Seat 3: Gabrielfs13 folded before Flop (didn't bet)
Seat 4: Mephetran folded before Flop (didn't bet)
Seat 5: C0mpetition folded before Flop (didn't bet)
Seat 6: vbxTT folded before Flop (didn't bet)
Seat 7: Lil_Vpip (button) folded before Flop (didn't bet)
Seat 8: Mir0nchik (small blind) folded before Flop



PokerStars Hand #256982591176: Tournament #3909706280, $4.80+$5.00+$1.20 USD Hold'em No Limit - Level VII (60/120) - 2025/07/17 13:31:55 BRT [2025/07/17 12:31:55 ET]
Table '3909706280 2' 8-max Seat #8 is the button
Seat 1: 1MERCIER1 (2033 in chips, $5 bounty) 
Seat 2: andergoes (5685 in chips, $5 bounty) 
Seat 3: Gabrielfs13 (8486 in chips, $5 bounty) 
Seat 4: Mephetran (3060 in chips, $5 bounty) 
Seat 5: C0mpetition (15255 in chips, $7.50 bounty) 
Seat 6: vbxTT (10083 in chips, $5 bounty) 
Seat 7: Lil_Vpip (14537 in chips, $10 bounty) 
Seat 8: Mir0nchik (6090 in chips, $7.50 bounty) 
1MERCIER1: posts the ante 18
andergoes: posts the ante 18
Gabrielfs13: posts the ante 18
Mephetran: posts the ante 18
C0mpetition: posts the ante 18
vbxTT: posts the ante 18
Lil_Vpip: posts the ante 18
Mir0nchik: posts the ante 18
1MERCIER1: posts small blind 60
andergoes: posts big blind 120
*** HOLE CARDS ***
Dealt to Gabrielfs13 [2h 6d]
Gabrielfs13: folds 
Mephetran: raises 120 to 240
C0mpetition: folds 
vbxTT: folds 
Lil_Vpip: folds 
Mir0nchik: folds 
1MERCIER1: folds 
andergoes: folds 
Uncalled bet (120) returned to Mephetran
Mephetran collected 444 from pot
Mephetran: doesn't show hand 
*** SUMMARY ***
Total pot 444 | Rake 0 
Seat 1: 1MERCIER1 (small blind) folded before Flop
Seat 2: andergoes (big blind) folded before Flop
Seat 3: Gabrielfs13 folded before Flop (didn't bet)
Seat 4: Mephetran collected (444)
Seat 5: C0mpetition folded before Flop (didn't bet)
Seat 6: vbxTT folded before Flop (didn't bet)
Seat 7: Lil_Vpip folded before Flop (didn't bet)
Seat 8: Mir0nchik (button) folded before Flop (didn't bet)



PokerStars Hand #256982597242: Tournament #3909706280, $4.80+$5.00+$1.20 USD Hold'em No Limit - Level VII (60/120) - 2025/07/17 13:32:27 BRT [2025/07/17 12:32:27 ET]
Table '3909706280 2' 8-max Seat #1 is the button
Seat 1: 1MERCIER1 (1955 in chips, $5 bounty) 
Seat 2: andergoes (5547 in chips, $5 bounty) 
Seat 3: Gabrielfs13 (8468 in chips, $5 bounty) 
Seat 4: Mephetran (3366 in chips, $5 bounty) 
Seat 5: C0mpetition (15237 in chips, $7.50 bounty) 
Seat 6: vbxTT (10065 in chips, $5 bounty) 
Seat 7: Lil_Vpip (14519 in chips, $10 bounty) 
Seat 8: Mir0nchik (6072 in chips, $7.50 bounty) 
1MERCIER1: posts the ante 18
andergoes: posts the ante 18
Gabrielfs13: posts the ante 18
Mephetran: posts the ante 18
C0mpetition: posts the ante 18
vbxTT: posts the ante 18
Lil_Vpip: posts the ante 18
Mir0nchik: posts the ante 18
andergoes: posts small blind 60
Gabrielfs13: posts big blind 120
*** HOLE CARDS ***
Dealt to Gabrielfs13 [2s 6c]
Mephetran: folds 
C0mpetition: raises 120 to 240
vbxTT: folds 
Lil_Vpip: folds 
Mir0nchik: raises 480 to 720
1MERCIER1 has timed out
1MERCIER1: folds 
1MERCIER1 is sitting out
andergoes: folds 
1MERCIER1 has returned
Gabrielfs13: folds 
C0mpetition: calls 480
*** FLOP *** [Kd 6d Jh]
C0mpetition: checks 
Mir0nchik: bets 547
C0mpetition: folds 
Uncalled bet (547) returned to Mir0nchik
Mir0nchik collected 1764 from pot
*** SUMMARY ***
Total pot 1764 | Rake 0 
Board [Kd 6d Jh]
Seat 1: 1MERCIER1 (button) folded before Flop (didn't bet)
Seat 2: andergoes (small blind) folded before Flop
Seat 3: Gabrielfs13 (big blind) folded before Flop
Seat 4: Mephetran folded before Flop (didn't bet)
Seat 5: C0mpetition folded on the Flop
Seat 6: vbxTT folded before Flop (didn't bet)
Seat 7: Lil_Vpip folded before Flop (didn't bet)
Seat 8: Mir0nchik collected (1764)



PokerStars Hand #256982611377: Tournament #3909706280, $4.80+$5.00+$1.20 USD Hold'em No Limit - Level VIII (70/140) - 2025/07/17 13:33:43 BRT [2025/07/17 12:33:43 ET]
Table '3909706280 2' 8-max Seat #2 is the button
Seat 1: 1MERCIER1 (1937 in chips, $5 bounty) 
Seat 2: andergoes (5469 in chips, $5 bounty) 
Seat 3: Gabrielfs13 (8330 in chips, $5 bounty) 
Seat 4: Mephetran (3348 in chips, $5 bounty) 
Seat 5: C0mpetition (14499 in chips, $7.50 bounty) 
Seat 6: vbxTT (10047 in chips, $5 bounty) 
Seat 7: Lil_Vpip (14501 in chips, $10 bounty) 
Seat 8: Mir0nchik (7098 in chips, $7.50 bounty) 
1MERCIER1: posts the ante 21
andergoes: posts the ante 21
Gabrielfs13: posts the ante 21
Mephetran: posts the ante 21
C0mpetition: posts the ante 21
vbxTT: posts the ante 21
Lil_Vpip: posts the ante 21
Mir0nchik: posts the ante 21
Gabrielfs13: posts small blind 70
Mephetran: posts big blind 140
*** HOLE CARDS ***
Dealt to Gabrielfs13 [Th Ad]
C0mpetition: raises 140 to 280
vbxTT: folds 
Lil_Vpip: folds 
Mir0nchik: folds 
1MERCIER1: folds 
andergoes: folds 
Gabrielfs13: raises 700 to 980
Mephetran: folds 
C0mpetition: folds 
Uncalled bet (700) returned to Gabrielfs13
Gabrielfs13 collected 868 from pot
Gabrielfs13: doesn't show hand 
*** SUMMARY ***
Total pot 868 | Rake 0 
Seat 1: 1MERCIER1 folded before Flop (didn't bet)
Seat 2: andergoes (button) folded before Flop (didn't bet)
Seat 3: Gabrielfs13 (small blind) collected (868)
Seat 4: Mephetran (big blind) folded before Flop
Seat 5: C0mpetition folded before Flop
Seat 6: vbxTT folded before Flop (didn't bet)
Seat 7: Lil_Vpip folded before Flop (didn't bet)
Seat 8: Mir0nchik folded before Flop (didn't bet)



PokerStars Hand #256982622320: Tournament #3909706280, $4.80+$5.00+$1.20 USD Hold'em No Limit - Level VIII (70/140) - 2025/07/17 13:34:42 BRT [2025/07/17 12:34:42 ET]
Table '3909706280 2' 8-max Seat #3 is the button
Seat 1: 1MERCIER1 (1916 in chips, $5 bounty) 
Seat 2: andergoes (5448 in chips, $5 bounty) 
Seat 3: Gabrielfs13 (8897 in chips, $5 bounty) 
Seat 4: Mephetran (3187 in chips, $5 bounty) 
Seat 5: C0mpetition (14198 in chips, $7.50 bounty) 
Seat 6: vbxTT (10026 in chips, $5 bounty) 
Seat 7: Lil_Vpip (14480 in chips, $10 bounty) 
Seat 8: Mir0nchik (7077 in chips, $7.50 bounty) 
1MERCIER1: posts the ante 21
andergoes: posts the ante 21
Gabrielfs13: posts the ante 21
Mephetran: posts the ante 21
C0mpetition: posts the ante 21
vbxTT: posts the ante 21
Lil_Vpip: posts the ante 21
Mir0nchik: posts the ante 21
Mephetran: posts small blind 70
C0mpetition: posts big blind 140
*** HOLE CARDS ***
Dealt to Gabrielfs13 [Kc 6h]
vbxTT: folds 
Lil_Vpip: folds 
Mir0nchik: folds 
1MERCIER1: raises 1755 to 1895 and is all-in
andergoes: folds 
Gabrielfs13: folds 
Mephetran: folds 
C0mpetition: calls 1755
*** FLOP *** [Js 5d 8h]
*** TURN *** [Js 5d 8h] [2c]
*** RIVER *** [Js 5d 8h 2c] [7h]
*** SHOW DOWN ***
C0mpetition: shows [Qc 4c] (high card Queen)
1MERCIER1: shows [Th Ac] (high card Ace)
1MERCIER1 collected 4028 from pot
*** SUMMARY ***
Total pot 4028 | Rake 0 
Board [Js 5d 8h 2c 7h]
Seat 1: 1MERCIER1 showed [Th Ac] and won (4028) with high card Ace
Seat 2: andergoes folded before Flop (didn't bet)
Seat 3: Gabrielfs13 (button) folded before Flop (didn't bet)
Seat 4: Mephetran (small blind) folded before Flop
Seat 5: C0mpetition (big blind) showed [Qc 4c] and lost with high card Queen
Seat 6: vbxTT folded before Flop (didn't bet)
Seat 7: Lil_Vpip folded before Flop (didn't bet)
Seat 8: Mir0nchik folded before Flop (didn't bet)



PokerStars Hand #256982629085: Tournament #3909706280, $4.80+$5.00+$1.20 USD Hold'em No Limit - Level VIII (70/140) - 2025/07/17 13:35:18 BRT [2025/07/17 12:35:18 ET]
Table '3909706280 2' 8-max Seat #4 is the button
Seat 1: 1MERCIER1 (4028 in chips, $5 bounty) 
Seat 2: andergoes (5427 in chips, $5 bounty) 
Seat 3: Gabrielfs13 (8876 in chips, $5 bounty) 
Seat 4: Mephetran (3096 in chips, $5 bounty) 
Seat 5: C0mpetition (12282 in chips, $7.50 bounty) 
Seat 6: vbxTT (10005 in chips, $5 bounty) 
Seat 7: Lil_Vpip (14459 in chips, $10 bounty) 
Seat 8: Mir0nchik (7056 in chips, $7.50 bounty) 
1MERCIER1: posts the ante 21
andergoes: posts the ante 21
Gabrielfs13: posts the ante 21
Mephetran: posts the ante 21
C0mpetition: posts the ante 21
vbxTT: posts the ante 21
Lil_Vpip: posts the ante 21
Mir0nchik: posts the ante 21
C0mpetition: posts small blind 70
vbxTT: posts big blind 140
*** HOLE CARDS ***
Dealt to Gabrielfs13 [6h Ac]
Lil_Vpip: folds 
Mir0nchik: raises 140 to 280
1MERCIER1: folds 
andergoes: raises 560 to 840
Gabrielfs13: folds 
Mephetran: folds 
C0mpetition: folds 
vbxTT: folds 
Mir0nchik: folds 
Uncalled bet (560) returned to andergoes
andergoes collected 938 from pot
andergoes: doesn't show hand 
*** SUMMARY ***
Total pot 938 | Rake 0 
Seat 1: 1MERCIER1 folded before Flop (didn't bet)
Seat 2: andergoes collected (938)
Seat 3: Gabrielfs13 folded before Flop (didn't bet)
Seat 4: Mephetran (button) folded before Flop (didn't bet)
Seat 5: C0mpetition (small blind) folded before Flop
Seat 6: vbxTT (big blind) folded before Flop
Seat 7: Lil_Vpip folded before Flop (didn't bet)
Seat 8: Mir0nchik folded before Flop



PokerStars Hand #256982638139: Tournament #3909706280, $4.80+$5.00+$1.20 USD Hold'em No Limit - Level VIII (70/140) - 2025/07/17 13:36:07 BRT [2025/07/17 12:36:07 ET]
Table '3909706280 2' 8-max Seat #5 is the button
Seat 1: 1MERCIER1 (4007 in chips, $5 bounty) 
Seat 2: andergoes (6064 in chips, $5 bounty) 
Seat 3: Gabrielfs13 (8855 in chips, $5 bounty) 
Seat 4: Mephetran (3075 in chips, $5 bounty) 
Seat 5: C0mpetition (12191 in chips, $7.50 bounty) 
Seat 6: vbxTT (9844 in chips, $5 bounty) 
Seat 7: Lil_Vpip (14438 in chips, $10 bounty) 
Seat 8: Mir0nchik (6755 in chips, $7.50 bounty) 
1MERCIER1: posts the ante 21
andergoes: posts the ante 21
Gabrielfs13: posts the ante 21
Mephetran: posts the ante 21
C0mpetition: posts the ante 21
vbxTT: posts the ante 21
Lil_Vpip: posts the ante 21
Mir0nchik: posts the ante 21
vbxTT: posts small blind 70
Lil_Vpip: posts big blind 140
*** HOLE CARDS ***
Dealt to Gabrielfs13 [6d 2s]
Mir0nchik: folds 
1MERCIER1: folds 
andergoes: folds 
Gabrielfs13: folds 
Mephetran: raises 140 to 280
C0mpetition: folds 
vbxTT: folds 
Lil_Vpip: calls 140
*** FLOP *** [Ks 5c 9c]
Lil_Vpip: checks 
Mephetran: bets 279
Lil_Vpip: folds 
Uncalled bet (279) returned to Mephetran
Mephetran collected 798 from pot
Mephetran: doesn't show hand 
*** SUMMARY ***
Total pot 798 | Rake 0 
Board [Ks 5c 9c]
Seat 1: 1MERCIER1 folded before Flop (didn't bet)
Seat 2: andergoes folded before Flop (didn't bet)
Seat 3: Gabrielfs13 folded before Flop (didn't bet)
Seat 4: Mephetran collected (798)
Seat 5: C0mpetition (button) folded before Flop (didn't bet)
Seat 6: vbxTT (small blind) folded before Flop
Seat 7: Lil_Vpip (big blind) folded on the Flop
Seat 8: Mir0nchik folded before Flop (didn't bet)



PokerStars Hand #256982646974: Tournament #3909706280, $4.80+$5.00+$1.20 USD Hold'em No Limit - Level VIII (70/140) - 2025/07/17 13:36:54 BRT [2025/07/17 12:36:54 ET]
Table '3909706280 2' 8-max Seat #6 is the button
Seat 1: 1MERCIER1 (3986 in chips, $5 bounty) 
Seat 2: andergoes (6043 in chips, $5 bounty) 
Seat 3: Gabrielfs13 (8834 in chips, $5 bounty) 
Seat 4: Mephetran (3572 in chips, $5 bounty) 
Seat 5: C0mpetition (12170 in chips, $7.50 bounty) 
Seat 6: vbxTT (9753 in chips, $5 bounty) 
Seat 7: Lil_Vpip (14137 in chips, $10 bounty) 
Seat 8: Mir0nchik (6734 in chips, $7.50 bounty) 
1MERCIER1: posts the ante 21
andergoes: posts the ante 21
Gabrielfs13: posts the ante 21
Mephetran: posts the ante 21
C0mpetition: posts the ante 21
vbxTT: posts the ante 21
Lil_Vpip: posts the ante 21
Mir0nchik: posts the ante 21
Lil_Vpip: posts small blind 70
Mir0nchik: posts big blind 140
*** HOLE CARDS ***
Dealt to Gabrielfs13 [Th Ac]
1MERCIER1: folds 
andergoes: folds 
Gabrielfs13: raises 140 to 280
Mephetran: folds 
C0mpetition: raises 630 to 910
vbxTT: folds 
Lil_Vpip: folds 
Mir0nchik: folds 
Gabrielfs13: folds 
Uncalled bet (630) returned to C0mpetition
C0mpetition collected 938 from pot
C0mpetition: doesn't show hand 
*** SUMMARY ***
Total pot 938 | Rake 0 
Seat 1: 1MERCIER1 folded before Flop (didn't bet)
Seat 2: andergoes folded before Flop (didn't bet)
Seat 3: Gabrielfs13 folded before Flop
Seat 4: Mephetran folded before Flop (didn't bet)
Seat 5: C0mpetition collected (938)
Seat 6: vbxTT (button) folded before Flop (didn't bet)
Seat 7: Lil_Vpip (small blind) folded before Flop
Seat 8: Mir0nchik (big blind) folded before Flop



PokerStars Hand #256982653008: Tournament #3909706280, $4.80+$5.00+$1.20 USD Hold'em No Limit - Level VIII (70/140) - 2025/07/17 13:37:26 BRT [2025/07/17 12:37:26 ET]
Table '3909706280 2' 8-max Seat #7 is the button
Seat 1: 1MERCIER1 (3965 in chips, $5 bounty) 
Seat 2: andergoes (6022 in chips, $5 bounty) 
Seat 3: Gabrielfs13 (8533 in chips, $5 bounty) 
Seat 4: Mephetran (3551 in chips, $5 bounty) 
Seat 5: C0mpetition (12807 in chips, $7.50 bounty) 
Seat 6: vbxTT (9732 in chips, $5 bounty) 
Seat 7: Lil_Vpip (14046 in chips, $10 bounty) 
Seat 8: Mir0nchik (6573 in chips, $7.50 bounty) 
1MERCIER1: posts the ante 21
andergoes: posts the ante 21
Gabrielfs13: posts the ante 21
Mephetran: posts the ante 21
C0mpetition: posts the ante 21
vbxTT: posts the ante 21
Lil_Vpip: posts the ante 21
Mir0nchik: posts the ante 21
Mir0nchik: posts small blind 70
1MERCIER1: posts big blind 140
*** HOLE CARDS ***
Dealt to Gabrielfs13 [Ah 8d]
andergoes: folds 
Gabrielfs13: folds 
Mephetran: folds 
C0mpetition: folds 
vbxTT: raises 140 to 280
Lil_Vpip: folds 
Mir0nchik: folds 
1MERCIER1: calls 140
*** FLOP *** [Jh 7h Js]
1MERCIER1: checks 
vbxTT: bets 280
1MERCIER1: raises 560 to 840
vbxTT: raises 8591 to 9431 and is all-in
1MERCIER1: calls 2824 and is all-in
Uncalled bet (5767) returned to vbxTT
*** TURN *** [Jh 7h Js] [8s]
*** RIVER *** [Jh 7h Js 8s] [9c]
*** SHOW DOWN ***
1MERCIER1: shows [7c Td] (a straight, Seven to Jack)
vbxTT: shows [Th 9h] (a straight, Seven to Jack)
1MERCIER1 collected 4063 from pot
vbxTT collected 4063 from pot
*** SUMMARY ***
Total pot 8126 | Rake 0 
Board [Jh 7h Js 8s 9c]
Seat 1: 1MERCIER1 (big blind) showed [7c Td] and won (4063) with a straight, Seven to Jack
Seat 2: andergoes folded before Flop (didn't bet)
Seat 3: Gabrielfs13 folded before Flop (didn't bet)
Seat 4: Mephetran folded before Flop (didn't bet)
Seat 5: C0mpetition folded before Flop (didn't bet)
Seat 6: vbxTT showed [Th 9h] and won (4063) with a straight, Seven to Jack
Seat 7: Lil_Vpip (button) folded before Flop (didn't bet)
Seat 8: Mir0nchik (small blind) folded before Flop



PokerStars Hand #256982663977: Tournament #3909706280, $4.80+$5.00+$1.20 USD Hold'em No Limit - Level VIII (70/140) - 2025/07/17 13:38:24 BRT [2025/07/17 12:38:24 ET]
Table '3909706280 2' 8-max Seat #8 is the button
Seat 1: 1MERCIER1 (4063 in chips, $5 bounty) 
Seat 2: andergoes (6001 in chips, $5 bounty) 
Seat 3: Gabrielfs13 (8512 in chips, $5 bounty) 
Seat 4: Mephetran (3530 in chips, $5 bounty) 
Seat 5: C0mpetition (12786 in chips, $7.50 bounty) 
Seat 6: vbxTT (9830 in chips, $5 bounty) 
Seat 7: Lil_Vpip (14025 in chips, $10 bounty) 
Seat 8: Mir0nchik (6482 in chips, $7.50 bounty) 
1MERCIER1: posts the ante 21
andergoes: posts the ante 21
Gabrielfs13: posts the ante 21
Mephetran: posts the ante 21
C0mpetition: posts the ante 21
vbxTT: posts the ante 21
Lil_Vpip: posts the ante 21
Mir0nchik: posts the ante 21
1MERCIER1: posts small blind 70
andergoes: posts big blind 140
*** HOLE CARDS ***
Dealt to Gabrielfs13 [Qs 9d]
Gabrielfs13: folds 
Mephetran: folds 
C0mpetition: folds 
vbxTT: folds 
Lil_Vpip: folds 
Mir0nchik: raises 140 to 280
1MERCIER1: raises 840 to 1120
andergoes: folds 
Mir0nchik: folds 
Uncalled bet (840) returned to 1MERCIER1
1MERCIER1 collected 868 from pot
1MERCIER1: doesn't show hand 
*** SUMMARY ***
Total pot 868 | Rake 0 
Seat 1: 1MERCIER1 (small blind) collected (868)
Seat 2: andergoes (big blind) folded before Flop
Seat 3: Gabrielfs13 folded before Flop (didn't bet)
Seat 4: Mephetran folded before Flop (didn't bet)
Seat 5: C0mpetition folded before Flop (didn't bet)
Seat 6: vbxTT folded before Flop (didn't bet)
Seat 7: Lil_Vpip folded before Flop (didn't bet)
Seat 8: Mir0nchik (button) folded before Flop



PokerStars Hand #256982671397: Tournament #3909706280, $4.80+$5.00+$1.20 USD Hold'em No Limit - Level VIII (70/140) - 2025/07/17 13:39:03 BRT [2025/07/17 12:39:03 ET]
Table '3909706280 2' 8-max Seat #1 is the button
Seat 1: 1MERCIER1 (4630 in chips, $5 bounty) 
Seat 2: andergoes (5840 in chips, $5 bounty) 
Seat 3: Gabrielfs13 (8491 in chips, $5 bounty) 
Seat 4: Mephetran (3509 in chips, $5 bounty) 
Seat 5: C0mpetition (12765 in chips, $7.50 bounty) 
Seat 6: vbxTT (9809 in chips, $5 bounty) 
Seat 7: Lil_Vpip (14004 in chips, $10 bounty) 
Seat 8: Mir0nchik (6181 in chips, $7.50 bounty) 
1MERCIER1: posts the ante 21
andergoes: posts the ante 21
Gabrielfs13: posts the ante 21
Mephetran: posts the ante 21
C0mpetition: posts the ante 21
vbxTT: posts the ante 21
Lil_Vpip: posts the ante 21
Mir0nchik: posts the ante 21
andergoes: posts small blind 70
Gabrielfs13: posts big blind 140
*** HOLE CARDS ***
Dealt to Gabrielfs13 [Jd 6d]
Mephetran: folds 
C0mpetition: folds 
vbxTT: folds 
Lil_Vpip: folds 
Mir0nchik: folds 
1MERCIER1: raises 140 to 280
andergoes: folds 
Gabrielfs13: calls 140
*** FLOP *** [Jh Th 9d]
Gabrielfs13: checks 
1MERCIER1: checks 
*** TURN *** [Jh Th 9d] [4s]
Gabrielfs13: bets 399
1MERCIER1: calls 399
*** RIVER *** [Jh Th 9d 4s] [6s]
Gabrielfs13: bets 1400
1MERCIER1: calls 1400
*** SHOW DOWN ***
Gabrielfs13: shows [Jd 6d] (two pair, Jacks and Sixes)
1MERCIER1: mucks hand 
Gabrielfs13 collected 4396 from pot
*** SUMMARY ***
Total pot 4396 | Rake 0 
Board [Jh Th 9d 4s 6s]
Seat 1: 1MERCIER1 (button) mucked [Qc 9h]
Seat 2: andergoes (small blind) folded before Flop
Seat 3: Gabrielfs13 (big blind) showed [Jd 6d] and won (4396) with two pair, Jacks and Sixes
Seat 4: Mephetran folded before Flop (didn't bet)
Seat 5: C0mpetition folded before Flop (didn't bet)
Seat 6: vbxTT folded before Flop (didn't bet)
Seat 7: Lil_Vpip folded before Flop (didn't bet)
Seat 8: Mir0nchik folded before Flop (didn't bet)



PokerStars Hand #256982681538: Tournament #3909706280, $4.80+$5.00+$1.20 USD Hold'em No Limit - Level VIII (70/140) - 2025/07/17 13:39:57 BRT [2025/07/17 12:39:57 ET]
Table '3909706280 2' 8-max Seat #2 is the button
Seat 1: 1MERCIER1 (2530 in chips, $5 bounty) 
Seat 2: andergoes (5749 in chips, $5 bounty) 
Seat 3: Gabrielfs13 (10787 in chips, $5 bounty) 
Seat 4: Mephetran (3488 in chips, $5 bounty) 
Seat 5: C0mpetition (12744 in chips, $7.50 bounty) 
Seat 7: Lil_Vpip (13983 in chips, $10 bounty) 
Seat 8: Mir0nchik (6160 in chips, $7.50 bounty) 
1MERCIER1: posts the ante 21
andergoes: posts the ante 21
Gabrielfs13: posts the ante 21
Mephetran: posts the ante 21
C0mpetition: posts the ante 21
Lil_Vpip: posts the ante 21
Mir0nchik: posts the ante 21
Gabrielfs13: posts small blind 70
Mephetran: posts big blind 140
*** HOLE CARDS ***
Dealt to Gabrielfs13 [Ts 6s]
C0mpetition: folds 
Lil_Vpip: folds 
Mir0nchik: folds 
1MERCIER1: folds 
andergoes: raises 140 to 280
Gabrielfs13: calls 210
pdaddy100 is disconnected 
Mephetran: calls 140
*** FLOP *** [3d Ah Jc]
Gabrielfs13: checks 
Mephetran: checks 
andergoes: bets 326
Gabrielfs13: folds 
Mephetran: folds 
Uncalled bet (326) returned to andergoes
andergoes collected 987 from pot
andergoes: doesn't show hand 
*** SUMMARY ***
Total pot 987 | Rake 0 
Board [3d Ah Jc]
Seat 1: 1MERCIER1 folded before Flop (didn't bet)
Seat 2: andergoes (button) collected (987)
Seat 3: Gabrielfs13 (small blind) folded on the Flop
Seat 4: Mephetran (big blind) folded on the Flop
Seat 5: C0mpetition folded before Flop (didn't bet)
Seat 7: Lil_Vpip folded before Flop (didn't bet)
Seat 8: Mir0nchik folded before Flop (didn't bet)



PokerStars Hand #256982689185: Tournament #3909706280, $4.80+$5.00+$1.20 USD Hold'em No Limit - Level VIII (70/140) - 2025/07/17 13:40:38 BRT [2025/07/17 12:40:38 ET]
Table '3909706280 2' 8-max Seat #3 is the button
Seat 1: 1MERCIER1 (2509 in chips, $5 bounty) 
Seat 2: andergoes (6435 in chips, $5 bounty) 
Seat 3: Gabrielfs13 (10486 in chips, $5 bounty) 
Seat 4: Mephetran (3187 in chips, $5 bounty) 
Seat 5: C0mpetition (12723 in chips, $7.50 bounty) 
Seat 6: pdaddy100 (6631 in chips, $5 bounty) 
Seat 7: Lil_Vpip (13962 in chips, $10 bounty) 
Seat 8: Mir0nchik (6139 in chips, $7.50 bounty) 
1MERCIER1: posts the ante 21
andergoes: posts the ante 21
Gabrielfs13: posts the ante 21
Mephetran: posts the ante 21
C0mpetition: posts the ante 21
pdaddy100: posts the ante 21
Lil_Vpip: posts the ante 21
Mir0nchik: posts the ante 21
Mephetran: posts small blind 70
C0mpetition: posts big blind 140
*** HOLE CARDS ***
Dealt to Gabrielfs13 [2s Td]
pdaddy100: folds 
Lil_Vpip: raises 140 to 280
Mir0nchik: folds 
1MERCIER1: folds 
andergoes: folds 
Gabrielfs13: folds 
Mephetran: folds 
C0mpetition: folds 
Uncalled bet (140) returned to Lil_Vpip
Lil_Vpip collected 518 from pot
Lil_Vpip: doesn't show hand 
*** SUMMARY ***
Total pot 518 | Rake 0 
Seat 1: 1MERCIER1 folded before Flop (didn't bet)
Seat 2: andergoes folded before Flop (didn't bet)
Seat 3: Gabrielfs13 (button) folded before Flop (didn't bet)
Seat 4: Mephetran (small blind) folded before Flop
Seat 5: C0mpetition (big blind) folded before Flop
Seat 6: pdaddy100 folded before Flop (didn't bet)
Seat 7: Lil_Vpip collected (518)
Seat 8: Mir0nchik folded before Flop (didn't bet)



PokerStars Hand #256982695011: Tournament #3909706280, $4.80+$5.00+$1.20 USD Hold'em No Limit - Level VIII (70/140) - 2025/07/17 13:41:09 BRT [2025/07/17 12:41:09 ET]
Table '3909706280 2' 8-max Seat #4 is the button
Seat 1: 1MERCIER1 (2488 in chips, $5 bounty) 
Seat 2: andergoes (6414 in chips, $5 bounty) 
Seat 3: Gabrielfs13 (10465 in chips, $5 bounty) 
Seat 4: Mephetran (3096 in chips, $5 bounty) 
Seat 5: C0mpetition (12562 in chips, $7.50 bounty) 
Seat 6: pdaddy100 (6610 in chips, $5 bounty) 
Seat 7: Lil_Vpip (14319 in chips, $10 bounty) 
Seat 8: Mir0nchik (6118 in chips, $7.50 bounty) 
1MERCIER1: posts the ante 21
andergoes: posts the ante 21
Gabrielfs13: posts the ante 21
Mephetran: posts the ante 21
C0mpetition: posts the ante 21
pdaddy100: posts the ante 21
Lil_Vpip: posts the ante 21
Mir0nchik: posts the ante 21
C0mpetition: posts small blind 70
pdaddy100: posts big blind 140
*** HOLE CARDS ***
Dealt to Gabrielfs13 [8c Jh]
Lil_Vpip: folds 
Mir0nchik: raises 140 to 280
1MERCIER1: folds 
andergoes: folds 
Gabrielfs13: folds 
Mephetran: folds 
C0mpetition: raises 910 to 1190
pdaddy100: folds 
Mir0nchik: folds 
Uncalled bet (910) returned to C0mpetition
C0mpetition collected 868 from pot
C0mpetition: doesn't show hand 
*** SUMMARY ***
Total pot 868 | Rake 0 
Seat 1: 1MERCIER1 folded before Flop (didn't bet)
Seat 2: andergoes folded before Flop (didn't bet)
Seat 3: Gabrielfs13 folded before Flop (didn't bet)
Seat 4: Mephetran (button) folded before Flop (didn't bet)
Seat 5: C0mpetition (small blind) collected (868)
Seat 6: pdaddy100 (big blind) folded before Flop
Seat 7: Lil_Vpip folded before Flop (didn't bet)
Seat 8: Mir0nchik folded before Flop



PokerStars Hand #256982702238: Tournament #3909706280, $4.80+$5.00+$1.20 USD Hold'em No Limit - Level IX (80/160) - 2025/07/17 13:41:47 BRT [2025/07/17 12:41:47 ET]
Table '3909706280 2' 8-max Seat #5 is the button
Seat 1: 1MERCIER1 (2467 in chips, $5 bounty) 
Seat 2: andergoes (6393 in chips, $5 bounty) 
Seat 3: Gabrielfs13 (10444 in chips, $5 bounty) 
Seat 4: Mephetran (3075 in chips, $5 bounty) 
Seat 5: C0mpetition (13129 in chips, $7.50 bounty) 
Seat 6: pdaddy100 (6449 in chips, $5 bounty) 
Seat 7: Lil_Vpip (14298 in chips, $10 bounty) 
Seat 8: Mir0nchik (5817 in chips, $7.50 bounty) 
1MERCIER1: posts the ante 24
andergoes: posts the ante 24
Gabrielfs13: posts the ante 24
Mephetran: posts the ante 24
C0mpetition: posts the ante 24
pdaddy100: posts the ante 24
Lil_Vpip: posts the ante 24
Mir0nchik: posts the ante 24
pdaddy100: posts small blind 80
Lil_Vpip: posts big blind 160
*** HOLE CARDS ***
Dealt to Gabrielfs13 [6d 3d]
Mir0nchik: folds 
1MERCIER1: folds 
andergoes: folds 
Gabrielfs13: folds 
Mephetran: folds 
C0mpetition: raises 160 to 320
pdaddy100: calls 240
Lil_Vpip: folds 
*** FLOP *** [4s 3h 6c]
pdaddy100: checks 
C0mpetition: bets 298
pdaddy100: calls 298
*** TURN *** [4s 3h 6c] [Tc]
pdaddy100: checks 
C0mpetition: bets 1280
pdaddy100: calls 1280
*** RIVER *** [4s 3h 6c Tc] [8s]
pdaddy100: checks 
C0mpetition: bets 1600
pdaddy100: calls 1600
*** SHOW DOWN ***
C0mpetition: shows [Td 7d] (a pair of Tens)
pdaddy100: shows [Js Th] (a pair of Tens - Jack kicker)
pdaddy100 collected 7348 from pot
*** SUMMARY ***
Total pot 7348 | Rake 0 
Board [4s 3h 6c Tc 8s]
Seat 1: 1MERCIER1 folded before Flop (didn't bet)
Seat 2: andergoes folded before Flop (didn't bet)
Seat 3: Gabrielfs13 folded before Flop (didn't bet)
Seat 4: Mephetran folded before Flop (didn't bet)
Seat 5: C0mpetition (button) showed [Td 7d] and lost with a pair of Tens
Seat 6: pdaddy100 (small blind) showed [Js Th] and won (7348) with a pair of Tens
Seat 7: Lil_Vpip (big blind) folded before Flop
Seat 8: Mir0nchik folded before Flop (didn't bet)



PokerStars Hand #256982713588: Tournament #3909706280, $4.80+$5.00+$1.20 USD Hold'em No Limit - Level IX (80/160) - 2025/07/17 13:42:47 BRT [2025/07/17 12:42:47 ET]
Table '3909706280 2' 8-max Seat #6 is the button
Seat 1: 1MERCIER1 (2443 in chips, $5 bounty) 
Seat 2: andergoes (6369 in chips, $5 bounty) 
Seat 3: Gabrielfs13 (10420 in chips, $5 bounty) 
Seat 4: Mephetran (3051 in chips, $5 bounty) 
Seat 5: C0mpetition (9607 in chips, $7.50 bounty) 
Seat 6: pdaddy100 (10275 in chips, $5 bounty) 
Seat 7: Lil_Vpip (14114 in chips, $10 bounty) 
Seat 8: Mir0nchik (5793 in chips, $7.50 bounty) 
1MERCIER1: posts the ante 24
andergoes: posts the ante 24
Gabrielfs13: posts the ante 24
Mephetran: posts the ante 24
C0mpetition: posts the ante 24
pdaddy100: posts the ante 24
Lil_Vpip: posts the ante 24
Mir0nchik: posts the ante 24
Lil_Vpip: posts small blind 80
Mir0nchik: posts big blind 160
*** HOLE CARDS ***
Dealt to Gabrielfs13 [Kc 4h]
1MERCIER1: folds 
andergoes: folds 
Gabrielfs13: folds 
Mephetran: folds 
C0mpetition: raises 160 to 320
pdaddy100: raises 1072 to 1392
Lil_Vpip: folds 
Mir0nchik: folds 
C0mpetition: folds 
Uncalled bet (1072) returned to pdaddy100
pdaddy100 collected 1072 from pot
pdaddy100: doesn't show hand 
*** SUMMARY ***
Total pot 1072 | Rake 0 
Seat 1: 1MERCIER1 folded before Flop (didn't bet)
Seat 2: andergoes folded before Flop (didn't bet)
Seat 3: Gabrielfs13 folded before Flop (didn't bet)
Seat 4: Mephetran folded before Flop (didn't bet)
Seat 5: C0mpetition folded before Flop
Seat 6: pdaddy100 (button) collected (1072)
Seat 7: Lil_Vpip (small blind) folded before Flop
Seat 8: Mir0nchik (big blind) folded before Flop



PokerStars Hand #256982720644: Tournament #3909706280, $4.80+$5.00+$1.20 USD Hold'em No Limit - Level IX (80/160) - 2025/07/17 13:43:24 BRT [2025/07/17 12:43:24 ET]
Table '3909706280 2' 8-max Seat #7 is the button
Seat 1: 1MERCIER1 (2419 in chips, $5 bounty) 
Seat 2: andergoes (6345 in chips, $5 bounty) 
Seat 3: Gabrielfs13 (10396 in chips, $5 bounty) 
Seat 4: Mephetran (3027 in chips, $5 bounty) 
Seat 5: C0mpetition (9263 in chips, $7.50 bounty) 
Seat 6: pdaddy100 (11003 in chips, $5 bounty) 
Seat 7: Lil_Vpip (14010 in chips, $10 bounty) 
Seat 8: Mir0nchik (5609 in chips, $7.50 bounty) 
1MERCIER1: posts the ante 24
andergoes: posts the ante 24
Gabrielfs13: posts the ante 24
Mephetran: posts the ante 24
C0mpetition: posts the ante 24
pdaddy100: posts the ante 24
Lil_Vpip: posts the ante 24
Mir0nchik: posts the ante 24
Mir0nchik: posts small blind 80
1MERCIER1: posts big blind 160
*** HOLE CARDS ***
Dealt to Gabrielfs13 [3h 6h]
andergoes: folds 
Gabrielfs13: folds 
Mephetran: folds 
C0mpetition: raises 160 to 320
pdaddy100: calls 320
Lil_Vpip: folds 
Mir0nchik: folds 
1MERCIER1: calls 160
*** FLOP *** [5h As Jd]
1MERCIER1: checks 
C0mpetition: bets 370
pdaddy100: calls 370
1MERCIER1: calls 370
*** TURN *** [5h As Jd] [Qd]
1MERCIER1: checks 
C0mpetition: bets 1757
pdaddy100: calls 1757
1MERCIER1: folds 
*** RIVER *** [5h As Jd Qd] [6c]
C0mpetition: bets 2000
pdaddy100: calls 2000
*** SHOW DOWN ***
C0mpetition: shows [Kc Tc] (a straight, Ten to Ace)
pdaddy100: mucks hand 
C0mpetition collected 9856 from pot
*** SUMMARY ***
Total pot 9856 | Rake 0 
Board [5h As Jd Qd 6c]
Seat 1: 1MERCIER1 (big blind) folded on the Turn
Seat 2: andergoes folded before Flop (didn't bet)
Seat 3: Gabrielfs13 folded before Flop (didn't bet)
Seat 4: Mephetran folded before Flop (didn't bet)
Seat 5: C0mpetition showed [Kc Tc] and won (9856) with a straight, Ten to Ace
Seat 6: pdaddy100 mucked [Js Qc]
Seat 7: Lil_Vpip (button) folded before Flop (didn't bet)
Seat 8: Mir0nchik (small blind) folded before Flop



PokerStars Hand #256982736149: Tournament #3909706280, $4.80+$5.00+$1.20 USD Hold'em No Limit - Level IX (80/160) - 2025/07/17 13:44:46 BRT [2025/07/17 12:44:46 ET]
Table '3909706280 2' 8-max Seat #8 is the button
Seat 1: 1MERCIER1 (1705 in chips, $5 bounty) 
Seat 2: andergoes (6321 in chips, $5 bounty) 
Seat 3: Gabrielfs13 (10372 in chips, $5 bounty) 
Seat 4: Mephetran (3003 in chips, $5 bounty) 
Seat 5: C0mpetition (14648 in chips, $7.50 bounty) 
Seat 6: pdaddy100 (6532 in chips, $5 bounty) 
Seat 7: Lil_Vpip (13986 in chips, $10 bounty) 
Seat 8: Mir0nchik (5505 in chips, $7.50 bounty) 
1MERCIER1: posts the ante 24
andergoes: posts the ante 24
Gabrielfs13: posts the ante 24
Mephetran: posts the ante 24
C0mpetition: posts the ante 24
pdaddy100: posts the ante 24
Lil_Vpip: posts the ante 24
Mir0nchik: posts the ante 24
1MERCIER1: posts small blind 80
andergoes: posts big blind 160
*** HOLE CARDS ***
Dealt to Gabrielfs13 [3s Jd]
Gabrielfs13: folds 
Mephetran: folds 
C0mpetition: folds 
pdaddy100: folds 
Lil_Vpip: folds 
Mir0nchik: folds 
1MERCIER1: calls 80
andergoes: raises 320 to 480
1MERCIER1: calls 320
*** FLOP *** [3h 4h Qd]
1MERCIER1: checks 
andergoes: bets 300
1MERCIER1: raises 901 to 1201 and is all-in
andergoes: folds 
Uncalled bet (901) returned to 1MERCIER1
1MERCIER1 collected 1752 from pot
1MERCIER1: doesn't show hand 
*** SUMMARY ***
Total pot 1752 | Rake 0 
Board [3h 4h Qd]
Seat 1: 1MERCIER1 (small blind) collected (1752)
Seat 2: andergoes (big blind) folded on the Flop
Seat 3: Gabrielfs13 folded before Flop (didn't bet)
Seat 4: Mephetran folded before Flop (didn't bet)
Seat 5: C0mpetition folded before Flop (didn't bet)
Seat 6: pdaddy100 folded before Flop (didn't bet)
Seat 7: Lil_Vpip folded before Flop (didn't bet)
Seat 8: Mir0nchik (button) folded before Flop (didn't bet)



PokerStars Hand #256982746979: Tournament #3909706280, $4.80+$5.00+$1.20 USD Hold'em No Limit - Level IX (80/160) - 2025/07/17 13:45:42 BRT [2025/07/17 12:45:42 ET]
Table '3909706280 2' 8-max Seat #1 is the button
Seat 1: 1MERCIER1 (2653 in chips, $5 bounty) 
Seat 2: andergoes (5517 in chips, $5 bounty) 
Seat 3: Gabrielfs13 (10348 in chips, $5 bounty) 
Seat 4: Mephetran (2979 in chips, $5 bounty) 
Seat 5: C0mpetition (14624 in chips, $7.50 bounty) 
Seat 6: pdaddy100 (6508 in chips, $5 bounty) 
Seat 7: Lil_Vpip (13962 in chips, $10 bounty) 
Seat 8: Mir0nchik (5481 in chips, $7.50 bounty) 
1MERCIER1: posts the ante 24
andergoes: posts the ante 24
Gabrielfs13: posts the ante 24
Mephetran: posts the ante 24
C0mpetition: posts the ante 24
pdaddy100: posts the ante 24
Lil_Vpip: posts the ante 24
Mir0nchik: posts the ante 24
andergoes: posts small blind 80
Gabrielfs13: posts big blind 160
*** HOLE CARDS ***
Dealt to Gabrielfs13 [Ts Jd]
Mephetran: folds 
C0mpetition: folds 
pdaddy100: folds 
Lil_Vpip: raises 160 to 320
Mir0nchik: folds 
1MERCIER1: folds 
andergoes: folds 
Gabrielfs13: calls 160
*** FLOP *** [2d Tc Kh]
Gabrielfs13: checks 
Lil_Vpip: bets 301
Gabrielfs13: calls 301
*** TURN *** [2d Tc Kh] [Ac]
Gabrielfs13: checks 
Lil_Vpip: bets 1136
Gabrielfs13: folds 
Uncalled bet (1136) returned to Lil_Vpip
Lil_Vpip collected 1514 from pot
Lil_Vpip: doesn't show hand 
*** SUMMARY ***
Total pot 1514 | Rake 0 
Board [2d Tc Kh Ac]
Seat 1: 1MERCIER1 (button) folded before Flop (didn't bet)
Seat 2: andergoes (small blind) folded before Flop
Seat 3: Gabrielfs13 (big blind) folded on the Turn
Seat 4: Mephetran folded before Flop (didn't bet)
Seat 5: C0mpetition folded before Flop (didn't bet)
Seat 6: pdaddy100 folded before Flop (didn't bet)
Seat 7: Lil_Vpip collected (1514)
Seat 8: Mir0nchik folded before Flop (didn't bet)



PokerStars Hand #256982758594: Tournament #3909706280, $4.80+$5.00+$1.20 USD Hold'em No Limit - Level IX (80/160) - 2025/07/17 13:46:43 BRT [2025/07/17 12:46:43 ET]
Table '3909706280 2' 8-max Seat #2 is the button
Seat 1: 1MERCIER1 (2629 in chips, $5 bounty) 
Seat 2: andergoes (5413 in chips, $5 bounty) 
Seat 3: Gabrielfs13 (9703 in chips, $5 bounty) 
Seat 4: Mephetran (2955 in chips, $5 bounty) 
Seat 5: C0mpetition (14600 in chips, $7.50 bounty) 
Seat 6: pdaddy100 (6484 in chips, $5 bounty) 
Seat 7: Lil_Vpip (14831 in chips, $10 bounty) 
Seat 8: Mir0nchik (5457 in chips, $7.50 bounty) 
1MERCIER1: posts the ante 24
andergoes: posts the ante 24
Gabrielfs13: posts the ante 24
Mephetran: posts the ante 24
C0mpetition: posts the ante 24
pdaddy100: posts the ante 24
Lil_Vpip: posts the ante 24
Mir0nchik: posts the ante 24
Gabrielfs13: posts small blind 80
Mephetran: posts big blind 160
*** HOLE CARDS ***
Dealt to Gabrielfs13 [8h Qs]
C0mpetition: raises 160 to 320
pdaddy100: folds 
Lil_Vpip: folds 
Mir0nchik: calls 320
1MERCIER1: folds 
andergoes: raises 1040 to 1360
Gabrielfs13: folds 
Mephetran: folds 
C0mpetition: folds 
Mir0nchik: folds 
Uncalled bet (1040) returned to andergoes
andergoes collected 1392 from pot
andergoes: doesn't show hand 
*** SUMMARY ***
Total pot 1392 | Rake 0 
Seat 1: 1MERCIER1 folded before Flop (didn't bet)
Seat 2: andergoes (button) collected (1392)
Seat 3: Gabrielfs13 (small blind) folded before Flop
Seat 4: Mephetran (big blind) folded before Flop
Seat 5: C0mpetition folded before Flop
Seat 6: pdaddy100 folded before Flop (didn't bet)
Seat 7: Lil_Vpip folded before Flop (didn't bet)
Seat 8: Mir0nchik folded before Flop



PokerStars Hand #256982765244: Tournament #3909706280, $4.80+$5.00+$1.20 USD Hold'em No Limit - Level IX (80/160) - 2025/07/17 13:47:18 BRT [2025/07/17 12:47:18 ET]
Table '3909706280 2' 8-max Seat #3 is the button
Seat 1: 1MERCIER1 (2605 in chips, $5 bounty) 
Seat 2: andergoes (6461 in chips, $5 bounty) 
Seat 3: Gabrielfs13 (9599 in chips, $5 bounty) 
Seat 4: Mephetran (2771 in chips, $5 bounty) 
Seat 5: C0mpetition (14256 in chips, $7.50 bounty) 
Seat 6: pdaddy100 (6460 in chips, $5 bounty) 
Seat 7: Lil_Vpip (14807 in chips, $10 bounty) 
Seat 8: Mir0nchik (5113 in chips, $7.50 bounty) 
1MERCIER1: posts the ante 24
andergoes: posts the ante 24
Gabrielfs13: posts the ante 24
Mephetran: posts the ante 24
C0mpetition: posts the ante 24
pdaddy100: posts the ante 24
Lil_Vpip: posts the ante 24
Mir0nchik: posts the ante 24
Mephetran: posts small blind 80
C0mpetition: posts big blind 160
*** HOLE CARDS ***
Dealt to Gabrielfs13 [2d 8c]
pdaddy100: folds 
Lil_Vpip: folds 
Mir0nchik: folds 
1MERCIER1: folds 
andergoes: raises 160 to 320
Gabrielfs13: folds 
Mephetran: folds 
C0mpetition: folds 
Uncalled bet (160) returned to andergoes
andergoes collected 592 from pot
andergoes: doesn't show hand 
*** SUMMARY ***
Total pot 592 | Rake 0 
Seat 1: 1MERCIER1 folded before Flop (didn't bet)
Seat 2: andergoes collected (592)
Seat 3: Gabrielfs13 (button) folded before Flop (didn't bet)
Seat 4: Mephetran (small blind) folded before Flop
Seat 5: C0mpetition (big blind) folded before Flop
Seat 6: pdaddy100 folded before Flop (didn't bet)
Seat 7: Lil_Vpip folded before Flop (didn't bet)
Seat 8: Mir0nchik folded before Flop (didn't bet)



PokerStars Hand #256982771363: Tournament #3909706280, $4.80+$5.00+$1.20 USD Hold'em No Limit - Level IX (80/160) - 2025/07/17 13:47:49 BRT [2025/07/17 12:47:49 ET]
Table '3909706280 2' 8-max Seat #4 is the button
Seat 1: 1MERCIER1 (2581 in chips, $5 bounty) 
Seat 2: andergoes (6869 in chips, $5 bounty) 
Seat 3: Gabrielfs13 (9575 in chips, $5 bounty) 
Seat 4: Mephetran (2667 in chips, $5 bounty) 
Seat 5: C0mpetition (14072 in chips, $7.50 bounty) 
Seat 6: pdaddy100 (6436 in chips, $5 bounty) 
Seat 7: Lil_Vpip (14783 in chips, $10 bounty) 
Seat 8: Mir0nchik (5089 in chips, $7.50 bounty) 
1MERCIER1: posts the ante 24
andergoes: posts the ante 24
Gabrielfs13: posts the ante 24
Mephetran: posts the ante 24
C0mpetition: posts the ante 24
pdaddy100: posts the ante 24
Lil_Vpip: posts the ante 24
Mir0nchik: posts the ante 24
C0mpetition: posts small blind 80
pdaddy100: posts big blind 160
*** HOLE CARDS ***
Dealt to Gabrielfs13 [Qh 9h]
Lil_Vpip: folds 
Mir0nchik: folds 
1MERCIER1: folds 
andergoes: raises 160 to 320
Gabrielfs13: calls 320
Mephetran: folds 
C0mpetition: folds 
pdaddy100: folds 
*** FLOP *** [5s Qs Td]
andergoes: checks 
Gabrielfs13: bets 536
andergoes: folds 
Uncalled bet (536) returned to Gabrielfs13
Gabrielfs13 collected 1072 from pot
Gabrielfs13: doesn't show hand 
*** SUMMARY ***
Total pot 1072 | Rake 0 
Board [5s Qs Td]
Seat 1: 1MERCIER1 folded before Flop (didn't bet)
Seat 2: andergoes folded on the Flop
Seat 3: Gabrielfs13 collected (1072)
Seat 4: Mephetran (button) folded before Flop (didn't bet)
Seat 5: C0mpetition (small blind) folded before Flop
Seat 6: pdaddy100 (big blind) folded before Flop
Seat 7: Lil_Vpip folded before Flop (didn't bet)
Seat 8: Mir0nchik folded before Flop (didn't bet)



PokerStars Hand #256982778183: Tournament #3909706280, $4.80+$5.00+$1.20 USD Hold'em No Limit - Level IX (80/160) - 2025/07/17 13:48:25 BRT [2025/07/17 12:48:25 ET]
Table '3909706280 2' 8-max Seat #5 is the button
Seat 1: 1MERCIER1 (2557 in chips, $5 bounty) 
Seat 2: andergoes (6525 in chips, $5 bounty) 
Seat 3: Gabrielfs13 (10303 in chips, $5 bounty) 
Seat 4: Mephetran (2643 in chips, $5 bounty) 
Seat 5: C0mpetition (13968 in chips, $7.50 bounty) 
Seat 6: pdaddy100 (6252 in chips, $5 bounty) 
Seat 7: Lil_Vpip (14759 in chips, $10 bounty) 
Seat 8: Mir0nchik (5065 in chips, $7.50 bounty) 
1MERCIER1: posts the ante 24
andergoes: posts the ante 24
Gabrielfs13: posts the ante 24
Mephetran: posts the ante 24
C0mpetition: posts the ante 24
pdaddy100: posts the ante 24
Lil_Vpip: posts the ante 24
Mir0nchik: posts the ante 24
pdaddy100: posts small blind 80
Lil_Vpip: posts big blind 160
*** HOLE CARDS ***
Dealt to Gabrielfs13 [6d 3h]
Mir0nchik: folds 
1MERCIER1: folds 
andergoes: folds 
Gabrielfs13: folds 
Mephetran: raises 160 to 320
C0mpetition: folds 
pdaddy100: calls 240
Lil_Vpip: folds 
*** FLOP *** [Qc 4c Jh]
pdaddy100: checks 
Mephetran: bets 347
pdaddy100: calls 347
*** TURN *** [Qc 4c Jh] [Qh]
pdaddy100: checks 
Mephetran: bets 1952 and is all-in
pdaddy100: folds 
Uncalled bet (1952) returned to Mephetran
Mephetran collected 1686 from pot
Mephetran: doesn't show hand 
*** SUMMARY ***
Total pot 1686 | Rake 0 
Board [Qc 4c Jh Qh]
Seat 1: 1MERCIER1 folded before Flop (didn't bet)
Seat 2: andergoes folded before Flop (didn't bet)
Seat 3: Gabrielfs13 folded before Flop (didn't bet)
Seat 4: Mephetran collected (1686)
Seat 5: C0mpetition (button) folded before Flop (didn't bet)
Seat 6: pdaddy100 (small blind) folded on the Turn
Seat 7: Lil_Vpip (big blind) folded before Flop
Seat 8: Mir0nchik folded before Flop (didn't bet)



PokerStars Hand #256982787827: Tournament #3909706280, $4.80+$5.00+$1.20 USD Hold'em No Limit - Level IX (80/160) - 2025/07/17 13:49:16 BRT [2025/07/17 12:49:16 ET]
Table '3909706280 2' 8-max Seat #6 is the button
Seat 1: 1MERCIER1 (2533 in chips, $5 bounty) 
Seat 2: andergoes (6501 in chips, $5 bounty) 
Seat 3: Gabrielfs13 (10279 in chips, $5 bounty) 
Seat 4: Mephetran (3638 in chips, $5 bounty) 
Seat 5: C0mpetition (13944 in chips, $7.50 bounty) 
Seat 6: pdaddy100 (5561 in chips, $5 bounty) 
Seat 7: Lil_Vpip (14575 in chips, $10 bounty) 
Seat 8: Mir0nchik (5041 in chips, $7.50 bounty) 
1MERCIER1: posts the ante 24
andergoes: posts the ante 24
Gabrielfs13: posts the ante 24
Mephetran: posts the ante 24
C0mpetition: posts the ante 24
pdaddy100: posts the ante 24
Lil_Vpip: posts the ante 24
Mir0nchik: posts the ante 24
Lil_Vpip: posts small blind 80
Mir0nchik: posts big blind 160
*** HOLE CARDS ***
Dealt to Gabrielfs13 [4c 4s]
1MERCIER1: folds 
andergoes: folds 
Gabrielfs13: raises 160 to 320
Mephetran: folds 
C0mpetition: folds 
pdaddy100: calls 320
Lil_Vpip: folds 
Mir0nchik: raises 4697 to 5017 and is all-in
Gabrielfs13: folds 
pdaddy100: calls 4697
*** FLOP *** [8c 5h 5c]
*** TURN *** [8c 5h 5c] [Ac]
*** RIVER *** [8c 5h 5c Ac] [7c]
*** SHOW DOWN ***
Mir0nchik: shows [Qh As] (two pair, Aces and Fives)
pdaddy100: shows [Js Ts] (a pair of Fives)
Mir0nchik collected 10626 from pot
*** SUMMARY ***
Total pot 10626 | Rake 0 
Board [8c 5h 5c Ac 7c]
Seat 1: 1MERCIER1 folded before Flop (didn't bet)
Seat 2: andergoes folded before Flop (didn't bet)
Seat 3: Gabrielfs13 folded before Flop
Seat 4: Mephetran folded before Flop (didn't bet)
Seat 5: C0mpetition folded before Flop (didn't bet)
Seat 6: pdaddy100 (button) showed [Js Ts] and lost with a pair of Fives
Seat 7: Lil_Vpip (small blind) folded before Flop
Seat 8: Mir0nchik (big blind) showed [Qh As] and won (10626) with two pair, Aces and Fives



PokerStars Hand #256982796636: Tournament #3909706280, $4.80+$5.00+$1.20 USD Hold'em No Limit - Level X (90/180) - 2025/07/17 13:50:01 BRT [2025/07/17 12:50:01 ET]
Table '3909706280 2' 8-max Seat #7 is the button
Seat 1: 1MERCIER1 (2509 in chips, $5 bounty) 
Seat 2: andergoes (6477 in chips, $5 bounty) 
Seat 3: Gabrielfs13 (9935 in chips, $5 bounty) 
Seat 4: Mephetran (3614 in chips, $5 bounty) 
Seat 5: C0mpetition (13920 in chips, $7.50 bounty) 
Seat 6: pdaddy100 (520 in chips, $5 bounty) 
Seat 7: Lil_Vpip (14471 in chips, $10 bounty) 
Seat 8: Mir0nchik (10626 in chips, $7.50 bounty) 
1MERCIER1: posts the ante 27
andergoes: posts the ante 27
Gabrielfs13: posts the ante 27
Mephetran: posts the ante 27
C0mpetition: posts the ante 27
pdaddy100: posts the ante 27
Lil_Vpip: posts the ante 27
Mir0nchik: posts the ante 27
Mir0nchik: posts small blind 90
1MERCIER1: posts big blind 180
*** HOLE CARDS ***
Dealt to Gabrielfs13 [Th 7h]
andergoes: folds 
Gabrielfs13: raises 180 to 360
Mephetran: raises 3227 to 3587 and is all-in
C0mpetition: folds 
pdaddy100: calls 493 and is all-in
Lil_Vpip: folds 
Mir0nchik: folds 
1MERCIER1: folds 
Gabrielfs13: calls 3227
*** FLOP *** [3h 5h 5c]
*** TURN *** [3h 5h 5c] [6h]
*** RIVER *** [3h 5h 5c 6h] [4s]
*** SHOW DOWN ***
Gabrielfs13: shows [Th 7h] (a flush, Ten high)
Mephetran: shows [9d 9s] (two pair, Nines and Fives)
Gabrielfs13 collected 6188 from side pot
pdaddy100: shows [As 4c] (two pair, Fives and Fours)
Gabrielfs13 collected 1965 from main pot
Gabrielfs13 wins $2.50 for eliminating Mephetran and their own bounty increases by $2.50 to $7.50
Gabrielfs13 wins $2.50 for eliminating pdaddy100 and their own bounty increases by $2.50 to $10
Mephetran finished the tournament
pdaddy100 finished the tournament
*** SUMMARY ***
Total pot 8153 Main pot 1965. Side pot 6188. | Rake 0 
Board [3h 5h 5c 6h 4s]
Seat 1: 1MERCIER1 (big blind) folded before Flop
Seat 2: andergoes folded before Flop (didn't bet)
Seat 3: Gabrielfs13 showed [Th 7h] and won (8153) with a flush, Ten high
Seat 4: Mephetran showed [9d 9s] and lost with two pair, Nines and Fives
Seat 5: C0mpetition folded before Flop (didn't bet)
Seat 6: pdaddy100 showed [As 4c] and lost with two pair, Fives and Fours
Seat 7: Lil_Vpip (button) folded before Flop (didn't bet)
Seat 8: Mir0nchik (small blind) folded before Flop



PokerStars Hand #256982805019: Tournament #3909706280, $4.80+$5.00+$1.20 USD Hold'em No Limit - Level X (90/180) - 2025/07/17 13:50:45 BRT [2025/07/17 12:50:45 ET]
Table '3909706280 2' 8-max Seat #8 is the button
Seat 1: 1MERCIER1 (2302 in chips, $5 bounty) 
Seat 2: andergoes (6450 in chips, $5 bounty) 
Seat 3: Gabrielfs13 (14474 in chips, $10 bounty) 
Seat 5: C0mpetition (13893 in chips, $7.50 bounty) 
Seat 6: allyadya (6407 in chips, $5 bounty) 
Seat 7: Lil_Vpip (14444 in chips, $10 bounty) 
Seat 8: Mir0nchik (10509 in chips, $7.50 bounty) 
1MERCIER1: posts the ante 27
andergoes: posts the ante 27
Gabrielfs13: posts the ante 27
C0mpetition: posts the ante 27
allyadya: posts the ante 27
Lil_Vpip: posts the ante 27
Mir0nchik: posts the ante 27
1MERCIER1: posts small blind 90
andergoes: posts big blind 180
*** HOLE CARDS ***
Dealt to Gabrielfs13 [Kd 8d]
Gabrielfs13: raises 180 to 360
C0mpetition: folds 
allyadya: folds 
Lil_Vpip: folds 
Mir0nchik: calls 360
1MERCIER1: folds 
andergoes: folds 
*** FLOP *** [2h Js Qs]
Gabrielfs13: checks 
Mir0nchik: bets 365
Gabrielfs13: folds 
Uncalled bet (365) returned to Mir0nchik
Mir0nchik collected 1179 from pot
*** SUMMARY ***
Total pot 1179 | Rake 0 
Board [2h Js Qs]
Seat 1: 1MERCIER1 (small blind) folded before Flop
Seat 2: andergoes (big blind) folded before Flop
Seat 3: Gabrielfs13 folded on the Flop
Seat 5: C0mpetition folded before Flop (didn't bet)
Seat 6: allyadya folded before Flop (didn't bet)
Seat 7: Lil_Vpip folded before Flop (didn't bet)
Seat 8: Mir0nchik (button) collected (1179)



PokerStars Hand #256982810628: Tournament #3909706280, $4.80+$5.00+$1.20 USD Hold'em No Limit - Level X (90/180) - 2025/07/17 13:51:14 BRT [2025/07/17 12:51:14 ET]
Table '3909706280 2' 8-max Seat #1 is the button
Seat 1: 1MERCIER1 (2185 in chips, $5 bounty) 
Seat 2: andergoes (6243 in chips, $5 bounty) 
Seat 3: Gabrielfs13 (14087 in chips, $10 bounty) 
Seat 5: C0mpetition (13866 in chips, $7.50 bounty) 
Seat 6: allyadya (6380 in chips, $5 bounty) 
Seat 7: Lil_Vpip (14417 in chips, $10 bounty) 
Seat 8: Mir0nchik (11301 in chips, $7.50 bounty) 
1MERCIER1: posts the ante 27
andergoes: posts the ante 27
Gabrielfs13: posts the ante 27
C0mpetition: posts the ante 27
allyadya: posts the ante 27
Lil_Vpip: posts the ante 27
Mir0nchik: posts the ante 27
andergoes: posts small blind 90
Gabrielfs13: posts big blind 180
*** HOLE CARDS ***
Dealt to Gabrielfs13 [Qc Ks]
C0mpetition: raises 180 to 360
allyadya: raises 5993 to 6353 and is all-in
Lil_Vpip: folds 
Mir0nchik: folds 
1MERCIER1: folds 
andergoes: folds 
Gabrielfs13: folds 
C0mpetition: folds 
Uncalled bet (5993) returned to allyadya
allyadya collected 1179 from pot
Malufe123 is disconnected 
allyadya: doesn't show hand 
*** SUMMARY ***
Total pot 1179 | Rake 0 
Seat 1: 1MERCIER1 (button) folded before Flop (didn't bet)
Seat 2: andergoes (small blind) folded before Flop
Seat 3: Gabrielfs13 (big blind) folded before Flop
Seat 5: C0mpetition folded before Flop
Seat 6: allyadya collected (1179)
Seat 7: Lil_Vpip folded before Flop (didn't bet)
Seat 8: Mir0nchik folded before Flop (didn't bet)



PokerStars Hand #256982816031: Tournament #3909706280, $4.80+$5.00+$1.20 USD Hold'em No Limit - Level X (90/180) - 2025/07/17 13:51:42 BRT [2025/07/17 12:51:42 ET]
Table '3909706280 2' 8-max Seat #2 is the button
Seat 1: 1MERCIER1 (2158 in chips, $5 bounty) 
Seat 2: andergoes (6126 in chips, $5 bounty) 
Seat 3: Gabrielfs13 (13880 in chips, $10 bounty) 
Seat 4: Malufe123 (5000 in chips, $5 bounty) 
Seat 5: C0mpetition (13479 in chips, $7.50 bounty) 
Seat 6: allyadya (7172 in chips, $5 bounty) 
Seat 7: Lil_Vpip (14390 in chips, $10 bounty) 
Seat 8: Mir0nchik (11274 in chips, $7.50 bounty) 
1MERCIER1: posts the ante 27
andergoes: posts the ante 27
Gabrielfs13: posts the ante 27
Malufe123: posts the ante 27
C0mpetition: posts the ante 27
allyadya: posts the ante 27
Lil_Vpip: posts the ante 27
Mir0nchik: posts the ante 27
Gabrielfs13: posts small blind 90
Malufe123: posts big blind 180
*** HOLE CARDS ***
Dealt to Gabrielfs13 [Kc 9c]
C0mpetition: folds 
allyadya: calls 180
Lil_Vpip: folds 
Mir0nchik: folds 
1MERCIER1: folds 
andergoes: folds 
Gabrielfs13: calls 90
Malufe123: checks 
*** FLOP *** [6s 3d 5s]
Gabrielfs13: checks 
Malufe123: checks 
allyadya: checks 
*** TURN *** [6s 3d 5s] [9s]
Gabrielfs13: bets 378
Malufe123: folds 
allyadya: folds 
Uncalled bet (378) returned to Gabrielfs13
Gabrielfs13 collected 756 from pot
Gabrielfs13: doesn't show hand 
*** SUMMARY ***
Total pot 756 | Rake 0 
Board [6s 3d 5s 9s]
Seat 1: 1MERCIER1 folded before Flop (didn't bet)
Seat 2: andergoes (button) folded before Flop (didn't bet)
Seat 3: Gabrielfs13 (small blind) collected (756)
Seat 4: Malufe123 (big blind) folded on the Turn
Seat 5: C0mpetition folded before Flop (didn't bet)
Seat 6: allyadya folded on the Turn
Seat 7: Lil_Vpip folded before Flop (didn't bet)
Seat 8: Mir0nchik folded before Flop (didn't bet)



PokerStars Hand #256982825851: Tournament #3909706280, $4.80+$5.00+$1.20 USD Hold'em No Limit - Level X (90/180) - 2025/07/17 13:52:34 BRT [2025/07/17 12:52:34 ET]
Table '3909706280 2' 8-max Seat #3 is the button
Seat 1: 1MERCIER1 (2131 in chips, $5 bounty) 
Seat 2: andergoes (6099 in chips, $5 bounty) 
Seat 3: Gabrielfs13 (14429 in chips, $10 bounty) 
Seat 4: Malufe123 (4793 in chips, $5 bounty) 
Seat 5: C0mpetition (13452 in chips, $7.50 bounty) 
Seat 6: allyadya (6965 in chips, $5 bounty) 
Seat 7: Lil_Vpip (14363 in chips, $10 bounty) 
Seat 8: Mir0nchik (11247 in chips, $7.50 bounty) 
1MERCIER1: posts the ante 27
andergoes: posts the ante 27
Gabrielfs13: posts the ante 27
Malufe123: posts the ante 27
C0mpetition: posts the ante 27
allyadya: posts the ante 27
Lil_Vpip: posts the ante 27
Mir0nchik: posts the ante 27
Malufe123: posts small blind 90
C0mpetition: posts big blind 180
*** HOLE CARDS ***
Dealt to Gabrielfs13 [8c Js]
allyadya: calls 180
Lil_Vpip: folds 
Mir0nchik: folds 
1MERCIER1: folds 
andergoes: folds 
Gabrielfs13: folds 
Malufe123: calls 90
C0mpetition: checks 
*** FLOP *** [4s Jc Ad]
Malufe123: checks 
C0mpetition: checks 
allyadya: bets 180
Malufe123: folds 
C0mpetition: folds 
Uncalled bet (180) returned to allyadya
allyadya collected 756 from pot
allyadya: doesn't show hand 
*** SUMMARY ***
Total pot 756 | Rake 0 
Board [4s Jc Ad]
Seat 1: 1MERCIER1 folded before Flop (didn't bet)
Seat 2: andergoes folded before Flop (didn't bet)
Seat 3: Gabrielfs13 (button) folded before Flop (didn't bet)
Seat 4: Malufe123 (small blind) folded on the Flop
Seat 5: C0mpetition (big blind) folded on the Flop
Seat 6: allyadya collected (756)
Seat 7: Lil_Vpip folded before Flop (didn't bet)
Seat 8: Mir0nchik folded before Flop (didn't bet)



PokerStars Hand #256982835997: Tournament #3909706280, $4.80+$5.00+$1.20 USD Hold'em No Limit - Level X (90/180) - 2025/07/17 13:53:27 BRT [2025/07/17 12:53:27 ET]
Table '3909706280 2' 8-max Seat #4 is the button
Seat 1: 1MERCIER1 (2104 in chips, $5 bounty) 
Seat 2: andergoes (6072 in chips, $5 bounty) 
Seat 3: Gabrielfs13 (14402 in chips, $10 bounty) 
Seat 4: Malufe123 (4586 in chips, $5 bounty) 
Seat 5: C0mpetition (13245 in chips, $7.50 bounty) 
Seat 6: allyadya (7514 in chips, $5 bounty) 
Seat 7: Lil_Vpip (14336 in chips, $10 bounty) 
Seat 8: Mir0nchik (11220 in chips, $7.50 bounty) 
1MERCIER1: posts the ante 27
andergoes: posts the ante 27
Gabrielfs13: posts the ante 27
Malufe123: posts the ante 27
C0mpetition: posts the ante 27
allyadya: posts the ante 27
Lil_Vpip: posts the ante 27
Mir0nchik: posts the ante 27
C0mpetition: posts small blind 90
allyadya: posts big blind 180
*** HOLE CARDS ***
Dealt to Gabrielfs13 [2d 2c]
Lil_Vpip: folds 
Mir0nchik: raises 180 to 360
1MERCIER1: folds 
andergoes: folds 
Gabrielfs13: calls 360
Malufe123: folds 
C0mpetition: folds 
allyadya: folds 
*** FLOP *** [5s 3h Th]
Mir0nchik: checks 
Gabrielfs13: bets 398
Mir0nchik: calls 398
*** TURN *** [5s 3h Th] [Kc]
Mir0nchik: checks 
Gabrielfs13: checks 
*** RIVER *** [5s 3h Th Kc] [Kh]
Mir0nchik: checks 
Gabrielfs13: checks 
*** SHOW DOWN ***
Mir0nchik: shows [Kd Js] (three of a kind, Kings)
Gabrielfs13: mucks hand 
Mir0nchik collected 2002 from pot
*** SUMMARY ***
Total pot 2002 | Rake 0 
Board [5s 3h Th Kc Kh]
Seat 1: 1MERCIER1 folded before Flop (didn't bet)
Seat 2: andergoes folded before Flop (didn't bet)
Seat 3: Gabrielfs13 mucked [2d 2c]
Seat 4: Malufe123 (button) folded before Flop (didn't bet)
Seat 5: C0mpetition (small blind) folded before Flop
Seat 6: allyadya (big blind) folded before Flop
Seat 7: Lil_Vpip folded before Flop (didn't bet)
Seat 8: Mir0nchik showed [Kd Js] and won (2002) with three of a kind, Kings



PokerStars Hand #256982844686: Tournament #3909706280, $4.80+$5.00+$1.20 USD Hold'em No Limit - Level X (90/180) - 2025/07/17 13:54:13 BRT [2025/07/17 12:54:13 ET]
Table '3909706280 2' 8-max Seat #5 is the button
Seat 1: 1MERCIER1 (2077 in chips, $5 bounty) 
Seat 2: andergoes (6045 in chips, $5 bounty) 
Seat 3: Gabrielfs13 (13617 in chips, $10 bounty) 
Seat 4: Malufe123 (4559 in chips, $5 bounty) 
Seat 5: C0mpetition (13128 in chips, $7.50 bounty) 
Seat 6: allyadya (7307 in chips, $5 bounty) 
Seat 7: Lil_Vpip (14309 in chips, $10 bounty) 
Seat 8: Mir0nchik (12437 in chips, $7.50 bounty) 
1MERCIER1: posts the ante 27
andergoes: posts the ante 27
Gabrielfs13: posts the ante 27
Malufe123: posts the ante 27
C0mpetition: posts the ante 27
allyadya: posts the ante 27
Lil_Vpip: posts the ante 27
Mir0nchik: posts the ante 27
allyadya: posts small blind 90
Lil_Vpip: posts big blind 180
*** HOLE CARDS ***
Dealt to Gabrielfs13 [Th 3d]
Mir0nchik: folds 
1MERCIER1: folds 
andergoes: folds 
Gabrielfs13: folds 
Malufe123: folds 
C0mpetition: raises 180 to 360
allyadya: folds 
Lil_Vpip: folds 
Uncalled bet (180) returned to C0mpetition
C0mpetition collected 666 from pot
C0mpetition: doesn't show hand 
moberto98 is disconnected 
*** SUMMARY ***
Total pot 666 | Rake 0 
Seat 1: 1MERCIER1 folded before Flop (didn't bet)
Seat 2: andergoes folded before Flop (didn't bet)
Seat 3: Gabrielfs13 folded before Flop (didn't bet)
Seat 4: Malufe123 folded before Flop (didn't bet)
Seat 5: C0mpetition (button) collected (666)
Seat 6: allyadya (small blind) folded before Flop
Seat 7: Lil_Vpip (big blind) folded before Flop
Seat 8: Mir0nchik folded before Flop (didn't bet)



PokerStars Hand #256982849844: Tournament #3909706280, $4.80+$5.00+$1.20 USD Hold'em No Limit - Level X (90/180) - 2025/07/17 13:54:40 BRT [2025/07/17 12:54:40 ET]
Table '3909706280 2' 8-max Seat #6 is the button
Seat 1: moberto98 (5000 in chips, $5 bounty) 
Seat 2: andergoes (6018 in chips, $5 bounty) 
Seat 3: Gabrielfs13 (13590 in chips, $10 bounty) 
Seat 4: Malufe123 (4532 in chips, $5 bounty) 
Seat 5: C0mpetition (13587 in chips, $7.50 bounty) 
Seat 6: allyadya (7190 in chips, $5 bounty) 
Seat 7: Lil_Vpip (14102 in chips, $10 bounty) 
Seat 8: Mir0nchik (12410 in chips, $7.50 bounty) 
moberto98: posts the ante 27
andergoes: posts the ante 27
Gabrielfs13: posts the ante 27
Malufe123: posts the ante 27
C0mpetition: posts the ante 27
allyadya: posts the ante 27
Lil_Vpip: posts the ante 27
Mir0nchik: posts the ante 27
Lil_Vpip: posts small blind 90
Mir0nchik: posts big blind 180
*** HOLE CARDS ***
Dealt to Gabrielfs13 [2s 7s]
moberto98: folds 
andergoes: folds 
Gabrielfs13: folds 
Malufe123: folds 
C0mpetition: folds 
allyadya: calls 180
Lil_Vpip: calls 90
Mir0nchik: checks 
*** FLOP *** [3d Qd 2d]
Lil_Vpip: checks 
Mir0nchik: bets 180
allyadya: folds 
Lil_Vpip: calls 180
*** TURN *** [3d Qd 2d] [4d]
Lil_Vpip: checks 
Mir0nchik: checks 
*** RIVER *** [3d Qd 2d 4d] [6s]
Lil_Vpip: checks 
Mir0nchik: checks 
*** SHOW DOWN ***
Lil_Vpip: shows [Qs 9s] (a pair of Queens)
Mir0nchik: shows [7d Kh] (a flush, Queen high)
Mir0nchik collected 1116 from pot
*** SUMMARY ***
Total pot 1116 | Rake 0 
Board [3d Qd 2d 4d 6s]
Seat 1: moberto98 folded before Flop (didn't bet)
Seat 2: andergoes folded before Flop (didn't bet)
Seat 3: Gabrielfs13 folded before Flop (didn't bet)
Seat 4: Malufe123 folded before Flop (didn't bet)
Seat 5: C0mpetition folded before Flop (didn't bet)
Seat 6: allyadya (button) folded on the Flop
Seat 7: Lil_Vpip (small blind) showed [Qs 9s] and lost with a pair of Queens
Seat 8: Mir0nchik (big blind) showed [7d Kh] and won (1116) with a flush, Queen high



PokerStars Hand #256982914213: Tournament #3909706280, $4.80+$5.00+$1.20 USD Hold'em No Limit - Level X (90/180) - 2025/07/17 14:01:57 BRT [2025/07/17 13:01:57 ET]
Table '3909706280 2' 8-max Seat #7 is the button
Seat 1: moberto98 (4973 in chips, $5 bounty) 
Seat 2: andergoes (5991 in chips, $5 bounty) 
Seat 3: Gabrielfs13 (13563 in chips, $10 bounty) 
Seat 4: Malufe123 (4505 in chips, $5 bounty) 
Seat 5: C0mpetition (13560 in chips, $7.50 bounty) 
Seat 6: allyadya (6983 in chips, $5 bounty) 
Seat 7: Lil_Vpip (13715 in chips, $10 bounty) 
Seat 8: Mir0nchik (13139 in chips, $7.50 bounty) 
moberto98: posts the ante 27
andergoes: posts the ante 27
Gabrielfs13: posts the ante 27
Malufe123: posts the ante 27
C0mpetition: posts the ante 27
allyadya: posts the ante 27
Lil_Vpip: posts the ante 27
Mir0nchik: posts the ante 27
Mir0nchik: posts small blind 90
moberto98: posts big blind 180
*** HOLE CARDS ***
Dealt to Gabrielfs13 [3h As]
andergoes: folds 
Gabrielfs13: folds 
Malufe123: folds 
C0mpetition: folds 
allyadya: folds 
Lil_Vpip: raises 180 to 360
Mir0nchik: raises 1044 to 1404
moberto98: folds 
Lil_Vpip: folds 
Uncalled bet (1044) returned to Mir0nchik
Mir0nchik collected 1116 from pot
*** SUMMARY ***
Total pot 1116 | Rake 0 
Seat 1: moberto98 (big blind) folded before Flop
Seat 2: andergoes folded before Flop (didn't bet)
Seat 3: Gabrielfs13 folded before Flop (didn't bet)
Seat 4: Malufe123 folded before Flop (didn't bet)
Seat 5: C0mpetition folded before Flop (didn't bet)
Seat 6: allyadya folded before Flop (didn't bet)
Seat 7: Lil_Vpip (button) folded before Flop
Seat 8: Mir0nchik (small blind) collected (1116)



PokerStars Hand #256982921941: Tournament #3909706280, $4.80+$5.00+$1.20 USD Hold'em No Limit - Level X (90/180) - 2025/07/17 14:02:39 BRT [2025/07/17 13:02:39 ET]
Table '3909706280 2' 8-max Seat #8 is the button
Seat 1: moberto98 (4766 in chips, $5 bounty) 
Seat 2: andergoes (5964 in chips, $5 bounty) 
Seat 3: Gabrielfs13 (13536 in chips, $10 bounty) 
Seat 4: Malufe123 (4478 in chips, $5 bounty) 
Seat 5: C0mpetition (13533 in chips, $7.50 bounty) 
Seat 6: allyadya (6956 in chips, $5 bounty) 
Seat 7: Lil_Vpip (13328 in chips, $10 bounty) 
Seat 8: Mir0nchik (13868 in chips, $7.50 bounty) 
moberto98: posts the ante 27
andergoes: posts the ante 27
Gabrielfs13: posts the ante 27
Malufe123: posts the ante 27
C0mpetition: posts the ante 27
allyadya: posts the ante 27
Lil_Vpip: posts the ante 27
Mir0nchik: posts the ante 27
moberto98: posts small blind 90
andergoes: posts big blind 180
*** HOLE CARDS ***
Dealt to Gabrielfs13 [Ah 9d]
Gabrielfs13: folds 
Malufe123: folds 
C0mpetition: folds 
allyadya: calls 180
Lil_Vpip: raises 450 to 630
Mir0nchik: folds 
moberto98: raises 4109 to 4739 and is all-in
andergoes: folds 
allyadya: folds 
Lil_Vpip: folds 
Uncalled bet (4109) returned to moberto98
moberto98 collected 1836 from pot
moberto98: doesn't show hand 
*** SUMMARY ***
Total pot 1836 | Rake 0 
Seat 1: moberto98 (small blind) collected (1836)
Seat 2: andergoes (big blind) folded before Flop
Seat 3: Gabrielfs13 folded before Flop (didn't bet)
Seat 4: Malufe123 folded before Flop (didn't bet)
Seat 5: C0mpetition folded before Flop (didn't bet)
Seat 6: allyadya folded before Flop
Seat 7: Lil_Vpip folded before Flop
Seat 8: Mir0nchik (button) folded before Flop (didn't bet)



PokerStars Hand #256982928505: Tournament #3909706280, $4.80+$5.00+$1.20 USD Hold'em No Limit - Level X (90/180) - 2025/07/17 14:03:13 BRT [2025/07/17 13:03:13 ET]
Table '3909706280 2' 8-max Seat #1 is the button
Seat 1: moberto98 (5945 in chips, $5 bounty) 
Seat 2: andergoes (5757 in chips, $5 bounty) 
Seat 3: Gabrielfs13 (13509 in chips, $10 bounty) 
Seat 4: Malufe123 (4451 in chips, $5 bounty) 
Seat 5: C0mpetition (13506 in chips, $7.50 bounty) 
Seat 6: allyadya (6749 in chips, $5 bounty) 
Seat 7: Lil_Vpip (12671 in chips, $10 bounty) 
Seat 8: Mir0nchik (13841 in chips, $7.50 bounty) 
moberto98: posts the ante 27
andergoes: posts the ante 27
Gabrielfs13: posts the ante 27
Malufe123: posts the ante 27
C0mpetition: posts the ante 27
allyadya: posts the ante 27
Lil_Vpip: posts the ante 27
Mir0nchik: posts the ante 27
andergoes: posts small blind 90
Gabrielfs13: posts big blind 180
*** HOLE CARDS ***
Dealt to Gabrielfs13 [3h 7c]
Malufe123: folds 
C0mpetition: raises 180 to 360
allyadya: folds 
Lil_Vpip: calls 360
Mir0nchik: folds 
moberto98: folds 
andergoes: folds 
Gabrielfs13: folds 
*** FLOP *** [3s Tc 8d]
C0mpetition: bets 540
Lil_Vpip: calls 540
*** TURN *** [3s Tc 8d] [Ad]
C0mpetition: bets 1257
Lil_Vpip: folds 
Uncalled bet (1257) returned to C0mpetition
C0mpetition collected 2286 from pot
C0mpetition: doesn't show hand 
*** SUMMARY ***
Total pot 2286 | Rake 0 
Board [3s Tc 8d Ad]
Seat 1: moberto98 (button) folded before Flop (didn't bet)
Seat 2: andergoes (small blind) folded before Flop
Seat 3: Gabrielfs13 (big blind) folded before Flop
Seat 4: Malufe123 folded before Flop (didn't bet)
Seat 5: C0mpetition collected (2286)
Seat 6: allyadya folded before Flop (didn't bet)
Seat 7: Lil_Vpip folded on the Turn
Seat 8: Mir0nchik folded before Flop (didn't bet)



PokerStars Hand #256982941165: Tournament #3909706280, $4.80+$5.00+$1.20 USD Hold'em No Limit - Level X (90/180) - 2025/07/17 14:04:21 BRT [2025/07/17 13:04:21 ET]
Table '3909706280 2' 8-max Seat #2 is the button
Seat 1: moberto98 (5918 in chips, $5 bounty) 
Seat 2: andergoes (5640 in chips, $5 bounty) 
Seat 3: Gabrielfs13 (13302 in chips, $10 bounty) 
Seat 4: Malufe123 (4424 in chips, $5 bounty) 
Seat 5: C0mpetition (14865 in chips, $7.50 bounty) 
Seat 6: allyadya (6722 in chips, $5 bounty) 
Seat 7: Lil_Vpip (11744 in chips, $10 bounty) 
Seat 8: Mir0nchik (13814 in chips, $7.50 bounty) 
moberto98: posts the ante 27
andergoes: posts the ante 27
Gabrielfs13: posts the ante 27
Malufe123: posts the ante 27
C0mpetition: posts the ante 27
allyadya: posts the ante 27
Lil_Vpip: posts the ante 27
Mir0nchik: posts the ante 27
Gabrielfs13: posts small blind 90
Malufe123: posts big blind 180
*** HOLE CARDS ***
Dealt to Gabrielfs13 [As Kd]
C0mpetition: folds 
allyadya: folds 
Lil_Vpip: folds 
Mir0nchik: folds 
moberto98: folds 
andergoes: folds 
Gabrielfs13: calls 90
Malufe123: checks 
*** FLOP *** [Kh Jh 9s]
Gabrielfs13: bets 180
Malufe123: folds 
Uncalled bet (180) returned to Gabrielfs13
Gabrielfs13 collected 576 from pot
Gabrielfs13: doesn't show hand 
*** SUMMARY ***
Total pot 576 | Rake 0 
Board [Kh Jh 9s]
Seat 1: moberto98 folded before Flop (didn't bet)
Seat 2: andergoes (button) folded before Flop (didn't bet)
Seat 3: Gabrielfs13 (small blind) collected (576)
Seat 4: Malufe123 (big blind) folded on the Flop
Seat 5: C0mpetition folded before Flop (didn't bet)
Seat 6: allyadya folded before Flop (didn't bet)
Seat 7: Lil_Vpip folded before Flop (didn't bet)
Seat 8: Mir0nchik folded before Flop (didn't bet)



PokerStars Hand #256982949837: Tournament #3909706280, $4.80+$5.00+$1.20 USD Hold'em No Limit - Level XI (100/200) - 2025/07/17 14:05:05 BRT [2025/07/17 13:05:05 ET]
Table '3909706280 2' 8-max Seat #3 is the button
Seat 1: moberto98 (5891 in chips, $5 bounty) 
Seat 2: andergoes (5613 in chips, $5 bounty) 
Seat 3: Gabrielfs13 (13671 in chips, $10 bounty) 
Seat 4: Malufe123 (4217 in chips, $5 bounty) 
Seat 5: C0mpetition (14838 in chips, $7.50 bounty) 
Seat 6: allyadya (6695 in chips, $5 bounty) 
Seat 7: Lil_Vpip (11717 in chips, $10 bounty) 
Seat 8: Mir0nchik (13787 in chips, $7.50 bounty) 
moberto98: posts the ante 30
andergoes: posts the ante 30
Gabrielfs13: posts the ante 30
Malufe123: posts the ante 30
C0mpetition: posts the ante 30
allyadya: posts the ante 30
Lil_Vpip: posts the ante 30
Mir0nchik: posts the ante 30
Malufe123: posts small blind 100
C0mpetition: posts big blind 200
*** HOLE CARDS ***
Dealt to Gabrielfs13 [Th Ac]
allyadya: folds 
Lil_Vpip: folds 
Mir0nchik: folds 
moberto98: folds 
andergoes: folds 
Gabrielfs13: raises 200 to 400
Malufe123: folds 
C0mpetition: folds 
Uncalled bet (200) returned to Gabrielfs13
Gabrielfs13 collected 740 from pot
Gabrielfs13: doesn't show hand 
*** SUMMARY ***
Total pot 740 | Rake 0 
Seat 1: moberto98 folded before Flop (didn't bet)
Seat 2: andergoes folded before Flop (didn't bet)
Seat 3: Gabrielfs13 (button) collected (740)
Seat 4: Malufe123 (small blind) folded before Flop
Seat 5: C0mpetition (big blind) folded before Flop
Seat 6: allyadya folded before Flop (didn't bet)
Seat 7: Lil_Vpip folded before Flop (didn't bet)
Seat 8: Mir0nchik folded before Flop (didn't bet)



PokerStars Hand #256982955217: Tournament #3909706280, $4.80+$5.00+$1.20 USD Hold'em No Limit - Level XI (100/200) - 2025/07/17 14:05:33 BRT [2025/07/17 13:05:33 ET]
Table '3909706280 2' 8-max Seat #4 is the button
Seat 1: moberto98 (5861 in chips, $5 bounty) 
Seat 2: andergoes (5583 in chips, $5 bounty) 
Seat 3: Gabrielfs13 (14181 in chips, $10 bounty) 
Seat 4: Malufe123 (4087 in chips, $5 bounty) 
Seat 5: C0mpetition (14608 in chips, $7.50 bounty) 
Seat 6: allyadya (6665 in chips, $5 bounty) 
Seat 7: Lil_Vpip (11687 in chips, $10 bounty) 
Seat 8: Mir0nchik (13757 in chips, $7.50 bounty) 
moberto98: posts the ante 30
andergoes: posts the ante 30
Gabrielfs13: posts the ante 30
Malufe123: posts the ante 30
C0mpetition: posts the ante 30
allyadya: posts the ante 30
Lil_Vpip: posts the ante 30
Mir0nchik: posts the ante 30
C0mpetition: posts small blind 100
allyadya: posts big blind 200
*** HOLE CARDS ***
Dealt to Gabrielfs13 [Kd 6c]
Lil_Vpip: folds 
Mir0nchik: folds 
moberto98: folds 
andergoes: folds 
Gabrielfs13: raises 200 to 400
Malufe123: folds 
C0mpetition: folds 
allyadya: folds 
Uncalled bet (200) returned to Gabrielfs13
Gabrielfs13 collected 740 from pot
Gabrielfs13: doesn't show hand 
*** SUMMARY ***
Total pot 740 | Rake 0 
Seat 1: moberto98 folded before Flop (didn't bet)
Seat 2: andergoes folded before Flop (didn't bet)
Seat 3: Gabrielfs13 collected (740)
Seat 4: Malufe123 (button) folded before Flop (didn't bet)
Seat 5: C0mpetition (small blind) folded before Flop
Seat 6: allyadya (big blind) folded before Flop
Seat 7: Lil_Vpip folded before Flop (didn't bet)
Seat 8: Mir0nchik folded before Flop (didn't bet)



PokerStars Hand #256982960138: Tournament #3909706280, $4.80+$5.00+$1.20 USD Hold'em No Limit - Level XI (100/200) - 2025/07/17 14:05:58 BRT [2025/07/17 13:05:58 ET]
Table '3909706280 2' 8-max Seat #5 is the button
Seat 1: moberto98 (5831 in chips, $5 bounty) 
Seat 2: andergoes (5553 in chips, $5 bounty) 
Seat 3: Gabrielfs13 (14691 in chips, $10 bounty) 
Seat 4: Malufe123 (4057 in chips, $5 bounty) 
Seat 5: C0mpetition (14478 in chips, $7.50 bounty) 
Seat 6: allyadya (6435 in chips, $5 bounty) 
Seat 7: Lil_Vpip (11657 in chips, $10 bounty) 
Seat 8: Mir0nchik (13727 in chips, $7.50 bounty) 
moberto98: posts the ante 30
andergoes: posts the ante 30
Gabrielfs13: posts the ante 30
Malufe123: posts the ante 30
C0mpetition: posts the ante 30
allyadya: posts the ante 30
Lil_Vpip: posts the ante 30
Mir0nchik: posts the ante 30
allyadya: posts small blind 100
Lil_Vpip: posts big blind 200
*** HOLE CARDS ***
Dealt to Gabrielfs13 [3s Ac]
Mir0nchik: folds 
moberto98: raises 400 to 600
andergoes: folds 
Gabrielfs13: folds 
Malufe123: folds 
C0mpetition: calls 600
allyadya: folds 
Lil_Vpip: folds 
*** FLOP *** [Jh Ad As]
moberto98: bets 870
C0mpetition: folds 
Uncalled bet (870) returned to moberto98
moberto98 collected 1740 from pot
moberto98: doesn't show hand 
*** SUMMARY ***
Total pot 1740 | Rake 0 
Board [Jh Ad As]
Seat 1: moberto98 collected (1740)
Seat 2: andergoes folded before Flop (didn't bet)
Seat 3: Gabrielfs13 folded before Flop (didn't bet)
Seat 4: Malufe123 folded before Flop (didn't bet)
Seat 5: C0mpetition (button) folded on the Flop
Seat 6: allyadya (small blind) folded before Flop
Seat 7: Lil_Vpip (big blind) folded before Flop
Seat 8: Mir0nchik folded before Flop (didn't bet)



PokerStars Hand #256982972784: Tournament #3909706280, $4.80+$5.00+$1.20 USD Hold'em No Limit - Level XI (100/200) - 2025/07/17 14:07:04 BRT [2025/07/17 13:07:04 ET]
Table '3909706280 2' 8-max Seat #6 is the button
Seat 1: moberto98 (6941 in chips, $5 bounty) 
Seat 2: andergoes (5523 in chips, $5 bounty) 
Seat 3: Gabrielfs13 (14661 in chips, $10 bounty) 
Seat 4: Malufe123 (4027 in chips, $5 bounty) 
Seat 5: C0mpetition (13848 in chips, $7.50 bounty) 
Seat 6: allyadya (6305 in chips, $5 bounty) 
Seat 7: Lil_Vpip (11427 in chips, $10 bounty) 
Seat 8: Mir0nchik (13697 in chips, $7.50 bounty) 
moberto98: posts the ante 30
andergoes: posts the ante 30
Gabrielfs13: posts the ante 30
Malufe123: posts the ante 30
C0mpetition: posts the ante 30
allyadya: posts the ante 30
Lil_Vpip: posts the ante 30
Mir0nchik: posts the ante 30
Lil_Vpip: posts small blind 100
Mir0nchik: posts big blind 200
*** HOLE CARDS ***
Dealt to Gabrielfs13 [Jd 4h]
moberto98: folds 
andergoes: folds 
Gabrielfs13: folds 
Malufe123: folds 
C0mpetition: folds 
allyadya: folds 
Lil_Vpip: folds 
Uncalled bet (100) returned to Mir0nchik
Mir0nchik collected 440 from pot
*** SUMMARY ***
Total pot 440 | Rake 0 
Seat 1: moberto98 folded before Flop (didn't bet)
Seat 2: andergoes folded before Flop (didn't bet)
Seat 3: Gabrielfs13 folded before Flop (didn't bet)
Seat 4: Malufe123 folded before Flop (didn't bet)
Seat 5: C0mpetition folded before Flop (didn't bet)
Seat 6: allyadya (button) folded before Flop (didn't bet)
Seat 7: Lil_Vpip (small blind) folded before Flop
Seat 8: Mir0nchik (big blind) collected (440)



PokerStars Hand #256982979537: Tournament #3909706280, $4.80+$5.00+$1.20 USD Hold'em No Limit - Level XI (100/200) - 2025/07/17 14:07:39 BRT [2025/07/17 13:07:39 ET]
Table '3909706280 2' 8-max Seat #7 is the button
Seat 1: moberto98 (6911 in chips, $5 bounty) 
Seat 2: andergoes (5493 in chips, $5 bounty) 
Seat 3: Gabrielfs13 (14631 in chips, $10 bounty) 
Seat 4: Malufe123 (3997 in chips, $5 bounty) 
Seat 5: C0mpetition (13818 in chips, $7.50 bounty) 
Seat 6: allyadya (6275 in chips, $5 bounty) 
Seat 7: Lil_Vpip (11297 in chips, $10 bounty) 
Seat 8: Mir0nchik (14007 in chips, $7.50 bounty) 
moberto98: posts the ante 30
andergoes: posts the ante 30
Gabrielfs13: posts the ante 30
Malufe123: posts the ante 30
C0mpetition: posts the ante 30
allyadya: posts the ante 30
Lil_Vpip: posts the ante 30
Mir0nchik: posts the ante 30
Mir0nchik: posts small blind 100
moberto98: posts big blind 200
*** HOLE CARDS ***
Dealt to Gabrielfs13 [Ks 7d]
andergoes: raises 200 to 400
Gabrielfs13: folds 
Malufe123: folds 
C0mpetition: calls 400
allyadya: folds 
Lil_Vpip: folds 
Mir0nchik: folds 
moberto98: folds 
*** FLOP *** [8c 2s 6c]
andergoes: checks 
C0mpetition: bets 400
andergoes: raises 4663 to 5063 and is all-in
C0mpetition: calls 4663
*** TURN *** [8c 2s 6c] [6h]
*** RIVER *** [8c 2s 6c 6h] [9s]
*** SHOW DOWN ***
andergoes: shows [Qc Tc] (a pair of Sixes)
C0mpetition: shows [7c 9c] (two pair, Nines and Sixes)
C0mpetition collected 11466 from pot
C0mpetition wins $2.50 for eliminating andergoes and their own bounty increases by $2.50 to $10
andergoes finished the tournament
*** SUMMARY ***
Total pot 11466 | Rake 0 
Board [8c 2s 6c 6h 9s]
Seat 1: moberto98 (big blind) folded before Flop
Seat 2: andergoes showed [Qc Tc] and lost with a pair of Sixes
Seat 3: Gabrielfs13 folded before Flop (didn't bet)
Seat 4: Malufe123 folded before Flop (didn't bet)
Seat 5: C0mpetition showed [7c 9c] and won (11466) with two pair, Nines and Sixes
Seat 6: allyadya folded before Flop (didn't bet)
Seat 7: Lil_Vpip (button) folded before Flop (didn't bet)
Seat 8: Mir0nchik (small blind) folded before Flop



PokerStars Hand #256983000878: Tournament #3909706280, $4.80+$5.00+$1.20 USD Hold'em No Limit - Level XI (100/200) - 2025/07/17 14:09:29 BRT [2025/07/17 13:09:29 ET]
Table '3909706280 37' 8-max Seat #3 is the button
Seat 1: chiki161 (11363 in chips, $15 bounty) 
Seat 2: rebuitti (10984 in chips, $5 bounty) 
Seat 3: kzDAUR (10007 in chips, $8.75 bounty) 
Seat 4: KiZaru800 (4270 in chips, $5 bounty) 
Seat 5: NakedMonkey666 (19406 in chips, $10 bounty) 
Seat 6: Gabrielfs13 (14601 in chips, $10 bounty) 
Seat 7: varot1h (25011 in chips, $12.50 bounty) 
Seat 8: Makkito05 (9990 in chips, $7.50 bounty) 
chiki161: posts the ante 30
rebuitti: posts the ante 30
kzDAUR: posts the ante 30
KiZaru800: posts the ante 30
NakedMonkey666: posts the ante 30
Gabrielfs13: posts the ante 30
varot1h: posts the ante 30
Makkito05: posts the ante 30
KiZaru800: posts small blind 100
NakedMonkey666: posts big blind 200
*** HOLE CARDS ***
Dealt to Gabrielfs13 [Kd 5s]
Gabrielfs13: folds 
varot1h: folds 
Makkito05: folds 
chiki161: raises 200 to 400
rebuitti: folds 
kzDAUR: folds 
KiZaru800: calls 300
NakedMonkey666: calls 200
*** FLOP *** [Qh 4d Th]
KiZaru800: checks 
NakedMonkey666: checks 
chiki161: checks 
*** TURN *** [Qh 4d Th] [9s]
KiZaru800: bets 720
NakedMonkey666: folds 
chiki161: folds 
Uncalled bet (720) returned to KiZaru800
KiZaru800 collected 1440 from pot
KiZaru800: doesn't show hand 
*** SUMMARY ***
Total pot 1440 | Rake 0 
Board [Qh 4d Th 9s]
Seat 1: chiki161 folded on the Turn
Seat 2: rebuitti folded before Flop (didn't bet)
Seat 3: kzDAUR (button) folded before Flop (didn't bet)
Seat 4: KiZaru800 (small blind) collected (1440)
Seat 5: NakedMonkey666 (big blind) folded on the Turn
Seat 6: Gabrielfs13 folded before Flop (didn't bet)
Seat 7: varot1h folded before Flop (didn't bet)
Seat 8: Makkito05 folded before Flop (didn't bet)



PokerStars Hand #256983015973: Tournament #3909706280, $4.80+$5.00+$1.20 USD Hold'em No Limit - Level XI (100/200) - 2025/07/17 14:10:47 BRT [2025/07/17 13:10:47 ET]
Table '3909706280 37' 8-max Seat #4 is the button
Seat 1: chiki161 (10933 in chips, $15 bounty) 
Seat 2: rebuitti (10954 in chips, $5 bounty) 
Seat 3: kzDAUR (9977 in chips, $8.75 bounty) 
Seat 4: KiZaru800 (5280 in chips, $5 bounty) 
Seat 5: NakedMonkey666 (18976 in chips, $10 bounty) 
Seat 6: Gabrielfs13 (14571 in chips, $10 bounty) 
Seat 7: varot1h (24981 in chips, $12.50 bounty) 
Seat 8: Makkito05 (9960 in chips, $7.50 bounty) 
chiki161: posts the ante 30
rebuitti: posts the ante 30
kzDAUR: posts the ante 30
KiZaru800: posts the ante 30
NakedMonkey666: posts the ante 30
Gabrielfs13: posts the ante 30
varot1h: posts the ante 30
Makkito05: posts the ante 30
NakedMonkey666: posts small blind 100
Gabrielfs13: posts big blind 200
*** HOLE CARDS ***
Dealt to Gabrielfs13 [Ts Ad]
varot1h: calls 200
Makkito05: raises 320 to 520
chiki161: folds 
rebuitti: folds 
kzDAUR: folds 
KiZaru800: folds 
NakedMonkey666: folds 
Gabrielfs13: calls 320
varot1h: calls 320
*** FLOP *** [Js 7d 4d]
Gabrielfs13: checks 
varot1h: checks 
Makkito05: bets 900
Gabrielfs13: calls 900
varot1h: calls 900
*** TURN *** [Js 7d 4d] [7s]
Gabrielfs13: checks 
varot1h: checks 
Makkito05: checks 
*** RIVER *** [Js 7d 4d 7s] [Ah]
Gabrielfs13: checks 
varot1h: checks 
Makkito05: checks 
*** SHOW DOWN ***
Gabrielfs13: shows [Ts Ad] (two pair, Aces and Sevens)
varot1h: mucks hand 
Makkito05: shows [As 3d] (two pair, Aces and Sevens)
Gabrielfs13 collected 2300 from pot
Makkito05 collected 2300 from pot
*** SUMMARY ***
Total pot 4600 | Rake 0 
Board [Js 7d 4d 7s Ah]
Seat 1: chiki161 folded before Flop (didn't bet)
Seat 2: rebuitti folded before Flop (didn't bet)
Seat 3: kzDAUR folded before Flop (didn't bet)
Seat 4: KiZaru800 (button) folded before Flop (didn't bet)
Seat 5: NakedMonkey666 (small blind) folded before Flop
Seat 6: Gabrielfs13 (big blind) showed [Ts Ad] and won (2300) with two pair, Aces and Sevens
Seat 7: varot1h mucked [4s 9s]
Seat 8: Makkito05 showed [As 3d] and won (2300) with two pair, Aces and Sevens



PokerStars Hand #256983032175: Tournament #3909706280, $4.80+$5.00+$1.20 USD Hold'em No Limit - Level XI (100/200) - 2025/07/17 14:12:10 BRT [2025/07/17 13:12:10 ET]
Table '3909706280 37' 8-max Seat #5 is the button
Seat 1: chiki161 (10903 in chips, $15 bounty) 
Seat 2: rebuitti (10924 in chips, $5 bounty) 
Seat 3: kzDAUR (9947 in chips, $8.75 bounty) 
Seat 4: KiZaru800 (5250 in chips, $5 bounty) 
Seat 5: NakedMonkey666 (18846 in chips, $10 bounty) 
Seat 6: Gabrielfs13 (15421 in chips, $10 bounty) 
Seat 7: varot1h (23531 in chips, $12.50 bounty) 
Seat 8: Makkito05 (10810 in chips, $7.50 bounty) 
chiki161: posts the ante 30
rebuitti: posts the ante 30
kzDAUR: posts the ante 30
KiZaru800: posts the ante 30
NakedMonkey666: posts the ante 30
Gabrielfs13: posts the ante 30
varot1h: posts the ante 30
Makkito05: posts the ante 30
Gabrielfs13: posts small blind 100
varot1h: posts big blind 200
*** HOLE CARDS ***
Dealt to Gabrielfs13 [7c 9h]
Makkito05: folds 
chiki161: raises 200 to 400
rebuitti: folds 
kzDAUR: folds 
KiZaru800: raises 900 to 1300
NakedMonkey666: folds 
Gabrielfs13: folds 
varot1h: calls 1100
chiki161: folds 
*** FLOP *** [8s Jc 8h]
varot1h: checks 
KiZaru800: bets 1102
varot1h: folds 
Uncalled bet (1102) returned to KiZaru800
KiZaru800 collected 3340 from pot
KiZaru800: doesn't show hand 
*** SUMMARY ***
Total pot 3340 | Rake 0 
Board [8s Jc 8h]
Seat 1: chiki161 folded before Flop
Seat 2: rebuitti folded before Flop (didn't bet)
Seat 3: kzDAUR folded before Flop (didn't bet)
Seat 4: KiZaru800 collected (3340)
Seat 5: NakedMonkey666 (button) folded before Flop (didn't bet)
Seat 6: Gabrielfs13 (small blind) folded before Flop
Seat 7: varot1h (big blind) folded on the Flop
Seat 8: Makkito05 folded before Flop (didn't bet)



PokerStars Hand #256983042366: Tournament #3909706280, $4.80+$5.00+$1.20 USD Hold'em No Limit - Level XII (125/250) - 2025/07/17 14:13:02 BRT [2025/07/17 13:13:02 ET]
Table '3909706280 37' 8-max Seat #6 is the button
Seat 1: chiki161 (10473 in chips, $15 bounty) 
Seat 2: rebuitti (10894 in chips, $5 bounty) 
Seat 3: kzDAUR (9917 in chips, $8.75 bounty) 
Seat 4: KiZaru800 (7260 in chips, $5 bounty) 
Seat 5: NakedMonkey666 (18816 in chips, $10 bounty) 
Seat 6: Gabrielfs13 (15291 in chips, $10 bounty) 
Seat 7: varot1h (22201 in chips, $12.50 bounty) 
Seat 8: Makkito05 (10780 in chips, $7.50 bounty) 
chiki161: posts the ante 36
rebuitti: posts the ante 36
kzDAUR: posts the ante 36
KiZaru800: posts the ante 36
NakedMonkey666: posts the ante 36
Gabrielfs13: posts the ante 36
varot1h: posts the ante 36
Makkito05: posts the ante 36
varot1h: posts small blind 125
Makkito05: posts big blind 250
*** HOLE CARDS ***
Dealt to Gabrielfs13 [3c 9s]
chiki161: folds 
rebuitti: folds 
kzDAUR: folds 
KiZaru800: raises 625 to 875
NakedMonkey666: folds 
Gabrielfs13: folds 
varot1h: folds 
Makkito05: folds 
Uncalled bet (625) returned to KiZaru800
KiZaru800 collected 913 from pot
KiZaru800: doesn't show hand 
*** SUMMARY ***
Total pot 913 | Rake 0 
Seat 1: chiki161 folded before Flop (didn't bet)
Seat 2: rebuitti folded before Flop (didn't bet)
Seat 3: kzDAUR folded before Flop (didn't bet)
Seat 4: KiZaru800 collected (913)
Seat 5: NakedMonkey666 folded before Flop (didn't bet)
Seat 6: Gabrielfs13 (button) folded before Flop (didn't bet)
Seat 7: varot1h (small blind) folded before Flop
Seat 8: Makkito05 (big blind) folded before Flop



PokerStars Hand #256983048225: Tournament #3909706280, $4.80+$5.00+$1.20 USD Hold'em No Limit - Level XII (125/250) - 2025/07/17 14:13:31 BRT [2025/07/17 13:13:31 ET]
Table '3909706280 37' 8-max Seat #7 is the button
Seat 1: chiki161 (10437 in chips, $15 bounty) 
Seat 2: rebuitti (10858 in chips, $5 bounty) 
Seat 3: kzDAUR (9881 in chips, $8.75 bounty) 
Seat 4: KiZaru800 (7887 in chips, $5 bounty) 
Seat 5: NakedMonkey666 (18780 in chips, $10 bounty) 
Seat 6: Gabrielfs13 (15255 in chips, $10 bounty) 
Seat 7: varot1h (22040 in chips, $12.50 bounty) 
Seat 8: Makkito05 (10494 in chips, $7.50 bounty) 
chiki161: posts the ante 36
rebuitti: posts the ante 36
kzDAUR: posts the ante 36
KiZaru800: posts the ante 36
NakedMonkey666: posts the ante 36
Gabrielfs13: posts the ante 36
varot1h: posts the ante 36
Makkito05: posts the ante 36
Makkito05: posts small blind 125
chiki161: posts big blind 250
*** HOLE CARDS ***
Dealt to Gabrielfs13 [8s 6h]
rebuitti: folds 
kzDAUR: folds 
KiZaru800: raises 375 to 625
NakedMonkey666: folds 
Gabrielfs13: folds 
varot1h: folds 
Makkito05: raises 1375 to 2000
chiki161: folds 
KiZaru800: raises 5851 to 7851 and is all-in
Makkito05: calls 5851
*** FLOP *** [4h 9c Kh]
*** TURN *** [4h 9c Kh] [Ah]
*** RIVER *** [4h 9c Kh Ah] [Qh]
*** SHOW DOWN ***
Makkito05: shows [Ad Qd] (two pair, Aces and Queens)
KiZaru800: shows [Ac Kd] (two pair, Aces and Kings)
KiZaru800 collected 16240 from pot
*** SUMMARY ***
Total pot 16240 | Rake 0 
Board [4h 9c Kh Ah Qh]
Seat 1: chiki161 (big blind) folded before Flop
Seat 2: rebuitti folded before Flop (didn't bet)
Seat 3: kzDAUR folded before Flop (didn't bet)
Seat 4: KiZaru800 showed [Ac Kd] and won (16240) with two pair, Aces and Kings
Seat 5: NakedMonkey666 folded before Flop (didn't bet)
Seat 6: Gabrielfs13 folded before Flop (didn't bet)
Seat 7: varot1h (button) folded before Flop (didn't bet)
Seat 8: Makkito05 (small blind) showed [Ad Qd] and lost with two pair, Aces and Queens



PokerStars Hand #256983060435: Tournament #3909706280, $4.80+$5.00+$1.20 USD Hold'em No Limit - Level XII (125/250) - 2025/07/17 14:14:34 BRT [2025/07/17 13:14:34 ET]
Table '3909706280 37' 8-max Seat #8 is the button
Seat 1: chiki161 (10151 in chips, $15 bounty) 
Seat 2: rebuitti (10822 in chips, $5 bounty) 
Seat 3: kzDAUR (9845 in chips, $8.75 bounty) 
Seat 4: KiZaru800 (16240 in chips, $5 bounty) 
Seat 5: NakedMonkey666 (18744 in chips, $10 bounty) 
Seat 6: Gabrielfs13 (15219 in chips, $10 bounty) 
Seat 7: varot1h (22004 in chips, $12.50 bounty) 
Seat 8: Makkito05 (2607 in chips, $7.50 bounty) 
chiki161: posts the ante 36
rebuitti: posts the ante 36
kzDAUR: posts the ante 36
KiZaru800: posts the ante 36
NakedMonkey666: posts the ante 36
Gabrielfs13: posts the ante 36
varot1h: posts the ante 36
Makkito05: posts the ante 36
chiki161: posts small blind 125
rebuitti: posts big blind 250
*** HOLE CARDS ***
Dealt to Gabrielfs13 [8s 3c]
kzDAUR: folds 
KiZaru800: folds 
NakedMonkey666: raises 250 to 500
Gabrielfs13: folds 
varot1h: folds 
Makkito05: folds 
chiki161: folds 
rebuitti: calls 250
*** FLOP *** [Js 4s 7h]
rebuitti: checks 
NakedMonkey666: checks 
*** TURN *** [Js 4s 7h] [8d]
rebuitti: bets 1060
NakedMonkey666: calls 1060
*** RIVER *** [Js 4s 7h 8d] [Kc]
rebuitti: checks 
NakedMonkey666: bets 1767
rebuitti: calls 1767
*** SHOW DOWN ***
NakedMonkey666: shows [Qd Kd] (a pair of Kings)
rebuitti: mucks hand 
NakedMonkey666 collected 7067 from pot
*** SUMMARY ***
Total pot 7067 | Rake 0 
Board [Js 4s 7h 8d Kc]
Seat 1: chiki161 (small blind) folded before Flop
Seat 2: rebuitti (big blind) mucked [6d 6s]
Seat 3: kzDAUR folded before Flop (didn't bet)
Seat 4: KiZaru800 folded before Flop (didn't bet)
Seat 5: NakedMonkey666 showed [Qd Kd] and won (7067) with a pair of Kings
Seat 6: Gabrielfs13 folded before Flop (didn't bet)
Seat 7: varot1h folded before Flop (didn't bet)
Seat 8: Makkito05 (button) folded before Flop (didn't bet)



PokerStars Hand #256983071547: Tournament #3909706280, $4.80+$5.00+$1.20 USD Hold'em No Limit - Level XII (125/250) - 2025/07/17 14:15:29 BRT [2025/07/17 13:15:29 ET]
Table '3909706280 37' 8-max Seat #1 is the button
Seat 1: chiki161 (9990 in chips, $15 bounty) 
Seat 2: rebuitti (7459 in chips, $5 bounty) 
Seat 3: kzDAUR (9809 in chips, $8.75 bounty) 
Seat 4: KiZaru800 (16204 in chips, $5 bounty) 
Seat 5: NakedMonkey666 (22448 in chips, $10 bounty) 
Seat 6: Gabrielfs13 (15183 in chips, $10 bounty) 
Seat 7: varot1h (21968 in chips, $12.50 bounty) 
Seat 8: Makkito05 (2571 in chips, $7.50 bounty) 
chiki161: posts the ante 36
rebuitti: posts the ante 36
kzDAUR: posts the ante 36
KiZaru800: posts the ante 36
NakedMonkey666: posts the ante 36
Gabrielfs13: posts the ante 36
varot1h: posts the ante 36
Makkito05: posts the ante 36
rebuitti: posts small blind 125
kzDAUR: posts big blind 250
*** HOLE CARDS ***
Dealt to Gabrielfs13 [Kd 7h]
KiZaru800: folds 
NakedMonkey666: folds 
Gabrielfs13: folds 
varot1h: folds 
Makkito05: raises 2285 to 2535 and is all-in
chiki161: folds 
rebuitti: folds 
kzDAUR: calls 2285
*** FLOP *** [Tc Kh 9c]
*** TURN *** [Tc Kh 9c] [3d]
*** RIVER *** [Tc Kh 9c 3d] [2c]
*** SHOW DOWN ***
kzDAUR: shows [Td Qh] (a pair of Tens)
Makkito05: shows [5h Ah] (high card Ace)
kzDAUR collected 5483 from pot
kzDAUR wins $3.75 for eliminating Makkito05 and their own bounty increases by $3.75 to $12.50
Makkito05 finished the tournament
*** SUMMARY ***
Total pot 5483 | Rake 0 
Board [Tc Kh 9c 3d 2c]
Seat 1: chiki161 (button) folded before Flop (didn't bet)
Seat 2: rebuitti (small blind) folded before Flop
Seat 3: kzDAUR (big blind) showed [Td Qh] and won (5483) with a pair of Tens
Seat 4: KiZaru800 folded before Flop (didn't bet)
Seat 5: NakedMonkey666 folded before Flop (didn't bet)
Seat 6: Gabrielfs13 folded before Flop (didn't bet)
Seat 7: varot1h folded before Flop (didn't bet)
Seat 8: Makkito05 showed [5h Ah] and lost with high card Ace



PokerStars Hand #256983078592: Tournament #3909706280, $4.80+$5.00+$1.20 USD Hold'em No Limit - Level XII (125/250) - 2025/07/17 14:16:04 BRT [2025/07/17 13:16:04 ET]
Table '3909706280 37' 8-max Seat #2 is the button
Seat 1: chiki161 (9954 in chips, $15 bounty) 
Seat 2: rebuitti (7298 in chips, $5 bounty) 
Seat 3: kzDAUR (12721 in chips, $12.50 bounty) 
Seat 4: KiZaru800 (16168 in chips, $5 bounty) 
Seat 5: NakedMonkey666 (22412 in chips, $10 bounty) 
Seat 6: Gabrielfs13 (15147 in chips, $10 bounty) 
Seat 7: varot1h (21932 in chips, $12.50 bounty) 
chiki161: posts the ante 36
rebuitti: posts the ante 36
kzDAUR: posts the ante 36
KiZaru800: posts the ante 36
NakedMonkey666: posts the ante 36
Gabrielfs13: posts the ante 36
varot1h: posts the ante 36
kzDAUR: posts small blind 125
KiZaru800: posts big blind 250
*** HOLE CARDS ***
Dealt to Gabrielfs13 [8d 3d]
NakedMonkey666: folds 
Gabrielfs13: folds 
varot1h: folds 
chiki161: folds 
rebuitti: folds 
kzDAUR: folds 
Uncalled bet (125) returned to KiZaru800
KiZaru800 collected 502 from pot
KiZaru800: doesn't show hand 
*** SUMMARY ***
Total pot 502 | Rake 0 
Seat 1: chiki161 folded before Flop (didn't bet)
Seat 2: rebuitti (button) folded before Flop (didn't bet)
Seat 3: kzDAUR (small blind) folded before Flop
Seat 4: KiZaru800 (big blind) collected (502)
Seat 5: NakedMonkey666 folded before Flop (didn't bet)
Seat 6: Gabrielfs13 folded before Flop (didn't bet)
Seat 7: varot1h folded before Flop (didn't bet)



PokerStars Hand #256983083865: Tournament #3909706280, $4.80+$5.00+$1.20 USD Hold'em No Limit - Level XII (125/250) - 2025/07/17 14:16:30 BRT [2025/07/17 13:16:30 ET]
Table '3909706280 37' 8-max Seat #3 is the button
Seat 1: chiki161 (9918 in chips, $15 bounty) 
Seat 2: rebuitti (7262 in chips, $5 bounty) 
Seat 3: kzDAUR (12560 in chips, $12.50 bounty) 
Seat 4: KiZaru800 (16509 in chips, $5 bounty) 
Seat 5: NakedMonkey666 (22376 in chips, $10 bounty) 
Seat 6: Gabrielfs13 (15111 in chips, $10 bounty) 
Seat 7: varot1h (21896 in chips, $12.50 bounty) 
chiki161: posts the ante 36
rebuitti: posts the ante 36
kzDAUR: posts the ante 36
KiZaru800: posts the ante 36
NakedMonkey666: posts the ante 36
Gabrielfs13: posts the ante 36
varot1h: posts the ante 36
KiZaru800: posts small blind 125
NakedMonkey666: posts big blind 250
*** HOLE CARDS ***
Dealt to Gabrielfs13 [5d 7h]
Gabrielfs13: folds 
varot1h: folds 
chiki161: folds 
rebuitti: folds 
Lirik71829 is disconnected 
kzDAUR: raises 250 to 500
KiZaru800: calls 375
NakedMonkey666: calls 250
*** FLOP *** [Kd 8h 9d]
KiZaru800: checks 
NakedMonkey666: checks 
kzDAUR: bets 626
KiZaru800: calls 626
NakedMonkey666: folds 
*** TURN *** [Kd 8h 9d] [2s]
KiZaru800: checks 
kzDAUR: checks 
*** RIVER *** [Kd 8h 9d 2s] [4c]
KiZaru800: bets 1502
kzDAUR: folds 
Uncalled bet (1502) returned to KiZaru800
KiZaru800 collected 3004 from pot
KiZaru800: doesn't show hand 
*** SUMMARY ***
Total pot 3004 | Rake 0 
Board [Kd 8h 9d 2s 4c]
Seat 1: chiki161 folded before Flop (didn't bet)
Seat 2: rebuitti folded before Flop (didn't bet)
Seat 3: kzDAUR (button) folded on the River
Seat 4: KiZaru800 (small blind) collected (3004)
Seat 5: NakedMonkey666 (big blind) folded on the Flop
Seat 6: Gabrielfs13 folded before Flop (didn't bet)
Seat 7: varot1h folded before Flop (didn't bet)



PokerStars Hand #256983096099: Tournament #3909706280, $4.80+$5.00+$1.20 USD Hold'em No Limit - Level XII (125/250) - 2025/07/17 14:17:31 BRT [2025/07/17 13:17:31 ET]
Table '3909706280 37' 8-max Seat #4 is the button
Seat 1: chiki161 (9882 in chips, $15 bounty) 
Seat 2: rebuitti (7226 in chips, $5 bounty) 
Seat 3: kzDAUR (11398 in chips, $12.50 bounty) 
Seat 4: KiZaru800 (18351 in chips, $5 bounty) 
Seat 5: NakedMonkey666 (21840 in chips, $10 bounty) 
Seat 6: Gabrielfs13 (15075 in chips, $10 bounty) 
Seat 7: varot1h (21860 in chips, $12.50 bounty) 
Seat 8: Lirik71829 (10392 in chips, $7.50 bounty) 
chiki161: posts the ante 36
rebuitti: posts the ante 36
kzDAUR: posts the ante 36
KiZaru800: posts the ante 36
NakedMonkey666: posts the ante 36
Gabrielfs13: posts the ante 36
varot1h: posts the ante 36
Lirik71829: posts the ante 36
NakedMonkey666: posts small blind 125
Gabrielfs13: posts big blind 250
*** HOLE CARDS ***
Dealt to Gabrielfs13 [8d Qd]
varot1h: calls 250
Lirik71829: folds 
chiki161: raises 625 to 875
rebuitti: folds 
kzDAUR: folds 
KiZaru800: folds 
NakedMonkey666: folds 
Gabrielfs13: calls 625
varot1h: calls 625
*** FLOP *** [6c 7c 6s]
Gabrielfs13: checks 
varot1h: checks 
chiki161: checks 
*** TURN *** [6c 7c 6s] [8c]
Gabrielfs13: bets 1519
varot1h: calls 1519
chiki161: folds 
*** RIVER *** [6c 7c 6s 8c] [4d]
Gabrielfs13: bets 1125
varot1h: raises 1125 to 2250
Gabrielfs13: calls 1125
*** SHOW DOWN ***
varot1h: shows [9c Kc] (a flush, King high)
Gabrielfs13: mucks hand 
varot1h collected 10576 from pot
*** SUMMARY ***
Total pot 10576 | Rake 0 
Board [6c 7c 6s 8c 4d]
Seat 1: chiki161 folded on the Turn
Seat 2: rebuitti folded before Flop (didn't bet)
Seat 3: kzDAUR folded before Flop (didn't bet)
Seat 4: KiZaru800 (button) folded before Flop (didn't bet)
Seat 5: NakedMonkey666 (small blind) folded before Flop
Seat 6: Gabrielfs13 (big blind) mucked [8d Qd]
Seat 7: varot1h showed [9c Kc] and won (10576) with a flush, King high
Seat 8: Lirik71829 folded before Flop (didn't bet)



PokerStars Hand #256983110068: Tournament #3909706280, $4.80+$5.00+$1.20 USD Hold'em No Limit - Level XII (125/250) - 2025/07/17 14:18:41 BRT [2025/07/17 13:18:41 ET]
Table '3909706280 37' 8-max Seat #5 is the button
Seat 1: chiki161 (8971 in chips, $15 bounty) 
Seat 2: rebuitti (7190 in chips, $5 bounty) 
Seat 3: kzDAUR (11362 in chips, $12.50 bounty) 
Seat 4: KiZaru800 (18315 in chips, $5 bounty) 
Seat 5: NakedMonkey666 (21679 in chips, $10 bounty) 
Seat 6: Gabrielfs13 (10395 in chips, $10 bounty) 
Seat 7: varot1h (27756 in chips, $12.50 bounty) 
Seat 8: Lirik71829 (10356 in chips, $7.50 bounty) 
chiki161: posts the ante 36
rebuitti: posts the ante 36
kzDAUR: posts the ante 36
KiZaru800: posts the ante 36
NakedMonkey666: posts the ante 36
Gabrielfs13: posts the ante 36
varot1h: posts the ante 36
Lirik71829: posts the ante 36
Gabrielfs13: posts small blind 125
varot1h: posts big blind 250
*** HOLE CARDS ***
Dealt to Gabrielfs13 [Td 9h]
Lirik71829: folds 
chiki161: folds 
rebuitti: folds 
kzDAUR: folds 
KiZaru800: folds 
NakedMonkey666: folds 
Gabrielfs13: raises 375 to 625
varot1h: calls 375
*** FLOP *** [7c 3h 4c]
Gabrielfs13: checks 
varot1h: bets 250
Gabrielfs13: raises 875 to 1125
varot1h: calls 875
*** TURN *** [7c 3h 4c] [Jc]
Gabrielfs13: bets 1875
varot1h: calls 1875
*** RIVER *** [7c 3h 4c Jc] [9s]
Gabrielfs13: bets 6734 and is all-in
varot1h: calls 6734
*** SHOW DOWN ***
Gabrielfs13: shows [Td 9h] (a pair of Nines)
varot1h: shows [Ac Qc] (a flush, Ace high)
varot1h collected 21006 from pot
varot1h wins $5 for eliminating Gabrielfs13 and their own bounty increases by $5 to $17.50
Gabrielfs13 finished the tournament in 724th place
*** SUMMARY ***
Total pot 21006 | Rake 0 
Board [7c 3h 4c Jc 9s]
Seat 1: chiki161 folded before Flop (didn't bet)
Seat 2: rebuitti folded before Flop (didn't bet)
Seat 3: kzDAUR folded before Flop (didn't bet)
Seat 4: KiZaru800 folded before Flop (didn't bet)
Seat 5: NakedMonkey666 (button) folded before Flop (didn't bet)
Seat 6: Gabrielfs13 (small blind) showed [Td 9h] and lost with a pair of Nines
Seat 7: varot1h (big blind) showed [Ac Qc] and won (21006) with a flush, Ace high
Seat 8: Lirik71829 folded before Flop (didn't bet)



