PokerStars Hand #257020646907: Tournament #3907052749, $10+$10+$2 USD Hold'em No Limit - Level VIII (350/700) - 2025/07/20 12:53:36 BRT [2025/07/20 11:53:36 ET]
Table '3907052749 193' 8-max Seat #8 is the button
Seat 1: argintina (51236 in chips) 
Seat 2: tocimindcold (16837 in chips) 
Seat 3: kesetiaan.rc (23935 in chips) 
Seat 4: nicollas_sanuk (21335 in chips) 
Seat 5: Gabrielfs13 (25000 in chips) 
Seat 6: ReKych (47421 in chips) 
Seat 7: pedrorsf157 (33865 in chips) 
Seat 8: dottorsydUK (19836 in chips) 
argintina: posts the ante 90
tocimindcold: posts the ante 90
kesetiaan.rc: posts the ante 90
nicollas_sanuk: posts the ante 90
Gabrielfs13: posts the ante 90
ReKych: posts the ante 90
pedrorsf157: posts the ante 90
dottorsydUK: posts the ante 90
argintina: posts small blind 350
tocimindcold: posts big blind 700
*** HOLE CARDS ***
Dealt to Gabrielfs13 [Ah 4s]
kesetiaan.rc: folds 
nicollas_sanuk: folds 
Gabrielfs13: folds 
ReKych: folds 
pedrorsf157: folds 
dottorsydUK: folds 
argintina: raises 1050 to 1750
tocimindcold: calls 1050
*** FLOP *** [7c 8c 8h]
argintina: bets 1393
tocimindcold: calls 1393
*** TURN *** [7c 8c 8h] [5h]
argintina: bets 2312
tocimindcold: calls 2312
*** RIVER *** [7c 8c 8h 5h] [Tc]
argintina: checks 
tocimindcold: checks 
*** SHOW DOWN ***
argintina: shows [7d Jc] (two pair, Eights and Sevens)
tocimindcold: shows [7h Kd] (two pair, Eights and Sevens - King kicker)
tocimindcold collected 11630 from pot
*** SUMMARY ***
Total pot 11630 | Rake 0 
Board [7c 8c 8h 5h Tc]
Seat 1: argintina (small blind) showed [7d Jc] and lost with two pair, Eights and Sevens
Seat 2: tocimindcold (big blind) showed [7h Kd] and won (11630) with two pair, Eights and Sevens
Seat 3: kesetiaan.rc folded before Flop (didn't bet)
Seat 4: nicollas_sanuk folded before Flop (didn't bet)
Seat 5: Gabrielfs13 folded before Flop (didn't bet)
Seat 6: ReKych folded before Flop (didn't bet)
Seat 7: pedrorsf157 folded before Flop (didn't bet)
Seat 8: dottorsydUK (button) folded before Flop (didn't bet)



PokerStars Hand #257020661064: Tournament #3907052749, $10+$10+$2 USD Hold'em No Limit - Level VIII (350/700) - 2025/07/20 12:54:41 BRT [2025/07/20 11:54:41 ET]
Table '3907052749 193' 8-max Seat #1 is the button
Seat 1: argintina (45691 in chips) 
Seat 2: tocimindcold (22922 in chips) 
Seat 3: kesetiaan.rc (23845 in chips) 
Seat 4: nicollas_sanuk (21245 in chips) 
Seat 5: Gabrielfs13 (24910 in chips) 
Seat 6: ReKych (47331 in chips) 
Seat 7: pedrorsf157 (33775 in chips) 
Seat 8: dottorsydUK (19746 in chips) 
argintina: posts the ante 90
tocimindcold: posts the ante 90
kesetiaan.rc: posts the ante 90
nicollas_sanuk: posts the ante 90
Gabrielfs13: posts the ante 90
ReKych: posts the ante 90
pedrorsf157: posts the ante 90
dottorsydUK: posts the ante 90
tocimindcold: posts small blind 350
kesetiaan.rc: posts big blind 700
*** HOLE CARDS ***
Dealt to Gabrielfs13 [Ah Js]
nicollas_sanuk: raises 700 to 1400
Gabrielfs13: raises 2100 to 3500
ReKych: folds 
pedrorsf157: folds 
dottorsydUK: folds 
argintina: folds 
tocimindcold: folds 
kesetiaan.rc: folds 
nicollas_sanuk: folds 
Uncalled bet (2100) returned to Gabrielfs13
Gabrielfs13 collected 4570 from pot
Gabrielfs13: doesn't show hand 
*** SUMMARY ***
Total pot 4570 | Rake 0 
Seat 1: argintina (button) folded before Flop (didn't bet)
Seat 2: tocimindcold (small blind) folded before Flop
Seat 3: kesetiaan.rc (big blind) folded before Flop
Seat 4: nicollas_sanuk folded before Flop
Seat 5: Gabrielfs13 collected (4570)
Seat 6: ReKych folded before Flop (didn't bet)
Seat 7: pedrorsf157 folded before Flop (didn't bet)
Seat 8: dottorsydUK folded before Flop (didn't bet)



PokerStars Hand #257021231157: Tournament #3907052749, $10+$10+$2 USD Hold'em No Limit - Level VIII (350/700) - 2025/07/20 13:02:13 BRT [2025/07/20 12:02:13 ET]
Table '3907052749 193' 8-max Seat #2 is the button
Seat 1: argintina (45601 in chips) 
Seat 2: tocimindcold (22482 in chips) 
Seat 3: kesetiaan.rc (23055 in chips) 
Seat 4: nicollas_sanuk (19755 in chips) 
Seat 5: Gabrielfs13 (27990 in chips) 
Seat 6: ReKych (47241 in chips) 
Seat 7: pedrorsf157 (33685 in chips) 
Seat 8: dottorsydUK (19656 in chips) 
argintina: posts the ante 90
tocimindcold: posts the ante 90
kesetiaan.rc: posts the ante 90
nicollas_sanuk: posts the ante 90
Gabrielfs13: posts the ante 90
ReKych: posts the ante 90
pedrorsf157: posts the ante 90
dottorsydUK: posts the ante 90
kesetiaan.rc: posts small blind 350
nicollas_sanuk: posts big blind 700
*** HOLE CARDS ***
Dealt to Gabrielfs13 [Ac 9d]
Gabrielfs13: folds 
ReKych: folds 
pedrorsf157: raises 700 to 1400
dottorsydUK: folds 
argintina: folds 
tocimindcold: folds 
kesetiaan.rc: folds 
nicollas_sanuk: folds 
Uncalled bet (700) returned to pedrorsf157
pedrorsf157 collected 2470 from pot
pedrorsf157: doesn't show hand 
*** SUMMARY ***
Total pot 2470 | Rake 0 
Seat 1: argintina folded before Flop (didn't bet)
Seat 2: tocimindcold (button) folded before Flop (didn't bet)
Seat 3: kesetiaan.rc (small blind) folded before Flop
Seat 4: nicollas_sanuk (big blind) folded before Flop
Seat 5: Gabrielfs13 folded before Flop (didn't bet)
Seat 6: ReKych folded before Flop (didn't bet)
Seat 7: pedrorsf157 collected (2470)
Seat 8: dottorsydUK folded before Flop (didn't bet)



PokerStars Hand #257021240163: Tournament #3907052749, $10+$10+$2 USD Hold'em No Limit - Level VIII (350/700) - 2025/07/20 13:02:55 BRT [2025/07/20 12:02:55 ET]
Table '3907052749 193' 8-max Seat #3 is the button
Seat 1: argintina (45511 in chips) 
Seat 2: tocimindcold (22392 in chips) 
Seat 3: kesetiaan.rc (22615 in chips) 
Seat 4: nicollas_sanuk (18965 in chips) 
Seat 5: Gabrielfs13 (27900 in chips) 
Seat 6: ReKych (47151 in chips) 
Seat 8: dottorsydUK (19566 in chips) 
argintina: posts the ante 90
tocimindcold: posts the ante 90
kesetiaan.rc: posts the ante 90
nicollas_sanuk: posts the ante 90
Gabrielfs13: posts the ante 90
ReKych: posts the ante 90
dottorsydUK: posts the ante 90
nicollas_sanuk: posts small blind 350
Gabrielfs13: posts big blind 700
*** HOLE CARDS ***
Dealt to Gabrielfs13 [5d 6c]
ReKych: raises 700 to 1400
dottorsydUK: folds 
argintina: folds 
tocimindcold: folds 
kesetiaan.rc: folds 
nicollas_sanuk: folds 
Gabrielfs13: calls 700
*** FLOP *** [4c 3h Kh]
Gabrielfs13: checks 
ReKych: bets 1246
Gabrielfs13: raises 3136 to 4382
ReKych: calls 3136
*** TURN *** [4c 3h Kh] [Ac]
Gabrielfs13: bets 6272
ReKych: raises 25088 to 31360
Gabrielfs13: calls 15756 and is all-in
Uncalled bet (9332) returned to ReKych
*** RIVER *** [4c 3h Kh Ac] [9h]
*** SHOW DOWN ***
Gabrielfs13: shows [5d 6c] (high card Ace)
ReKych: shows [As 4s] (two pair, Aces and Fours)
ReKych collected 56600 from pot
Gabrielfs13 finished the tournament
PROROK810 is disconnected 
*** SUMMARY ***
Total pot 56600 | Rake 0 
Board [4c 3h Kh Ac 9h]
Seat 1: argintina folded before Flop (didn't bet)
Seat 2: tocimindcold folded before Flop (didn't bet)
Seat 3: kesetiaan.rc (button) folded before Flop (didn't bet)
Seat 4: nicollas_sanuk (small blind) folded before Flop
Seat 5: Gabrielfs13 (big blind) showed [5d 6c] and lost with high card Ace
Seat 6: ReKych showed [As 4s] and won (56600) with two pair, Aces and Fours
Seat 8: dottorsydUK folded before Flop (didn't bet)



PokerStars Hand #257021276639: Tournament #3907052749, $10+$10+$2 USD Hold'em No Limit - Level IX (400/800) - 2025/07/20 13:05:41 BRT [2025/07/20 12:05:41 ET]
Table '3907052749 77' 8-max Seat #8 is the button
Seat 1: Szabimester (27336 in chips) 
Seat 2: ChipsFool (67565 in chips) 
Seat 3: Gabrielfs13 (25000 in chips) 
Seat 4: ABDOUL575 (24910 in chips) 
Seat 5: diesel2212 (156445 in chips) 
Seat 6: SurfistãoJr (20260 in chips) 
Seat 7: matheus23965 (25000 in chips) 
Seat 8: tiuge2012 (49434 in chips) 
Szabimester: posts the ante 100
ChipsFool: posts the ante 100
Gabrielfs13: posts the ante 100
ABDOUL575: posts the ante 100
diesel2212: posts the ante 100
SurfistãoJr: posts the ante 100
matheus23965: posts the ante 100
tiuge2012: posts the ante 100
Szabimester: posts small blind 400
ChipsFool: posts big blind 800
*** HOLE CARDS ***
Dealt to Gabrielfs13 [5h Qc]
Gabrielfs13: folds 
ABDOUL575: folds 
diesel2212: folds 
SurfistãoJr: folds 
matheus23965: folds 
tiuge2012: folds 
Szabimester: calls 400
ChipsFool: checks 
*** FLOP *** [7d 3s Ac]
Szabimester: checks 
ChipsFool: bets 1200
Szabimester: folds 
Uncalled bet (1200) returned to ChipsFool
ChipsFool collected 2400 from pot
ChipsFool: doesn't show hand 
*** SUMMARY ***
Total pot 2400 | Rake 0 
Board [7d 3s Ac]
Seat 1: Szabimester (small blind) folded on the Flop
Seat 2: ChipsFool (big blind) collected (2400)
Seat 3: Gabrielfs13 folded before Flop (didn't bet)
Seat 4: ABDOUL575 folded before Flop (didn't bet)
Seat 5: diesel2212 folded before Flop (didn't bet)
Seat 6: SurfistãoJr folded before Flop (didn't bet)
Seat 7: matheus23965 folded before Flop (didn't bet)
Seat 8: tiuge2012 (button) folded before Flop (didn't bet)



PokerStars Hand #257021288165: Tournament #3907052749, $10+$10+$2 USD Hold'em No Limit - Level IX (400/800) - 2025/07/20 13:06:32 BRT [2025/07/20 12:06:32 ET]
Table '3907052749 77' 8-max Seat #1 is the button
Seat 1: Szabimester (26436 in chips) 
Seat 2: ChipsFool (69065 in chips) 
Seat 3: Gabrielfs13 (24900 in chips) 
Seat 4: ABDOUL575 (24810 in chips) 
Seat 5: diesel2212 (156345 in chips) 
Seat 6: SurfistãoJr (20160 in chips) 
Seat 7: matheus23965 (24900 in chips) 
Seat 8: tiuge2012 (49334 in chips) 
Szabimester: posts the ante 100
ChipsFool: posts the ante 100
Gabrielfs13: posts the ante 100
ABDOUL575: posts the ante 100
diesel2212: posts the ante 100
SurfistãoJr: posts the ante 100
matheus23965: posts the ante 100
tiuge2012: posts the ante 100
ChipsFool: posts small blind 400
Gabrielfs13: posts big blind 800
*** HOLE CARDS ***
Dealt to Gabrielfs13 [5c 9s]
ABDOUL575: folds 
diesel2212: raises 800 to 1600
SurfistãoJr: folds 
matheus23965: calls 1600
tiuge2012: folds 
Szabimester: calls 1600
ChipsFool: folds 
Gabrielfs13: folds 
*** FLOP *** [2s Jh 4s]
diesel2212: bets 6800
matheus23965: calls 6800
Szabimester: folds 
*** TURN *** [2s Jh 4s] [3h]
diesel2212: bets 20400
matheus23965: calls 16400 and is all-in
Uncalled bet (4000) returned to diesel2212
*** RIVER *** [2s Jh 4s 3h] [7c]
*** SHOW DOWN ***
diesel2212: shows [Tc Jc] (a pair of Jacks)
matheus23965: shows [4d 4c] (three of a kind, Fours)
matheus23965 collected 53200 from pot
*** SUMMARY ***
Total pot 53200 | Rake 0 
Board [2s Jh 4s 3h 7c]
Seat 1: Szabimester (button) folded on the Flop
Seat 2: ChipsFool (small blind) folded before Flop
Seat 3: Gabrielfs13 (big blind) folded before Flop
Seat 4: ABDOUL575 folded before Flop (didn't bet)
Seat 5: diesel2212 showed [Tc Jc] and lost with a pair of Jacks
Seat 6: SurfistãoJr folded before Flop (didn't bet)
Seat 7: matheus23965 showed [4d 4c] and won (53200) with three of a kind, Fours
Seat 8: tiuge2012 folded before Flop (didn't bet)



PokerStars Hand #257021309490: Tournament #3907052749, $10+$10+$2 USD Hold'em No Limit - Level IX (400/800) - 2025/07/20 13:08:07 BRT [2025/07/20 12:08:07 ET]
Table '3907052749 77' 8-max Seat #2 is the button
Seat 1: Szabimester (24736 in chips) 
Seat 2: ChipsFool (68565 in chips) 
Seat 3: Gabrielfs13 (24000 in chips) 
Seat 4: ABDOUL575 (24710 in chips) 
Seat 5: diesel2212 (131445 in chips) 
Seat 6: SurfistãoJr (20060 in chips) 
Seat 7: matheus23965 (53200 in chips) 
Seat 8: tiuge2012 (49234 in chips) 
Szabimester: posts the ante 100
ChipsFool: posts the ante 100
Gabrielfs13: posts the ante 100
ABDOUL575: posts the ante 100
diesel2212: posts the ante 100
SurfistãoJr: posts the ante 100
matheus23965: posts the ante 100
tiuge2012: posts the ante 100
Gabrielfs13: posts small blind 400
ABDOUL575: posts big blind 800
*** HOLE CARDS ***
Dealt to Gabrielfs13 [Js Ad]
diesel2212: folds 
SurfistãoJr: raises 800 to 1600
matheus23965: folds 
tiuge2012: folds 
Szabimester: raises 23036 to 24636 and is all-in
ChipsFool: folds 
Gabrielfs13: folds 
ABDOUL575: folds 
SurfistãoJr: folds 
Uncalled bet (23036) returned to Szabimester
Szabimester collected 5200 from pot
Szabimester: doesn't show hand 
*** SUMMARY ***
Total pot 5200 | Rake 0 
Seat 1: Szabimester collected (5200)
Seat 2: ChipsFool (button) folded before Flop (didn't bet)
Seat 3: Gabrielfs13 (small blind) folded before Flop
Seat 4: ABDOUL575 (big blind) folded before Flop
Seat 5: diesel2212 folded before Flop (didn't bet)
Seat 6: SurfistãoJr folded before Flop
Seat 7: matheus23965 folded before Flop (didn't bet)
Seat 8: tiuge2012 folded before Flop (didn't bet)



PokerStars Hand #257021319923: Tournament #3907052749, $10+$10+$2 USD Hold'em No Limit - Level IX (400/800) - 2025/07/20 13:08:54 BRT [2025/07/20 12:08:54 ET]
Table '3907052749 77' 8-max Seat #3 is the button
Seat 1: Szabimester (28236 in chips) 
Seat 2: ChipsFool (68465 in chips) 
Seat 3: Gabrielfs13 (23500 in chips) 
Seat 4: ABDOUL575 (23810 in chips) 
Seat 5: diesel2212 (131345 in chips) 
Seat 6: SurfistãoJr (18360 in chips) 
Seat 8: tiuge2012 (49134 in chips) 
Szabimester: posts the ante 100
ChipsFool: posts the ante 100
Gabrielfs13: posts the ante 100
ABDOUL575: posts the ante 100
diesel2212: posts the ante 100
SurfistãoJr: posts the ante 100
tiuge2012: posts the ante 100
ABDOUL575: posts small blind 400
diesel2212: posts big blind 800
*** HOLE CARDS ***
Dealt to Gabrielfs13 [Js 3h]
grugen is disconnected 
SurfistãoJr: folds 
tiuge2012: raises 800 to 1600
Szabimester: folds 
ChipsFool: folds 
Gabrielfs13: folds 
ABDOUL575: folds 
diesel2212: folds 
Uncalled bet (800) returned to tiuge2012
tiuge2012 collected 2700 from pot
tiuge2012: doesn't show hand 
*** SUMMARY ***
Total pot 2700 | Rake 0 
Seat 1: Szabimester folded before Flop (didn't bet)
Seat 2: ChipsFool folded before Flop (didn't bet)
Seat 3: Gabrielfs13 (button) folded before Flop (didn't bet)
Seat 4: ABDOUL575 (small blind) folded before Flop
Seat 5: diesel2212 (big blind) folded before Flop
Seat 6: SurfistãoJr folded before Flop (didn't bet)
Seat 8: tiuge2012 collected (2700)



PokerStars Hand #257021329139: Tournament #3907052749, $10+$10+$2 USD Hold'em No Limit - Level IX (400/800) - 2025/07/20 13:09:35 BRT [2025/07/20 12:09:35 ET]
Table '3907052749 77' 8-max Seat #4 is the button
Seat 1: Szabimester (28136 in chips) 
Seat 2: ChipsFool (68365 in chips) 
Seat 3: Gabrielfs13 (23400 in chips) 
Seat 4: ABDOUL575 (23310 in chips) 
Seat 5: diesel2212 (130445 in chips) 
Seat 6: SurfistãoJr (18260 in chips) 
Seat 7: grugen (25000 in chips) 
Seat 8: tiuge2012 (50934 in chips) 
Szabimester: posts the ante 100
ChipsFool: posts the ante 100
Gabrielfs13: posts the ante 100
ABDOUL575: posts the ante 100
diesel2212: posts the ante 100
SurfistãoJr: posts the ante 100
grugen: posts the ante 100
tiuge2012: posts the ante 100
diesel2212: posts small blind 400
SurfistãoJr: posts big blind 800
*** HOLE CARDS ***
Dealt to Gabrielfs13 [6s 4d]
grugen: folds 
tiuge2012: raises 800 to 1600
Szabimester: folds 
ChipsFool: folds 
Gabrielfs13: folds 
ABDOUL575: raises 2640 to 4240
diesel2212: folds 
SurfistãoJr: folds 
tiuge2012: calls 2640
*** FLOP *** [4c As Qc]
tiuge2012: checks 
ABDOUL575: checks 
*** TURN *** [4c As Qc] [3s]
tiuge2012: bets 5240
ABDOUL575: folds 
Uncalled bet (5240) returned to tiuge2012
tiuge2012 collected 10480 from pot
tiuge2012: doesn't show hand 
*** SUMMARY ***
Total pot 10480 | Rake 0 
Board [4c As Qc 3s]
Seat 1: Szabimester folded before Flop (didn't bet)
Seat 2: ChipsFool folded before Flop (didn't bet)
Seat 3: Gabrielfs13 folded before Flop (didn't bet)
Seat 4: ABDOUL575 (button) folded on the Turn
Seat 5: diesel2212 (small blind) folded before Flop
Seat 6: SurfistãoJr (big blind) folded before Flop
Seat 7: grugen folded before Flop (didn't bet)
Seat 8: tiuge2012 collected (10480)



PokerStars Hand #257021346857: Tournament #3907052749, $10+$10+$2 USD Hold'em No Limit - Level IX (400/800) - 2025/07/20 13:10:53 BRT [2025/07/20 12:10:53 ET]
Table '3907052749 77' 8-max Seat #5 is the button
Seat 1: Szabimester (28036 in chips) 
Seat 2: ChipsFool (68265 in chips) 
Seat 3: Gabrielfs13 (23300 in chips) 
Seat 4: ABDOUL575 (18970 in chips) 
Seat 5: diesel2212 (129945 in chips) 
Seat 6: SurfistãoJr (17360 in chips) 
Seat 7: grugen (24900 in chips) 
Seat 8: tiuge2012 (57074 in chips) 
Szabimester: posts the ante 100
ChipsFool: posts the ante 100
Gabrielfs13: posts the ante 100
ABDOUL575: posts the ante 100
diesel2212: posts the ante 100
SurfistãoJr: posts the ante 100
grugen: posts the ante 100
tiuge2012: posts the ante 100
SurfistãoJr: posts small blind 400
grugen: posts big blind 800
*** HOLE CARDS ***
Dealt to Gabrielfs13 [2d Ah]
tiuge2012: folds 
Szabimester: folds 
ChipsFool: folds 
Gabrielfs13: folds 
ABDOUL575: folds 
diesel2212: raises 1200 to 2000
SurfistãoJr: folds 
grugen: raises 3200 to 5200
diesel2212: calls 3200
*** FLOP *** [5h Th Jc]
grugen: bets 3480
diesel2212: calls 3480
*** TURN *** [5h Th Jc] [As]
grugen: bets 12400
diesel2212: folds 
Uncalled bet (12400) returned to grugen
grugen collected 18560 from pot
grugen: doesn't show hand 
*** SUMMARY ***
Total pot 18560 | Rake 0 
Board [5h Th Jc As]
Seat 1: Szabimester folded before Flop (didn't bet)
Seat 2: ChipsFool folded before Flop (didn't bet)
Seat 3: Gabrielfs13 folded before Flop (didn't bet)
Seat 4: ABDOUL575 folded before Flop (didn't bet)
Seat 5: diesel2212 (button) folded on the Turn
Seat 6: SurfistãoJr (small blind) folded before Flop
Seat 7: grugen (big blind) collected (18560)
Seat 8: tiuge2012 folded before Flop (didn't bet)



PokerStars Hand #257021359367: Tournament #3907052749, $10+$10+$2 USD Hold'em No Limit - Level IX (400/800) - 2025/07/20 13:11:48 BRT [2025/07/20 12:11:48 ET]
Table '3907052749 77' 8-max Seat #6 is the button
Seat 1: Szabimester (27936 in chips) 
Seat 2: ChipsFool (68165 in chips) 
Seat 3: Gabrielfs13 (23200 in chips) 
Seat 4: ABDOUL575 (18870 in chips) 
Seat 5: diesel2212 (121165 in chips) 
Seat 6: SurfistãoJr (16860 in chips) 
Seat 7: grugen (34680 in chips) 
Seat 8: tiuge2012 (56974 in chips) 
Szabimester: posts the ante 100
ChipsFool: posts the ante 100
Gabrielfs13: posts the ante 100
ABDOUL575: posts the ante 100
diesel2212: posts the ante 100
SurfistãoJr: posts the ante 100
grugen: posts the ante 100
tiuge2012: posts the ante 100
grugen: posts small blind 400
tiuge2012: posts big blind 800
*** HOLE CARDS ***
Dealt to Gabrielfs13 [As Jc]
Szabimester: folds 
ChipsFool: folds 
Gabrielfs13: raises 800 to 1600
ABDOUL575: folds 
diesel2212: calls 1600
SurfistãoJr: folds 
grugen: raises 3600 to 5200
tiuge2012: folds 
Gabrielfs13: calls 3600
diesel2212: calls 3600
*** FLOP *** [5d Jd 8h]
grugen: checks 
Gabrielfs13: bets 8600
diesel2212: folds 
grugen: calls 8600
*** TURN *** [5d Jd 8h] [Kh]
grugen: checks 
Gabrielfs13: checks 
*** RIVER *** [5d Jd 8h Kh] [3h]
grugen: bets 20780 and is all-in
Gabrielfs13: calls 9300 and is all-in
Uncalled bet (11480) returned to grugen
*** SHOW DOWN ***
grugen: shows [Ac Kc] (a pair of Kings)
Gabrielfs13: shows [As Jc] (a pair of Jacks)
grugen collected 53000 from pot
Gabrielfs13 finished the tournament
*** SUMMARY ***
Total pot 53000 | Rake 0 
Board [5d Jd 8h Kh 3h]
Seat 1: Szabimester folded before Flop (didn't bet)
Seat 2: ChipsFool folded before Flop (didn't bet)
Seat 3: Gabrielfs13 showed [As Jc] and lost with a pair of Jacks
Seat 4: ABDOUL575 folded before Flop (didn't bet)
Seat 5: diesel2212 folded on the Flop
Seat 6: SurfistãoJr (button) folded before Flop (didn't bet)
Seat 7: grugen (small blind) showed [Ac Kc] and won (53000) with a pair of Kings
Seat 8: tiuge2012 (big blind) folded before Flop



PokerStars Hand #257021388285: Tournament #3907052749, $10+$10+$2 USD Hold'em No Limit - Level IX (400/800) - 2025/07/20 13:13:54 BRT [2025/07/20 12:13:54 ET]
Table '3907052749 202' 8-max Seat #7 is the button
Seat 1: 10jqkaflus (27387 in chips) 
Seat 2: Yasuke17 (24995 in chips) 
Seat 3: Anton280395 (37318 in chips) 
Seat 4: MestreKÓ (94225 in chips) 
Seat 5: Gabrielfs13 (25000 in chips) 
Seat 7: heol21 (27479 in chips) 
Seat 8: Salgari8 (23580 in chips) 
10jqkaflus: posts the ante 100
Yasuke17: posts the ante 100
Anton280395: posts the ante 100
MestreKÓ: posts the ante 100
Gabrielfs13: posts the ante 100
heol21: posts the ante 100
Salgari8: posts the ante 100
Salgari8: posts small blind 400
10jqkaflus: posts big blind 800
*** HOLE CARDS ***
Dealt to Gabrielfs13 [8d 9h]
ARCHIBALD.IT is disconnected 
Yasuke17: folds 
Anton280395: folds 
MestreKÓ: folds 
Gabrielfs13: folds 
heol21: raises 800 to 1600
Salgari8: raises 3200 to 4800
10jqkaflus: folds 
heol21: calls 3200
*** FLOP *** [9d Kd 9s]
Salgari8: bets 2775
heol21: calls 2775
*** TURN *** [9d Kd 9s] [Kh]
Salgari8: bets 4163
heol21: folds 
Uncalled bet (4163) returned to Salgari8
Salgari8 collected 16650 from pot
Salgari8: doesn't show hand 
*** SUMMARY ***
Total pot 16650 | Rake 0 
Board [9d Kd 9s Kh]
Seat 1: 10jqkaflus (big blind) folded before Flop
Seat 2: Yasuke17 folded before Flop (didn't bet)
Seat 3: Anton280395 folded before Flop (didn't bet)
Seat 4: MestreKÓ folded before Flop (didn't bet)
Seat 5: Gabrielfs13 folded before Flop (didn't bet)
Seat 7: heol21 (button) folded on the Turn
Seat 8: Salgari8 (small blind) collected (16650)



PokerStars Hand #257021404680: Tournament #3907052749, $10+$10+$2 USD Hold'em No Limit - Level X (500/1000) - 2025/07/20 13:15:05 BRT [2025/07/20 12:15:05 ET]
Table '3907052749 202' 8-max Seat #8 is the button
Seat 1: 10jqkaflus (26487 in chips) 
Seat 2: Yasuke17 (24895 in chips) 
Seat 3: Anton280395 (37218 in chips) 
Seat 4: MestreKÓ (94125 in chips) 
Seat 5: Gabrielfs13 (24900 in chips) 
Seat 6: ARCHIBALD.IT (25000 in chips) 
Seat 7: heol21 (19804 in chips) 
Seat 8: Salgari8 (32555 in chips) 
10jqkaflus: posts the ante 125
Yasuke17: posts the ante 125
Anton280395: posts the ante 125
MestreKÓ: posts the ante 125
Gabrielfs13: posts the ante 125
ARCHIBALD.IT: posts the ante 125
heol21: posts the ante 125
Salgari8: posts the ante 125
10jqkaflus: posts small blind 500
Yasuke17: posts big blind 1000
*** HOLE CARDS ***
Dealt to Gabrielfs13 [Kh 4h]
Anton280395: folds 
MestreKÓ: folds 
Gabrielfs13: folds 
ARCHIBALD.IT: folds 
heol21: folds 
Salgari8: raises 1000 to 2000
10jqkaflus: folds 
Yasuke17: calls 1000
*** FLOP *** [3d Th 7s]
Yasuke17: checks 
Salgari8: checks 
*** TURN *** [3d Th 7s] [Jh]
Yasuke17: checks 
Salgari8: bets 2500
Yasuke17: folds 
Uncalled bet (2500) returned to Salgari8
Salgari8 collected 5500 from pot
Salgari8: doesn't show hand 
*** SUMMARY ***
Total pot 5500 | Rake 0 
Board [3d Th 7s Jh]
Seat 1: 10jqkaflus (small blind) folded before Flop
Seat 2: Yasuke17 (big blind) folded on the Turn
Seat 3: Anton280395 folded before Flop (didn't bet)
Seat 4: MestreKÓ folded before Flop (didn't bet)
Seat 5: Gabrielfs13 folded before Flop (didn't bet)
Seat 6: ARCHIBALD.IT folded before Flop (didn't bet)
Seat 7: heol21 folded before Flop (didn't bet)
Seat 8: Salgari8 (button) collected (5500)



PokerStars Hand #257021416331: Tournament #3907052749, $10+$10+$2 USD Hold'em No Limit - Level X (500/1000) - 2025/07/20 13:15:56 BRT [2025/07/20 12:15:56 ET]
Table '3907052749 202' 8-max Seat #1 is the button
Seat 1: 10jqkaflus (25862 in chips) 
Seat 2: Yasuke17 (22770 in chips) 
Seat 3: Anton280395 (37093 in chips) 
Seat 4: MestreKÓ (94000 in chips) 
Seat 5: Gabrielfs13 (24775 in chips) 
Seat 6: ARCHIBALD.IT (24875 in chips) 
Seat 7: heol21 (19679 in chips) 
Seat 8: Salgari8 (35930 in chips) 
10jqkaflus: posts the ante 125
Yasuke17: posts the ante 125
Anton280395: posts the ante 125
MestreKÓ: posts the ante 125
Gabrielfs13: posts the ante 125
ARCHIBALD.IT: posts the ante 125
heol21: posts the ante 125
Salgari8: posts the ante 125
Yasuke17: posts small blind 500
Anton280395: posts big blind 1000
*** HOLE CARDS ***
Dealt to Gabrielfs13 [Kd Qs]
MestreKÓ: folds 
Gabrielfs13: raises 1000 to 2000
ARCHIBALD.IT: folds 
heol21: folds 
Salgari8: calls 2000
10jqkaflus: raises 23737 to 25737 and is all-in
Yasuke17: folds 
Anton280395: folds 
Gabrielfs13: calls 22650 and is all-in
Salgari8: folds 
Uncalled bet (1087) returned to 10jqkaflus
*** FLOP *** [8s 3c 3s]
*** TURN *** [8s 3c 3s] [7s]
*** RIVER *** [8s 3c 3s 7s] [2h]
*** SHOW DOWN ***
Gabrielfs13: shows [Kd Qs] (a pair of Threes)
10jqkaflus: shows [Ac Js] (a pair of Threes - Ace kicker)
10jqkaflus collected 53800 from pot
Gabrielfs13 finished the tournament
*** SUMMARY ***
Total pot 53800 | Rake 0 
Board [8s 3c 3s 7s 2h]
Seat 1: 10jqkaflus (button) showed [Ac Js] and won (53800) with a pair of Threes
Seat 2: Yasuke17 (small blind) folded before Flop
Seat 3: Anton280395 (big blind) folded before Flop
Seat 4: MestreKÓ folded before Flop (didn't bet)
Seat 5: Gabrielfs13 showed [Kd Qs] and lost with a pair of Threes
Seat 6: ARCHIBALD.IT folded before Flop (didn't bet)
Seat 7: heol21 folded before Flop (didn't bet)
Seat 8: Salgari8 folded before Flop



