PokerStars Hand #257110331462: Tournament #3911958625, $4.80+$5.00+$1.20 USD Hold'em No Limit - Level I (15/30) - 2025/07/27 14:14:59 BRT [2025/07/27 13:14:59 ET]
Table '3911958625 1' 8-max Seat #1 is the button
Seat 1: BigTriss (5000 in chips, $5 bounty) 
Seat 2: Fis01 (5000 in chips, $5 bounty) 
Seat 3: villelajoao (5000 in chips, $5 bounty) 
Seat 4: Gabrielfs13 (5000 in chips, $5 bounty) 
Seat 5: xNalikx (5000 in chips, $5 bounty) 
Seat 6: perrynell (5000 in chips, $5 bounty) 
Seat 7: TopTwix (5000 in chips, $5 bounty) 
Seat 8: temeteron320 (5000 in chips, $5 bounty) 
BigTriss: posts the ante 4
Fis01: posts the ante 4
villelajoao: posts the ante 4
Gabrielfs13: posts the ante 4
xNalikx: posts the ante 4
perrynell: posts the ante 4
TopTwix: posts the ante 4
temeteron320: posts the ante 4
Fis01: posts small blind 15
villelajoao: posts big blind 30
*** HOLE CARDS ***
Dealt to Gabrielfs13 [5d Kh]
temeteron320 is disconnected 
Gabrielfs13: folds 
xNalikx: raises 30 to 60
perrynell: folds 
TopTwix: folds 
temeteron320: raises 30 to 90
BigTriss: folds 
Fis01: calls 75
villelajoao: folds 
xNalikx: raises 30 to 120
temeteron320: calls 30
Fis01: calls 30
*** FLOP *** [Kc 4s 3c]
Fis01: checks 
xNalikx: bets 165
temeteron320: folds 
Fis01: calls 165
*** TURN *** [Kc 4s 3c] [Ah]
Fis01: checks 
xNalikx: bets 489
Fis01: folds 
Uncalled bet (489) returned to xNalikx
xNalikx collected 752 from pot
xNalikx: doesn't show hand 
*** SUMMARY ***
Total pot 752 | Rake 0 
Board [Kc 4s 3c Ah]
Seat 1: BigTriss (button) folded before Flop (didn't bet)
Seat 2: Fis01 (small blind) folded on the Turn
Seat 3: villelajoao (big blind) folded before Flop
Seat 4: Gabrielfs13 folded before Flop (didn't bet)
Seat 5: xNalikx collected (752)
Seat 6: perrynell folded before Flop (didn't bet)
Seat 7: TopTwix folded before Flop (didn't bet)
Seat 8: temeteron320 folded on the Flop



PokerStars Hand #257110355862: Tournament #3911958625, $4.80+$5.00+$1.20 USD Hold'em No Limit - Level I (15/30) - 2025/07/27 14:16:43 BRT [2025/07/27 13:16:43 ET]
Table '3911958625 1' 8-max Seat #2 is the button
Seat 1: BigTriss (4996 in chips, $5 bounty) 
Seat 2: Fis01 (4711 in chips, $5 bounty) 
Seat 3: villelajoao (4966 in chips, $5 bounty) 
Seat 4: Gabrielfs13 (4996 in chips, $5 bounty) 
Seat 5: xNalikx (5463 in chips, $5 bounty) 
Seat 6: perrynell (4996 in chips, $5 bounty) 
Seat 7: TopTwix (4996 in chips, $5 bounty) 
Seat 8: temeteron320 (4876 in chips, $5 bounty) 
BigTriss: posts the ante 4
Fis01: posts the ante 4
villelajoao: posts the ante 4
Gabrielfs13: posts the ante 4
xNalikx: posts the ante 4
perrynell: posts the ante 4
TopTwix: posts the ante 4
temeteron320: posts the ante 4
villelajoao: posts small blind 15
Gabrielfs13: posts big blind 30
*** HOLE CARDS ***
Dealt to Gabrielfs13 [Ac Ts]
xNalikx: raises 30 to 60
perrynell: folds 
TopTwix: calls 60
temeteron320: folds 
BigTriss: calls 60
Fis01: folds 
villelajoao: folds 
Gabrielfs13: calls 30
*** FLOP *** [9s 7h Jh]
Gabrielfs13: checks 
xNalikx: checks 
TopTwix: checks 
BigTriss: bets 30
Gabrielfs13: calls 30
xNalikx: calls 30
TopTwix: calls 30
*** TURN *** [9s 7h Jh] [3h]
Gabrielfs13: checks 
xNalikx: checks 
TopTwix: checks 
BigTriss: checks 
*** RIVER *** [9s 7h Jh 3h] [2s]
Gabrielfs13: checks 
xNalikx: checks 
TopTwix: checks 
BigTriss: checks 
*** SHOW DOWN ***
Gabrielfs13: shows [Ac Ts] (high card Ace)
xNalikx: shows [9d Td] (a pair of Nines)
TopTwix: mucks hand 
BigTriss: mucks hand 
xNalikx collected 407 from pot
*** SUMMARY ***
Total pot 407 | Rake 0 
Board [9s 7h Jh 3h 2s]
Seat 1: BigTriss mucked [Kd Tc]
Seat 2: Fis01 (button) folded before Flop (didn't bet)
Seat 3: villelajoao (small blind) folded before Flop
Seat 4: Gabrielfs13 (big blind) showed [Ac Ts] and lost with high card Ace
Seat 5: xNalikx showed [9d Td] and won (407) with a pair of Nines
Seat 6: perrynell folded before Flop (didn't bet)
Seat 7: TopTwix mucked [5h 5c]
Seat 8: temeteron320 folded before Flop (didn't bet)



PokerStars Hand #257110389264: Tournament #3911958625, $4.80+$5.00+$1.20 USD Hold'em No Limit - Level I (15/30) - 2025/07/27 14:19:04 BRT [2025/07/27 13:19:04 ET]
Table '3911958625 1' 8-max Seat #3 is the button
Seat 1: BigTriss (4902 in chips, $5 bounty) 
Seat 2: Fis01 (4707 in chips, $5 bounty) 
Seat 3: villelajoao (4947 in chips, $5 bounty) 
Seat 4: Gabrielfs13 (4902 in chips, $5 bounty) 
Seat 6: perrynell (4992 in chips, $5 bounty) 
Seat 7: TopTwix (4902 in chips, $5 bounty) 
Seat 8: temeteron320 (4872 in chips, $5 bounty) 
BigTriss: posts the ante 4
Fis01: posts the ante 4
villelajoao: posts the ante 4
Gabrielfs13: posts the ante 4
perrynell: posts the ante 4
TopTwix: posts the ante 4
temeteron320: posts the ante 4
Gabrielfs13: posts small blind 15
perrynell: posts big blind 30
*** HOLE CARDS ***
Dealt to Gabrielfs13 [8d As]
TopTwix: folds 
temeteron320: folds 
Tachurc is disconnected 
BigTriss: raises 30 to 60
Fis01: folds 
villelajoao: folds 
Gabrielfs13: calls 45
perrynell: calls 30
*** FLOP *** [Qc 6s Ah]
Gabrielfs13: bets 69
perrynell: folds 
BigTriss: calls 69
*** TURN *** [Qc 6s Ah] [9h]
Gabrielfs13: bets 173
BigTriss: calls 173
*** RIVER *** [Qc 6s Ah 9h] [Td]
Gabrielfs13: checks 
BigTriss: bets 228
Gabrielfs13: calls 228
*** SHOW DOWN ***
BigTriss: shows [Qh Th] (two pair, Queens and Tens)
Gabrielfs13: mucks hand 
BigTriss collected 1148 from pot
*** SUMMARY ***
Total pot 1148 | Rake 0 
Board [Qc 6s Ah 9h Td]
Seat 1: BigTriss showed [Qh Th] and won (1148) with two pair, Queens and Tens
Seat 2: Fis01 folded before Flop (didn't bet)
Seat 3: villelajoao (button) folded before Flop (didn't bet)
Seat 4: Gabrielfs13 (small blind) mucked [8d As]
Seat 6: perrynell (big blind) folded on the Flop
Seat 7: TopTwix folded before Flop (didn't bet)
Seat 8: temeteron320 folded before Flop (didn't bet)



PokerStars Hand #257110407792: Tournament #3911958625, $4.80+$5.00+$1.20 USD Hold'em No Limit - Level II (20/40) - 2025/07/27 14:20:23 BRT [2025/07/27 13:20:23 ET]
Table '3911958625 1' 8-max Seat #4 is the button
Seat 1: BigTriss (5516 in chips, $5 bounty) 
Seat 2: Fis01 (4703 in chips, $5 bounty) 
Seat 3: villelajoao (4943 in chips, $5 bounty) 
Seat 4: Gabrielfs13 (4368 in chips, $5 bounty) 
Seat 5: Tachurc (5000 in chips) out of hand (moved from another table into small blind)
Seat 6: perrynell (4928 in chips, $5 bounty) 
Seat 7: TopTwix (4898 in chips, $5 bounty) 
Seat 8: temeteron320 (4868 in chips, $5 bounty) 
Tachurc will be allowed to play after the button
BigTriss: posts the ante 5
Fis01: posts the ante 5
villelajoao: posts the ante 5
Gabrielfs13: posts the ante 5
perrynell: posts the ante 5
TopTwix: posts the ante 5
temeteron320: posts the ante 5
perrynell: posts small blind 20
TopTwix: posts big blind 40
*** HOLE CARDS ***
Dealt to Gabrielfs13 [Ah Qs]
temeteron320: folds 
BigTriss: folds 
Fis01: folds 
villelajoao: folds 
Gabrielfs13: raises 40 to 80
perrynell: folds 
TopTwix: calls 40
*** FLOP *** [9c 6h Jd]
TopTwix: checks 
Gabrielfs13: bets 71
TopTwix: raises 186 to 257
Gabrielfs13: calls 186
*** TURN *** [9c 6h Jd] [Kd]
TopTwix: bets 379
Gabrielfs13: calls 379
*** RIVER *** [9c 6h Jd Kd] [3s]
TopTwix: bets 1145
Gabrielfs13: folds 
Uncalled bet (1145) returned to TopTwix
TopTwix collected 1487 from pot
TopTwix: doesn't show hand 
*** SUMMARY ***
Total pot 1487 | Rake 0 
Board [9c 6h Jd Kd 3s]
Seat 1: BigTriss folded before Flop (didn't bet)
Seat 2: Fis01 folded before Flop (didn't bet)
Seat 3: villelajoao folded before Flop (didn't bet)
Seat 4: Gabrielfs13 (button) folded on the River
Seat 6: perrynell (small blind) folded before Flop
Seat 7: TopTwix (big blind) collected (1487)
Seat 8: temeteron320 folded before Flop (didn't bet)



PokerStars Hand #257110426594: Tournament #3911958625, $4.80+$5.00+$1.20 USD Hold'em No Limit - Level II (20/40) - 2025/07/27 14:21:41 BRT [2025/07/27 13:21:41 ET]
Table '3911958625 1' 8-max Seat #6 is the button
Seat 1: BigTriss (5511 in chips, $5 bounty) 
Seat 2: Fis01 (4698 in chips, $5 bounty) 
Seat 3: villelajoao (4938 in chips, $5 bounty) 
Seat 4: Gabrielfs13 (3647 in chips, $5 bounty) 
Seat 5: Tachurc (5000 in chips, $5 bounty) 
Seat 6: perrynell (4903 in chips, $5 bounty) 
Seat 7: TopTwix (5664 in chips, $5 bounty) 
Seat 8: temeteron320 (4863 in chips, $5 bounty) 
BigTriss: posts the ante 5
Fis01: posts the ante 5
villelajoao: posts the ante 5
Gabrielfs13: posts the ante 5
Tachurc: posts the ante 5
perrynell: posts the ante 5
TopTwix: posts the ante 5
temeteron320: posts the ante 5
TopTwix: posts small blind 20
temeteron320: posts big blind 40
*** HOLE CARDS ***
Dealt to Gabrielfs13 [Th 2h]
BigTriss: folds 
Fis01: folds 
villelajoao: folds 
Gabrielfs13: folds 
Tachurc: raises 60 to 100
perrynell: calls 100
TopTwix: folds 
temeteron320: folds 
*** FLOP *** [6h 2s 7d]
Tachurc: checks 
perrynell: bets 280
Tachurc: calls 280
*** TURN *** [6h 2s 7d] [9c]
Tachurc: checks 
perrynell: bets 473
Tachurc: calls 473
*** RIVER *** [6h 2s 7d 9c] [Jd]
Tachurc: checks 
perrynell: checks 
*** SHOW DOWN ***
Tachurc: shows [Qs Qd] (a pair of Queens)
perrynell: mucks hand 
Tachurc collected 1806 from pot
*** SUMMARY ***
Total pot 1806 | Rake 0 
Board [6h 2s 7d 9c Jd]
Seat 1: BigTriss folded before Flop (didn't bet)
Seat 2: Fis01 folded before Flop (didn't bet)
Seat 3: villelajoao folded before Flop (didn't bet)
Seat 4: Gabrielfs13 folded before Flop (didn't bet)
Seat 5: Tachurc showed [Qs Qd] and won (1806) with a pair of Queens
Seat 6: perrynell (button) mucked [7c Ac]
Seat 7: TopTwix (small blind) folded before Flop
Seat 8: temeteron320 (big blind) folded before Flop



PokerStars Hand #257110443364: Tournament #3911958625, $4.80+$5.00+$1.20 USD Hold'em No Limit - Level II (20/40) - 2025/07/27 14:22:53 BRT [2025/07/27 13:22:53 ET]
Table '3911958625 1' 8-max Seat #7 is the button
Seat 1: BigTriss (5506 in chips, $5 bounty) 
Seat 2: Fis01 (4693 in chips, $5 bounty) 
Seat 3: villelajoao (4933 in chips, $5 bounty) 
Seat 4: Gabrielfs13 (3642 in chips, $5 bounty) 
Seat 5: Tachurc (5948 in chips, $5 bounty) 
Seat 6: perrynell (4045 in chips, $5 bounty) 
Seat 7: TopTwix (5639 in chips, $5 bounty) 
Seat 8: temeteron320 (4818 in chips, $5 bounty) 
BigTriss: posts the ante 5
Fis01: posts the ante 5
villelajoao: posts the ante 5
Gabrielfs13: posts the ante 5
Tachurc: posts the ante 5
perrynell: posts the ante 5
TopTwix: posts the ante 5
temeteron320: posts the ante 5
temeteron320: posts small blind 20
BigTriss: posts big blind 40
*** HOLE CARDS ***
Dealt to Gabrielfs13 [Tc 4d]
Fis01: folds 
villelajoao: raises 40 to 80
Gabrielfs13: folds 
Tachurc: folds 
perrynell: folds 
TopTwix: folds 
temeteron320: folds 
BigTriss: folds 
Uncalled bet (40) returned to villelajoao
villelajoao collected 140 from pot
villelajoao: doesn't show hand 
*** SUMMARY ***
Total pot 140 | Rake 0 
Seat 1: BigTriss (big blind) folded before Flop
Seat 2: Fis01 folded before Flop (didn't bet)
Seat 3: villelajoao collected (140)
Seat 4: Gabrielfs13 folded before Flop (didn't bet)
Seat 5: Tachurc folded before Flop (didn't bet)
Seat 6: perrynell folded before Flop (didn't bet)
Seat 7: TopTwix (button) folded before Flop (didn't bet)
Seat 8: temeteron320 (small blind) folded before Flop



PokerStars Hand #257110447585: Tournament #3911958625, $4.80+$5.00+$1.20 USD Hold'em No Limit - Level II (20/40) - 2025/07/27 14:23:10 BRT [2025/07/27 13:23:10 ET]
Table '3911958625 1' 8-max Seat #8 is the button
Seat 1: BigTriss (5461 in chips, $5 bounty) 
Seat 2: Fis01 (4688 in chips, $5 bounty) 
Seat 3: villelajoao (5028 in chips, $5 bounty) 
Seat 4: Gabrielfs13 (3637 in chips, $5 bounty) 
Seat 5: Tachurc (5943 in chips, $5 bounty) 
Seat 6: perrynell (4040 in chips, $5 bounty) 
Seat 7: TopTwix (5634 in chips, $5 bounty) 
Seat 8: temeteron320 (4793 in chips, $5 bounty) 
BigTriss: posts the ante 5
Fis01: posts the ante 5
villelajoao: posts the ante 5
Gabrielfs13: posts the ante 5
Tachurc: posts the ante 5
perrynell: posts the ante 5
TopTwix: posts the ante 5
temeteron320: posts the ante 5
BigTriss: posts small blind 20
Fis01: posts big blind 40
*** HOLE CARDS ***
Dealt to Gabrielfs13 [9h 2d]
villelajoao: folds 
Gabrielfs13: folds 
Tachurc: raises 40 to 80
perrynell: folds 
TopTwix: folds 
temeteron320: raises 260 to 340
BigTriss: folds 
Fis01: raises 600 to 940
Tachurc: folds 
temeteron320: folds 
Uncalled bet (600) returned to Fis01
Fis01 collected 820 from pot
*** SUMMARY ***
Total pot 820 | Rake 0 
Seat 1: BigTriss (small blind) folded before Flop
Seat 2: Fis01 (big blind) collected (820)
Seat 3: villelajoao folded before Flop (didn't bet)
Seat 4: Gabrielfs13 folded before Flop (didn't bet)
Seat 5: Tachurc folded before Flop
Seat 6: perrynell folded before Flop (didn't bet)
Seat 7: TopTwix folded before Flop (didn't bet)
Seat 8: temeteron320 (button) folded before Flop



PokerStars Hand #257110463560: Tournament #3911958625, $4.80+$5.00+$1.20 USD Hold'em No Limit - Level II (20/40) - 2025/07/27 14:24:18 BRT [2025/07/27 13:24:18 ET]
Table '3911958625 1' 8-max Seat #1 is the button
Seat 1: BigTriss (5436 in chips, $5 bounty) 
Seat 2: Fis01 (5163 in chips, $5 bounty) 
Seat 4: Gabrielfs13 (3632 in chips, $5 bounty) 
Seat 5: Tachurc (5858 in chips, $5 bounty) 
Seat 6: perrynell (4035 in chips, $5 bounty) 
Seat 7: TopTwix (5629 in chips, $5 bounty) 
Seat 8: temeteron320 (4448 in chips, $5 bounty) 
BigTriss: posts the ante 5
Fis01: posts the ante 5
Gabrielfs13: posts the ante 5
Tachurc: posts the ante 5
perrynell: posts the ante 5
TopTwix: posts the ante 5
temeteron320: posts the ante 5
Fis01: posts small blind 20
Gabrielfs13: posts big blind 40
*** HOLE CARDS ***
Dealt to Gabrielfs13 [5h 2c]
Tachurc: folds 
joaoroza52 is disconnected 
perrynell: folds 
TopTwix: folds 
temeteron320: raises 80 to 120
BigTriss: calls 120
Fis01: folds 
Gabrielfs13: folds 
*** FLOP *** [Qs Ah 8d]
temeteron320: bets 168
BigTriss: folds 
Uncalled bet (168) returned to temeteron320
temeteron320 collected 335 from pot
temeteron320: doesn't show hand 
*** SUMMARY ***
Total pot 335 | Rake 0 
Board [Qs Ah 8d]
Seat 1: BigTriss (button) folded on the Flop
Seat 2: Fis01 (small blind) folded before Flop
Seat 4: Gabrielfs13 (big blind) folded before Flop
Seat 5: Tachurc folded before Flop (didn't bet)
Seat 6: perrynell folded before Flop (didn't bet)
Seat 7: TopTwix folded before Flop (didn't bet)
Seat 8: temeteron320 collected (335)



PokerStars Hand #257110477276: Tournament #3911958625, $4.80+$5.00+$1.20 USD Hold'em No Limit - Level III (25/50) - 2025/07/27 14:25:15 BRT [2025/07/27 13:25:15 ET]
Table '3911958625 1' 8-max Seat #2 is the button
Seat 1: BigTriss (5311 in chips, $5 bounty) 
Seat 2: Fis01 (5138 in chips, $5 bounty) 
Seat 3: joaoroza52 (5000 in chips) out of hand (moved from another table into small blind)
Seat 4: Gabrielfs13 (3587 in chips, $5 bounty) 
Seat 5: Tachurc (5853 in chips, $5 bounty) 
Seat 6: perrynell (4030 in chips, $5 bounty) 
Seat 7: TopTwix (5624 in chips, $5 bounty) 
Seat 8: temeteron320 (4658 in chips, $5 bounty) 
joaoroza52 will be allowed to play after the button
BigTriss: posts the ante 6
Fis01: posts the ante 6
Gabrielfs13: posts the ante 6
Tachurc: posts the ante 6
perrynell: posts the ante 6
TopTwix: posts the ante 6
temeteron320: posts the ante 6
Gabrielfs13: posts small blind 25
Tachurc: posts big blind 50
*** HOLE CARDS ***
Dealt to Gabrielfs13 [5c 7c]
perrynell: folds 
TopTwix: folds 
temeteron320: calls 50
BigTriss: folds 
Fis01: folds 
Gabrielfs13: calls 25
Tachurc: checks 
*** FLOP *** [2c Ah 5h]
Gabrielfs13: checks 
Tachurc: checks 
temeteron320: checks 
*** TURN *** [2c Ah 5h] [Qh]
Gabrielfs13: checks 
Tachurc: checks 
temeteron320: bets 100
Gabrielfs13: calls 100
Tachurc: folds 
*** RIVER *** [2c Ah 5h Qh] [Ad]
Gabrielfs13: checks 
temeteron320: checks 
*** SHOW DOWN ***
Gabrielfs13: shows [5c 7c] (two pair, Aces and Fives)
temeteron320: shows [9d Qs] (two pair, Aces and Queens)
temeteron320 collected 392 from pot
*** SUMMARY ***
Total pot 392 | Rake 0 
Board [2c Ah 5h Qh Ad]
Seat 1: BigTriss folded before Flop (didn't bet)
Seat 2: Fis01 (button) folded before Flop (didn't bet)
Seat 4: Gabrielfs13 (small blind) showed [5c 7c] and lost with two pair, Aces and Fives
Seat 5: Tachurc (big blind) folded on the Turn
Seat 6: perrynell folded before Flop (didn't bet)
Seat 7: TopTwix folded before Flop (didn't bet)
Seat 8: temeteron320 showed [9d Qs] and won (392) with two pair, Aces and Queens



PokerStars Hand #257110490701: Tournament #3911958625, $4.80+$5.00+$1.20 USD Hold'em No Limit - Level III (25/50) - 2025/07/27 14:26:12 BRT [2025/07/27 13:26:12 ET]
Table '3911958625 1' 8-max Seat #4 is the button
Seat 1: BigTriss (5305 in chips, $5 bounty) 
Seat 2: Fis01 (5132 in chips, $5 bounty) 
Seat 3: joaoroza52 (5000 in chips, $5 bounty) 
Seat 4: Gabrielfs13 (3431 in chips, $5 bounty) 
Seat 5: Tachurc (5797 in chips, $5 bounty) 
Seat 6: perrynell (4024 in chips, $5 bounty) 
Seat 7: TopTwix (5618 in chips, $5 bounty) 
Seat 8: temeteron320 (4894 in chips, $5 bounty) 
BigTriss: posts the ante 6
Fis01: posts the ante 6
joaoroza52: posts the ante 6
Gabrielfs13: posts the ante 6
Tachurc: posts the ante 6
perrynell: posts the ante 6
TopTwix: posts the ante 6
temeteron320: posts the ante 6
Tachurc: posts small blind 25
perrynell: posts big blind 50
*** HOLE CARDS ***
Dealt to Gabrielfs13 [7s Tc]
TopTwix: folds 
temeteron320: folds 
BigTriss: folds 
Fis01: folds 
joaoroza52: raises 50 to 100
Gabrielfs13: folds 
Tachurc: folds 
perrynell: folds 
Uncalled bet (50) returned to joaoroza52
joaoroza52 collected 173 from pot
joaoroza52: doesn't show hand 
*** SUMMARY ***
Total pot 173 | Rake 0 
Seat 1: BigTriss folded before Flop (didn't bet)
Seat 2: Fis01 folded before Flop (didn't bet)
Seat 3: joaoroza52 collected (173)
Seat 4: Gabrielfs13 (button) folded before Flop (didn't bet)
Seat 5: Tachurc (small blind) folded before Flop
Seat 6: perrynell (big blind) folded before Flop
Seat 7: TopTwix folded before Flop (didn't bet)
Seat 8: temeteron320 folded before Flop (didn't bet)



PokerStars Hand #257110496344: Tournament #3911958625, $4.80+$5.00+$1.20 USD Hold'em No Limit - Level III (25/50) - 2025/07/27 14:26:35 BRT [2025/07/27 13:26:35 ET]
Table '3911958625 1' 8-max Seat #5 is the button
Seat 1: BigTriss (5299 in chips, $5 bounty) 
Seat 2: Fis01 (5126 in chips, $5 bounty) 
Seat 3: joaoroza52 (5117 in chips, $5 bounty) 
Seat 4: Gabrielfs13 (3425 in chips, $5 bounty) 
Seat 5: Tachurc (5766 in chips, $5 bounty) 
Seat 6: perrynell (3968 in chips, $5 bounty) 
Seat 7: TopTwix (5612 in chips, $5 bounty) 
Seat 8: temeteron320 (4888 in chips, $5 bounty) 
BigTriss: posts the ante 6
Fis01: posts the ante 6
joaoroza52: posts the ante 6
Gabrielfs13: posts the ante 6
Tachurc: posts the ante 6
perrynell: posts the ante 6
TopTwix: posts the ante 6
temeteron320: posts the ante 6
perrynell: posts small blind 25
TopTwix: posts big blind 50
*** HOLE CARDS ***
Dealt to Gabrielfs13 [6c Td]
temeteron320 has timed out
temeteron320: folds 
temeteron320 is sitting out
BigTriss: folds 
Fis01: folds 
joaoroza52: folds 
Gabrielfs13: folds 
Tachurc: raises 50 to 100
perrynell: folds 
TopTwix: folds 
Uncalled bet (50) returned to Tachurc
Tachurc collected 173 from pot
Tachurc: doesn't show hand 
*** SUMMARY ***
Total pot 173 | Rake 0 
Seat 1: BigTriss folded before Flop (didn't bet)
Seat 2: Fis01 folded before Flop (didn't bet)
Seat 3: joaoroza52 folded before Flop (didn't bet)
Seat 4: Gabrielfs13 folded before Flop (didn't bet)
Seat 5: Tachurc (button) collected (173)
Seat 6: perrynell (small blind) folded before Flop
Seat 7: TopTwix (big blind) folded before Flop
Seat 8: temeteron320 folded before Flop (didn't bet)



PokerStars Hand #257110507011: Tournament #3911958625, $4.80+$5.00+$1.20 USD Hold'em No Limit - Level III (25/50) - 2025/07/27 14:27:20 BRT [2025/07/27 13:27:20 ET]
Table '3911958625 1' 8-max Seat #6 is the button
Seat 1: BigTriss (5293 in chips, $5 bounty) 
Seat 2: Fis01 (5120 in chips, $5 bounty) 
Seat 3: joaoroza52 (5111 in chips, $5 bounty) 
Seat 4: Gabrielfs13 (3419 in chips, $5 bounty) 
Seat 5: Tachurc (5883 in chips, $5 bounty) 
Seat 6: perrynell (3937 in chips, $5 bounty) 
Seat 7: TopTwix (5556 in chips, $5 bounty) 
Seat 8: temeteron320 (4882 in chips, $5 bounty) is sitting out
BigTriss: posts the ante 6
Fis01: posts the ante 6
joaoroza52: posts the ante 6
Gabrielfs13: posts the ante 6
Tachurc: posts the ante 6
perrynell: posts the ante 6
TopTwix: posts the ante 6
temeteron320: posts the ante 6
TopTwix: posts small blind 25
temeteron320: posts big blind 50
*** HOLE CARDS ***
Dealt to Gabrielfs13 [Ks 7h]
temeteron320 has returned
BigTriss: folds 
Fis01: folds 
joaoroza52: folds 
Gabrielfs13: folds 
Tachurc: raises 75 to 125
perrynell: folds 
TopTwix: folds 
temeteron320: calls 75
*** FLOP *** [Qh Td 3d]
temeteron320: checks 
Tachurc: checks 
*** TURN *** [Qh Td 3d] [8s]
temeteron320: bets 250
Tachurc: folds 
Uncalled bet (250) returned to temeteron320
temeteron320 collected 323 from pot
temeteron320: doesn't show hand 
*** SUMMARY ***
Total pot 323 | Rake 0 
Board [Qh Td 3d 8s]
Seat 1: BigTriss folded before Flop (didn't bet)
Seat 2: Fis01 folded before Flop (didn't bet)
Seat 3: joaoroza52 folded before Flop (didn't bet)
Seat 4: Gabrielfs13 folded before Flop (didn't bet)
Seat 5: Tachurc folded on the Turn
Seat 6: perrynell (button) folded before Flop (didn't bet)
Seat 7: TopTwix (small blind) folded before Flop
Seat 8: temeteron320 (big blind) collected (323)



PokerStars Hand #257110518584: Tournament #3911958625, $4.80+$5.00+$1.20 USD Hold'em No Limit - Level III (25/50) - 2025/07/27 14:28:09 BRT [2025/07/27 13:28:09 ET]
Table '3911958625 1' 8-max Seat #7 is the button
Seat 1: BigTriss (5287 in chips, $5 bounty) 
Seat 2: Fis01 (5114 in chips, $5 bounty) 
Seat 3: joaoroza52 (5105 in chips, $5 bounty) 
Seat 4: Gabrielfs13 (3413 in chips, $5 bounty) 
Seat 5: Tachurc (5752 in chips, $5 bounty) 
Seat 6: perrynell (3931 in chips, $5 bounty) 
Seat 7: TopTwix (5525 in chips, $5 bounty) 
Seat 8: temeteron320 (5074 in chips, $5 bounty) 
BigTriss: posts the ante 6
Fis01: posts the ante 6
joaoroza52: posts the ante 6
Gabrielfs13: posts the ante 6
Tachurc: posts the ante 6
perrynell: posts the ante 6
TopTwix: posts the ante 6
temeteron320: posts the ante 6
temeteron320: posts small blind 25
BigTriss: posts big blind 50
*** HOLE CARDS ***
Dealt to Gabrielfs13 [Ac 8s]
Fis01: folds 
joaoroza52: folds 
Gabrielfs13: raises 50 to 100
Tachurc: folds 
perrynell: folds 
TopTwix: folds 
temeteron320: calls 75
BigTriss: raises 300 to 400
Gabrielfs13: folds 
temeteron320: folds 
Uncalled bet (300) returned to BigTriss
BigTriss collected 348 from pot
BigTriss: doesn't show hand 
*** SUMMARY ***
Total pot 348 | Rake 0 
Seat 1: BigTriss (big blind) collected (348)
Seat 2: Fis01 folded before Flop (didn't bet)
Seat 3: joaoroza52 folded before Flop (didn't bet)
Seat 4: Gabrielfs13 folded before Flop
Seat 5: Tachurc folded before Flop (didn't bet)
Seat 6: perrynell folded before Flop (didn't bet)
Seat 7: TopTwix (button) folded before Flop (didn't bet)
Seat 8: temeteron320 (small blind) folded before Flop



PokerStars Hand #257110527917: Tournament #3911958625, $4.80+$5.00+$1.20 USD Hold'em No Limit - Level III (25/50) - 2025/07/27 14:28:49 BRT [2025/07/27 13:28:49 ET]
Table '3911958625 1' 8-max Seat #8 is the button
Seat 1: BigTriss (5529 in chips, $5 bounty) 
Seat 2: Fis01 (5108 in chips, $5 bounty) 
Seat 3: joaoroza52 (5099 in chips, $5 bounty) 
Seat 4: Gabrielfs13 (3307 in chips, $5 bounty) 
Seat 5: Tachurc (5746 in chips, $5 bounty) 
Seat 6: perrynell (3925 in chips, $5 bounty) 
Seat 7: TopTwix (5519 in chips, $5 bounty) 
Seat 8: temeteron320 (4968 in chips, $5 bounty) 
BigTriss: posts the ante 6
Fis01: posts the ante 6
joaoroza52: posts the ante 6
Gabrielfs13: posts the ante 6
Tachurc: posts the ante 6
perrynell: posts the ante 6
TopTwix: posts the ante 6
temeteron320: posts the ante 6
BigTriss: posts small blind 25
Fis01: posts big blind 50
*** HOLE CARDS ***
Dealt to Gabrielfs13 [8h Jd]
joaoroza52: folds 
Gabrielfs13: folds 
Tachurc: folds 
perrynell: folds 
TopTwix: folds 
temeteron320: raises 50 to 100
BigTriss: folds 
Fis01: folds 
Uncalled bet (50) returned to temeteron320
temeteron320 collected 173 from pot
temeteron320: doesn't show hand 
*** SUMMARY ***
Total pot 173 | Rake 0 
Seat 1: BigTriss (small blind) folded before Flop
Seat 2: Fis01 (big blind) folded before Flop
Seat 3: joaoroza52 folded before Flop (didn't bet)
Seat 4: Gabrielfs13 folded before Flop (didn't bet)
Seat 5: Tachurc folded before Flop (didn't bet)
Seat 6: perrynell folded before Flop (didn't bet)
Seat 7: TopTwix folded before Flop (didn't bet)
Seat 8: temeteron320 (button) collected (173)



PokerStars Hand #257110537915: Tournament #3911958625, $4.80+$5.00+$1.20 USD Hold'em No Limit - Level III (25/50) - 2025/07/27 14:29:31 BRT [2025/07/27 13:29:31 ET]
Table '3911958625 1' 8-max Seat #1 is the button
Seat 1: BigTriss (5498 in chips, $5 bounty) 
Seat 2: Fis01 (5052 in chips, $5 bounty) 
Seat 4: Gabrielfs13 (3301 in chips, $5 bounty) 
Seat 5: Tachurc (5740 in chips, $5 bounty) 
Seat 6: perrynell (3919 in chips, $5 bounty) 
Seat 7: TopTwix (5513 in chips, $5 bounty) 
Seat 8: temeteron320 (5085 in chips, $5 bounty) 
BigTriss: posts the ante 6
Fis01: posts the ante 6
Gabrielfs13: posts the ante 6
Tachurc: posts the ante 6
perrynell: posts the ante 6
TopTwix: posts the ante 6
temeteron320: posts the ante 6
Fis01: posts small blind 25
Gabrielfs13: posts big blind 50
*** HOLE CARDS ***
Dealt to Gabrielfs13 [7s Qc]
Tachurc: folds 
perrynell: folds 
TopTwix: folds 
brutallzinho is disconnected 
temeteron320: raises 100 to 150
BigTriss: folds 
Fis01: folds 
Gabrielfs13: folds 
Uncalled bet (100) returned to temeteron320
temeteron320 collected 167 from pot
temeteron320: doesn't show hand 
*** SUMMARY ***
Total pot 167 | Rake 0 
Seat 1: BigTriss (button) folded before Flop (didn't bet)
Seat 2: Fis01 (small blind) folded before Flop
Seat 4: Gabrielfs13 (big blind) folded before Flop
Seat 5: Tachurc folded before Flop (didn't bet)
Seat 6: perrynell folded before Flop (didn't bet)
Seat 7: TopTwix folded before Flop (didn't bet)
Seat 8: temeteron320 collected (167)



PokerStars Hand #257110542490: Tournament #3911958625, $4.80+$5.00+$1.20 USD Hold'em No Limit - Level III (25/50) - 2025/07/27 14:29:50 BRT [2025/07/27 13:29:50 ET]
Table '3911958625 1' 8-max Seat #2 is the button
Seat 1: BigTriss (5492 in chips, $5 bounty) 
Seat 2: Fis01 (5021 in chips, $5 bounty) 
Seat 3: brutallzinho (5000 in chips) out of hand (moved from another table into small blind)
Seat 4: Gabrielfs13 (3245 in chips, $5 bounty) 
Seat 5: Tachurc (5734 in chips, $5 bounty) 
Seat 6: perrynell (3913 in chips, $5 bounty) 
Seat 7: TopTwix (5507 in chips, $5 bounty) 
Seat 8: temeteron320 (5196 in chips, $5 bounty) 
brutallzinho will be allowed to play after the button
BigTriss: posts the ante 6
Fis01: posts the ante 6
Gabrielfs13: posts the ante 6
Tachurc: posts the ante 6
perrynell: posts the ante 6
TopTwix: posts the ante 6
temeteron320: posts the ante 6
Gabrielfs13: posts small blind 25
Tachurc: posts big blind 50
*** HOLE CARDS ***
Dealt to Gabrielfs13 [4h 8c]
perrynell: folds 
TopTwix: folds 
temeteron320: folds 
BigTriss: folds 
Fis01: raises 50 to 100
Gabrielfs13: folds 
Tachurc: calls 50
*** FLOP *** [4d Td 8h]
Tachurc: checks 
Fis01: checks 
*** TURN *** [4d Td 8h] [4c]
Tachurc: bets 192
Fis01: calls 192
*** RIVER *** [4d Td 8h 4c] [As]
Tachurc: checks 
Fis01: checks 
*** SHOW DOWN ***
Tachurc: shows [Ks 3s] (a pair of Fours)
Fis01: shows [8d Qd] (two pair, Eights and Fours)
Fis01 collected 651 from pot
*** SUMMARY ***
Total pot 651 | Rake 0 
Board [4d Td 8h 4c As]
Seat 1: BigTriss folded before Flop (didn't bet)
Seat 2: Fis01 (button) showed [8d Qd] and won (651) with two pair, Eights and Fours
Seat 4: Gabrielfs13 (small blind) folded before Flop
Seat 5: Tachurc (big blind) showed [Ks 3s] and lost with a pair of Fours
Seat 6: perrynell folded before Flop (didn't bet)
Seat 7: TopTwix folded before Flop (didn't bet)
Seat 8: temeteron320 folded before Flop (didn't bet)



PokerStars Hand #257110565173: Tournament #3911958625, $4.80+$5.00+$1.20 USD Hold'em No Limit - Level IV (30/60) - 2025/07/27 14:31:25 BRT [2025/07/27 13:31:25 ET]
Table '3911958625 1' 8-max Seat #4 is the button
Seat 1: BigTriss (5486 in chips, $5 bounty) 
Seat 2: Fis01 (5374 in chips, $5 bounty) 
Seat 3: brutallzinho (5000 in chips, $5 bounty) 
Seat 4: Gabrielfs13 (3214 in chips, $5 bounty) 
Seat 5: Tachurc (5436 in chips, $5 bounty) 
Seat 6: perrynell (3907 in chips, $5 bounty) 
Seat 7: TopTwix (5501 in chips, $5 bounty) 
BigTriss: posts the ante 8
Fis01: posts the ante 8
brutallzinho: posts the ante 8
Gabrielfs13: posts the ante 8
Tachurc: posts the ante 8
perrynell: posts the ante 8
TopTwix: posts the ante 8
Tachurc: posts small blind 30
perrynell: posts big blind 60
*** HOLE CARDS ***
Dealt to Gabrielfs13 [6h 5d]
TopTwix: folds 
BigTriss: folds 
Fis01: folds 
brutallzinho: folds 
Heinomat is disconnected 
Gabrielfs13: folds 
Tachurc: raises 132 to 192
perrynell: calls 132
*** FLOP *** [9h 6s 6d]
Tachurc: bets 120
perrynell: raises 270 to 390
Tachurc: folds 
Uncalled bet (270) returned to perrynell
perrynell collected 680 from pot
perrynell: doesn't show hand 
*** SUMMARY ***
Total pot 680 | Rake 0 
Board [9h 6s 6d]
Seat 1: BigTriss folded before Flop (didn't bet)
Seat 2: Fis01 folded before Flop (didn't bet)
Seat 3: brutallzinho folded before Flop (didn't bet)
Seat 4: Gabrielfs13 (button) folded before Flop (didn't bet)
Seat 5: Tachurc (small blind) folded on the Flop
Seat 6: perrynell (big blind) collected (680)
Seat 7: TopTwix folded before Flop (didn't bet)



PokerStars Hand #257110576870: Tournament #3911958625, $4.80+$5.00+$1.20 USD Hold'em No Limit - Level IV (30/60) - 2025/07/27 14:32:13 BRT [2025/07/27 13:32:13 ET]
Table '3911958625 1' 8-max Seat #5 is the button
Seat 1: BigTriss (5478 in chips, $5 bounty) 
Seat 2: Fis01 (5366 in chips, $5 bounty) 
Seat 3: brutallzinho (4992 in chips, $5 bounty) 
Seat 4: Gabrielfs13 (3206 in chips, $5 bounty) 
Seat 5: Tachurc (5116 in chips, $5 bounty) 
Seat 6: perrynell (4267 in chips, $5 bounty) 
Seat 7: TopTwix (5493 in chips, $5 bounty) 
Seat 8: Heinomat (5000 in chips, $5 bounty) 
BigTriss: posts the ante 8
Fis01: posts the ante 8
brutallzinho: posts the ante 8
Gabrielfs13: posts the ante 8
Tachurc: posts the ante 8
perrynell: posts the ante 8
TopTwix: posts the ante 8
Heinomat: posts the ante 8
perrynell: posts small blind 30
TopTwix: posts big blind 60
*** HOLE CARDS ***
Dealt to Gabrielfs13 [Kh 9s]
Heinomat: folds 
BigTriss: raises 60 to 120
Fis01: folds 
brutallzinho: folds 
Gabrielfs13: folds 
Tachurc: folds 
perrynell: calls 90
TopTwix: calls 60
*** FLOP *** [2c 6c 3c]
perrynell: checks 
TopTwix: checks 
BigTriss: checks 
*** TURN *** [2c 6c 3c] [6h]
perrynell: checks 
TopTwix: checks 
BigTriss: checks 
*** RIVER *** [2c 6c 3c 6h] [5h]
perrynell: checks 
TopTwix: checks 
BigTriss: checks 
*** SHOW DOWN ***
perrynell: shows [8h Ah] (a pair of Sixes)
TopTwix: mucks hand 
BigTriss: shows [8s As] (a pair of Sixes)
perrynell collected 212 from pot
BigTriss collected 212 from pot
*** SUMMARY ***
Total pot 424 | Rake 0 
Board [2c 6c 3c 6h 5h]
Seat 1: BigTriss showed [8s As] and won (212) with a pair of Sixes
Seat 2: Fis01 folded before Flop (didn't bet)
Seat 3: brutallzinho folded before Flop (didn't bet)
Seat 4: Gabrielfs13 folded before Flop (didn't bet)
Seat 5: Tachurc (button) folded before Flop (didn't bet)
Seat 6: perrynell (small blind) showed [8h Ah] and won (212) with a pair of Sixes
Seat 7: TopTwix (big blind) mucked [Ts 7c]
Seat 8: Heinomat folded before Flop (didn't bet)



PokerStars Hand #257110609439: Tournament #3911958625, $4.80+$5.00+$1.20 USD Hold'em No Limit - Level IV (30/60) - 2025/07/27 14:34:28 BRT [2025/07/27 13:34:28 ET]
Table '3911958625 1' 8-max Seat #6 is the button
Seat 1: BigTriss (5562 in chips, $5 bounty) 
Seat 2: Fis01 (5358 in chips, $5 bounty) 
Seat 3: brutallzinho (4984 in chips, $5 bounty) 
Seat 4: Gabrielfs13 (3198 in chips, $5 bounty) 
Seat 5: Tachurc (5108 in chips, $5 bounty) 
Seat 6: perrynell (4351 in chips, $5 bounty) 
Seat 7: TopTwix (5365 in chips, $5 bounty) 
Seat 8: Heinomat (4992 in chips, $5 bounty) 
BigTriss: posts the ante 8
Fis01: posts the ante 8
brutallzinho: posts the ante 8
Gabrielfs13: posts the ante 8
Tachurc: posts the ante 8
perrynell: posts the ante 8
TopTwix: posts the ante 8
Heinomat: posts the ante 8
TopTwix: posts small blind 30
Heinomat: posts big blind 60
*** HOLE CARDS ***
Dealt to Gabrielfs13 [9h 3d]
BigTriss: folds 
Fis01: folds 
brutallzinho: folds 
Gabrielfs13 has timed out
Gabrielfs13: folds 
Gabrielfs13 is sitting out
Tachurc: raises 90 to 150
Gabrielfs13 has returned
perrynell: raises 330 to 480
TopTwix: folds 
Heinomat: folds 
Tachurc: calls 330
*** FLOP *** [6c 4h Ac]
Tachurc: checks 
perrynell: bets 368
Tachurc: calls 368
*** TURN *** [6c 4h Ac] [2c]
Tachurc: checks 
perrynell: bets 900
Tachurc: folds 
Uncalled bet (900) returned to perrynell
perrynell collected 1850 from pot
perrynell: doesn't show hand 
*** SUMMARY ***
Total pot 1850 | Rake 0 
Board [6c 4h Ac 2c]
Seat 1: BigTriss folded before Flop (didn't bet)
Seat 2: Fis01 folded before Flop (didn't bet)
Seat 3: brutallzinho folded before Flop (didn't bet)
Seat 4: Gabrielfs13 folded before Flop (didn't bet)
Seat 5: Tachurc folded on the Turn
Seat 6: perrynell (button) collected (1850)
Seat 7: TopTwix (small blind) folded before Flop
Seat 8: Heinomat (big blind) folded before Flop



PokerStars Hand #257110629936: Tournament #3911958625, $4.80+$5.00+$1.20 USD Hold'em No Limit - Level V (40/80) - 2025/07/27 14:35:53 BRT [2025/07/27 13:35:53 ET]
Table '3911958625 1' 8-max Seat #7 is the button
Seat 1: BigTriss (5554 in chips, $5 bounty) 
Seat 2: Fis01 (5350 in chips, $5 bounty) 
Seat 3: brutallzinho (4976 in chips, $5 bounty) 
Seat 4: Gabrielfs13 (3190 in chips, $5 bounty) 
Seat 5: Tachurc (4252 in chips, $5 bounty) 
Seat 6: perrynell (5345 in chips, $5 bounty) 
Seat 7: TopTwix (5327 in chips, $5 bounty) 
Seat 8: Heinomat (4924 in chips, $5 bounty) 
BigTriss: posts the ante 10
Fis01: posts the ante 10
brutallzinho: posts the ante 10
Gabrielfs13: posts the ante 10
Tachurc: posts the ante 10
perrynell: posts the ante 10
TopTwix: posts the ante 10
Heinomat: posts the ante 10
Heinomat: posts small blind 40
BigTriss: posts big blind 80
*** HOLE CARDS ***
Dealt to Gabrielfs13 [3h 5c]
Fis01: folds 
brutallzinho: folds 
Gabrielfs13: folds 
Tachurc: folds 
perrynell: folds 
TopTwix: folds 
Heinomat: raises 160 to 240
BigTriss: calls 160
*** FLOP *** [Ah 2s Js]
Heinomat: bets 185
BigTriss: calls 185
*** TURN *** [Ah 2s Js] [Jd]
Heinomat: checks 
BigTriss: checks 
*** RIVER *** [Ah 2s Js Jd] [Qh]
Heinomat: checks 
BigTriss: checks 
*** SHOW DOWN ***
Heinomat: shows [7c Tc] (a pair of Jacks)
BigTriss: mucks hand 
Heinomat collected 930 from pot
*** SUMMARY ***
Total pot 930 | Rake 0 
Board [Ah 2s Js Jd Qh]
Seat 1: BigTriss (big blind) mucked [4d 5h]
Seat 2: Fis01 folded before Flop (didn't bet)
Seat 3: brutallzinho folded before Flop (didn't bet)
Seat 4: Gabrielfs13 folded before Flop (didn't bet)
Seat 5: Tachurc folded before Flop (didn't bet)
Seat 6: perrynell folded before Flop (didn't bet)
Seat 7: TopTwix (button) folded before Flop (didn't bet)
Seat 8: Heinomat (small blind) showed [7c Tc] and won (930) with a pair of Jacks



PokerStars Hand #257110641066: Tournament #3911958625, $4.80+$5.00+$1.20 USD Hold'em No Limit - Level V (40/80) - 2025/07/27 14:36:39 BRT [2025/07/27 13:36:39 ET]
Table '3911958625 1' 8-max Seat #8 is the button
Seat 1: BigTriss (5119 in chips, $5 bounty) 
Seat 2: Fis01 (5340 in chips, $5 bounty) 
Seat 3: brutallzinho (4966 in chips, $5 bounty) 
Seat 4: Gabrielfs13 (3180 in chips, $5 bounty) 
Seat 5: Tachurc (4242 in chips, $5 bounty) 
Seat 6: perrynell (5335 in chips, $5 bounty) 
Seat 7: TopTwix (5317 in chips, $5 bounty) 
Seat 8: Heinomat (5419 in chips, $5 bounty) 
BigTriss: posts the ante 10
Fis01: posts the ante 10
brutallzinho: posts the ante 10
Gabrielfs13: posts the ante 10
Tachurc: posts the ante 10
perrynell: posts the ante 10
TopTwix: posts the ante 10
Heinomat: posts the ante 10
BigTriss: posts small blind 40
Fis01: posts big blind 80
*** HOLE CARDS ***
Dealt to Gabrielfs13 [Td Ah]
brutallzinho: folds 
Gabrielfs13: raises 80 to 160
Tachurc: folds 
perrynell: folds 
TopTwix: folds 
Heinomat: folds 
BigTriss: calls 120
Fis01: folds 
*** FLOP *** [Kd As 8d]
BigTriss: checks 
Gabrielfs13: bets 158
BigTriss: folds 
Uncalled bet (158) returned to Gabrielfs13
Gabrielfs13 collected 480 from pot
Gabrielfs13: doesn't show hand 
*** SUMMARY ***
Total pot 480 | Rake 0 
Board [Kd As 8d]
Seat 1: BigTriss (small blind) folded on the Flop
Seat 2: Fis01 (big blind) folded before Flop
Seat 3: brutallzinho folded before Flop (didn't bet)
Seat 4: Gabrielfs13 collected (480)
Seat 5: Tachurc folded before Flop (didn't bet)
Seat 6: perrynell folded before Flop (didn't bet)
Seat 7: TopTwix folded before Flop (didn't bet)
Seat 8: Heinomat (button) folded before Flop (didn't bet)



PokerStars Hand #257110657312: Tournament #3911958625, $4.80+$5.00+$1.20 USD Hold'em No Limit - Level V (40/80) - 2025/07/27 14:37:46 BRT [2025/07/27 13:37:46 ET]
Table '3911958625 1' 8-max Seat #1 is the button
Seat 1: BigTriss (4949 in chips, $5 bounty) 
Seat 2: Fis01 (5250 in chips, $5 bounty) 
Seat 3: brutallzinho (4956 in chips, $5 bounty) 
Seat 4: Gabrielfs13 (3490 in chips, $5 bounty) 
Seat 5: Tachurc (4232 in chips, $5 bounty) 
Seat 6: perrynell (5325 in chips, $5 bounty) 
Seat 7: TopTwix (5307 in chips, $5 bounty) 
Seat 8: Heinomat (5409 in chips, $5 bounty) 
BigTriss: posts the ante 10
Fis01: posts the ante 10
brutallzinho: posts the ante 10
Gabrielfs13: posts the ante 10
Tachurc: posts the ante 10
perrynell: posts the ante 10
TopTwix: posts the ante 10
Heinomat: posts the ante 10
Fis01: posts small blind 40
brutallzinho: posts big blind 80
*** HOLE CARDS ***
Dealt to Gabrielfs13 [4h 5d]
Gabrielfs13: folds 
Tachurc: folds 
perrynell: folds 
TopTwix: folds 
Heinomat: raises 80 to 160
BigTriss: folds 
Fis01: folds 
brutallzinho: folds 
Uncalled bet (80) returned to Heinomat
Heinomat collected 280 from pot
*** SUMMARY ***
Total pot 280 | Rake 0 
Seat 1: BigTriss (button) folded before Flop (didn't bet)
Seat 2: Fis01 (small blind) folded before Flop
Seat 3: brutallzinho (big blind) folded before Flop
Seat 4: Gabrielfs13 folded before Flop (didn't bet)
Seat 5: Tachurc folded before Flop (didn't bet)
Seat 6: perrynell folded before Flop (didn't bet)
Seat 7: TopTwix folded before Flop (didn't bet)
Seat 8: Heinomat collected (280)



PokerStars Hand #257110664028: Tournament #3911958625, $4.80+$5.00+$1.20 USD Hold'em No Limit - Level V (40/80) - 2025/07/27 14:38:13 BRT [2025/07/27 13:38:13 ET]
Table '3911958625 1' 8-max Seat #2 is the button
Seat 1: BigTriss (4939 in chips, $5 bounty) 
Seat 2: Fis01 (5200 in chips, $5 bounty) 
Seat 3: brutallzinho (4866 in chips, $5 bounty) 
Seat 4: Gabrielfs13 (3480 in chips, $5 bounty) 
Seat 5: Tachurc (4222 in chips, $5 bounty) 
Seat 6: perrynell (5315 in chips, $5 bounty) 
Seat 7: TopTwix (5297 in chips, $5 bounty) 
Seat 8: Heinomat (5599 in chips, $5 bounty) 
BigTriss: posts the ante 10
Fis01: posts the ante 10
brutallzinho: posts the ante 10
Gabrielfs13: posts the ante 10
Tachurc: posts the ante 10
perrynell: posts the ante 10
TopTwix: posts the ante 10
Heinomat: posts the ante 10
brutallzinho: posts small blind 40
Gabrielfs13: posts big blind 80
*** HOLE CARDS ***
Dealt to Gabrielfs13 [2h 6d]
Tachurc: folds 
perrynell: folds 
TopTwix: folds 
Heinomat: folds 
BigTriss: folds 
Fis01: folds 
brutallzinho: raises 200 to 280
Gabrielfs13 has timed out
Gabrielfs13: folds 
Gabrielfs13 is sitting out
Uncalled bet (200) returned to brutallzinho
brutallzinho collected 240 from pot
brutallzinho: doesn't show hand 
*** SUMMARY ***
Total pot 240 | Rake 0 
Seat 1: BigTriss folded before Flop (didn't bet)
Seat 2: Fis01 (button) folded before Flop (didn't bet)
Seat 3: brutallzinho (small blind) collected (240)
Seat 4: Gabrielfs13 (big blind) folded before Flop
Seat 5: Tachurc folded before Flop (didn't bet)
Seat 6: perrynell folded before Flop (didn't bet)
Seat 7: TopTwix folded before Flop (didn't bet)
Seat 8: Heinomat folded before Flop (didn't bet)



PokerStars Hand #257110675175: Tournament #3911958625, $4.80+$5.00+$1.20 USD Hold'em No Limit - Level V (40/80) - 2025/07/27 14:38:59 BRT [2025/07/27 13:38:59 ET]
Table '3911958625 1' 8-max Seat #3 is the button
Seat 1: BigTriss (4929 in chips, $5 bounty) 
Seat 2: Fis01 (5190 in chips, $5 bounty) 
Seat 3: brutallzinho (5016 in chips, $5 bounty) 
Seat 4: Gabrielfs13 (3390 in chips, $5 bounty) is sitting out
Seat 5: Tachurc (4212 in chips, $5 bounty) 
Seat 6: perrynell (5305 in chips, $5 bounty) 
Seat 7: TopTwix (5287 in chips, $5 bounty) 
Seat 8: Heinomat (5589 in chips, $5 bounty) 
BigTriss: posts the ante 10
Fis01: posts the ante 10
brutallzinho: posts the ante 10
Gabrielfs13: posts the ante 10
Tachurc: posts the ante 10
perrynell: posts the ante 10
TopTwix: posts the ante 10
Heinomat: posts the ante 10
Gabrielfs13: posts small blind 40
Tachurc: posts big blind 80
*** HOLE CARDS ***
Dealt to Gabrielfs13 [8d 2d]
Gabrielfs13 has returned
perrynell: folds 
TopTwix: folds 
Heinomat: folds 
BigTriss: calls 80
Fis01: raises 400 to 480
brutallzinho: folds 
Gabrielfs13: folds 
Tachurc: folds 
BigTriss: folds 
Uncalled bet (400) returned to Fis01
Fis01 collected 360 from pot
*** SUMMARY ***
Total pot 360 | Rake 0 
Seat 1: BigTriss folded before Flop
Seat 2: Fis01 collected (360)
Seat 3: brutallzinho (button) folded before Flop (didn't bet)
Seat 4: Gabrielfs13 (small blind) folded before Flop
Seat 5: Tachurc (big blind) folded before Flop
Seat 6: perrynell folded before Flop (didn't bet)
Seat 7: TopTwix folded before Flop (didn't bet)
Seat 8: Heinomat folded before Flop (didn't bet)



PokerStars Hand #257110685302: Tournament #3911958625, $4.80+$5.00+$1.20 USD Hold'em No Limit - Level V (40/80) - 2025/07/27 14:39:41 BRT [2025/07/27 13:39:41 ET]
Table '3911958625 1' 8-max Seat #4 is the button
Seat 1: BigTriss (4839 in chips, $5 bounty) 
Seat 2: Fis01 (5460 in chips, $5 bounty) 
Seat 3: brutallzinho (5006 in chips, $5 bounty) 
Seat 4: Gabrielfs13 (3340 in chips, $5 bounty) 
Seat 5: Tachurc (4122 in chips, $5 bounty) 
Seat 6: perrynell (5295 in chips, $5 bounty) 
Seat 7: TopTwix (5277 in chips, $5 bounty) 
Seat 8: Heinomat (5579 in chips, $5 bounty) 
BigTriss: posts the ante 10
Fis01: posts the ante 10
brutallzinho: posts the ante 10
Gabrielfs13: posts the ante 10
Tachurc: posts the ante 10
perrynell: posts the ante 10
TopTwix: posts the ante 10
Heinomat: posts the ante 10
Tachurc: posts small blind 40
perrynell: posts big blind 80
*** HOLE CARDS ***
Dealt to Gabrielfs13 [8h Qs]
TopTwix: raises 80 to 160
Heinomat: folds 
BigTriss: folds 
Fis01: folds 
brutallzinho: folds 
Gabrielfs13: folds 
Tachurc: folds 
perrynell: folds 
Uncalled bet (80) returned to TopTwix
TopTwix collected 280 from pot
TopTwix: doesn't show hand 
*** SUMMARY ***
Total pot 280 | Rake 0 
Seat 1: BigTriss folded before Flop (didn't bet)
Seat 2: Fis01 folded before Flop (didn't bet)
Seat 3: brutallzinho folded before Flop (didn't bet)
Seat 4: Gabrielfs13 (button) folded before Flop (didn't bet)
Seat 5: Tachurc (small blind) folded before Flop
Seat 6: perrynell (big blind) folded before Flop
Seat 7: TopTwix collected (280)
Seat 8: Heinomat folded before Flop (didn't bet)



PokerStars Hand #257110695641: Tournament #3911958625, $4.80+$5.00+$1.20 USD Hold'em No Limit - Level VI (50/100) - 2025/07/27 14:40:24 BRT [2025/07/27 13:40:24 ET]
Table '3911958625 1' 8-max Seat #5 is the button
Seat 1: BigTriss (4829 in chips, $5 bounty) 
Seat 2: Fis01 (5450 in chips, $5 bounty) 
Seat 3: brutallzinho (4996 in chips, $5 bounty) 
Seat 4: Gabrielfs13 (3330 in chips, $5 bounty) 
Seat 5: Tachurc (4072 in chips, $5 bounty) 
Seat 6: perrynell (5205 in chips, $5 bounty) 
Seat 7: TopTwix (5467 in chips, $5 bounty) 
Seat 8: Heinomat (5569 in chips, $5 bounty) 
BigTriss: posts the ante 12
Fis01: posts the ante 12
brutallzinho: posts the ante 12
Gabrielfs13: posts the ante 12
Tachurc: posts the ante 12
perrynell: posts the ante 12
TopTwix: posts the ante 12
Heinomat: posts the ante 12
perrynell: posts small blind 50
TopTwix: posts big blind 100
*** HOLE CARDS ***
Dealt to Gabrielfs13 [5h 5c]
Heinomat: folds 
BigTriss: raises 100 to 200
Fis01: raises 400 to 600
brutallzinho: folds 
Gabrielfs13: folds 
Tachurc: folds 
perrynell: calls 550
TopTwix: folds 
BigTriss: calls 400
*** FLOP *** [3s 8d Qh]
perrynell: checks 
BigTriss: checks 
Fis01: bets 659
perrynell: folds 
BigTriss: folds 
Uncalled bet (659) returned to Fis01
Fis01 collected 1996 from pot
*** SUMMARY ***
Total pot 1996 | Rake 0 
Board [3s 8d Qh]
Seat 1: BigTriss folded on the Flop
Seat 2: Fis01 collected (1996)
Seat 3: brutallzinho folded before Flop (didn't bet)
Seat 4: Gabrielfs13 folded before Flop (didn't bet)
Seat 5: Tachurc (button) folded before Flop (didn't bet)
Seat 6: perrynell (small blind) folded on the Flop
Seat 7: TopTwix (big blind) folded before Flop
Seat 8: Heinomat folded before Flop (didn't bet)



PokerStars Hand #257110711533: Tournament #3911958625, $4.80+$5.00+$1.20 USD Hold'em No Limit - Level VI (50/100) - 2025/07/27 14:41:30 BRT [2025/07/27 13:41:30 ET]
Table '3911958625 1' 8-max Seat #6 is the button
Seat 1: BigTriss (4217 in chips, $5 bounty) 
Seat 2: Fis01 (6834 in chips, $5 bounty) 
Seat 3: brutallzinho (4984 in chips, $5 bounty) 
Seat 4: Gabrielfs13 (3318 in chips, $5 bounty) 
Seat 5: Tachurc (4060 in chips, $5 bounty) 
Seat 6: perrynell (4593 in chips, $5 bounty) 
Seat 7: TopTwix (5355 in chips, $5 bounty) 
Seat 8: Heinomat (5557 in chips, $5 bounty) 
BigTriss: posts the ante 12
Fis01: posts the ante 12
brutallzinho: posts the ante 12
Gabrielfs13: posts the ante 12
Tachurc: posts the ante 12
perrynell: posts the ante 12
TopTwix: posts the ante 12
Heinomat: posts the ante 12
TopTwix: posts small blind 50
Heinomat: posts big blind 100
*** HOLE CARDS ***
Dealt to Gabrielfs13 [9s 7d]
BigTriss: folds 
Fis01: folds 
brutallzinho: folds 
Gabrielfs13: folds 
Tachurc: raises 100 to 200
perrynell: folds 
TopTwix: folds 
Heinomat: folds 
Uncalled bet (100) returned to Tachurc
Tachurc collected 346 from pot
Tachurc: doesn't show hand 
*** SUMMARY ***
Total pot 346 | Rake 0 
Seat 1: BigTriss folded before Flop (didn't bet)
Seat 2: Fis01 folded before Flop (didn't bet)
Seat 3: brutallzinho folded before Flop (didn't bet)
Seat 4: Gabrielfs13 folded before Flop (didn't bet)
Seat 5: Tachurc collected (346)
Seat 6: perrynell (button) folded before Flop (didn't bet)
Seat 7: TopTwix (small blind) folded before Flop
Seat 8: Heinomat (big blind) folded before Flop



PokerStars Hand #257110726457: Tournament #3911958625, $4.80+$5.00+$1.20 USD Hold'em No Limit - Level VI (50/100) - 2025/07/27 14:42:32 BRT [2025/07/27 13:42:32 ET]
Table '3911958625 1' 8-max Seat #7 is the button
Seat 1: BigTriss (4205 in chips, $5 bounty) 
Seat 2: Fis01 (6822 in chips, $5 bounty) 
Seat 3: brutallzinho (4972 in chips, $5 bounty) 
Seat 4: Gabrielfs13 (3306 in chips, $5 bounty) 
Seat 5: Tachurc (4294 in chips, $5 bounty) 
Seat 6: perrynell (4581 in chips, $5 bounty) 
Seat 7: TopTwix (5293 in chips, $5 bounty) 
Seat 8: Heinomat (5445 in chips, $5 bounty) 
BigTriss: posts the ante 12
Fis01: posts the ante 12
brutallzinho: posts the ante 12
Gabrielfs13: posts the ante 12
Tachurc: posts the ante 12
perrynell: posts the ante 12
TopTwix: posts the ante 12
Heinomat: posts the ante 12
Heinomat: posts small blind 50
BigTriss: posts big blind 100
*** HOLE CARDS ***
Dealt to Gabrielfs13 [3c 2h]
Fis01: raises 100 to 200
brutallzinho: folds 
Gabrielfs13 has timed out
Gabrielfs13: folds 
Gabrielfs13 is sitting out
Tachurc: folds 
perrynell: folds 
TopTwix: calls 200
Heinomat: folds 
BigTriss: calls 100
*** FLOP *** [Qd Jd 9c]
BigTriss: checks 
Gabrielfs13 has returned
Fis01: bets 246
TopTwix: calls 246
BigTriss: raises 654 to 900
Fis01: calls 654
TopTwix: folds 
*** TURN *** [Qd Jd 9c] [7c]
BigTriss: bets 1843
Fis01: raises 3867 to 5710 and is all-in
BigTriss: calls 1250 and is all-in
Uncalled bet (2617) returned to Fis01
*** RIVER *** [Qd Jd 9c 7c] [Qs]
*** SHOW DOWN ***
BigTriss: shows [9h 9d] (a full house, Nines full of Queens)
Fis01: shows [Tc Jc] (two pair, Queens and Jacks)
BigTriss collected 8978 from pot
*** SUMMARY ***
Total pot 8978 | Rake 0 
Board [Qd Jd 9c 7c Qs]
Seat 1: BigTriss (big blind) showed [9h 9d] and won (8978) with a full house, Nines full of Queens
Seat 2: Fis01 showed [Tc Jc] and lost with two pair, Queens and Jacks
Seat 3: brutallzinho folded before Flop (didn't bet)
Seat 4: Gabrielfs13 folded before Flop (didn't bet)
Seat 5: Tachurc folded before Flop (didn't bet)
Seat 6: perrynell folded before Flop (didn't bet)
Seat 7: TopTwix (button) folded on the Flop
Seat 8: Heinomat (small blind) folded before Flop



PokerStars Hand #257110757130: Tournament #3911958625, $4.80+$5.00+$1.20 USD Hold'em No Limit - Level VI (50/100) - 2025/07/27 14:44:40 BRT [2025/07/27 13:44:40 ET]
Table '3911958625 1' 8-max Seat #8 is the button
Seat 1: BigTriss (8978 in chips, $5 bounty) 
Seat 2: Fis01 (2617 in chips, $5 bounty) 
Seat 3: brutallzinho (4960 in chips, $5 bounty) 
Seat 4: Gabrielfs13 (3294 in chips, $5 bounty) 
Seat 5: Tachurc (4282 in chips, $5 bounty) 
Seat 6: perrynell (4569 in chips, $5 bounty) 
Seat 7: TopTwix (4835 in chips, $5 bounty) 
Seat 8: Heinomat (5383 in chips, $5 bounty) 
BigTriss: posts the ante 12
Fis01: posts the ante 12
brutallzinho: posts the ante 12
Gabrielfs13: posts the ante 12
Tachurc: posts the ante 12
perrynell: posts the ante 12
TopTwix: posts the ante 12
Heinomat: posts the ante 12
BigTriss: posts small blind 50
Fis01: posts big blind 100
*** HOLE CARDS ***
Dealt to Gabrielfs13 [9c 8h]
brutallzinho: folds 
Gabrielfs13: folds 
Tachurc: raises 100 to 200
perrynell: folds 
TopTwix: raises 450 to 650
Heinomat: folds 
BigTriss: folds 
Fis01: folds 
Tachurc: calls 450
*** FLOP *** [4h 4s As]
Tachurc: checks 
TopTwix: bets 464
Tachurc: folds 
Uncalled bet (464) returned to TopTwix
TopTwix collected 1546 from pot
TopTwix: doesn't show hand 
*** SUMMARY ***
Total pot 1546 | Rake 0 
Board [4h 4s As]
Seat 1: BigTriss (small blind) folded before Flop
Seat 2: Fis01 (big blind) folded before Flop
Seat 3: brutallzinho folded before Flop (didn't bet)
Seat 4: Gabrielfs13 folded before Flop (didn't bet)
Seat 5: Tachurc folded on the Flop
Seat 6: perrynell folded before Flop (didn't bet)
Seat 7: TopTwix collected (1546)
Seat 8: Heinomat (button) folded before Flop (didn't bet)



PokerStars Hand #257110769139: Tournament #3911958625, $4.80+$5.00+$1.20 USD Hold'em No Limit - Level VII (60/120) - 2025/07/27 14:45:30 BRT [2025/07/27 13:45:30 ET]
Table '3911958625 1' 8-max Seat #1 is the button
Seat 1: BigTriss (8916 in chips, $5 bounty) 
Seat 2: Fis01 (2505 in chips, $5 bounty) 
Seat 3: brutallzinho (4948 in chips, $5 bounty) 
Seat 4: Gabrielfs13 (3282 in chips, $5 bounty) 
Seat 5: Tachurc (3620 in chips, $5 bounty) 
Seat 6: perrynell (4557 in chips, $5 bounty) 
Seat 7: TopTwix (5719 in chips, $5 bounty) 
Seat 8: Heinomat (5371 in chips, $5 bounty) 
BigTriss: posts the ante 15
Fis01: posts the ante 15
brutallzinho: posts the ante 15
Gabrielfs13: posts the ante 15
Tachurc: posts the ante 15
perrynell: posts the ante 15
TopTwix: posts the ante 15
Heinomat: posts the ante 15
Fis01: posts small blind 60
brutallzinho: posts big blind 120
*** HOLE CARDS ***
Dealt to Gabrielfs13 [Kh 3h]
Gabrielfs13: folds 
Tachurc: folds 
perrynell: folds 
TopTwix: folds 
Heinomat: folds 
BigTriss: folds 
Fis01: calls 60
brutallzinho: checks 
*** FLOP *** [8c 4d Jd]
Fis01: checks 
brutallzinho: checks 
*** TURN *** [8c 4d Jd] [8d]
Fis01: checks 
brutallzinho: checks 
*** RIVER *** [8c 4d Jd 8d] [5c]
Fis01: checks 
brutallzinho: checks 
*** SHOW DOWN ***
Fis01: shows [Tc 4c] (two pair, Eights and Fours)
brutallzinho: shows [4h Ad] (two pair, Eights and Fours - Ace kicker)
brutallzinho collected 360 from pot
*** SUMMARY ***
Total pot 360 | Rake 0 
Board [8c 4d Jd 8d 5c]
Seat 1: BigTriss (button) folded before Flop (didn't bet)
Seat 2: Fis01 (small blind) showed [Tc 4c] and lost with two pair, Eights and Fours
Seat 3: brutallzinho (big blind) showed [4h Ad] and won (360) with two pair, Eights and Fours
Seat 4: Gabrielfs13 folded before Flop (didn't bet)
Seat 5: Tachurc folded before Flop (didn't bet)
Seat 6: perrynell folded before Flop (didn't bet)
Seat 7: TopTwix folded before Flop (didn't bet)
Seat 8: Heinomat folded before Flop (didn't bet)



PokerStars Hand #257110795944: Tournament #3911958625, $4.80+$5.00+$1.20 USD Hold'em No Limit - Level VII (60/120) - 2025/07/27 14:47:22 BRT [2025/07/27 13:47:22 ET]
Table '3911958625 1' 8-max Seat #2 is the button
Seat 1: BigTriss (8901 in chips, $5 bounty) 
Seat 2: Fis01 (2370 in chips, $5 bounty) 
Seat 3: brutallzinho (5173 in chips, $5 bounty) 
Seat 4: Gabrielfs13 (3267 in chips, $5 bounty) 
Seat 5: Tachurc (3605 in chips, $5 bounty) 
Seat 6: perrynell (4542 in chips, $5 bounty) 
Seat 7: TopTwix (5704 in chips, $5 bounty) 
Seat 8: Heinomat (5356 in chips, $5 bounty) 
BigTriss: posts the ante 15
Fis01: posts the ante 15
brutallzinho: posts the ante 15
Gabrielfs13: posts the ante 15
Tachurc: posts the ante 15
perrynell: posts the ante 15
TopTwix: posts the ante 15
Heinomat: posts the ante 15
brutallzinho: posts small blind 60
Gabrielfs13: posts big blind 120
*** HOLE CARDS ***
Dealt to Gabrielfs13 [5h 6c]
Tachurc: folds 
perrynell: folds 
TopTwix: raises 120 to 240
Heinomat: calls 240
BigTriss: folds 
Fis01: folds 
brutallzinho: folds 
Gabrielfs13: calls 120
*** FLOP *** [4h 8s 8c]
Gabrielfs13: checks 
TopTwix: bets 270
Heinomat: raises 390 to 660
Gabrielfs13: folds 
TopTwix: raises 390 to 1050
Heinomat: calls 390
*** TURN *** [4h 8s 8c] [9c]
TopTwix: bets 900
Heinomat: folds 
Uncalled bet (900) returned to TopTwix
TopTwix collected 3000 from pot
TopTwix: doesn't show hand 
*** SUMMARY ***
Total pot 3000 | Rake 0 
Board [4h 8s 8c 9c]
Seat 1: BigTriss folded before Flop (didn't bet)
Seat 2: Fis01 (button) folded before Flop (didn't bet)
Seat 3: brutallzinho (small blind) folded before Flop
Seat 4: Gabrielfs13 (big blind) folded on the Flop
Seat 5: Tachurc folded before Flop (didn't bet)
Seat 6: perrynell folded before Flop (didn't bet)
Seat 7: TopTwix collected (3000)
Seat 8: Heinomat folded on the Turn



PokerStars Hand #257110814325: Tournament #3911958625, $4.80+$5.00+$1.20 USD Hold'em No Limit - Level VII (60/120) - 2025/07/27 14:48:39 BRT [2025/07/27 13:48:39 ET]
Table '3911958625 1' 8-max Seat #3 is the button
Seat 1: BigTriss (8886 in chips, $5 bounty) 
Seat 2: Fis01 (2355 in chips, $5 bounty) 
Seat 3: brutallzinho (5098 in chips, $5 bounty) 
Seat 4: Gabrielfs13 (3012 in chips, $5 bounty) 
Seat 5: Tachurc (3590 in chips, $5 bounty) 
Seat 6: perrynell (4527 in chips, $5 bounty) 
Seat 7: TopTwix (7399 in chips, $5 bounty) 
Seat 8: Heinomat (4051 in chips, $5 bounty) 
BigTriss: posts the ante 15
Fis01: posts the ante 15
brutallzinho: posts the ante 15
Gabrielfs13: posts the ante 15
Tachurc: posts the ante 15
perrynell: posts the ante 15
TopTwix: posts the ante 15
Heinomat: posts the ante 15
Gabrielfs13: posts small blind 60
Tachurc: posts big blind 120
*** HOLE CARDS ***
Dealt to Gabrielfs13 [2d 3c]
perrynell: folds 
TopTwix: raises 120 to 240
Heinomat: calls 240
BigTriss: folds 
Fis01: folds 
brutallzinho: folds 
Gabrielfs13: folds 
Tachurc: folds 
*** FLOP *** [Ah 8d 2s]
TopTwix: bets 234
Heinomat: raises 426 to 660
TopTwix: calls 426
*** TURN *** [Ah 8d 2s] [8s]
TopTwix: checks 
Heinomat: bets 504
TopTwix: calls 504
*** RIVER *** [Ah 8d 2s 8s] [5s]
TopTwix: checks 
Heinomat: bets 2632 and is all-in
TopTwix: calls 2632
*** SHOW DOWN ***
Heinomat: shows [Kd As] (two pair, Aces and Eights)
TopTwix: shows [Ad Ts] (two pair, Aces and Eights - lower kicker)
Heinomat collected 8372 from pot
*** SUMMARY ***
Total pot 8372 | Rake 0 
Board [Ah 8d 2s 8s 5s]
Seat 1: BigTriss folded before Flop (didn't bet)
Seat 2: Fis01 folded before Flop (didn't bet)
Seat 3: brutallzinho (button) folded before Flop (didn't bet)
Seat 4: Gabrielfs13 (small blind) folded before Flop
Seat 5: Tachurc (big blind) folded before Flop
Seat 6: perrynell folded before Flop (didn't bet)
Seat 7: TopTwix showed [Ad Ts] and lost with two pair, Aces and Eights
Seat 8: Heinomat showed [Kd As] and won (8372) with two pair, Aces and Eights



PokerStars Hand #257110837729: Tournament #3911958625, $4.80+$5.00+$1.20 USD Hold'em No Limit - Level VIII (75/150) - 2025/07/27 14:50:17 BRT [2025/07/27 13:50:17 ET]
Table '3911958625 1' 8-max Seat #4 is the button
Seat 1: BigTriss (8871 in chips, $5 bounty) 
Seat 2: Fis01 (2340 in chips, $5 bounty) 
Seat 3: brutallzinho (5083 in chips, $5 bounty) 
Seat 4: Gabrielfs13 (2937 in chips, $5 bounty) 
Seat 5: Tachurc (3455 in chips, $5 bounty) 
Seat 6: perrynell (4512 in chips, $5 bounty) 
Seat 7: TopTwix (3348 in chips, $5 bounty) 
Seat 8: Heinomat (8372 in chips, $5 bounty) 
BigTriss: posts the ante 20
Fis01: posts the ante 20
brutallzinho: posts the ante 20
Gabrielfs13: posts the ante 20
Tachurc: posts the ante 20
perrynell: posts the ante 20
TopTwix: posts the ante 20
Heinomat: posts the ante 20
Tachurc: posts small blind 75
perrynell: posts big blind 150
*** HOLE CARDS ***
Dealt to Gabrielfs13 [Jc Jh]
TopTwix: folds 
Heinomat: raises 150 to 300
BigTriss: folds 
Fis01: folds 
brutallzinho: folds 
Gabrielfs13: raises 2617 to 2917 and is all-in
Tachurc: folds 
perrynell: folds 
Heinomat: calls 2617
*** FLOP *** [4c Ah 8c]
*** TURN *** [4c Ah 8c] [9h]
*** RIVER *** [4c Ah 8c 9h] [Td]
*** SHOW DOWN ***
Heinomat: shows [6s 6h] (a pair of Sixes)
Gabrielfs13: shows [Jc Jh] (a pair of Jacks)
Gabrielfs13 collected 6219 from pot
*** SUMMARY ***
Total pot 6219 | Rake 0 
Board [4c Ah 8c 9h Td]
Seat 1: BigTriss folded before Flop (didn't bet)
Seat 2: Fis01 folded before Flop (didn't bet)
Seat 3: brutallzinho folded before Flop (didn't bet)
Seat 4: Gabrielfs13 (button) showed [Jc Jh] and won (6219) with a pair of Jacks
Seat 5: Tachurc (small blind) folded before Flop
Seat 6: perrynell (big blind) folded before Flop
Seat 7: TopTwix folded before Flop (didn't bet)
Seat 8: Heinomat showed [6s 6h] and lost with a pair of Sixes



PokerStars Hand #257110849193: Tournament #3911958625, $4.80+$5.00+$1.20 USD Hold'em No Limit - Level VIII (75/150) - 2025/07/27 14:51:06 BRT [2025/07/27 13:51:06 ET]
Table '3911958625 1' 8-max Seat #5 is the button
Seat 1: BigTriss (8851 in chips, $5 bounty) 
Seat 2: Fis01 (2320 in chips, $5 bounty) 
Seat 3: brutallzinho (5063 in chips, $5 bounty) 
Seat 4: Gabrielfs13 (6219 in chips, $5 bounty) 
Seat 5: Tachurc (3360 in chips, $5 bounty) 
Seat 6: perrynell (4342 in chips, $5 bounty) 
Seat 7: TopTwix (3328 in chips, $5 bounty) 
Seat 8: Heinomat (5435 in chips, $5 bounty) 
BigTriss: posts the ante 20
Fis01: posts the ante 20
brutallzinho: posts the ante 20
Gabrielfs13: posts the ante 20
Tachurc: posts the ante 20
perrynell: posts the ante 20
TopTwix: posts the ante 20
Heinomat: posts the ante 20
perrynell: posts small blind 75
TopTwix: posts big blind 150
*** HOLE CARDS ***
Dealt to Gabrielfs13 [8s 3h]
Heinomat: folds 
BigTriss: folds 
Fis01: folds 
brutallzinho: folds 
Gabrielfs13: folds 
Tachurc: raises 150 to 300
perrynell: folds 
TopTwix: calls 150
*** FLOP *** [8c Js Jh]
TopTwix: checks 
Tachurc: checks 
*** TURN *** [8c Js Jh] [8d]
TopTwix: bets 434
Tachurc: calls 434
*** RIVER *** [8c Js Jh 8d] [Th]
TopTwix: checks 
Tachurc: checks 
*** SHOW DOWN ***
TopTwix: shows [6h 7c] (two pair, Jacks and Eights)
Tachurc: shows [Ah 6c] (two pair, Jacks and Eights - Ace kicker)
Tachurc collected 1703 from pot
*** SUMMARY ***
Total pot 1703 | Rake 0 
Board [8c Js Jh 8d Th]
Seat 1: BigTriss folded before Flop (didn't bet)
Seat 2: Fis01 folded before Flop (didn't bet)
Seat 3: brutallzinho folded before Flop (didn't bet)
Seat 4: Gabrielfs13 folded before Flop (didn't bet)
Seat 5: Tachurc (button) showed [Ah 6c] and won (1703) with two pair, Jacks and Eights
Seat 6: perrynell (small blind) folded before Flop
Seat 7: TopTwix (big blind) showed [6h 7c] and lost with two pair, Jacks and Eights
Seat 8: Heinomat folded before Flop (didn't bet)



PokerStars Hand #257110865186: Tournament #3911958625, $4.80+$5.00+$1.20 USD Hold'em No Limit - Level VIII (75/150) - 2025/07/27 14:52:12 BRT [2025/07/27 13:52:12 ET]
Table '3911958625 1' 8-max Seat #6 is the button
Seat 1: BigTriss (8831 in chips, $5 bounty) 
Seat 2: Fis01 (2300 in chips, $5 bounty) 
Seat 3: brutallzinho (5043 in chips, $5 bounty) 
Seat 4: Gabrielfs13 (6199 in chips, $5 bounty) 
Seat 5: Tachurc (4309 in chips, $5 bounty) 
Seat 6: perrynell (4247 in chips, $5 bounty) 
Seat 7: TopTwix (2574 in chips, $5 bounty) 
Seat 8: Heinomat (5415 in chips, $5 bounty) 
BigTriss: posts the ante 20
Fis01: posts the ante 20
brutallzinho: posts the ante 20
Gabrielfs13: posts the ante 20
Tachurc: posts the ante 20
perrynell: posts the ante 20
TopTwix: posts the ante 20
Heinomat: posts the ante 20
TopTwix: posts small blind 75
Heinomat: posts big blind 150
*** HOLE CARDS ***
Dealt to Gabrielfs13 [4c 5s]
BigTriss: folds 
Fis01: folds 
brutallzinho: folds 
Gabrielfs13: folds 
Tachurc: raises 150 to 300
perrynell: folds 
TopTwix: folds 
Heinomat: folds 
Uncalled bet (150) returned to Tachurc
Tachurc collected 535 from pot
Tachurc: doesn't show hand 
*** SUMMARY ***
Total pot 535 | Rake 0 
Seat 1: BigTriss folded before Flop (didn't bet)
Seat 2: Fis01 folded before Flop (didn't bet)
Seat 3: brutallzinho folded before Flop (didn't bet)
Seat 4: Gabrielfs13 folded before Flop (didn't bet)
Seat 5: Tachurc collected (535)
Seat 6: perrynell (button) folded before Flop (didn't bet)
Seat 7: TopTwix (small blind) folded before Flop
Seat 8: Heinomat (big blind) folded before Flop



PokerStars Hand #257110871337: Tournament #3911958625, $4.80+$5.00+$1.20 USD Hold'em No Limit - Level VIII (75/150) - 2025/07/27 14:52:38 BRT [2025/07/27 13:52:38 ET]
Table '3911958625 1' 8-max Seat #7 is the button
Seat 1: BigTriss (8811 in chips, $5 bounty) 
Seat 2: Fis01 (2280 in chips, $5 bounty) 
Seat 3: brutallzinho (5023 in chips, $5 bounty) 
Seat 4: Gabrielfs13 (6179 in chips, $5 bounty) 
Seat 5: Tachurc (4674 in chips, $5 bounty) 
Seat 6: perrynell (4227 in chips, $5 bounty) 
Seat 7: TopTwix (2479 in chips, $5 bounty) 
Seat 8: Heinomat (5245 in chips, $5 bounty) 
BigTriss: posts the ante 20
Fis01: posts the ante 20
brutallzinho: posts the ante 20
Gabrielfs13: posts the ante 20
Tachurc: posts the ante 20
perrynell: posts the ante 20
TopTwix: posts the ante 20
Heinomat: posts the ante 20
Heinomat: posts small blind 75
BigTriss: posts big blind 150
*** HOLE CARDS ***
Dealt to Gabrielfs13 [Ad Js]
Fis01: folds 
brutallzinho: folds 
Gabrielfs13: raises 150 to 300
Tachurc: folds 
perrynell: folds 
TopTwix: folds 
Heinomat: folds 
BigTriss: calls 150
*** FLOP *** [5s 6h Kc]
BigTriss: checks 
Gabrielfs13: bets 225
BigTriss: calls 225
*** TURN *** [5s 6h Kc] [Qc]
BigTriss: checks 
Gabrielfs13 has timed out
Gabrielfs13: checks 
*** RIVER *** [5s 6h Kc Qc] [8s]
BigTriss: checks 
Gabrielfs13: bets 848
BigTriss: folds 
Uncalled bet (848) returned to Gabrielfs13
Gabrielfs13 collected 1285 from pot
Gabrielfs13: doesn't show hand 
*** SUMMARY ***
Total pot 1285 | Rake 0 
Board [5s 6h Kc Qc 8s]
Seat 1: BigTriss (big blind) folded on the River
Seat 2: Fis01 folded before Flop (didn't bet)
Seat 3: brutallzinho folded before Flop (didn't bet)
Seat 4: Gabrielfs13 collected (1285)
Seat 5: Tachurc folded before Flop (didn't bet)
Seat 6: perrynell folded before Flop (didn't bet)
Seat 7: TopTwix (button) folded before Flop (didn't bet)
Seat 8: Heinomat (small blind) folded before Flop



PokerStars Hand #257110893782: Tournament #3911958625, $4.80+$5.00+$1.20 USD Hold'em No Limit - Level VIII (75/150) - 2025/07/27 14:54:12 BRT [2025/07/27 13:54:12 ET]
Table '3911958625 1' 8-max Seat #8 is the button
Seat 1: BigTriss (8266 in chips, $5 bounty) 
Seat 2: Fis01 (2260 in chips, $5 bounty) 
Seat 3: brutallzinho (5003 in chips, $5 bounty) 
Seat 4: Gabrielfs13 (6919 in chips, $5 bounty) 
Seat 5: Tachurc (4654 in chips, $5 bounty) 
Seat 6: perrynell (4207 in chips, $5 bounty) 
Seat 7: TopTwix (2459 in chips, $5 bounty) 
Seat 8: Heinomat (5150 in chips, $5 bounty) 
BigTriss: posts the ante 20
Fis01: posts the ante 20
brutallzinho: posts the ante 20
Gabrielfs13: posts the ante 20
Tachurc: posts the ante 20
perrynell: posts the ante 20
TopTwix: posts the ante 20
Heinomat: posts the ante 20
BigTriss: posts small blind 75
Fis01: posts big blind 150
*** HOLE CARDS ***
Dealt to Gabrielfs13 [3c Kd]
brutallzinho: folds 
Gabrielfs13: folds 
Tachurc: folds 
perrynell: folds 
TopTwix: raises 2289 to 2439 and is all-in
Heinomat: raises 2691 to 5130 and is all-in
BigTriss: folds 
Fis01: folds 
Uncalled bet (2691) returned to Heinomat
*** FLOP *** [6c Td 9c]
*** TURN *** [6c Td 9c] [Kh]
*** RIVER *** [6c Td 9c Kh] [Jh]
*** SHOW DOWN ***
TopTwix: shows [Ad 8h] (high card Ace)
Heinomat: shows [5c 5h] (a pair of Fives)
Heinomat collected 5263 from pot
Heinomat wins $2.50 for eliminating TopTwix and their own bounty increases by $2.50 to $7.50
TopTwix finished the tournament
*** SUMMARY ***
Total pot 5263 | Rake 0 
Board [6c Td 9c Kh Jh]
Seat 1: BigTriss (small blind) folded before Flop
Seat 2: Fis01 (big blind) folded before Flop
Seat 3: brutallzinho folded before Flop (didn't bet)
Seat 4: Gabrielfs13 folded before Flop (didn't bet)
Seat 5: Tachurc folded before Flop (didn't bet)
Seat 6: perrynell folded before Flop (didn't bet)
Seat 7: TopTwix showed [Ad 8h] and lost with high card Ace
Seat 8: Heinomat (button) showed [5c 5h] and won (5263) with a pair of Fives



PokerStars Hand #257110901674: Tournament #3911958625, $4.80+$5.00+$1.20 USD Hold'em No Limit - Level VIII (75/150) - 2025/07/27 14:54:45 BRT [2025/07/27 13:54:45 ET]
Table '3911958625 1' 8-max Seat #1 is the button
Seat 1: BigTriss (8171 in chips, $5 bounty) 
Seat 2: Fis01 (2090 in chips, $5 bounty) 
Seat 3: brutallzinho (4983 in chips, $5 bounty) 
Seat 4: Gabrielfs13 (6899 in chips, $5 bounty) 
Seat 5: Tachurc (4634 in chips, $5 bounty) 
Seat 6: perrynell (4187 in chips, $5 bounty) 
Seat 8: Heinomat (7954 in chips, $7.50 bounty) 
BigTriss: posts the ante 20
Fis01: posts the ante 20
brutallzinho: posts the ante 20
Gabrielfs13: posts the ante 20
Tachurc: posts the ante 20
perrynell: posts the ante 20
Heinomat: posts the ante 20
Fis01: posts small blind 75
brutallzinho: posts big blind 150
*** HOLE CARDS ***
Dealt to Gabrielfs13 [5d 8h]
Gabrielfs13: folds 
Tachurc: raises 150 to 300
perrynell: folds 
Heinomat: folds 
BigTriss: folds 
Pitonpoker999 is disconnected 
Fis01: folds 
brutallzinho: calls 150
*** FLOP *** [5c Qh 6c]
brutallzinho: checks 
Tachurc: bets 196
brutallzinho: folds 
Uncalled bet (196) returned to Tachurc
Tachurc collected 815 from pot
Tachurc: doesn't show hand 
*** SUMMARY ***
Total pot 815 | Rake 0 
Board [5c Qh 6c]
Seat 1: BigTriss (button) folded before Flop (didn't bet)
Seat 2: Fis01 (small blind) folded before Flop
Seat 3: brutallzinho (big blind) folded on the Flop
Seat 4: Gabrielfs13 folded before Flop (didn't bet)
Seat 5: Tachurc collected (815)
Seat 6: perrynell folded before Flop (didn't bet)
Seat 8: Heinomat folded before Flop (didn't bet)



PokerStars Hand #257110970634: Tournament #3911958625, $4.80+$5.00+$1.20 USD Hold'em No Limit - Level IX (100/200) - 2025/07/27 15:01:59 BRT [2025/07/27 14:01:59 ET]
Table '3911958625 1' 8-max Seat #2 is the button
Seat 1: BigTriss (8151 in chips, $5 bounty) is sitting out
Seat 2: Fis01 (1995 in chips, $5 bounty) 
Seat 3: brutallzinho (4663 in chips, $5 bounty) 
Seat 4: Gabrielfs13 (6879 in chips, $5 bounty) 
Seat 5: Brad231214 (5000 in chips, $5 bounty) 
Seat 6: perrynell (4167 in chips, $5 bounty) 
Seat 7: Pitonpoker999 (7326 in chips, $7.50 bounty) 
Seat 8: Heinomat (7934 in chips, $7.50 bounty) 
BigTriss: posts the ante 25
Fis01: posts the ante 25
brutallzinho: posts the ante 25
Gabrielfs13: posts the ante 25
Brad231214: posts the ante 25
perrynell: posts the ante 25
Pitonpoker999: posts the ante 25
Heinomat: posts the ante 25
brutallzinho: posts small blind 100
Gabrielfs13: posts big blind 200
*** HOLE CARDS ***
Dealt to Gabrielfs13 [Qc Qd]
BigTriss has returned
Brad231214: raises 200 to 400
perrynell: folds 
Pitonpoker999: folds 
Heinomat: folds 
BigTriss: folds 
Fis01: folds 
brutallzinho: folds 
Gabrielfs13: raises 6454 to 6854 and is all-in
Brad231214: calls 4575 and is all-in
Uncalled bet (1879) returned to Gabrielfs13
*** FLOP *** [Jc 5h 8s]
*** TURN *** [Jc 5h 8s] [8h]
*** RIVER *** [Jc 5h 8s 8h] [6c]
*** SHOW DOWN ***
Gabrielfs13: shows [Qc Qd] (two pair, Queens and Eights)
Brad231214: shows [8c Jh] (a full house, Eights full of Jacks)
Brad231214 collected 10250 from pot
*** SUMMARY ***
Total pot 10250 | Rake 0 
Board [Jc 5h 8s 8h 6c]
Seat 1: BigTriss folded before Flop (didn't bet)
Seat 2: Fis01 (button) folded before Flop (didn't bet)
Seat 3: brutallzinho (small blind) folded before Flop
Seat 4: Gabrielfs13 (big blind) showed [Qc Qd] and lost with two pair, Queens and Eights
Seat 5: Brad231214 showed [8c Jh] and won (10250) with a full house, Eights full of Jacks
Seat 6: perrynell folded before Flop (didn't bet)
Seat 7: Pitonpoker999 folded before Flop (didn't bet)
Seat 8: Heinomat folded before Flop (didn't bet)



PokerStars Hand #257110986673: Tournament #3911958625, $4.80+$5.00+$1.20 USD Hold'em No Limit - Level IX (100/200) - 2025/07/27 15:03:06 BRT [2025/07/27 14:03:06 ET]
Table '3911958625 1' 8-max Seat #3 is the button
Seat 1: BigTriss (8126 in chips, $5 bounty) 
Seat 2: Fis01 (1970 in chips, $5 bounty) 
Seat 3: brutallzinho (4538 in chips, $5 bounty) 
Seat 4: Gabrielfs13 (1879 in chips, $5 bounty) 
Seat 5: Brad231214 (10250 in chips, $5 bounty) 
Seat 6: perrynell (4142 in chips, $5 bounty) 
Seat 7: Pitonpoker999 (7301 in chips, $7.50 bounty) 
Seat 8: Heinomat (7909 in chips, $7.50 bounty) 
BigTriss: posts the ante 25
Fis01: posts the ante 25
brutallzinho: posts the ante 25
Gabrielfs13: posts the ante 25
Brad231214: posts the ante 25
perrynell: posts the ante 25
Pitonpoker999: posts the ante 25
Heinomat: posts the ante 25
Gabrielfs13: posts small blind 100
Brad231214: posts big blind 200
*** HOLE CARDS ***
Dealt to Gabrielfs13 [8h 5s]
perrynell: folds 
Pitonpoker999: folds 
Heinomat: folds 
BigTriss: folds 
Fis01: raises 1745 to 1945 and is all-in
brutallzinho: raises 1745 to 3690
Gabrielfs13: folds 
Brad231214: folds 
Uncalled bet (1745) returned to brutallzinho
*** FLOP *** [5c 6s 4s]
*** TURN *** [5c 6s 4s] [Ah]
*** RIVER *** [5c 6s 4s Ah] [9h]
*** SHOW DOWN ***
Fis01: shows [Qc Tc] (high card Ace)
brutallzinho: shows [6h 6c] (three of a kind, Sixes)
brutallzinho collected 4390 from pot
brutallzinho wins $2.50 for eliminating Fis01 and their own bounty increases by $2.50 to $7.50
Fis01 finished the tournament
*** SUMMARY ***
Total pot 4390 | Rake 0 
Board [5c 6s 4s Ah 9h]
Seat 1: BigTriss folded before Flop (didn't bet)
Seat 2: Fis01 showed [Qc Tc] and lost with high card Ace
Seat 3: brutallzinho (button) showed [6h 6c] and won (4390) with three of a kind, Sixes
Seat 4: Gabrielfs13 (small blind) folded before Flop
Seat 5: Brad231214 (big blind) folded before Flop
Seat 6: perrynell folded before Flop (didn't bet)
Seat 7: Pitonpoker999 folded before Flop (didn't bet)
Seat 8: Heinomat folded before Flop (didn't bet)



PokerStars Hand #257110999087: Tournament #3911958625, $4.80+$5.00+$1.20 USD Hold'em No Limit - Level IX (100/200) - 2025/07/27 15:03:57 BRT [2025/07/27 14:03:57 ET]
Table '3911958625 1' 8-max Seat #4 is the button
Seat 1: BigTriss (8101 in chips, $5 bounty) 
Seat 3: brutallzinho (6958 in chips, $7.50 bounty) 
Seat 4: Gabrielfs13 (1754 in chips, $5 bounty) 
Seat 5: Brad231214 (10025 in chips, $5 bounty) 
Seat 6: perrynell (4117 in chips, $5 bounty) 
Seat 7: Pitonpoker999 (7276 in chips, $7.50 bounty) 
Seat 8: Heinomat (7884 in chips, $7.50 bounty) 
BigTriss: posts the ante 25
brutallzinho: posts the ante 25
Gabrielfs13: posts the ante 25
Brad231214: posts the ante 25
perrynell: posts the ante 25
Pitonpoker999: posts the ante 25
Heinomat: posts the ante 25
Brad231214: posts small blind 100
perrynell: posts big blind 200
*** HOLE CARDS ***
Dealt to Gabrielfs13 [4s 5h]
Pitonpoker999: folds 
laskysvk is disconnected 
Heinomat: folds 
BigTriss: raises 200 to 400
brutallzinho: folds 
Gabrielfs13: folds 
Brad231214: calls 300
perrynell: calls 200
*** FLOP *** [6s 2d 7s]
Brad231214: bets 1375
perrynell: folds 
BigTriss: folds 
Uncalled bet (1375) returned to Brad231214
Brad231214 collected 1375 from pot
Brad231214: doesn't show hand 
*** SUMMARY ***
Total pot 1375 | Rake 0 
Board [6s 2d 7s]
Seat 1: BigTriss folded on the Flop
Seat 3: brutallzinho folded before Flop (didn't bet)
Seat 4: Gabrielfs13 (button) folded before Flop (didn't bet)
Seat 5: Brad231214 (small blind) collected (1375)
Seat 6: perrynell (big blind) folded on the Flop
Seat 7: Pitonpoker999 folded before Flop (didn't bet)
Seat 8: Heinomat folded before Flop (didn't bet)



PokerStars Hand #257111014111: Tournament #3911958625, $4.80+$5.00+$1.20 USD Hold'em No Limit - Level IX (100/200) - 2025/07/27 15:04:57 BRT [2025/07/27 14:04:57 ET]
Table '3911958625 1' 8-max Seat #5 is the button
Seat 1: BigTriss (7676 in chips, $5 bounty) 
Seat 2: laskysvk (5000 in chips, $5 bounty) 
Seat 3: brutallzinho (6933 in chips, $7.50 bounty) 
Seat 4: Gabrielfs13 (1729 in chips, $5 bounty) 
Seat 5: Brad231214 (10975 in chips, $5 bounty) 
Seat 6: perrynell (3692 in chips, $5 bounty) 
Seat 7: Pitonpoker999 (7251 in chips, $7.50 bounty) 
Seat 8: Heinomat (7859 in chips, $7.50 bounty) 
BigTriss: posts the ante 25
laskysvk: posts the ante 25
brutallzinho: posts the ante 25
Gabrielfs13: posts the ante 25
Brad231214: posts the ante 25
perrynell: posts the ante 25
Pitonpoker999: posts the ante 25
Heinomat: posts the ante 25
perrynell: posts small blind 100
Pitonpoker999: posts big blind 200
*** HOLE CARDS ***
Dealt to Gabrielfs13 [Jh Td]
Heinomat: raises 220 to 420
BigTriss: calls 420
laskysvk: calls 420
brutallzinho: raises 6488 to 6908 and is all-in
Gabrielfs13: folds 
Brad231214: folds 
perrynell: folds 
Pitonpoker999: folds 
Heinomat: raises 926 to 7834 and is all-in
BigTriss: folds 
laskysvk: calls 4555 and is all-in
Uncalled bet (926) returned to Heinomat
*** FLOP *** [6d 5s 3d]
*** TURN *** [6d 5s 3d] [8h]
*** RIVER *** [6d 5s 3d 8h] [Ts]
*** SHOW DOWN ***
Heinomat: shows [Ah Ad] (a pair of Aces)
brutallzinho: shows [Qc Ac] (high card Ace)
Heinomat collected 3866 from side pot
laskysvk: shows [3c 6c] (two pair, Sixes and Threes)
laskysvk collected 15845 from main pot
Heinomat wins $3.75 for eliminating brutallzinho and their own bounty increases by $3.75 to $11.25
brutallzinho finished the tournament
*** SUMMARY ***
Total pot 19711 Main pot 15845. Side pot 3866. | Rake 0 
Board [6d 5s 3d 8h Ts]
Seat 1: BigTriss folded before Flop
Seat 2: laskysvk showed [3c 6c] and won (15845) with two pair, Sixes and Threes
Seat 3: brutallzinho showed [Qc Ac] and lost with high card Ace
Seat 4: Gabrielfs13 folded before Flop (didn't bet)
Seat 5: Brad231214 (button) folded before Flop (didn't bet)
Seat 6: perrynell (small blind) folded before Flop
Seat 7: Pitonpoker999 (big blind) folded before Flop
Seat 8: Heinomat showed [Ah Ad] and won (3866) with a pair of Aces



PokerStars Hand #257111029794: Tournament #3911958625, $4.80+$5.00+$1.20 USD Hold'em No Limit - Level IX (100/200) - 2025/07/27 15:05:59 BRT [2025/07/27 14:05:59 ET]
Table '3911958625 1' 8-max Seat #6 is the button
Seat 1: BigTriss (7231 in chips, $5 bounty) 
Seat 2: laskysvk (15845 in chips, $5 bounty) 
Seat 4: Gabrielfs13 (1704 in chips, $5 bounty) 
Seat 5: Brad231214 (10950 in chips, $5 bounty) 
Seat 6: perrynell (3567 in chips, $5 bounty) 
Seat 7: Pitonpoker999 (7026 in chips, $7.50 bounty) 
Seat 8: Heinomat (4792 in chips, $11.25 bounty) 
BigTriss: posts the ante 25
laskysvk: posts the ante 25
Gabrielfs13: posts the ante 25
Brad231214: posts the ante 25
perrynell: posts the ante 25
Pitonpoker999: posts the ante 25
Heinomat: posts the ante 25
Pitonpoker999: posts small blind 100
Heinomat: posts big blind 200
*** HOLE CARDS ***
Dealt to Gabrielfs13 [Jh 7h]
FadeToGrey91 is disconnected 
BigTriss: folds 
laskysvk: folds 
Gabrielfs13: raises 1479 to 1679 and is all-in
Brad231214: folds 
perrynell: raises 1863 to 3542 and is all-in
Pitonpoker999: folds 
Heinomat: folds 
Uncalled bet (1863) returned to perrynell
*** FLOP *** [3s Qh 2c]
*** TURN *** [3s Qh 2c] [Qd]
*** RIVER *** [3s Qh 2c Qd] [Ks]
*** SHOW DOWN ***
Gabrielfs13: shows [Jh 7h] (a pair of Queens)
perrynell: shows [As 8c] (a pair of Queens - Ace kicker)
perrynell collected 3833 from pot
perrynell wins $2.50 for eliminating Gabrielfs13 and their own bounty increases by $2.50 to $7.50
Gabrielfs13 finished the tournament
*** SUMMARY ***
Total pot 3833 | Rake 0 
Board [3s Qh 2c Qd Ks]
Seat 1: BigTriss folded before Flop (didn't bet)
Seat 2: laskysvk folded before Flop (didn't bet)
Seat 4: Gabrielfs13 showed [Jh 7h] and lost with a pair of Queens
Seat 5: Brad231214 folded before Flop (didn't bet)
Seat 6: perrynell (button) showed [As 8c] and won (3833) with a pair of Queens
Seat 7: Pitonpoker999 (small blind) folded before Flop
Seat 8: Heinomat (big blind) folded before Flop



