PokerStars Hand #257128581143: Tournament #3913588013, $4.80+$5.00+$1.20 USD Hold'em No Limit - Level XII (350/700) - 2025/07/28 20:01:05 BRT [2025/07/28 19:01:05 ET]
Table '3913588013 5' 8-max Seat #6 is the button
Seat 1: GgCuervo1908 (28558 in chips, $16.25 bounty) 
Seat 2: Jerry-SWE (15583 in chips, $10 bounty) 
Seat 3: Núbia (15426 in chips, $5 bounty) 
Seat 5: Vstoinov (6117 in chips, $10 bounty) 
Seat 6: BOCA950 (20082 in chips, $16.25 bounty) 
Seat 7: WeegieG87 (38831 in chips, $15 bounty) 
Seat 8: Gabrielfs13 (48801 in chips, $25 bounty) 
GgCuervo1908: posts the ante 110
Jerry-SWE: posts the ante 110
Núbia: posts the ante 110
Vstoinov: posts the ante 110
BOCA950: posts the ante 110
WeegieG87: posts the ante 110
Gabrielfs13: posts the ante 110
WeegieG87: posts small blind 350
Gabrielfs13: posts big blind 700
*** HOLE CARDS ***
Dealt to Gabrielfs13 [7c 7d]
GgCuervo1908: folds 
Jerry-SWE: folds 
Núbia: folds 
Vstoinov: folds 
BOCA950: raises 700 to 1400
WeegieG87: folds 
Gabrielfs13: raises 47291 to 48691 and is all-in
BOCA950: folds 
Uncalled bet (47291) returned to Gabrielfs13
Gabrielfs13 collected 3920 from pot
Gabrielfs13: doesn't show hand 
*** SUMMARY ***
Total pot 3920 | Rake 0 
Seat 1: GgCuervo1908 folded before Flop (didn't bet)
Seat 2: Jerry-SWE folded before Flop (didn't bet)
Seat 3: Núbia folded before Flop (didn't bet)
Seat 5: Vstoinov folded before Flop (didn't bet)
Seat 6: BOCA950 (button) folded before Flop
Seat 7: WeegieG87 (small blind) folded before Flop
Seat 8: Gabrielfs13 (big blind) collected (3920)



PokerStars Hand #257128586942: Tournament #3913588013, $4.80+$5.00+$1.20 USD Hold'em No Limit - Level XII (350/700) - 2025/07/28 20:01:36 BRT [2025/07/28 19:01:36 ET]
Table '3913588013 5' 8-max Seat #7 is the button
Seat 1: GgCuervo1908 (28448 in chips, $16.25 bounty) 
Seat 2: Jerry-SWE (15473 in chips, $10 bounty) 
Seat 3: Núbia (15316 in chips, $5 bounty) 
Seat 5: Vstoinov (6007 in chips, $10 bounty) 
Seat 6: BOCA950 (18572 in chips, $16.25 bounty) 
Seat 7: WeegieG87 (38371 in chips, $15 bounty) 
Seat 8: Gabrielfs13 (51211 in chips, $25 bounty) 
GgCuervo1908: posts the ante 110
Jerry-SWE: posts the ante 110
Núbia: posts the ante 110
Vstoinov: posts the ante 110
BOCA950: posts the ante 110
WeegieG87: posts the ante 110
Gabrielfs13: posts the ante 110
Gabrielfs13: posts small blind 350
GgCuervo1908: posts big blind 700
*** HOLE CARDS ***
Dealt to Gabrielfs13 [4h 9c]
Jerry-SWE: folds 
Núbia: folds 
Vstoinov: raises 5197 to 5897 and is all-in
BOCA950: folds 
WeegieG87: folds 
Gabrielfs13: folds 
GgCuervo1908: calls 5197
*** FLOP *** [Kc 7d Ac]
*** TURN *** [Kc 7d Ac] [Qc]
*** RIVER *** [Kc 7d Ac Qc] [3s]
*** SHOW DOWN ***
GgCuervo1908: shows [9d Tc] (high card Ace)
Vstoinov: shows [3h 3d] (three of a kind, Threes)
Vstoinov collected 12914 from pot
*** SUMMARY ***
Total pot 12914 | Rake 0 
Board [Kc 7d Ac Qc 3s]
Seat 1: GgCuervo1908 (big blind) showed [9d Tc] and lost with high card Ace
Seat 2: Jerry-SWE folded before Flop (didn't bet)
Seat 3: Núbia folded before Flop (didn't bet)
Seat 5: Vstoinov showed [3h 3d] and won (12914) with three of a kind, Threes
Seat 6: BOCA950 folded before Flop (didn't bet)
Seat 7: WeegieG87 (button) folded before Flop (didn't bet)
Seat 8: Gabrielfs13 (small blind) folded before Flop



PokerStars Hand #257128599663: Tournament #3913588013, $4.80+$5.00+$1.20 USD Hold'em No Limit - Level XII (350/700) - 2025/07/28 20:02:46 BRT [2025/07/28 19:02:46 ET]
Table '3913588013 5' 8-max Seat #8 is the button
Seat 1: GgCuervo1908 (22441 in chips, $16.25 bounty) 
Seat 2: Jerry-SWE (15363 in chips, $10 bounty) 
Seat 3: Núbia (15206 in chips, $5 bounty) 
Seat 5: Vstoinov (12914 in chips, $10 bounty) 
Seat 6: BOCA950 (18462 in chips, $16.25 bounty) 
Seat 7: WeegieG87 (38261 in chips, $15 bounty) 
Seat 8: Gabrielfs13 (50751 in chips, $25 bounty) 
GgCuervo1908: posts the ante 110
Jerry-SWE: posts the ante 110
Núbia: posts the ante 110
Vstoinov: posts the ante 110
BOCA950: posts the ante 110
WeegieG87: posts the ante 110
Gabrielfs13: posts the ante 110
GgCuervo1908: posts small blind 350
Jerry-SWE: posts big blind 700
*** HOLE CARDS ***
Dealt to Gabrielfs13 [4d Qc]
Núbia has timed out
Núbia: folds 
Núbia is sitting out
Núbia has returned
Vstoinov: folds 
BOCA950: folds 
WeegieG87: folds 
Gabrielfs13: raises 700 to 1400
GgCuervo1908: folds 
Jerry-SWE: calls 700
*** FLOP *** [5c 2s Qd]
Jerry-SWE: bets 2783
Gabrielfs13: calls 2783
*** TURN *** [5c 2s Qd] [8h]
Jerry-SWE: bets 6735
Gabrielfs13: calls 6735
*** RIVER *** [5c 2s Qd 8h] [Ks]
Jerry-SWE: bets 4335 and is all-in
Gabrielfs13: calls 4335
*** SHOW DOWN ***
Jerry-SWE: shows [Kd Qs] (two pair, Kings and Queens)
Gabrielfs13: shows [4d Qc] (a pair of Queens)
Jerry-SWE collected 31626 from pot
*** SUMMARY ***
Total pot 31626 | Rake 0 
Board [5c 2s Qd 8h Ks]
Seat 1: GgCuervo1908 (small blind) folded before Flop
Seat 2: Jerry-SWE (big blind) showed [Kd Qs] and won (31626) with two pair, Kings and Queens
Seat 3: Núbia folded before Flop (didn't bet)
Seat 5: Vstoinov folded before Flop (didn't bet)
Seat 6: BOCA950 folded before Flop (didn't bet)
Seat 7: WeegieG87 folded before Flop (didn't bet)
Seat 8: Gabrielfs13 (button) showed [4d Qc] and lost with a pair of Queens



PokerStars Hand #257128611906: Tournament #3913588013, $4.80+$5.00+$1.20 USD Hold'em No Limit - Level XIII (400/800) - 2025/07/28 20:03:52 BRT [2025/07/28 19:03:52 ET]
Table '3913588013 5' 8-max Seat #1 is the button
Seat 1: GgCuervo1908 (21981 in chips, $16.25 bounty) 
Seat 2: Jerry-SWE (31626 in chips, $10 bounty) 
Seat 3: Núbia (15096 in chips, $5 bounty) 
Seat 5: Vstoinov (12804 in chips, $10 bounty) 
Seat 6: BOCA950 (18352 in chips, $16.25 bounty) 
Seat 7: WeegieG87 (38151 in chips, $15 bounty) 
Seat 8: Gabrielfs13 (35388 in chips, $25 bounty) 
GgCuervo1908: posts the ante 120
Jerry-SWE: posts the ante 120
Núbia: posts the ante 120
Vstoinov: posts the ante 120
BOCA950: posts the ante 120
WeegieG87: posts the ante 120
Gabrielfs13: posts the ante 120
Jerry-SWE: posts small blind 400
Núbia: posts big blind 800
*** HOLE CARDS ***
Dealt to Gabrielfs13 [Ks Th]
Vstoinov: folds 
BOCA950: raises 800 to 1600
WeegieG87: calls 1600
Gabrielfs13: folds 
GgCuervo1908: folds 
Jerry-SWE: calls 1200
Núbia: folds 
*** FLOP *** [2h Ah As]
Jerry-SWE: checks 
BOCA950: checks 
WeegieG87: checks 
*** TURN *** [2h Ah As] [9c]
Jerry-SWE: checks 
BOCA950: checks 
WeegieG87: bets 1620
Jerry-SWE: calls 1620
BOCA950: folds 
*** RIVER *** [2h Ah As 9c] [Kc]
Jerry-SWE: checks 
WeegieG87: checks 
*** SHOW DOWN ***
Jerry-SWE: shows [Ad 6d] (three of a kind, Aces)
WeegieG87: mucks hand 
Jerry-SWE collected 9680 from pot
*** SUMMARY ***
Total pot 9680 | Rake 0 
Board [2h Ah As 9c Kc]
Seat 1: GgCuervo1908 (button) folded before Flop (didn't bet)
Seat 2: Jerry-SWE (small blind) showed [Ad 6d] and won (9680) with three of a kind, Aces
Seat 3: Núbia (big blind) folded before Flop
Seat 5: Vstoinov folded before Flop (didn't bet)
Seat 6: BOCA950 folded on the Turn
Seat 7: WeegieG87 mucked [6h 6s]
Seat 8: Gabrielfs13 folded before Flop (didn't bet)



PokerStars Hand #257128622254: Tournament #3913588013, $4.80+$5.00+$1.20 USD Hold'em No Limit - Level XIII (400/800) - 2025/07/28 20:04:50 BRT [2025/07/28 19:04:50 ET]
Table '3913588013 5' 8-max Seat #2 is the button
Seat 1: GgCuervo1908 (21861 in chips, $16.25 bounty) 
Seat 2: Jerry-SWE (37966 in chips, $10 bounty) 
Seat 3: Núbia (14176 in chips, $5 bounty) 
Seat 5: Vstoinov (12684 in chips, $10 bounty) 
Seat 6: BOCA950 (16632 in chips, $16.25 bounty) 
Seat 7: WeegieG87 (34811 in chips, $15 bounty) 
Seat 8: Gabrielfs13 (35268 in chips, $25 bounty) 
GgCuervo1908: posts the ante 120
Jerry-SWE: posts the ante 120
Núbia: posts the ante 120
Vstoinov: posts the ante 120
BOCA950: posts the ante 120
WeegieG87: posts the ante 120
Gabrielfs13: posts the ante 120
Núbia: posts small blind 400
Vstoinov: posts big blind 800
*** HOLE CARDS ***
Dealt to Gabrielfs13 [5c 7d]
BOCA950: folds 
WeegieG87: folds 
Gabrielfs13: folds 
GgCuervo1908: raises 800 to 1600
Jerry-SWE: folds 
Núbia: folds 
Vstoinov: folds 
Uncalled bet (800) returned to GgCuervo1908
GgCuervo1908 collected 2840 from pot
GgCuervo1908: doesn't show hand 
*** SUMMARY ***
Total pot 2840 | Rake 0 
Seat 1: GgCuervo1908 collected (2840)
Seat 2: Jerry-SWE (button) folded before Flop (didn't bet)
Seat 3: Núbia (small blind) folded before Flop
Seat 5: Vstoinov (big blind) folded before Flop
Seat 6: BOCA950 folded before Flop (didn't bet)
Seat 7: WeegieG87 folded before Flop (didn't bet)
Seat 8: Gabrielfs13 folded before Flop (didn't bet)



PokerStars Hand #257128628695: Tournament #3913588013, $4.80+$5.00+$1.20 USD Hold'em No Limit - Level XIII (400/800) - 2025/07/28 20:05:25 BRT [2025/07/28 19:05:25 ET]
Table '3913588013 5' 8-max Seat #3 is the button
Seat 1: GgCuervo1908 (23781 in chips, $16.25 bounty) 
Seat 2: Jerry-SWE (37846 in chips, $10 bounty) 
Seat 3: Núbia (13656 in chips, $5 bounty) 
Seat 5: Vstoinov (11764 in chips, $10 bounty) 
Seat 6: BOCA950 (16512 in chips, $16.25 bounty) 
Seat 7: WeegieG87 (34691 in chips, $15 bounty) 
Seat 8: Gabrielfs13 (35148 in chips, $25 bounty) 
GgCuervo1908: posts the ante 120
Jerry-SWE: posts the ante 120
Núbia: posts the ante 120
Vstoinov: posts the ante 120
BOCA950: posts the ante 120
WeegieG87: posts the ante 120
Gabrielfs13: posts the ante 120
Vstoinov: posts small blind 400
BOCA950: posts big blind 800
*** HOLE CARDS ***
Dealt to Gabrielfs13 [Td 7d]
WeegieG87: folds 
Gabrielfs13: raises 800 to 1600
GgCuervo1908: folds 
Jerry-SWE: folds 
Núbia: folds 
Vstoinov: folds 
BOCA950: folds 
Uncalled bet (800) returned to Gabrielfs13
Gabrielfs13 collected 2840 from pot
Gabrielfs13: doesn't show hand 
*** SUMMARY ***
Total pot 2840 | Rake 0 
Seat 1: GgCuervo1908 folded before Flop (didn't bet)
Seat 2: Jerry-SWE folded before Flop (didn't bet)
Seat 3: Núbia (button) folded before Flop (didn't bet)
Seat 5: Vstoinov (small blind) folded before Flop
Seat 6: BOCA950 (big blind) folded before Flop
Seat 7: WeegieG87 folded before Flop (didn't bet)
Seat 8: Gabrielfs13 collected (2840)



PokerStars Hand #257128638762: Tournament #3913588013, $4.80+$5.00+$1.20 USD Hold'em No Limit - Level XIII (400/800) - 2025/07/28 20:06:21 BRT [2025/07/28 19:06:21 ET]
Table '3913588013 5' 8-max Seat #5 is the button
Seat 1: GgCuervo1908 (23661 in chips, $16.25 bounty) 
Seat 2: Jerry-SWE (37726 in chips, $10 bounty) 
Seat 3: Núbia (13536 in chips, $5 bounty) 
Seat 5: Vstoinov (11244 in chips, $10 bounty) 
Seat 6: BOCA950 (15592 in chips, $16.25 bounty) 
Seat 7: WeegieG87 (34571 in chips, $15 bounty) 
Seat 8: Gabrielfs13 (37068 in chips, $25 bounty) 
GgCuervo1908: posts the ante 120
Jerry-SWE: posts the ante 120
Núbia: posts the ante 120
Vstoinov: posts the ante 120
BOCA950: posts the ante 120
WeegieG87: posts the ante 120
Gabrielfs13: posts the ante 120
BOCA950: posts small blind 400
WeegieG87: posts big blind 800
*** HOLE CARDS ***
Dealt to Gabrielfs13 [6c 4h]
Gabrielfs13: folds 
GgCuervo1908: folds 
Jerry-SWE: folds 
Núbia: folds 
Vstoinov: folds 
BOCA950: folds 
Uncalled bet (400) returned to WeegieG87
WeegieG87 collected 1640 from pot
WeegieG87: doesn't show hand 
*** SUMMARY ***
Total pot 1640 | Rake 0 
Seat 1: GgCuervo1908 folded before Flop (didn't bet)
Seat 2: Jerry-SWE folded before Flop (didn't bet)
Seat 3: Núbia folded before Flop (didn't bet)
Seat 5: Vstoinov (button) folded before Flop (didn't bet)
Seat 6: BOCA950 (small blind) folded before Flop
Seat 7: WeegieG87 (big blind) collected (1640)
Seat 8: Gabrielfs13 folded before Flop (didn't bet)



PokerStars Hand #257128644452: Tournament #3913588013, $4.80+$5.00+$1.20 USD Hold'em No Limit - Level XIII (400/800) - 2025/07/28 20:06:53 BRT [2025/07/28 19:06:53 ET]
Table '3913588013 5' 8-max Seat #6 is the button
Seat 1: GgCuervo1908 (23541 in chips, $16.25 bounty) 
Seat 2: Jerry-SWE (37606 in chips, $10 bounty) 
Seat 3: Núbia (13416 in chips, $5 bounty) 
Seat 5: Vstoinov (11124 in chips, $10 bounty) 
Seat 6: BOCA950 (15072 in chips, $16.25 bounty) 
Seat 7: WeegieG87 (35691 in chips, $15 bounty) 
Seat 8: Gabrielfs13 (36948 in chips, $25 bounty) 
GgCuervo1908: posts the ante 120
Jerry-SWE: posts the ante 120
Núbia: posts the ante 120
Vstoinov: posts the ante 120
BOCA950: posts the ante 120
WeegieG87: posts the ante 120
Gabrielfs13: posts the ante 120
WeegieG87: posts small blind 400
Gabrielfs13: posts big blind 800
*** HOLE CARDS ***
Dealt to Gabrielfs13 [9d 3s]
GgCuervo1908: folds 
Jerry-SWE: folds 
Núbia: raises 800 to 1600
Vstoinov: folds 
BOCA950: folds 
WeegieG87: folds 
Gabrielfs13: folds 
Uncalled bet (800) returned to Núbia
Núbia collected 2840 from pot
Núbia: doesn't show hand 
*** SUMMARY ***
Total pot 2840 | Rake 0 
Seat 1: GgCuervo1908 folded before Flop (didn't bet)
Seat 2: Jerry-SWE folded before Flop (didn't bet)
Seat 3: Núbia collected (2840)
Seat 5: Vstoinov folded before Flop (didn't bet)
Seat 6: BOCA950 (button) folded before Flop (didn't bet)
Seat 7: WeegieG87 (small blind) folded before Flop
Seat 8: Gabrielfs13 (big blind) folded before Flop



PokerStars Hand #257128651132: Tournament #3913588013, $4.80+$5.00+$1.20 USD Hold'em No Limit - Level XIII (400/800) - 2025/07/28 20:07:29 BRT [2025/07/28 19:07:29 ET]
Table '3913588013 5' 8-max Seat #7 is the button
Seat 1: GgCuervo1908 (23421 in chips, $16.25 bounty) 
Seat 2: Jerry-SWE (37486 in chips, $10 bounty) 
Seat 3: Núbia (15336 in chips, $5 bounty) 
Seat 5: Vstoinov (11004 in chips, $10 bounty) 
Seat 6: BOCA950 (14952 in chips, $16.25 bounty) 
Seat 7: WeegieG87 (35171 in chips, $15 bounty) 
Seat 8: Gabrielfs13 (36028 in chips, $25 bounty) 
GgCuervo1908: posts the ante 120
Jerry-SWE: posts the ante 120
Núbia: posts the ante 120
Vstoinov: posts the ante 120
BOCA950: posts the ante 120
WeegieG87: posts the ante 120
Gabrielfs13: posts the ante 120
Gabrielfs13: posts small blind 400
GgCuervo1908: posts big blind 800
*** HOLE CARDS ***
Dealt to Gabrielfs13 [2s 3s]
Jerry-SWE: folds 
Núbia: folds 
Vstoinov has timed out
Vstoinov: folds 
Vstoinov is sitting out
BOCA950: folds 
Vstoinov has returned
WeegieG87: folds 
Gabrielfs13: raises 1200 to 2000
GgCuervo1908: folds 
Uncalled bet (1200) returned to Gabrielfs13
Gabrielfs13 collected 2440 from pot
Gabrielfs13: doesn't show hand 
*** SUMMARY ***
Total pot 2440 | Rake 0 
Seat 1: GgCuervo1908 (big blind) folded before Flop
Seat 2: Jerry-SWE folded before Flop (didn't bet)
Seat 3: Núbia folded before Flop (didn't bet)
Seat 5: Vstoinov folded before Flop (didn't bet)
Seat 6: BOCA950 folded before Flop (didn't bet)
Seat 7: WeegieG87 (button) folded before Flop (didn't bet)
Seat 8: Gabrielfs13 (small blind) collected (2440)



PokerStars Hand #257128660470: Tournament #3913588013, $4.80+$5.00+$1.20 USD Hold'em No Limit - Level XIV (500/1000) - 2025/07/28 20:08:21 BRT [2025/07/28 19:08:21 ET]
Table '3913588013 5' 8-max Seat #8 is the button
Seat 1: GgCuervo1908 (22501 in chips, $16.25 bounty) 
Seat 2: Jerry-SWE (37366 in chips, $10 bounty) 
Seat 3: Núbia (15216 in chips, $5 bounty) 
Seat 5: Vstoinov (10884 in chips, $10 bounty) 
Seat 6: BOCA950 (14832 in chips, $16.25 bounty) 
Seat 7: WeegieG87 (35051 in chips, $15 bounty) 
Seat 8: Gabrielfs13 (37548 in chips, $25 bounty) 
GgCuervo1908: posts the ante 150
Jerry-SWE: posts the ante 150
Núbia: posts the ante 150
Vstoinov: posts the ante 150
BOCA950: posts the ante 150
WeegieG87: posts the ante 150
Gabrielfs13: posts the ante 150
GgCuervo1908: posts small blind 500
Jerry-SWE: posts big blind 1000
*** HOLE CARDS ***
Dealt to Gabrielfs13 [9c As]
Núbia: folds 
Vstoinov: raises 9734 to 10734 and is all-in
BOCA950: folds 
WeegieG87: folds 
Gabrielfs13: folds 
GgCuervo1908: folds 
Jerry-SWE: folds 
Uncalled bet (9734) returned to Vstoinov
Vstoinov collected 3550 from pot
Vstoinov: doesn't show hand 
*** SUMMARY ***
Total pot 3550 | Rake 0 
Seat 1: GgCuervo1908 (small blind) folded before Flop
Seat 2: Jerry-SWE (big blind) folded before Flop
Seat 3: Núbia folded before Flop (didn't bet)
Seat 5: Vstoinov collected (3550)
Seat 6: BOCA950 folded before Flop (didn't bet)
Seat 7: WeegieG87 folded before Flop (didn't bet)
Seat 8: Gabrielfs13 (button) folded before Flop (didn't bet)



PokerStars Hand #257128668770: Tournament #3913588013, $4.80+$5.00+$1.20 USD Hold'em No Limit - Level XIV (500/1000) - 2025/07/28 20:09:08 BRT [2025/07/28 19:09:08 ET]
Table '3913588013 5' 8-max Seat #1 is the button
Seat 1: GgCuervo1908 (21851 in chips, $16.25 bounty) 
Seat 2: Jerry-SWE (36216 in chips, $10 bounty) 
Seat 3: Núbia (15066 in chips, $5 bounty) 
Seat 5: Vstoinov (13284 in chips, $10 bounty) 
Seat 6: BOCA950 (14682 in chips, $16.25 bounty) 
Seat 7: WeegieG87 (34901 in chips, $15 bounty) 
Seat 8: Gabrielfs13 (37398 in chips, $25 bounty) 
GgCuervo1908: posts the ante 150
Jerry-SWE: posts the ante 150
Núbia: posts the ante 150
Vstoinov: posts the ante 150
BOCA950: posts the ante 150
WeegieG87: posts the ante 150
Gabrielfs13: posts the ante 150
Jerry-SWE: posts small blind 500
Núbia: posts big blind 1000
*** HOLE CARDS ***
Dealt to Gabrielfs13 [4h 9c]
Vstoinov has timed out
Vstoinov: folds 
Vstoinov is sitting out
BOCA950: folds 
Vstoinov has returned
WeegieG87: raises 1000 to 2000
Gabrielfs13: folds 
GgCuervo1908: folds 
Jerry-SWE: folds 
Núbia: folds 
Uncalled bet (1000) returned to WeegieG87
WeegieG87 collected 3550 from pot
WeegieG87: doesn't show hand 
*** SUMMARY ***
Total pot 3550 | Rake 0 
Seat 1: GgCuervo1908 (button) folded before Flop (didn't bet)
Seat 2: Jerry-SWE (small blind) folded before Flop
Seat 3: Núbia (big blind) folded before Flop
Seat 5: Vstoinov folded before Flop (didn't bet)
Seat 6: BOCA950 folded before Flop (didn't bet)
Seat 7: WeegieG87 collected (3550)
Seat 8: Gabrielfs13 folded before Flop (didn't bet)



PokerStars Hand #257128676030: Tournament #3913588013, $4.80+$5.00+$1.20 USD Hold'em No Limit - Level XIV (500/1000) - 2025/07/28 20:09:49 BRT [2025/07/28 19:09:49 ET]
Table '3913588013 5' 8-max Seat #2 is the button
Seat 1: GgCuervo1908 (21701 in chips, $16.25 bounty) 
Seat 2: Jerry-SWE (35566 in chips, $10 bounty) 
Seat 3: Núbia (13916 in chips, $5 bounty) 
Seat 5: Vstoinov (13134 in chips, $10 bounty) 
Seat 6: BOCA950 (14532 in chips, $16.25 bounty) 
Seat 7: WeegieG87 (37301 in chips, $15 bounty) 
Seat 8: Gabrielfs13 (37248 in chips, $25 bounty) 
GgCuervo1908: posts the ante 150
Jerry-SWE: posts the ante 150
Núbia: posts the ante 150
Vstoinov: posts the ante 150
BOCA950: posts the ante 150
WeegieG87: posts the ante 150
Gabrielfs13: posts the ante 150
Núbia: posts small blind 500
Vstoinov: posts big blind 1000
*** HOLE CARDS ***
Dealt to Gabrielfs13 [Qc 5s]
BOCA950: raises 1000 to 2000
WeegieG87: calls 2000
Gabrielfs13: folds 
GgCuervo1908: folds 
Jerry-SWE: folds 
Núbia: folds 
Vstoinov: calls 1000
*** FLOP *** [7c 4h 2d]
Vstoinov: checks 
BOCA950: checks 
WeegieG87: checks 
*** TURN *** [7c 4h 2d] [8h]
Vstoinov has timed out
Vstoinov: checks 
BOCA950: bets 1510
WeegieG87: calls 1510
Vstoinov: calls 1510
*** RIVER *** [7c 4h 2d 8h] [4s]
Vstoinov: checks 
BOCA950: checks 
WeegieG87: checks 
*** SHOW DOWN ***
Vstoinov: shows [Jh Th] (a pair of Fours)
BOCA950: shows [Td Ah] (a pair of Fours - Ace kicker)
WeegieG87: shows [8d Qd] (two pair, Eights and Fours)
WeegieG87 collected 12080 from pot
*** SUMMARY ***
Total pot 12080 | Rake 0 
Board [7c 4h 2d 8h 4s]
Seat 1: GgCuervo1908 folded before Flop (didn't bet)
Seat 2: Jerry-SWE (button) folded before Flop (didn't bet)
Seat 3: Núbia (small blind) folded before Flop
Seat 5: Vstoinov (big blind) showed [Jh Th] and lost with a pair of Fours
Seat 6: BOCA950 showed [Td Ah] and lost with a pair of Fours
Seat 7: WeegieG87 showed [8d Qd] and won (12080) with two pair, Eights and Fours
Seat 8: Gabrielfs13 folded before Flop (didn't bet)



PokerStars Hand #257128691411: Tournament #3913588013, $4.80+$5.00+$1.20 USD Hold'em No Limit - Level XIV (500/1000) - 2025/07/28 20:11:16 BRT [2025/07/28 19:11:16 ET]
Table '3913588013 5' 8-max Seat #3 is the button
Seat 1: GgCuervo1908 (21551 in chips, $16.25 bounty) 
Seat 2: Jerry-SWE (35416 in chips, $10 bounty) 
Seat 3: Núbia (13266 in chips, $5 bounty) 
Seat 5: Vstoinov (9474 in chips, $10 bounty) 
Seat 6: BOCA950 (10872 in chips, $16.25 bounty) 
Seat 7: WeegieG87 (45721 in chips, $15 bounty) 
Seat 8: Gabrielfs13 (37098 in chips, $25 bounty) 
GgCuervo1908: posts the ante 150
Jerry-SWE: posts the ante 150
Núbia: posts the ante 150
Vstoinov: posts the ante 150
BOCA950: posts the ante 150
WeegieG87: posts the ante 150
Gabrielfs13: posts the ante 150
Vstoinov: posts small blind 500
BOCA950: posts big blind 1000
*** HOLE CARDS ***
Dealt to Gabrielfs13 [Jh 3s]
WeegieG87: folds 
Gabrielfs13: folds 
GgCuervo1908: folds 
Jerry-SWE: raises 3550 to 4550
Núbia: folds 
Vstoinov: folds 
BOCA950: folds 
Uncalled bet (3550) returned to Jerry-SWE
Jerry-SWE collected 3550 from pot
Jerry-SWE: doesn't show hand 
*** SUMMARY ***
Total pot 3550 | Rake 0 
Seat 1: GgCuervo1908 folded before Flop (didn't bet)
Seat 2: Jerry-SWE collected (3550)
Seat 3: Núbia (button) folded before Flop (didn't bet)
Seat 5: Vstoinov (small blind) folded before Flop
Seat 6: BOCA950 (big blind) folded before Flop
Seat 7: WeegieG87 folded before Flop (didn't bet)
Seat 8: Gabrielfs13 folded before Flop (didn't bet)



PokerStars Hand #257128701039: Tournament #3913588013, $4.80+$5.00+$1.20 USD Hold'em No Limit - Level XIV (500/1000) - 2025/07/28 20:12:11 BRT [2025/07/28 19:12:11 ET]
Table '3913588013 5' 8-max Seat #5 is the button
Seat 1: GgCuervo1908 (21401 in chips, $16.25 bounty) 
Seat 2: Jerry-SWE (37816 in chips, $10 bounty) 
Seat 3: Núbia (13116 in chips, $5 bounty) 
Seat 5: Vstoinov (8824 in chips, $10 bounty) 
Seat 6: BOCA950 (9722 in chips, $16.25 bounty) 
Seat 7: WeegieG87 (45571 in chips, $15 bounty) 
Seat 8: Gabrielfs13 (36948 in chips, $25 bounty) 
GgCuervo1908: posts the ante 150
Jerry-SWE: posts the ante 150
Núbia: posts the ante 150
Vstoinov: posts the ante 150
BOCA950: posts the ante 150
WeegieG87: posts the ante 150
Gabrielfs13: posts the ante 150
BOCA950: posts small blind 500
WeegieG87: posts big blind 1000
*** HOLE CARDS ***
Dealt to Gabrielfs13 [9d Tc]
Gabrielfs13: folds 
GgCuervo1908: folds 
Jerry-SWE: calls 1000
Núbia: folds 
Vstoinov: folds 
BOCA950: folds 
WeegieG87: checks 
*** FLOP *** [7c Qc 2h]
WeegieG87: checks 
Jerry-SWE: checks 
*** TURN *** [7c Qc 2h] [9c]
WeegieG87: checks 
Jerry-SWE: checks 
*** RIVER *** [7c Qc 2h 9c] [8h]
WeegieG87: checks 
Jerry-SWE: checks 
*** SHOW DOWN ***
WeegieG87: shows [Ah 6s] (high card Ace)
Jerry-SWE: shows [4s As] (high card Ace)
WeegieG87 collected 1775 from pot
Jerry-SWE collected 1775 from pot
*** SUMMARY ***
Total pot 3550 | Rake 0 
Board [7c Qc 2h 9c 8h]
Seat 1: GgCuervo1908 folded before Flop (didn't bet)
Seat 2: Jerry-SWE showed [4s As] and won (1775) with high card Ace
Seat 3: Núbia folded before Flop (didn't bet)
Seat 5: Vstoinov (button) folded before Flop (didn't bet)
Seat 6: BOCA950 (small blind) folded before Flop
Seat 7: WeegieG87 (big blind) showed [Ah 6s] and won (1775) with high card Ace
Seat 8: Gabrielfs13 folded before Flop (didn't bet)



PokerStars Hand #257128707815: Tournament #3913588013, $4.80+$5.00+$1.20 USD Hold'em No Limit - Level XIV (500/1000) - 2025/07/28 20:12:49 BRT [2025/07/28 19:12:49 ET]
Table '3913588013 5' 8-max Seat #6 is the button
Seat 1: GgCuervo1908 (21251 in chips, $16.25 bounty) 
Seat 2: Jerry-SWE (38441 in chips, $10 bounty) 
Seat 3: Núbia (12966 in chips, $5 bounty) 
Seat 5: Vstoinov (8674 in chips, $10 bounty) 
Seat 6: BOCA950 (9072 in chips, $16.25 bounty) 
Seat 7: WeegieG87 (46196 in chips, $15 bounty) 
Seat 8: Gabrielfs13 (36798 in chips, $25 bounty) 
GgCuervo1908: posts the ante 150
Jerry-SWE: posts the ante 150
Núbia: posts the ante 150
Vstoinov: posts the ante 150
BOCA950: posts the ante 150
WeegieG87: posts the ante 150
Gabrielfs13: posts the ante 150
WeegieG87: posts small blind 500
Gabrielfs13: posts big blind 1000
*** HOLE CARDS ***
Dealt to Gabrielfs13 [4s 4d]
GgCuervo1908: folds 
Jerry-SWE: calls 1000
Núbia: folds 
Vstoinov: folds 
BOCA950: folds 
WeegieG87: calls 500
Gabrielfs13: checks 
*** FLOP *** [5s 2h 6c]
WeegieG87: bets 2000
Gabrielfs13: calls 2000
Jerry-SWE: folds 
*** TURN *** [5s 2h 6c] [9d]
WeegieG87: checks 
Gabrielfs13: checks 
*** RIVER *** [5s 2h 6c 9d] [Kd]
WeegieG87: checks 
Gabrielfs13: checks 
*** SHOW DOWN ***
WeegieG87: shows [8d Qh] (high card King)
Gabrielfs13: shows [4s 4d] (a pair of Fours)
Gabrielfs13 collected 8050 from pot
*** SUMMARY ***
Total pot 8050 | Rake 0 
Board [5s 2h 6c 9d Kd]
Seat 1: GgCuervo1908 folded before Flop (didn't bet)
Seat 2: Jerry-SWE folded on the Flop
Seat 3: Núbia folded before Flop (didn't bet)
Seat 5: Vstoinov folded before Flop (didn't bet)
Seat 6: BOCA950 (button) folded before Flop (didn't bet)
Seat 7: WeegieG87 (small blind) showed [8d Qh] and lost with high card King
Seat 8: Gabrielfs13 (big blind) showed [4s 4d] and won (8050) with a pair of Fours



PokerStars Hand #257128723269: Tournament #3913588013, $4.80+$5.00+$1.20 USD Hold'em No Limit - Level XV (600/1200) - 2025/07/28 20:14:17 BRT [2025/07/28 19:14:17 ET]
Table '3913588013 5' 8-max Seat #7 is the button
Seat 2: Jerry-SWE (37291 in chips, $10 bounty) 
Seat 3: Núbia (12816 in chips, $5 bounty) 
Seat 5: Vstoinov (8524 in chips, $10 bounty) 
Seat 6: BOCA950 (8922 in chips, $16.25 bounty) 
Seat 7: WeegieG87 (43046 in chips, $15 bounty) 
Seat 8: Gabrielfs13 (41698 in chips, $25 bounty) 
Jerry-SWE: posts the ante 180
Núbia: posts the ante 180
Vstoinov: posts the ante 180
BOCA950: posts the ante 180
WeegieG87: posts the ante 180
Gabrielfs13: posts the ante 180
Gabrielfs13: posts small blind 600
Jerry-SWE: posts big blind 1200
*** HOLE CARDS ***
Dealt to Gabrielfs13 [2h 8s]
Núbia: folds 
Vstoinov: folds 
BOCA950: folds 
WeegieG87: raises 1200 to 2400
Gabrielfs13: folds 
Jerry-SWE: calls 1200
*** FLOP *** [5h 8c 3c]
Jerry-SWE: checks 
WeegieG87: bets 2400
Jerry-SWE: folds 
Uncalled bet (2400) returned to WeegieG87
WeegieG87 collected 6480 from pot
WeegieG87: doesn't show hand 
*** SUMMARY ***
Total pot 6480 | Rake 0 
Board [5h 8c 3c]
Seat 2: Jerry-SWE (big blind) folded on the Flop
Seat 3: Núbia folded before Flop (didn't bet)
Seat 5: Vstoinov folded before Flop (didn't bet)
Seat 6: BOCA950 folded before Flop (didn't bet)
Seat 7: WeegieG87 (button) collected (6480)
Seat 8: Gabrielfs13 (small blind) folded before Flop



PokerStars Hand #257128732093: Tournament #3913588013, $4.80+$5.00+$1.20 USD Hold'em No Limit - Level XV (600/1200) - 2025/07/28 20:15:05 BRT [2025/07/28 19:15:05 ET]
Table '3913588013 5' 8-max Seat #8 is the button
Seat 2: Jerry-SWE (34711 in chips, $10 bounty) 
Seat 3: Núbia (12636 in chips, $5 bounty) 
Seat 5: Vstoinov (8344 in chips, $10 bounty) 
Seat 6: BOCA950 (8742 in chips, $16.25 bounty) 
Seat 7: WeegieG87 (46946 in chips, $15 bounty) 
Seat 8: Gabrielfs13 (40918 in chips, $25 bounty) 
Jerry-SWE: posts the ante 180
Núbia: posts the ante 180
Vstoinov: posts the ante 180
BOCA950: posts the ante 180
WeegieG87: posts the ante 180
Gabrielfs13: posts the ante 180
Jerry-SWE: posts small blind 600
Núbia: posts big blind 1200
*** HOLE CARDS ***
Dealt to Gabrielfs13 [4d 5s]
Vstoinov: folds 
BOCA950: folds 
WeegieG87: folds 
Gabrielfs13: raises 1200 to 2400
Jerry-SWE: folds 
Núbia: folds 
Uncalled bet (1200) returned to Gabrielfs13
Gabrielfs13 collected 4080 from pot
Gabrielfs13: doesn't show hand 
*** SUMMARY ***
Total pot 4080 | Rake 0 
Seat 2: Jerry-SWE (small blind) folded before Flop
Seat 3: Núbia (big blind) folded before Flop
Seat 5: Vstoinov folded before Flop (didn't bet)
Seat 6: BOCA950 folded before Flop (didn't bet)
Seat 7: WeegieG87 folded before Flop (didn't bet)
Seat 8: Gabrielfs13 (button) collected (4080)



PokerStars Hand #257128737624: Tournament #3913588013, $4.80+$5.00+$1.20 USD Hold'em No Limit - Level XV (600/1200) - 2025/07/28 20:15:36 BRT [2025/07/28 19:15:36 ET]
Table '3913588013 5' 8-max Seat #2 is the button
Seat 2: Jerry-SWE (33931 in chips, $10 bounty) 
Seat 3: Núbia (11256 in chips, $5 bounty) 
Seat 5: Vstoinov (8164 in chips, $10 bounty) 
Seat 6: BOCA950 (8562 in chips, $16.25 bounty) 
Seat 7: WeegieG87 (46766 in chips, $15 bounty) 
Seat 8: Gabrielfs13 (43618 in chips, $25 bounty) 
Jerry-SWE: posts the ante 180
Núbia: posts the ante 180
Vstoinov: posts the ante 180
BOCA950: posts the ante 180
WeegieG87: posts the ante 180
Gabrielfs13: posts the ante 180
Núbia: posts small blind 600
Vstoinov: posts big blind 1200
*** HOLE CARDS ***
Dealt to Gabrielfs13 [Qc 8c]
BOCA950: folds 
WeegieG87: folds 
Gabrielfs13: raises 1200 to 2400
Jerry-SWE: calls 2400
Núbia: folds 
Vstoinov has timed out
Vstoinov: folds 
Vstoinov is sitting out
*** FLOP *** [3h Kh 2c]
Vstoinov has returned
Gabrielfs13: checks 
Jerry-SWE: checks 
*** TURN *** [3h Kh 2c] [Qs]
Gabrielfs13: checks 
Jerry-SWE: checks 
*** RIVER *** [3h Kh 2c Qs] [Ad]
Gabrielfs13: checks 
Jerry-SWE: bets 5453
Gabrielfs13: calls 5453
*** SHOW DOWN ***
Jerry-SWE: shows [Td Jh] (a straight, Ten to Ace)
Gabrielfs13: mucks hand 
Jerry-SWE collected 18586 from pot
*** SUMMARY ***
Total pot 18586 | Rake 0 
Board [3h Kh 2c Qs Ad]
Seat 2: Jerry-SWE (button) showed [Td Jh] and won (18586) with a straight, Ten to Ace
Seat 3: Núbia (small blind) folded before Flop
Seat 5: Vstoinov (big blind) folded before Flop
Seat 6: BOCA950 folded before Flop (didn't bet)
Seat 7: WeegieG87 folded before Flop (didn't bet)
Seat 8: Gabrielfs13 mucked [Qc 8c]



PokerStars Hand #257128747920: Tournament #3913588013, $4.80+$5.00+$1.20 USD Hold'em No Limit - Level XV (600/1200) - 2025/07/28 20:16:35 BRT [2025/07/28 19:16:35 ET]
Table '3913588013 5' 8-max Seat #3 is the button
Seat 2: Jerry-SWE (44484 in chips, $10 bounty) 
Seat 3: Núbia (10476 in chips, $5 bounty) 
Seat 5: Vstoinov (6784 in chips, $10 bounty) 
Seat 6: BOCA950 (8382 in chips, $16.25 bounty) 
Seat 7: WeegieG87 (46586 in chips, $15 bounty) 
Seat 8: Gabrielfs13 (35585 in chips, $25 bounty) 
Jerry-SWE: posts the ante 180
Núbia: posts the ante 180
Vstoinov: posts the ante 180
BOCA950: posts the ante 180
WeegieG87: posts the ante 180
Gabrielfs13: posts the ante 180
Vstoinov: posts small blind 600
BOCA950: posts big blind 1200
*** HOLE CARDS ***
Dealt to Gabrielfs13 [Qh 2s]
WeegieG87: folds 
Gabrielfs13: folds 
Jerry-SWE: calls 1200
Núbia: folds 
Vstoinov: folds 
BOCA950: checks 
*** FLOP *** [6h Js 5d]
BOCA950: checks 
Jerry-SWE: bets 2897
BOCA950: folds 
Uncalled bet (2897) returned to Jerry-SWE
Jerry-SWE collected 4080 from pot
Jerry-SWE: doesn't show hand 
*** SUMMARY ***
Total pot 4080 | Rake 0 
Board [6h Js 5d]
Seat 2: Jerry-SWE collected (4080)
Seat 3: Núbia (button) folded before Flop (didn't bet)
Seat 5: Vstoinov (small blind) folded before Flop
Seat 6: BOCA950 (big blind) folded on the Flop
Seat 7: WeegieG87 folded before Flop (didn't bet)
Seat 8: Gabrielfs13 folded before Flop (didn't bet)



PokerStars Hand #257128752881: Tournament #3913588013, $4.80+$5.00+$1.20 USD Hold'em No Limit - Level XV (600/1200) - 2025/07/28 20:17:04 BRT [2025/07/28 19:17:04 ET]
Table '3913588013 5' 8-max Seat #5 is the button
Seat 2: Jerry-SWE (47184 in chips, $10 bounty) 
Seat 3: Núbia (10296 in chips, $5 bounty) 
Seat 5: Vstoinov (6004 in chips, $10 bounty) 
Seat 6: BOCA950 (7002 in chips, $16.25 bounty) 
Seat 7: WeegieG87 (46406 in chips, $15 bounty) 
Seat 8: Gabrielfs13 (35405 in chips, $25 bounty) 
Jerry-SWE: posts the ante 180
Núbia: posts the ante 180
Vstoinov: posts the ante 180
BOCA950: posts the ante 180
WeegieG87: posts the ante 180
Gabrielfs13: posts the ante 180
BOCA950: posts small blind 600
WeegieG87: posts big blind 1200
*** HOLE CARDS ***
Dealt to Gabrielfs13 [Js 4c]
Gabrielfs13: folds 
Jerry-SWE: folds 
Núbia: folds 
Vstoinov: folds 
BOCA950: raises 5622 to 6822 and is all-in
mmlifebook is disconnected 
WeegieG87: folds 
Uncalled bet (5622) returned to BOCA950
BOCA950 collected 3480 from pot
BOCA950: doesn't show hand 
*** SUMMARY ***
Total pot 3480 | Rake 0 
Seat 2: Jerry-SWE folded before Flop (didn't bet)
Seat 3: Núbia folded before Flop (didn't bet)
Seat 5: Vstoinov (button) folded before Flop (didn't bet)
Seat 6: BOCA950 (small blind) collected (3480)
Seat 7: WeegieG87 (big blind) folded before Flop
Seat 8: Gabrielfs13 folded before Flop (didn't bet)



PokerStars Hand #257128764259: Tournament #3913588013, $4.80+$5.00+$1.20 USD Hold'em No Limit - Level XV (600/1200) - 2025/07/28 20:18:09 BRT [2025/07/28 19:18:09 ET]
Table '3913588013 5' 8-max Seat #6 is the button
Seat 1: xandefp (104182 in chips, $31.39 bounty) 
Seat 2: Jerry-SWE (47004 in chips, $10 bounty) 
Seat 3: Núbia (10116 in chips, $5 bounty) 
Seat 4: mmlifebook (18268 in chips, $8.75 bounty) 
Seat 5: Vstoinov (5824 in chips, $10 bounty) 
Seat 6: BOCA950 (9102 in chips, $16.25 bounty) 
Seat 7: WeegieG87 (45026 in chips, $15 bounty) 
Seat 8: Gabrielfs13 (35225 in chips, $25 bounty) 
xandefp: posts the ante 180
Jerry-SWE: posts the ante 180
Núbia: posts the ante 180
mmlifebook: posts the ante 180
Vstoinov: posts the ante 180
BOCA950: posts the ante 180
WeegieG87: posts the ante 180
Gabrielfs13: posts the ante 180
WeegieG87: posts small blind 600
Gabrielfs13: posts big blind 1200
*** HOLE CARDS ***
Dealt to Gabrielfs13 [6d 5d]
xandefp: raises 1200 to 2400
Jerry-SWE: folds 
Núbia: folds 
mmlifebook: folds 
Vstoinov: folds 
BOCA950: folds 
WeegieG87: raises 2400 to 4800
Gabrielfs13: folds 
xandefp: calls 2400
*** FLOP *** [5c 4d 9h]
WeegieG87: checks 
xandefp: bets 4039
WeegieG87: calls 4039
*** TURN *** [5c 4d 9h] [4c]
WeegieG87: checks 
xandefp: checks 
*** RIVER *** [5c 4d 9h 4c] [Js]
WeegieG87: checks 
xandefp: checks 
*** SHOW DOWN ***
WeegieG87: shows [Ac Qs] (a pair of Fours)
xandefp: shows [Ts Td] (two pair, Tens and Fours)
xandefp collected 20318 from pot
*** SUMMARY ***
Total pot 20318 | Rake 0 
Board [5c 4d 9h 4c Js]
Seat 1: xandefp showed [Ts Td] and won (20318) with two pair, Tens and Fours
Seat 2: Jerry-SWE folded before Flop (didn't bet)
Seat 3: Núbia folded before Flop (didn't bet)
Seat 4: mmlifebook folded before Flop (didn't bet)
Seat 5: Vstoinov folded before Flop (didn't bet)
Seat 6: BOCA950 (button) folded before Flop (didn't bet)
Seat 7: WeegieG87 (small blind) showed [Ac Qs] and lost with a pair of Fours
Seat 8: Gabrielfs13 (big blind) folded before Flop



PokerStars Hand #257128775264: Tournament #3913588013, $4.80+$5.00+$1.20 USD Hold'em No Limit - Level XVI (700/1400) - 2025/07/28 20:19:13 BRT [2025/07/28 19:19:13 ET]
Table '3913588013 5' 8-max Seat #7 is the button
Seat 1: xandefp (115481 in chips, $31.39 bounty) 
Seat 2: Jerry-SWE (46824 in chips, $10 bounty) 
Seat 3: Núbia (9936 in chips, $5 bounty) 
Seat 4: mmlifebook (18088 in chips, $8.75 bounty) 
Seat 5: Vstoinov (5644 in chips, $10 bounty) 
Seat 6: BOCA950 (8922 in chips, $16.25 bounty) 
Seat 7: WeegieG87 (36007 in chips, $15 bounty) 
Seat 8: Gabrielfs13 (33845 in chips, $25 bounty) 
xandefp: posts the ante 210
Jerry-SWE: posts the ante 210
Núbia: posts the ante 210
mmlifebook: posts the ante 210
Vstoinov: posts the ante 210
BOCA950: posts the ante 210
WeegieG87: posts the ante 210
Gabrielfs13: posts the ante 210
Gabrielfs13: posts small blind 700
xandefp: posts big blind 1400
*** HOLE CARDS ***
Dealt to Gabrielfs13 [Qs 5h]
Jerry-SWE: folds 
Núbia has timed out
Núbia: folds 
Núbia is sitting out
mmlifebook: folds 
Vstoinov: folds 
Núbia has returned
BOCA950: folds 
WeegieG87: folds 
Gabrielfs13: folds 
Uncalled bet (700) returned to xandefp
xandefp collected 3080 from pot
xandefp: doesn't show hand 
*** SUMMARY ***
Total pot 3080 | Rake 0 
Seat 1: xandefp (big blind) collected (3080)
Seat 2: Jerry-SWE folded before Flop (didn't bet)
Seat 3: Núbia folded before Flop (didn't bet)
Seat 4: mmlifebook folded before Flop (didn't bet)
Seat 5: Vstoinov folded before Flop (didn't bet)
Seat 6: BOCA950 folded before Flop (didn't bet)
Seat 7: WeegieG87 (button) folded before Flop (didn't bet)
Seat 8: Gabrielfs13 (small blind) folded before Flop



PokerStars Hand #257128782905: Tournament #3913588013, $4.80+$5.00+$1.20 USD Hold'em No Limit - Level XVI (700/1400) - 2025/07/28 20:19:57 BRT [2025/07/28 19:19:57 ET]
Table '3913588013 5' 8-max Seat #8 is the button
Seat 1: xandefp (117651 in chips, $31.39 bounty) 
Seat 2: Jerry-SWE (46614 in chips, $10 bounty) 
Seat 3: Núbia (9726 in chips, $5 bounty) 
Seat 4: mmlifebook (17878 in chips, $8.75 bounty) 
Seat 5: Vstoinov (5434 in chips, $10 bounty) 
Seat 6: BOCA950 (8712 in chips, $16.25 bounty) 
Seat 7: WeegieG87 (35797 in chips, $15 bounty) 
Seat 8: Gabrielfs13 (32935 in chips, $25 bounty) 
xandefp: posts the ante 210
Jerry-SWE: posts the ante 210
Núbia: posts the ante 210
mmlifebook: posts the ante 210
Vstoinov: posts the ante 210
BOCA950: posts the ante 210
WeegieG87: posts the ante 210
Gabrielfs13: posts the ante 210
xandefp: posts small blind 700
Jerry-SWE: posts big blind 1400
*** HOLE CARDS ***
Dealt to Gabrielfs13 [9h 3s]
Núbia: folds 
mmlifebook: raises 1400 to 2800
Vstoinov: folds 
BOCA950: folds 
WeegieG87: folds 
Gabrielfs13: folds 
xandefp: calls 2100
Jerry-SWE: folds 
*** FLOP *** [5s 8d Th]
xandefp: checks 
mmlifebook: bets 14868 and is all-in
xandefp: folds 
Uncalled bet (14868) returned to mmlifebook
mmlifebook collected 8680 from pot
mmlifebook: doesn't show hand 
*** SUMMARY ***
Total pot 8680 | Rake 0 
Board [5s 8d Th]
Seat 1: xandefp (small blind) folded on the Flop
Seat 2: Jerry-SWE (big blind) folded before Flop
Seat 3: Núbia folded before Flop (didn't bet)
Seat 4: mmlifebook collected (8680)
Seat 5: Vstoinov folded before Flop (didn't bet)
Seat 6: BOCA950 folded before Flop (didn't bet)
Seat 7: WeegieG87 folded before Flop (didn't bet)
Seat 8: Gabrielfs13 (button) folded before Flop (didn't bet)



PokerStars Hand #257128791325: Tournament #3913588013, $4.80+$5.00+$1.20 USD Hold'em No Limit - Level XVI (700/1400) - 2025/07/28 20:20:46 BRT [2025/07/28 19:20:46 ET]
Table '3913588013 5' 8-max Seat #1 is the button
Seat 1: xandefp (114641 in chips, $31.39 bounty) 
Seat 2: Jerry-SWE (45004 in chips, $10 bounty) 
Seat 3: Núbia (9516 in chips, $5 bounty) 
Seat 4: mmlifebook (23548 in chips, $8.75 bounty) 
Seat 5: Vstoinov (5224 in chips, $10 bounty) 
Seat 6: BOCA950 (8502 in chips, $16.25 bounty) 
Seat 7: WeegieG87 (35587 in chips, $15 bounty) 
Seat 8: Gabrielfs13 (32725 in chips, $25 bounty) 
xandefp: posts the ante 210
Jerry-SWE: posts the ante 210
Núbia: posts the ante 210
mmlifebook: posts the ante 210
Vstoinov: posts the ante 210
BOCA950: posts the ante 210
WeegieG87: posts the ante 210
Gabrielfs13: posts the ante 210
Jerry-SWE: posts small blind 700
Núbia: posts big blind 1400
*** HOLE CARDS ***
Dealt to Gabrielfs13 [Qs 3h]
mmlifebook: folds 
Vstoinov: raises 3614 to 5014 and is all-in
BOCA950: folds 
WeegieG87: calls 5014
Gabrielfs13: folds 
xandefp: calls 5014
Jerry-SWE: folds 
Núbia: folds 
*** FLOP *** [Ts Ad 2s]
WeegieG87: bets 30363 and is all-in
xandefp: folds 
Uncalled bet (30363) returned to WeegieG87
*** TURN *** [Ts Ad 2s] [7s]
*** RIVER *** [Ts Ad 2s 7s] [7d]
*** SHOW DOWN ***
Vstoinov: shows [9d Kd] (a pair of Sevens)
WeegieG87: shows [9s Ac] (two pair, Aces and Sevens)
WeegieG87 collected 18822 from pot
WeegieG87 wins $5 for eliminating Vstoinov and their own bounty increases by $5 to $20
*** SUMMARY ***
Total pot 18822 | Rake 0 
Board [Ts Ad 2s 7s 7d]
Seat 1: xandefp (button) folded on the Flop
Seat 2: Jerry-SWE (small blind) folded before Flop
Seat 3: Núbia (big blind) folded before Flop
Seat 4: mmlifebook folded before Flop (didn't bet)
Seat 5: Vstoinov showed [9d Kd] and lost with a pair of Sevens
Seat 6: BOCA950 folded before Flop (didn't bet)
Seat 7: WeegieG87 showed [9s Ac] and won (18822) with two pair, Aces and Sevens
Seat 8: Gabrielfs13 folded before Flop (didn't bet)



PokerStars Hand #257128801584: Tournament #3913588013, $4.80+$5.00+$1.20 USD Hold'em No Limit - Level XVI (700/1400) - 2025/07/28 20:21:46 BRT [2025/07/28 19:21:46 ET]
Table '3913588013 5' 8-max Seat #2 is the button
Seat 1: xandefp (109417 in chips, $31.39 bounty) 
Seat 2: Jerry-SWE (44094 in chips, $10 bounty) 
Seat 3: Núbia (7906 in chips, $5 bounty) 
Seat 4: mmlifebook (23338 in chips, $8.75 bounty) 
Seat 6: BOCA950 (8292 in chips, $16.25 bounty) 
Seat 7: WeegieG87 (49185 in chips, $20 bounty) 
Seat 8: Gabrielfs13 (32515 in chips, $25 bounty) 
xandefp: posts the ante 210
Jerry-SWE: posts the ante 210
Núbia: posts the ante 210
mmlifebook: posts the ante 210
BOCA950: posts the ante 210
WeegieG87: posts the ante 210
Gabrielfs13: posts the ante 210
Núbia: posts small blind 700
mmlifebook: posts big blind 1400
*** HOLE CARDS ***
Dealt to Gabrielfs13 [Jd 2c]
BOCA950: raises 6682 to 8082 and is all-in
WeegieG87: folds 
Gabrielfs13: folds 
xandefp: raises 101125 to 109207 and is all-in
Jerry-SWE: folds 
Núbia: folds 
mmlifebook: calls 21728 and is all-in
Uncalled bet (86079) returned to xandefp
*** FLOP *** [7s Qc Qh]
*** TURN *** [7s Qc Qh] [5d]
*** RIVER *** [7s Qc Qh 5d] [8d]
*** SHOW DOWN ***
mmlifebook: shows [As Js] (a pair of Queens)
xandefp: shows [9s 9c] (two pair, Queens and Nines)
xandefp collected 30092 from side pot
BOCA950: shows [Ac Jh] (a pair of Queens)
xandefp collected 26416 from main pot
xandefp wins $4.38 for eliminating mmlifebook and their own bounty increases by $4.37 to $35.76
xandefp wins $8.13 for eliminating BOCA950 and their own bounty increases by $8.12 to $43.88
mmlifebook finished the tournament in 13th place and received $10.63.
BOCA950 finished the tournament in 14th place and received $9.24.
*** SUMMARY ***
Total pot 56508 Main pot 26416. Side pot 30092. | Rake 0 
Board [7s Qc Qh 5d 8d]
Seat 1: xandefp showed [9s 9c] and won (56508) with two pair, Queens and Nines
Seat 2: Jerry-SWE (button) folded before Flop (didn't bet)
Seat 3: Núbia (small blind) folded before Flop
Seat 4: mmlifebook (big blind) showed [As Js] and lost with a pair of Queens
Seat 6: BOCA950 showed [Ac Jh] and lost with a pair of Queens
Seat 7: WeegieG87 folded before Flop (didn't bet)
Seat 8: Gabrielfs13 folded before Flop (didn't bet)



PokerStars Hand #257128806957: Tournament #3913588013, $4.80+$5.00+$1.20 USD Hold'em No Limit - Level XVI (700/1400) - 2025/07/28 20:22:17 BRT [2025/07/28 19:22:17 ET]
Table '3913588013 5' 8-max Seat #3 is the button
Seat 1: xandefp (142587 in chips, $43.88 bounty) 
Seat 2: Jerry-SWE (43884 in chips, $10 bounty) 
Seat 3: Núbia (6996 in chips, $5 bounty) 
Seat 7: WeegieG87 (48975 in chips, $20 bounty) 
Seat 8: Gabrielfs13 (32305 in chips, $25 bounty) 
xandefp: posts the ante 210
Jerry-SWE: posts the ante 210
Núbia: posts the ante 210
WeegieG87: posts the ante 210
Gabrielfs13: posts the ante 210
WeegieG87: posts small blind 700
Gabrielfs13: posts big blind 1400
*** HOLE CARDS ***
Dealt to Gabrielfs13 [Qd 9s]
xandefp: folds 
Jerry-SWE: folds 
Núbia has timed out
Núbia: folds 
Núbia is sitting out
WeegieG87: calls 700
Gabrielfs13: checks 
*** FLOP *** [5c 2d 9h]
Núbia has returned
WeegieG87: checks 
Gabrielfs13: bets 2100
WeegieG87: calls 2100
*** TURN *** [5c 2d 9h] [5h]
WeegieG87: checks 
Gabrielfs13: bets 4200
WeegieG87: folds 
Uncalled bet (4200) returned to Gabrielfs13
Gabrielfs13 collected 8050 from pot
Gabrielfs13: doesn't show hand 
*** SUMMARY ***
Total pot 8050 | Rake 0 
Board [5c 2d 9h 5h]
Seat 1: xandefp folded before Flop (didn't bet)
Seat 2: Jerry-SWE folded before Flop (didn't bet)
Seat 3: Núbia (button) folded before Flop (didn't bet)
Seat 7: WeegieG87 (small blind) folded on the Turn
Seat 8: Gabrielfs13 (big blind) collected (8050)



PokerStars Hand #257128819258: Tournament #3913588013, $4.80+$5.00+$1.20 USD Hold'em No Limit - Level XVII (800/1600) - 2025/07/28 20:23:29 BRT [2025/07/28 19:23:29 ET]
Table '3913588013 5' 8-max Seat #7 is the button
Seat 1: xandefp (142377 in chips, $43.88 bounty) 
Seat 2: Jerry-SWE (43674 in chips, $10 bounty) 
Seat 3: Núbia (6786 in chips, $5 bounty) 
Seat 4: GgCuervo1908 (35247 in chips, $20.62 bounty) 
Seat 7: WeegieG87 (45265 in chips, $20 bounty) 
Seat 8: Gabrielfs13 (36645 in chips, $25 bounty) 
xandefp: posts the ante 240
Jerry-SWE: posts the ante 240
Núbia: posts the ante 240
GgCuervo1908: posts the ante 240
WeegieG87: posts the ante 240
Gabrielfs13: posts the ante 240
Gabrielfs13: posts small blind 800
xandefp: posts big blind 1600
*** HOLE CARDS ***
Dealt to Gabrielfs13 [4h Qs]
Jerry-SWE: folds 
Núbia: folds 
GgCuervo1908: folds 
WeegieG87: calls 1600
Gabrielfs13: folds 
xandefp: checks 
*** FLOP *** [7c Td 9d]
xandefp: checks 
WeegieG87: checks 
*** TURN *** [7c Td 9d] [5d]
xandefp: bets 1795
WeegieG87: calls 1795
*** RIVER *** [7c Td 9d 5d] [Ks]
xandefp: checks 
WeegieG87: checks 
*** SHOW DOWN ***
xandefp: shows [8d 9h] (a pair of Nines)
WeegieG87: mucks hand 
xandefp collected 9030 from pot
*** SUMMARY ***
Total pot 9030 | Rake 0 
Board [7c Td 9d 5d Ks]
Seat 1: xandefp (big blind) showed [8d 9h] and won (9030) with a pair of Nines
Seat 2: Jerry-SWE folded before Flop (didn't bet)
Seat 3: Núbia folded before Flop (didn't bet)
Seat 4: GgCuervo1908 folded before Flop (didn't bet)
Seat 7: WeegieG87 (button) mucked [7s 6c]
Seat 8: Gabrielfs13 (small blind) folded before Flop



PokerStars Hand #257128826907: Tournament #3913588013, $4.80+$5.00+$1.20 USD Hold'em No Limit - Level XVII (800/1600) - 2025/07/28 20:24:14 BRT [2025/07/28 19:24:14 ET]
Table '3913588013 5' 8-max Seat #8 is the button
Seat 1: xandefp (147772 in chips, $43.88 bounty) 
Seat 2: Jerry-SWE (43434 in chips, $10 bounty) 
Seat 3: Núbia (6546 in chips, $5 bounty) 
Seat 4: GgCuervo1908 (35007 in chips, $20.62 bounty) 
Seat 7: WeegieG87 (41630 in chips, $20 bounty) 
Seat 8: Gabrielfs13 (35605 in chips, $25 bounty) 
xandefp: posts the ante 240
Jerry-SWE: posts the ante 240
Núbia: posts the ante 240
GgCuervo1908: posts the ante 240
WeegieG87: posts the ante 240
Gabrielfs13: posts the ante 240
xandefp: posts small blind 800
Jerry-SWE: posts big blind 1600
*** HOLE CARDS ***
Dealt to Gabrielfs13 [Qs 3c]
Núbia: raises 4706 to 6306 and is all-in
GgCuervo1908: folds 
WeegieG87: folds 
Gabrielfs13: folds 
xandefp: raises 6494 to 12800
Jerry-SWE: folds 
Uncalled bet (6494) returned to xandefp
*** FLOP *** [9d 6c 5c]
*** TURN *** [9d 6c 5c] [6s]
*** RIVER *** [9d 6c 5c 6s] [Qc]
*** SHOW DOWN ***
xandefp: shows [Jc Kh] (a pair of Sixes)
Núbia: shows [Th Js] (a pair of Sixes - lower kicker)
xandefp collected 15652 from pot
xandefp wins $2.50 for eliminating Núbia and their own bounty increases by $2.50 to $46.38
Núbia finished the tournament in 11th place and received $12.23.
*** SUMMARY ***
Total pot 15652 | Rake 0 
Board [9d 6c 5c 6s Qc]
Seat 1: xandefp (small blind) showed [Jc Kh] and won (15652) with a pair of Sixes
Seat 2: Jerry-SWE (big blind) folded before Flop
Seat 3: Núbia showed [Th Js] and lost with a pair of Sixes
Seat 4: GgCuervo1908 folded before Flop (didn't bet)
Seat 7: WeegieG87 folded before Flop (didn't bet)
Seat 8: Gabrielfs13 (button) folded before Flop (didn't bet)



PokerStars Hand #257128832901: Tournament #3913588013, $4.80+$5.00+$1.20 USD Hold'em No Limit - Level XVII (800/1600) - 2025/07/28 20:24:49 BRT [2025/07/28 19:24:49 ET]
Table '3913588013 5' 8-max Seat #1 is the button
Seat 1: xandefp (156878 in chips, $46.38 bounty) 
Seat 2: Jerry-SWE (41594 in chips, $10 bounty) 
Seat 4: GgCuervo1908 (34767 in chips, $20.62 bounty) 
Seat 7: WeegieG87 (41390 in chips, $20 bounty) 
Seat 8: Gabrielfs13 (35365 in chips, $25 bounty) 
xandefp: posts the ante 240
Jerry-SWE: posts the ante 240
GgCuervo1908: posts the ante 240
WeegieG87: posts the ante 240
Gabrielfs13: posts the ante 240
Jerry-SWE: posts small blind 800
GgCuervo1908: posts big blind 1600
*** HOLE CARDS ***
Dealt to Gabrielfs13 [7h 4c]
WeegieG87: folds 
Gabrielfs13 has timed out
Gabrielfs13: folds 
Gabrielfs13 is sitting out
Gabrielfs13 has returned
xandefp: raises 2080 to 3680
Jerry-SWE: folds 
GgCuervo1908: folds 
Uncalled bet (2080) returned to xandefp
xandefp collected 5200 from pot
xandefp: doesn't show hand 
*** SUMMARY ***
Total pot 5200 | Rake 0 
Seat 1: xandefp (button) collected (5200)
Seat 2: Jerry-SWE (small blind) folded before Flop
Seat 4: GgCuervo1908 (big blind) folded before Flop
Seat 7: WeegieG87 folded before Flop (didn't bet)
Seat 8: Gabrielfs13 folded before Flop (didn't bet)



PokerStars Hand #257128839425: Tournament #3913588013, $4.80+$5.00+$1.20 USD Hold'em No Limit - Level XVII (800/1600) - 2025/07/28 20:25:27 BRT [2025/07/28 19:25:27 ET]
Table '3913588013 5' 8-max Seat #2 is the button
Seat 1: xandefp (160238 in chips, $46.38 bounty) 
Seat 2: Jerry-SWE (40554 in chips, $10 bounty) 
Seat 4: GgCuervo1908 (32927 in chips, $20.62 bounty) 
Seat 7: WeegieG87 (41150 in chips, $20 bounty) 
Seat 8: Gabrielfs13 (35125 in chips, $25 bounty) 
xandefp: posts the ante 240
Jerry-SWE: posts the ante 240
GgCuervo1908: posts the ante 240
WeegieG87: posts the ante 240
Gabrielfs13: posts the ante 240
GgCuervo1908: posts small blind 800
WeegieG87: posts big blind 1600
*** HOLE CARDS ***
Dealt to Gabrielfs13 [Td Qd]
Gabrielfs13: raises 1600 to 3200
xandefp: raises 7680 to 10880
Jerry-SWE: folds 
GgCuervo1908: folds 
WeegieG87: folds 
Gabrielfs13: folds 
Uncalled bet (7680) returned to xandefp
xandefp collected 10000 from pot
xandefp: doesn't show hand 
*** SUMMARY ***
Total pot 10000 | Rake 0 
Seat 1: xandefp collected (10000)
Seat 2: Jerry-SWE (button) folded before Flop (didn't bet)
Seat 4: GgCuervo1908 (small blind) folded before Flop
Seat 7: WeegieG87 (big blind) folded before Flop
Seat 8: Gabrielfs13 folded before Flop



PokerStars Hand #257128843428: Tournament #3913588013, $4.80+$5.00+$1.20 USD Hold'em No Limit - Level XVII (800/1600) - 2025/07/28 20:25:51 BRT [2025/07/28 19:25:51 ET]
Table '3913588013 5' 8-max Seat #4 is the button
Seat 1: xandefp (166798 in chips, $46.38 bounty) 
Seat 2: Jerry-SWE (40314 in chips, $10 bounty) 
Seat 4: GgCuervo1908 (31887 in chips, $20.62 bounty) 
Seat 7: WeegieG87 (39310 in chips, $20 bounty) 
Seat 8: Gabrielfs13 (31685 in chips, $25 bounty) 
xandefp: posts the ante 240
Jerry-SWE: posts the ante 240
GgCuervo1908: posts the ante 240
WeegieG87: posts the ante 240
Gabrielfs13: posts the ante 240
WeegieG87: posts small blind 800
Gabrielfs13: posts big blind 1600
*** HOLE CARDS ***
Dealt to Gabrielfs13 [Kh Jd]
xandefp: folds 
Jerry-SWE: folds 
GgCuervo1908: raises 1600 to 3200
WeegieG87: calls 2400
Gabrielfs13 has timed out
Gabrielfs13: folds 
Gabrielfs13 is sitting out
*** FLOP *** [9s Qc 7c]
Gabrielfs13 has returned
WeegieG87: checks 
GgCuervo1908: bets 3680
WeegieG87: raises 3680 to 7360
GgCuervo1908: folds 
Uncalled bet (3680) returned to WeegieG87
WeegieG87 collected 16560 from pot
WeegieG87: doesn't show hand 
*** SUMMARY ***
Total pot 16560 | Rake 0 
Board [9s Qc 7c]
Seat 1: xandefp folded before Flop (didn't bet)
Seat 2: Jerry-SWE folded before Flop (didn't bet)
Seat 4: GgCuervo1908 (button) folded on the Flop
Seat 7: WeegieG87 (small blind) collected (16560)
Seat 8: Gabrielfs13 (big blind) folded before Flop



PokerStars Hand #257128853848: Tournament #3913588013, $4.80+$5.00+$1.20 USD Hold'em No Limit - Level XVII (800/1600) - 2025/07/28 20:26:55 BRT [2025/07/28 19:26:55 ET]
Table '3913588013 5' 8-max Seat #7 is the button
Seat 1: xandefp (166558 in chips, $46.38 bounty) 
Seat 2: Jerry-SWE (40074 in chips, $10 bounty) 
Seat 4: GgCuervo1908 (24767 in chips, $20.62 bounty) 
Seat 7: WeegieG87 (48750 in chips, $20 bounty) 
Seat 8: Gabrielfs13 (29845 in chips, $25 bounty) 
xandefp: posts the ante 240
Jerry-SWE: posts the ante 240
GgCuervo1908: posts the ante 240
WeegieG87: posts the ante 240
Gabrielfs13: posts the ante 240
Gabrielfs13: posts small blind 800
xandefp: posts big blind 1600
*** HOLE CARDS ***
Dealt to Gabrielfs13 [7s Qs]
Jerry-SWE: folds 
GgCuervo1908: folds 
WeegieG87: folds 
Gabrielfs13: raises 28005 to 29605 and is all-in
xandefp: folds 
Uncalled bet (28005) returned to Gabrielfs13
Gabrielfs13 collected 4400 from pot
Gabrielfs13: doesn't show hand 
*** SUMMARY ***
Total pot 4400 | Rake 0 
Seat 1: xandefp (big blind) folded before Flop
Seat 2: Jerry-SWE folded before Flop (didn't bet)
Seat 4: GgCuervo1908 folded before Flop (didn't bet)
Seat 7: WeegieG87 (button) folded before Flop (didn't bet)
Seat 8: Gabrielfs13 (small blind) collected (4400)



PokerStars Hand #257128857481: Tournament #3913588013, $4.80+$5.00+$1.20 USD Hold'em No Limit - Level XVII (800/1600) - 2025/07/28 20:27:17 BRT [2025/07/28 19:27:17 ET]
Table '3913588013 5' 8-max Seat #8 is the button
Seat 1: xandefp (164718 in chips, $46.38 bounty) 
Seat 2: Jerry-SWE (39834 in chips, $10 bounty) 
Seat 4: GgCuervo1908 (24527 in chips, $20.62 bounty) 
Seat 7: WeegieG87 (48510 in chips, $20 bounty) 
Seat 8: Gabrielfs13 (32405 in chips, $25 bounty) 
xandefp: posts the ante 240
Jerry-SWE: posts the ante 240
GgCuervo1908: posts the ante 240
WeegieG87: posts the ante 240
Gabrielfs13: posts the ante 240
xandefp: posts small blind 800
Jerry-SWE: posts big blind 1600
*** HOLE CARDS ***
Dealt to Gabrielfs13 [6h Js]
GgCuervo1908: folds 
WeegieG87: folds 
Gabrielfs13: folds 
xandefp: raises 4000 to 5600
Jerry-SWE: folds 
Uncalled bet (4000) returned to xandefp
xandefp collected 4400 from pot
xandefp: doesn't show hand 
*** SUMMARY ***
Total pot 4400 | Rake 0 
Seat 1: xandefp (small blind) collected (4400)
Seat 2: Jerry-SWE (big blind) folded before Flop
Seat 4: GgCuervo1908 folded before Flop (didn't bet)
Seat 7: WeegieG87 folded before Flop (didn't bet)
Seat 8: Gabrielfs13 (button) folded before Flop (didn't bet)



PokerStars Hand #257128869304: Tournament #3913588013, $4.80+$5.00+$1.20 USD Hold'em No Limit - Level XVIII (900/1800) - 2025/07/28 20:28:30 BRT [2025/07/28 19:28:30 ET]
Table '3913588013 5' 8-max Seat #1 is the button
Seat 1: xandefp (167278 in chips, $46.38 bounty) 
Seat 2: Jerry-SWE (37994 in chips, $10 bounty) 
Seat 4: GgCuervo1908 (24287 in chips, $20.62 bounty) 
Seat 7: WeegieG87 (48270 in chips, $20 bounty) 
Seat 8: Gabrielfs13 (32165 in chips, $25 bounty) 
xandefp: posts the ante 270
Jerry-SWE: posts the ante 270
GgCuervo1908: posts the ante 270
WeegieG87: posts the ante 270
Gabrielfs13: posts the ante 270
Jerry-SWE: posts small blind 900
GgCuervo1908: posts big blind 1800
*** HOLE CARDS ***
Dealt to Gabrielfs13 [8h 2d]
WeegieG87: folds 
Gabrielfs13: folds 
xandefp: raises 1800 to 3600
Jerry-SWE: folds 
GgCuervo1908: calls 1800
*** FLOP *** [Jd 3c Ah]
GgCuervo1908: checks 
xandefp: bets 3119
GgCuervo1908: folds 
Uncalled bet (3119) returned to xandefp
xandefp collected 9450 from pot
xandefp: doesn't show hand 
*** SUMMARY ***
Total pot 9450 | Rake 0 
Board [Jd 3c Ah]
Seat 1: xandefp (button) collected (9450)
Seat 2: Jerry-SWE (small blind) folded before Flop
Seat 4: GgCuervo1908 (big blind) folded on the Flop
Seat 7: WeegieG87 folded before Flop (didn't bet)
Seat 8: Gabrielfs13 folded before Flop (didn't bet)



PokerStars Hand #257128873561: Tournament #3913588013, $4.80+$5.00+$1.20 USD Hold'em No Limit - Level XVIII (900/1800) - 2025/07/28 20:28:56 BRT [2025/07/28 19:28:56 ET]
Table '3913588013 5' 8-max Seat #2 is the button
Seat 1: xandefp (172858 in chips, $46.38 bounty) 
Seat 2: Jerry-SWE (36824 in chips, $10 bounty) 
Seat 4: GgCuervo1908 (20417 in chips, $20.62 bounty) 
Seat 7: WeegieG87 (48000 in chips, $20 bounty) 
Seat 8: Gabrielfs13 (31895 in chips, $25 bounty) 
xandefp: posts the ante 270
Jerry-SWE: posts the ante 270
GgCuervo1908: posts the ante 270
WeegieG87: posts the ante 270
Gabrielfs13: posts the ante 270
GgCuervo1908: posts small blind 900
WeegieG87: posts big blind 1800
*** HOLE CARDS ***
Dealt to Gabrielfs13 [Qs Jh]
Gabrielfs13: folds 
xandefp: folds 
Jerry-SWE: folds 
GgCuervo1908: raises 18347 to 20147 and is all-in
WeegieG87: folds 
Uncalled bet (18347) returned to GgCuervo1908
GgCuervo1908 collected 4950 from pot
GgCuervo1908: doesn't show hand 
*** SUMMARY ***
Total pot 4950 | Rake 0 
Seat 1: xandefp folded before Flop (didn't bet)
Seat 2: Jerry-SWE (button) folded before Flop (didn't bet)
Seat 4: GgCuervo1908 (small blind) collected (4950)
Seat 7: WeegieG87 (big blind) folded before Flop
Seat 8: Gabrielfs13 folded before Flop (didn't bet)



PokerStars Hand #257128880178: Tournament #3913588013, $4.80+$5.00+$1.20 USD Hold'em No Limit - Level XVIII (900/1800) - 2025/07/28 20:29:37 BRT [2025/07/28 19:29:37 ET]
Table '3913588013 5' 8-max Seat #4 is the button
Seat 1: xandefp (172588 in chips, $46.38 bounty) 
Seat 2: Jerry-SWE (36554 in chips, $10 bounty) 
Seat 4: GgCuervo1908 (23297 in chips, $20.62 bounty) 
Seat 7: WeegieG87 (45930 in chips, $20 bounty) 
Seat 8: Gabrielfs13 (31625 in chips, $25 bounty) 
xandefp: posts the ante 270
Jerry-SWE: posts the ante 270
GgCuervo1908: posts the ante 270
WeegieG87: posts the ante 270
Gabrielfs13: posts the ante 270
WeegieG87: posts small blind 900
Gabrielfs13: posts big blind 1800
*** HOLE CARDS ***
Dealt to Gabrielfs13 [Jh Ks]
xandefp: folds 
Jerry-SWE: calls 1800
GgCuervo1908: folds 
WeegieG87: raises 3600 to 5400
Gabrielfs13: calls 3600
Jerry-SWE: calls 3600
*** FLOP *** [Tc Td 8c]
WeegieG87: checks 
Gabrielfs13: checks 
Jerry-SWE: bets 12461
WeegieG87: folds 
Gabrielfs13: folds 
Uncalled bet (12461) returned to Jerry-SWE
Jerry-SWE collected 17550 from pot
Jerry-SWE: doesn't show hand 
*** SUMMARY ***
Total pot 17550 | Rake 0 
Board [Tc Td 8c]
Seat 1: xandefp folded before Flop (didn't bet)
Seat 2: Jerry-SWE collected (17550)
Seat 4: GgCuervo1908 (button) folded before Flop (didn't bet)
Seat 7: WeegieG87 (small blind) folded on the Flop
Seat 8: Gabrielfs13 (big blind) folded on the Flop



PokerStars Hand #257128887482: Tournament #3913588013, $4.80+$5.00+$1.20 USD Hold'em No Limit - Level XVIII (900/1800) - 2025/07/28 20:30:22 BRT [2025/07/28 19:30:22 ET]
Table '3913588013 5' 8-max Seat #7 is the button
Seat 1: xandefp (172318 in chips, $46.38 bounty) 
Seat 2: Jerry-SWE (48434 in chips, $10 bounty) 
Seat 4: GgCuervo1908 (23027 in chips, $20.62 bounty) 
Seat 7: WeegieG87 (40260 in chips, $20 bounty) 
Seat 8: Gabrielfs13 (25955 in chips, $25 bounty) 
xandefp: posts the ante 270
Jerry-SWE: posts the ante 270
GgCuervo1908: posts the ante 270
WeegieG87: posts the ante 270
Gabrielfs13: posts the ante 270
Gabrielfs13: posts small blind 900
xandefp: posts big blind 1800
*** HOLE CARDS ***
Dealt to Gabrielfs13 [As Kd]
Jerry-SWE: folds 
GgCuervo1908: raises 1800 to 3600
WeegieG87: folds 
Gabrielfs13: raises 22085 to 25685 and is all-in
xandefp: folds 
GgCuervo1908: calls 19157 and is all-in
Uncalled bet (2928) returned to Gabrielfs13
*** FLOP *** [6c 6d Ad]
*** TURN *** [6c 6d Ad] [4h]
*** RIVER *** [6c 6d Ad 4h] [4c]
*** SHOW DOWN ***
Gabrielfs13: shows [As Kd] (two pair, Aces and Sixes)
GgCuervo1908: shows [Tc Kc] (two pair, Sixes and Fours)
Gabrielfs13 collected 48664 from pot
Gabrielfs13 wins $10.31 for eliminating GgCuervo1908 and their own bounty increases by $10.31 to $35.31
GgCuervo1908 finished the tournament in 10th place and received $12.23.
*** SUMMARY ***
Total pot 48664 | Rake 0 
Board [6c 6d Ad 4h 4c]
Seat 1: xandefp (big blind) folded before Flop
Seat 2: Jerry-SWE folded before Flop (didn't bet)
Seat 4: GgCuervo1908 showed [Tc Kc] and lost with two pair, Sixes and Fours
Seat 7: WeegieG87 (button) folded before Flop (didn't bet)
Seat 8: Gabrielfs13 (small blind) showed [As Kd] and won (48664) with two pair, Aces and Sixes



PokerStars Hand #257128893436: Tournament #3913588013, $4.80+$5.00+$1.20 USD Hold'em No Limit - Level XVIII (900/1800) - 2025/07/28 20:30:59 BRT [2025/07/28 19:30:59 ET]
Table '3913588013 6' 9-max Seat #1 is the button
Seat 1: xandefp (170248 in chips, $46.38 bounty) 
Seat 2: Gabrielfs13 (51592 in chips, $35.31 bounty) 
Seat 3: WeegieG87 (39990 in chips, $20 bounty) 
Seat 4: Jerry-SWE (48164 in chips, $10 bounty) 
Seat 5: GibmyMany (69721 in chips, $16.87 bounty) 
Seat 6: P134z (16695 in chips, $18.43 bounty) 
Seat 7: casualman55 (48911 in chips, $22.50 bounty) 
Seat 8: buzios38 (45780 in chips, $15 bounty) 
Seat 9: RamiRami1990 (23899 in chips, $12.50 bounty) 
xandefp: posts the ante 270
Gabrielfs13: posts the ante 270
WeegieG87: posts the ante 270
Jerry-SWE: posts the ante 270
GibmyMany: posts the ante 270
P134z: posts the ante 270
casualman55: posts the ante 270
buzios38: posts the ante 270
RamiRami1990: posts the ante 270
Gabrielfs13: posts small blind 900
WeegieG87: posts big blind 1800
*** HOLE CARDS ***
Dealt to Gabrielfs13 [Qh 2c]
P134z is disconnected 
GibmyMany is disconnected 
Jerry-SWE is disconnected 
Jerry-SWE is connected 
buzios38 is disconnected 
RamiRami1990 is disconnected 
casualman55 is disconnected 
xandefp is disconnected 
Jerry-SWE: folds 
GibmyMany: raises 2880 to 4680
P134z: folds 
casualman55: folds 
buzios38: folds 
RamiRami1990: folds 
xandefp: folds 
Gabrielfs13: folds 
WeegieG87: raises 6480 to 11160
GibmyMany: calls 6480
*** FLOP *** [5c Jc 9d]
WeegieG87: bets 28560 and is all-in
GibmyMany: folds 
Uncalled bet (28560) returned to WeegieG87
WeegieG87 collected 25650 from pot
WeegieG87: doesn't show hand 
*** SUMMARY ***
Total pot 25650 | Rake 0 
Board [5c Jc 9d]
Seat 1: xandefp (button) folded before Flop (didn't bet)
Seat 2: Gabrielfs13 (small blind) folded before Flop
Seat 3: WeegieG87 (big blind) collected (25650)
Seat 4: Jerry-SWE folded before Flop (didn't bet)
Seat 5: GibmyMany folded on the Flop
Seat 6: P134z folded before Flop (didn't bet)
Seat 7: casualman55 folded before Flop (didn't bet)
Seat 8: buzios38 folded before Flop (didn't bet)
Seat 9: RamiRami1990 folded before Flop (didn't bet)



PokerStars Hand #257128902355: Tournament #3913588013, $4.80+$5.00+$1.20 USD Hold'em No Limit - Level XVIII (900/1800) - 2025/07/28 20:31:54 BRT [2025/07/28 19:31:54 ET]
Table '3913588013 6' 9-max Seat #2 is the button
Seat 1: xandefp (169978 in chips, $46.38 bounty) 
Seat 2: Gabrielfs13 (50422 in chips, $35.31 bounty) 
Seat 3: WeegieG87 (54210 in chips, $20 bounty) 
Seat 4: Jerry-SWE (47894 in chips, $10 bounty) 
Seat 5: GibmyMany (58291 in chips, $16.87 bounty) 
Seat 6: P134z (16425 in chips, $18.43 bounty) 
Seat 7: casualman55 (48641 in chips, $22.50 bounty) 
Seat 8: buzios38 (45510 in chips, $15 bounty) 
Seat 9: RamiRami1990 (23629 in chips, $12.50 bounty) 
xandefp: posts the ante 270
Gabrielfs13: posts the ante 270
WeegieG87: posts the ante 270
Jerry-SWE: posts the ante 270
GibmyMany: posts the ante 270
P134z: posts the ante 270
casualman55: posts the ante 270
buzios38: posts the ante 270
RamiRami1990: posts the ante 270
WeegieG87: posts small blind 900
Jerry-SWE: posts big blind 1800
*** HOLE CARDS ***
Dealt to Gabrielfs13 [2d Jh]
GibmyMany: folds 
P134z: raises 7200 to 9000
casualman55: folds 
buzios38: folds 
RamiRami1990: folds 
xandefp: folds 
Gabrielfs13: folds 
WeegieG87: folds 
Jerry-SWE: calls 7200
*** FLOP *** [5s Tc Qc]
Jerry-SWE: checks 
P134z: bets 7155 and is all-in
Jerry-SWE: folds 
Uncalled bet (7155) returned to P134z
P134z collected 21330 from pot
P134z: doesn't show hand 
*** SUMMARY ***
Total pot 21330 | Rake 0 
Board [5s Tc Qc]
Seat 1: xandefp folded before Flop (didn't bet)
Seat 2: Gabrielfs13 (button) folded before Flop (didn't bet)
Seat 3: WeegieG87 (small blind) folded before Flop
Seat 4: Jerry-SWE (big blind) folded on the Flop
Seat 5: GibmyMany folded before Flop (didn't bet)
Seat 6: P134z collected (21330)
Seat 7: casualman55 folded before Flop (didn't bet)
Seat 8: buzios38 folded before Flop (didn't bet)
Seat 9: RamiRami1990 folded before Flop (didn't bet)



PokerStars Hand #257128907418: Tournament #3913588013, $4.80+$5.00+$1.20 USD Hold'em No Limit - Level XVIII (900/1800) - 2025/07/28 20:32:25 BRT [2025/07/28 19:32:25 ET]
Table '3913588013 6' 9-max Seat #3 is the button
Seat 1: xandefp (169708 in chips, $46.38 bounty) 
Seat 2: Gabrielfs13 (50152 in chips, $35.31 bounty) 
Seat 3: WeegieG87 (53040 in chips, $20 bounty) 
Seat 4: Jerry-SWE (38624 in chips, $10 bounty) 
Seat 5: GibmyMany (58021 in chips, $16.87 bounty) 
Seat 6: P134z (28485 in chips, $18.43 bounty) 
Seat 7: casualman55 (48371 in chips, $22.50 bounty) 
Seat 8: buzios38 (45240 in chips, $15 bounty) 
Seat 9: RamiRami1990 (23359 in chips, $12.50 bounty) 
xandefp: posts the ante 270
Gabrielfs13: posts the ante 270
WeegieG87: posts the ante 270
Jerry-SWE: posts the ante 270
GibmyMany: posts the ante 270
P134z: posts the ante 270
casualman55: posts the ante 270
buzios38: posts the ante 270
RamiRami1990: posts the ante 270
Jerry-SWE: posts small blind 900
GibmyMany: posts big blind 1800
*** HOLE CARDS ***
Dealt to Gabrielfs13 [8s 8h]
P134z: folds 
casualman55: folds 
buzios38: folds 
RamiRami1990: folds 
xandefp: folds 
Gabrielfs13: raises 1800 to 3600
WeegieG87: calls 3600
Jerry-SWE: folds 
GibmyMany: calls 1800
*** FLOP *** [Jd 8c 5h]
GibmyMany: bets 5652
Gabrielfs13: calls 5652
WeegieG87: calls 5652
*** TURN *** [Jd 8c 5h] [Kc]
GibmyMany: checks 
Gabrielfs13: bets 9900
WeegieG87: folds 
GibmyMany: calls 9900
*** RIVER *** [Jd 8c 5h Kc] [9h]
GibmyMany: checks 
Gabrielfs13: bets 30730 and is all-in
GibmyMany: folds 
Uncalled bet (30730) returned to Gabrielfs13
Gabrielfs13 collected 50886 from pot
Gabrielfs13: doesn't show hand 
*** SUMMARY ***
Total pot 50886 | Rake 0 
Board [Jd 8c 5h Kc 9h]
Seat 1: xandefp folded before Flop (didn't bet)
Seat 2: Gabrielfs13 collected (50886)
Seat 3: WeegieG87 (button) folded on the Turn
Seat 4: Jerry-SWE (small blind) folded before Flop
Seat 5: GibmyMany (big blind) folded on the River
Seat 6: P134z folded before Flop (didn't bet)
Seat 7: casualman55 folded before Flop (didn't bet)
Seat 8: buzios38 folded before Flop (didn't bet)
Seat 9: RamiRami1990 folded before Flop (didn't bet)



PokerStars Hand #257128925958: Tournament #3913588013, $4.80+$5.00+$1.20 USD Hold'em No Limit - Level XIX (1000/2000) - 2025/07/28 20:34:20 BRT [2025/07/28 19:34:20 ET]
Table '3913588013 6' 9-max Seat #4 is the button
Seat 1: xandefp (169438 in chips, $46.38 bounty) 
Seat 2: Gabrielfs13 (81616 in chips, $35.31 bounty) 
Seat 3: WeegieG87 (43518 in chips, $20 bounty) 
Seat 4: Jerry-SWE (37454 in chips, $10 bounty) 
Seat 5: GibmyMany (38599 in chips, $16.87 bounty) 
Seat 6: P134z (28215 in chips, $18.43 bounty) 
Seat 7: casualman55 (48101 in chips, $22.50 bounty) 
Seat 8: buzios38 (44970 in chips, $15 bounty) 
Seat 9: RamiRami1990 (23089 in chips, $12.50 bounty) 
xandefp: posts the ante 300
Gabrielfs13: posts the ante 300
WeegieG87: posts the ante 300
Jerry-SWE: posts the ante 300
GibmyMany: posts the ante 300
P134z: posts the ante 300
casualman55: posts the ante 300
buzios38: posts the ante 300
RamiRami1990: posts the ante 300
GibmyMany: posts small blind 1000
P134z: posts big blind 2000
*** HOLE CARDS ***
Dealt to Gabrielfs13 [4s 9c]
casualman55: folds 
buzios38: folds 
RamiRami1990: raises 3000 to 5000
xandefp: folds 
Gabrielfs13: folds 
WeegieG87: folds 
Jerry-SWE: calls 5000
GibmyMany: folds 
P134z: calls 3000
*** FLOP *** [5s Jd 3s]
P134z: checks 
RamiRami1990: bets 5780
Jerry-SWE: raises 21485 to 27265
P134z: folds 
RamiRami1990: calls 12009 and is all-in
Uncalled bet (9476) returned to Jerry-SWE
*** TURN *** [5s Jd 3s] [3h]
*** RIVER *** [5s Jd 3s 3h] [Ad]
*** SHOW DOWN ***
RamiRami1990: shows [Th Td] (two pair, Tens and Threes)
Jerry-SWE: shows [6d 6h] (two pair, Sixes and Threes)
RamiRami1990 collected 54278 from pot
*** SUMMARY ***
Total pot 54278 | Rake 0 
Board [5s Jd 3s 3h Ad]
Seat 1: xandefp folded before Flop (didn't bet)
Seat 2: Gabrielfs13 folded before Flop (didn't bet)
Seat 3: WeegieG87 folded before Flop (didn't bet)
Seat 4: Jerry-SWE (button) showed [6d 6h] and lost with two pair, Sixes and Threes
Seat 5: GibmyMany (small blind) folded before Flop
Seat 6: P134z (big blind) folded on the Flop
Seat 7: casualman55 folded before Flop (didn't bet)
Seat 8: buzios38 folded before Flop (didn't bet)
Seat 9: RamiRami1990 showed [Th Td] and won (54278) with two pair, Tens and Threes



PokerStars Hand #257128937007: Tournament #3913588013, $4.80+$5.00+$1.20 USD Hold'em No Limit - Level XIX (1000/2000) - 2025/07/28 20:35:29 BRT [2025/07/28 19:35:29 ET]
Table '3913588013 6' 9-max Seat #5 is the button
Seat 1: xandefp (169138 in chips, $46.38 bounty) 
Seat 2: Gabrielfs13 (81316 in chips, $35.31 bounty) 
Seat 3: WeegieG87 (43218 in chips, $20 bounty) 
Seat 4: Jerry-SWE (14365 in chips, $10 bounty) 
Seat 5: GibmyMany (37299 in chips, $16.87 bounty) 
Seat 6: P134z (22915 in chips, $18.43 bounty) 
Seat 7: casualman55 (47801 in chips, $22.50 bounty) 
Seat 8: buzios38 (44670 in chips, $15 bounty) 
Seat 9: RamiRami1990 (54278 in chips, $12.50 bounty) 
xandefp: posts the ante 300
Gabrielfs13: posts the ante 300
WeegieG87: posts the ante 300
Jerry-SWE: posts the ante 300
GibmyMany: posts the ante 300
P134z: posts the ante 300
casualman55: posts the ante 300
buzios38: posts the ante 300
RamiRami1990: posts the ante 300
P134z: posts small blind 1000
casualman55: posts big blind 2000
*** HOLE CARDS ***
Dealt to Gabrielfs13 [Qc Qh]
buzios38: folds 
RamiRami1990: folds 
xandefp: raises 2000 to 4000
Gabrielfs13: calls 4000
WeegieG87: folds 
Jerry-SWE: folds 
GibmyMany: calls 4000
P134z: folds 
casualman55: calls 2000
*** FLOP *** [Kh 7h 8c]
casualman55: checks 
xandefp: bets 6000
Gabrielfs13: calls 6000
GibmyMany: calls 6000
casualman55: calls 6000
*** TURN *** [Kh 7h 8c] [4s]
casualman55: checks 
xandefp: bets 5000
Gabrielfs13: folds 
GibmyMany: calls 5000
casualman55: calls 5000
*** RIVER *** [Kh 7h 8c 4s] [8d]
casualman55: checks 
xandefp: bets 11600
GibmyMany: raises 10399 to 21999 and is all-in
casualman55: folds 
xandefp: folds 
Uncalled bet (10399) returned to GibmyMany
GibmyMany collected 81900 from pot
GibmyMany: doesn't show hand 
*** SUMMARY ***
Total pot 81900 | Rake 0 
Board [Kh 7h 8c 4s 8d]
Seat 1: xandefp folded on the River
Seat 2: Gabrielfs13 folded on the Turn
Seat 3: WeegieG87 folded before Flop (didn't bet)
Seat 4: Jerry-SWE folded before Flop (didn't bet)
Seat 5: GibmyMany (button) collected (81900)
Seat 6: P134z (small blind) folded before Flop
Seat 7: casualman55 (big blind) folded on the River
Seat 8: buzios38 folded before Flop (didn't bet)
Seat 9: RamiRami1990 folded before Flop (didn't bet)



PokerStars Hand #257128950218: Tournament #3913588013, $4.80+$5.00+$1.20 USD Hold'em No Limit - Level XIX (1000/2000) - 2025/07/28 20:36:52 BRT [2025/07/28 19:36:52 ET]
Table '3913588013 6' 9-max Seat #6 is the button
Seat 1: xandefp (142238 in chips, $46.38 bounty) 
Seat 2: Gabrielfs13 (71016 in chips, $35.31 bounty) 
Seat 3: WeegieG87 (42918 in chips, $20 bounty) 
Seat 4: Jerry-SWE (14065 in chips, $10 bounty) 
Seat 5: GibmyMany (92299 in chips, $16.87 bounty) 
Seat 6: P134z (21615 in chips, $18.43 bounty) 
Seat 7: casualman55 (32501 in chips, $22.50 bounty) 
Seat 8: buzios38 (44370 in chips, $15 bounty) 
Seat 9: RamiRami1990 (53978 in chips, $12.50 bounty) 
xandefp: posts the ante 300
Gabrielfs13: posts the ante 300
WeegieG87: posts the ante 300
Jerry-SWE: posts the ante 300
GibmyMany: posts the ante 300
P134z: posts the ante 300
casualman55: posts the ante 300
buzios38: posts the ante 300
RamiRami1990: posts the ante 300
casualman55: posts small blind 1000
buzios38: posts big blind 2000
*** HOLE CARDS ***
Dealt to Gabrielfs13 [Qs 9c]
RamiRami1990: folds 
xandefp: raises 2000 to 4000
Gabrielfs13: folds 
WeegieG87: folds 
Jerry-SWE: folds 
GibmyMany: folds 
P134z: folds 
casualman55: folds 
buzios38: folds 
Uncalled bet (2000) returned to xandefp
xandefp collected 7700 from pot
xandefp: doesn't show hand 
*** SUMMARY ***
Total pot 7700 | Rake 0 
Seat 1: xandefp collected (7700)
Seat 2: Gabrielfs13 folded before Flop (didn't bet)
Seat 3: WeegieG87 folded before Flop (didn't bet)
Seat 4: Jerry-SWE folded before Flop (didn't bet)
Seat 5: GibmyMany folded before Flop (didn't bet)
Seat 6: P134z (button) folded before Flop (didn't bet)
Seat 7: casualman55 (small blind) folded before Flop
Seat 8: buzios38 (big blind) folded before Flop
Seat 9: RamiRami1990 folded before Flop (didn't bet)



PokerStars Hand #257128958417: Tournament #3913588013, $4.80+$5.00+$1.20 USD Hold'em No Limit - Level XIX (1000/2000) - 2025/07/28 20:37:43 BRT [2025/07/28 19:37:43 ET]
Table '3913588013 6' 9-max Seat #7 is the button
Seat 1: xandefp (147638 in chips, $46.38 bounty) 
Seat 2: Gabrielfs13 (70716 in chips, $35.31 bounty) 
Seat 3: WeegieG87 (42618 in chips, $20 bounty) 
Seat 4: Jerry-SWE (13765 in chips, $10 bounty) 
Seat 5: GibmyMany (91999 in chips, $16.87 bounty) 
Seat 6: P134z (21315 in chips, $18.43 bounty) 
Seat 7: casualman55 (31201 in chips, $22.50 bounty) 
Seat 8: buzios38 (42070 in chips, $15 bounty) 
Seat 9: RamiRami1990 (53678 in chips, $12.50 bounty) 
xandefp: posts the ante 300
Gabrielfs13: posts the ante 300
WeegieG87: posts the ante 300
Jerry-SWE: posts the ante 300
GibmyMany: posts the ante 300
P134z: posts the ante 300
casualman55: posts the ante 300
buzios38: posts the ante 300
RamiRami1990: posts the ante 300
buzios38: posts small blind 1000
RamiRami1990: posts big blind 2000
*** HOLE CARDS ***
Dealt to Gabrielfs13 [Ad Qh]
xandefp: folds 
Gabrielfs13: raises 2000 to 4000
WeegieG87: folds 
Jerry-SWE: folds 
GibmyMany: folds 
P134z: folds 
casualman55: raises 26901 to 30901 and is all-in
buzios38: folds 
RamiRami1990: folds 
Gabrielfs13: calls 26901
*** FLOP *** [6c 2c Ts]
*** TURN *** [6c 2c Ts] [3s]
*** RIVER *** [6c 2c Ts 3s] [9h]
*** SHOW DOWN ***
Gabrielfs13: shows [Ad Qh] (high card Ace)
casualman55: shows [9d 9c] (three of a kind, Nines)
casualman55 collected 67502 from pot
*** SUMMARY ***
Total pot 67502 | Rake 0 
Board [6c 2c Ts 3s 9h]
Seat 1: xandefp folded before Flop (didn't bet)
Seat 2: Gabrielfs13 showed [Ad Qh] and lost with high card Ace
Seat 3: WeegieG87 folded before Flop (didn't bet)
Seat 4: Jerry-SWE folded before Flop (didn't bet)
Seat 5: GibmyMany folded before Flop (didn't bet)
Seat 6: P134z folded before Flop (didn't bet)
Seat 7: casualman55 (button) showed [9d 9c] and won (67502) with three of a kind, Nines
Seat 8: buzios38 (small blind) folded before Flop
Seat 9: RamiRami1990 (big blind) folded before Flop



PokerStars Hand #257128962841: Tournament #3913588013, $4.80+$5.00+$1.20 USD Hold'em No Limit - Level XIX (1000/2000) - 2025/07/28 20:38:11 BRT [2025/07/28 19:38:11 ET]
Table '3913588013 6' 9-max Seat #8 is the button
Seat 1: xandefp (147338 in chips, $46.38 bounty) 
Seat 2: Gabrielfs13 (39515 in chips, $35.31 bounty) 
Seat 3: WeegieG87 (42318 in chips, $20 bounty) 
Seat 4: Jerry-SWE (13465 in chips, $10 bounty) 
Seat 5: GibmyMany (91699 in chips, $16.87 bounty) 
Seat 6: P134z (21015 in chips, $18.43 bounty) 
Seat 7: casualman55 (67502 in chips, $22.50 bounty) 
Seat 8: buzios38 (40770 in chips, $15 bounty) 
Seat 9: RamiRami1990 (51378 in chips, $12.50 bounty) 
xandefp: posts the ante 300
Gabrielfs13: posts the ante 300
WeegieG87: posts the ante 300
Jerry-SWE: posts the ante 300
GibmyMany: posts the ante 300
P134z: posts the ante 300
casualman55: posts the ante 300
buzios38: posts the ante 300
RamiRami1990: posts the ante 300
RamiRami1990: posts small blind 1000
xandefp: posts big blind 2000
*** HOLE CARDS ***
Dealt to Gabrielfs13 [Kc 6d]
Gabrielfs13: folds 
WeegieG87: folds 
Jerry-SWE: raises 11165 to 13165 and is all-in
GibmyMany: folds 
P134z: folds 
casualman55: folds 
buzios38: folds 
RamiRami1990: calls 12165
xandefp: folds 
*** FLOP *** [3h 4s 6c]
*** TURN *** [3h 4s 6c] [Qs]
*** RIVER *** [3h 4s 6c Qs] [4h]
*** SHOW DOWN ***
RamiRami1990: shows [Kd Td] (a pair of Fours)
Jerry-SWE: shows [Ks Qd] (two pair, Queens and Fours)
Jerry-SWE collected 31030 from pot
*** SUMMARY ***
Total pot 31030 | Rake 0 
Board [3h 4s 6c Qs 4h]
Seat 1: xandefp (big blind) folded before Flop
Seat 2: Gabrielfs13 folded before Flop (didn't bet)
Seat 3: WeegieG87 folded before Flop (didn't bet)
Seat 4: Jerry-SWE showed [Ks Qd] and won (31030) with two pair, Queens and Fours
Seat 5: GibmyMany folded before Flop (didn't bet)
Seat 6: P134z folded before Flop (didn't bet)
Seat 7: casualman55 folded before Flop (didn't bet)
Seat 8: buzios38 (button) folded before Flop (didn't bet)
Seat 9: RamiRami1990 (small blind) showed [Kd Td] and lost with a pair of Fours



PokerStars Hand #257128969760: Tournament #3913588013, $4.80+$5.00+$1.20 USD Hold'em No Limit - Level XX (1250/2500) - 2025/07/28 20:38:55 BRT [2025/07/28 19:38:55 ET]
Table '3913588013 6' 9-max Seat #9 is the button
Seat 1: xandefp (145038 in chips, $46.38 bounty) 
Seat 2: Gabrielfs13 (39215 in chips, $35.31 bounty) 
Seat 3: WeegieG87 (42018 in chips, $20 bounty) 
Seat 4: Jerry-SWE (31030 in chips, $10 bounty) 
Seat 5: GibmyMany (91399 in chips, $16.87 bounty) 
Seat 6: P134z (20715 in chips, $18.43 bounty) 
Seat 7: casualman55 (67202 in chips, $22.50 bounty) 
Seat 8: buzios38 (40470 in chips, $15 bounty) 
Seat 9: RamiRami1990 (37913 in chips, $12.50 bounty) 
xandefp: posts the ante 380
Gabrielfs13: posts the ante 380
WeegieG87: posts the ante 380
Jerry-SWE: posts the ante 380
GibmyMany: posts the ante 380
P134z: posts the ante 380
casualman55: posts the ante 380
buzios38: posts the ante 380
RamiRami1990: posts the ante 380
xandefp: posts small blind 1250
Gabrielfs13: posts big blind 2500
*** HOLE CARDS ***
Dealt to Gabrielfs13 [9c 2h]
WeegieG87: folds 
Jerry-SWE: folds 
GibmyMany: raises 3250 to 5750
P134z: raises 14585 to 20335 and is all-in
casualman55: folds 
buzios38: folds 
RamiRami1990: folds 
xandefp: folds 
Gabrielfs13: folds 
GibmyMany: calls 14585
*** FLOP *** [9d Ts Qh]
*** TURN *** [9d Ts Qh] [2s]
*** RIVER *** [9d Ts Qh 2s] [Qs]
*** SHOW DOWN ***
GibmyMany: shows [6d 6h] (two pair, Queens and Sixes)
P134z: shows [Kc Ah] (a pair of Queens)
GibmyMany collected 47840 from pot
GibmyMany wins $9.22 for eliminating P134z and their own bounty increases by $9.21 to $26.08
P134z finished the tournament in 9th place and received $14.06.
*** SUMMARY ***
Total pot 47840 | Rake 0 
Board [9d Ts Qh 2s Qs]
Seat 1: xandefp (small blind) folded before Flop
Seat 2: Gabrielfs13 (big blind) folded before Flop
Seat 3: WeegieG87 folded before Flop (didn't bet)
Seat 4: Jerry-SWE folded before Flop (didn't bet)
Seat 5: GibmyMany showed [6d 6h] and won (47840) with two pair, Queens and Sixes
Seat 6: P134z showed [Kc Ah] and lost with a pair of Queens
Seat 7: casualman55 folded before Flop (didn't bet)
Seat 8: buzios38 folded before Flop (didn't bet)
Seat 9: RamiRami1990 (button) folded before Flop (didn't bet)



PokerStars Hand #257128974677: Tournament #3913588013, $4.80+$5.00+$1.20 USD Hold'em No Limit - Level XX (1250/2500) - 2025/07/28 20:39:26 BRT [2025/07/28 19:39:26 ET]
Table '3913588013 6' 9-max Seat #1 is the button
Seat 1: xandefp (143408 in chips, $46.38 bounty) 
Seat 2: Gabrielfs13 (36335 in chips, $35.31 bounty) 
Seat 3: WeegieG87 (41638 in chips, $20 bounty) 
Seat 4: Jerry-SWE (30650 in chips, $10 bounty) 
Seat 5: GibmyMany (118524 in chips, $26.08 bounty) 
Seat 7: casualman55 (66822 in chips, $22.50 bounty) 
Seat 8: buzios38 (40090 in chips, $15 bounty) 
Seat 9: RamiRami1990 (37533 in chips, $12.50 bounty) 
xandefp: posts the ante 380
Gabrielfs13: posts the ante 380
WeegieG87: posts the ante 380
Jerry-SWE: posts the ante 380
GibmyMany: posts the ante 380
casualman55: posts the ante 380
buzios38: posts the ante 380
RamiRami1990: posts the ante 380
Gabrielfs13: posts small blind 1250
WeegieG87: posts big blind 2500
*** HOLE CARDS ***
Dealt to Gabrielfs13 [4d Td]
Jerry-SWE: folds 
GibmyMany: folds 
casualman55: folds 
buzios38: folds 
RamiRami1990: folds 
xandefp: raises 140528 to 143028 and is all-in
Gabrielfs13: folds 
WeegieG87: folds 
Uncalled bet (140528) returned to xandefp
xandefp collected 9290 from pot
xandefp: doesn't show hand 
*** SUMMARY ***
Total pot 9290 | Rake 0 
Seat 1: xandefp (button) collected (9290)
Seat 2: Gabrielfs13 (small blind) folded before Flop
Seat 3: WeegieG87 (big blind) folded before Flop
Seat 4: Jerry-SWE folded before Flop (didn't bet)
Seat 5: GibmyMany folded before Flop (didn't bet)
Seat 7: casualman55 folded before Flop (didn't bet)
Seat 8: buzios38 folded before Flop (didn't bet)
Seat 9: RamiRami1990 folded before Flop (didn't bet)



PokerStars Hand #257128979187: Tournament #3913588013, $4.80+$5.00+$1.20 USD Hold'em No Limit - Level XX (1250/2500) - 2025/07/28 20:39:54 BRT [2025/07/28 19:39:54 ET]
Table '3913588013 6' 9-max Seat #2 is the button
Seat 1: xandefp (149818 in chips, $46.38 bounty) 
Seat 2: Gabrielfs13 (34705 in chips, $35.31 bounty) 
Seat 3: WeegieG87 (38758 in chips, $20 bounty) 
Seat 4: Jerry-SWE (30270 in chips, $10 bounty) 
Seat 5: GibmyMany (118144 in chips, $26.08 bounty) 
Seat 7: casualman55 (66442 in chips, $22.50 bounty) 
Seat 8: buzios38 (39710 in chips, $15 bounty) 
Seat 9: RamiRami1990 (37153 in chips, $12.50 bounty) 
xandefp: posts the ante 380
Gabrielfs13: posts the ante 380
WeegieG87: posts the ante 380
Jerry-SWE: posts the ante 380
GibmyMany: posts the ante 380
casualman55: posts the ante 380
buzios38: posts the ante 380
RamiRami1990: posts the ante 380
WeegieG87: posts small blind 1250
Jerry-SWE: posts big blind 2500
*** HOLE CARDS ***
Dealt to Gabrielfs13 [4c Kc]
GibmyMany: folds 
casualman55: raises 2500 to 5000
buzios38: folds 
RamiRami1990: folds 
xandefp: folds 
Gabrielfs13: folds 
WeegieG87: folds 
Jerry-SWE: calls 2500
*** FLOP *** [Tc Th 7s]
Jerry-SWE: checks 
casualman55: bets 7145
Jerry-SWE: calls 7145
*** TURN *** [Tc Th 7s] [8d]
Jerry-SWE: checks 
casualman55: checks 
*** RIVER *** [Tc Th 7s 8d] [5s]
Jerry-SWE: checks 
casualman55: checks 
*** SHOW DOWN ***
Jerry-SWE: shows [6d 6c] (two pair, Tens and Sixes)
casualman55: mucks hand 
Jerry-SWE collected 28580 from pot
*** SUMMARY ***
Total pot 28580 | Rake 0 
Board [Tc Th 7s 8d 5s]
Seat 1: xandefp folded before Flop (didn't bet)
Seat 2: Gabrielfs13 (button) folded before Flop (didn't bet)
Seat 3: WeegieG87 (small blind) folded before Flop
Seat 4: Jerry-SWE (big blind) showed [6d 6c] and won (28580) with two pair, Tens and Sixes
Seat 5: GibmyMany folded before Flop (didn't bet)
Seat 7: casualman55 mucked [Js Ah]
Seat 8: buzios38 folded before Flop (didn't bet)
Seat 9: RamiRami1990 folded before Flop (didn't bet)



PokerStars Hand #257128985123: Tournament #3913588013, $4.80+$5.00+$1.20 USD Hold'em No Limit - Level XX (1250/2500) - 2025/07/28 20:40:30 BRT [2025/07/28 19:40:30 ET]
Table '3913588013 6' 9-max Seat #3 is the button
Seat 1: xandefp (149438 in chips, $46.38 bounty) 
Seat 2: Gabrielfs13 (34325 in chips, $35.31 bounty) 
Seat 3: WeegieG87 (37128 in chips, $20 bounty) 
Seat 4: Jerry-SWE (46325 in chips, $10 bounty) 
Seat 5: GibmyMany (117764 in chips, $26.08 bounty) 
Seat 7: casualman55 (53917 in chips, $22.50 bounty) 
Seat 8: buzios38 (39330 in chips, $15 bounty) 
Seat 9: RamiRami1990 (36773 in chips, $12.50 bounty) 
xandefp: posts the ante 380
Gabrielfs13: posts the ante 380
WeegieG87: posts the ante 380
Jerry-SWE: posts the ante 380
GibmyMany: posts the ante 380
casualman55: posts the ante 380
buzios38: posts the ante 380
RamiRami1990: posts the ante 380
Jerry-SWE: posts small blind 1250
GibmyMany: posts big blind 2500
*** HOLE CARDS ***
Dealt to Gabrielfs13 [Qh 5s]
casualman55: folds 
buzios38: raises 5000 to 7500
RamiRami1990: folds 
xandefp: folds 
Gabrielfs13: folds 
WeegieG87: calls 7500
Jerry-SWE: folds 
GibmyMany: calls 5000
*** FLOP *** [6d Jh 6c]
GibmyMany: checks 
buzios38: checks 
WeegieG87: bets 29248 and is all-in
GibmyMany: folds 
buzios38: folds 
Uncalled bet (29248) returned to WeegieG87
WeegieG87 collected 26790 from pot
WeegieG87: doesn't show hand 
*** SUMMARY ***
Total pot 26790 | Rake 0 
Board [6d Jh 6c]
Seat 1: xandefp folded before Flop (didn't bet)
Seat 2: Gabrielfs13 folded before Flop (didn't bet)
Seat 3: WeegieG87 (button) collected (26790)
Seat 4: Jerry-SWE (small blind) folded before Flop
Seat 5: GibmyMany (big blind) folded on the Flop
Seat 7: casualman55 folded before Flop (didn't bet)
Seat 8: buzios38 folded on the Flop
Seat 9: RamiRami1990 folded before Flop (didn't bet)



PokerStars Hand #257128995039: Tournament #3913588013, $4.80+$5.00+$1.20 USD Hold'em No Limit - Level XX (1250/2500) - 2025/07/28 20:41:33 BRT [2025/07/28 19:41:33 ET]
Table '3913588013 6' 9-max Seat #4 is the button
Seat 1: xandefp (149058 in chips, $46.38 bounty) 
Seat 2: Gabrielfs13 (33945 in chips, $35.31 bounty) 
Seat 3: WeegieG87 (56038 in chips, $20 bounty) 
Seat 4: Jerry-SWE (44695 in chips, $10 bounty) 
Seat 5: GibmyMany (109884 in chips, $26.08 bounty) 
Seat 7: casualman55 (53537 in chips, $22.50 bounty) 
Seat 8: buzios38 (31450 in chips, $15 bounty) 
Seat 9: RamiRami1990 (36393 in chips, $12.50 bounty) 
xandefp: posts the ante 380
Gabrielfs13: posts the ante 380
WeegieG87: posts the ante 380
Jerry-SWE: posts the ante 380
GibmyMany: posts the ante 380
casualman55: posts the ante 380
buzios38: posts the ante 380
RamiRami1990: posts the ante 380
GibmyMany: posts small blind 1250
casualman55: posts big blind 2500
*** HOLE CARDS ***
Dealt to Gabrielfs13 [Qd Tc]
buzios38: folds 
RamiRami1990: folds 
xandefp: folds 
Gabrielfs13: folds 
WeegieG87: folds 
Jerry-SWE: folds 
GibmyMany: raises 3250 to 5750
casualman55: folds 
Uncalled bet (3250) returned to GibmyMany
GibmyMany collected 8040 from pot
GibmyMany: doesn't show hand 
*** SUMMARY ***
Total pot 8040 | Rake 0 
Seat 1: xandefp folded before Flop (didn't bet)
Seat 2: Gabrielfs13 folded before Flop (didn't bet)
Seat 3: WeegieG87 folded before Flop (didn't bet)
Seat 4: Jerry-SWE (button) folded before Flop (didn't bet)
Seat 5: GibmyMany (small blind) collected (8040)
Seat 7: casualman55 (big blind) folded before Flop
Seat 8: buzios38 folded before Flop (didn't bet)
Seat 9: RamiRami1990 folded before Flop (didn't bet)



PokerStars Hand #257128999610: Tournament #3913588013, $4.80+$5.00+$1.20 USD Hold'em No Limit - Level XX (1250/2500) - 2025/07/28 20:42:02 BRT [2025/07/28 19:42:02 ET]
Table '3913588013 6' 9-max Seat #5 is the button
Seat 1: xandefp (148678 in chips, $46.38 bounty) 
Seat 2: Gabrielfs13 (33565 in chips, $35.31 bounty) 
Seat 3: WeegieG87 (55658 in chips, $20 bounty) 
Seat 4: Jerry-SWE (44315 in chips, $10 bounty) 
Seat 5: GibmyMany (115044 in chips, $26.08 bounty) 
Seat 7: casualman55 (50657 in chips, $22.50 bounty) 
Seat 8: buzios38 (31070 in chips, $15 bounty) 
Seat 9: RamiRami1990 (36013 in chips, $12.50 bounty) 
xandefp: posts the ante 380
Gabrielfs13: posts the ante 380
WeegieG87: posts the ante 380
Jerry-SWE: posts the ante 380
GibmyMany: posts the ante 380
casualman55: posts the ante 380
buzios38: posts the ante 380
RamiRami1990: posts the ante 380
casualman55: posts small blind 1250
buzios38: posts big blind 2500
*** HOLE CARDS ***
Dealt to Gabrielfs13 [Th Qc]
RamiRami1990: folds 
xandefp: raises 2500 to 5000
Gabrielfs13: folds 
WeegieG87: raises 5000 to 10000
Jerry-SWE: folds 
GibmyMany: folds 
casualman55: folds 
buzios38: folds 
xandefp: calls 5000
*** FLOP *** [7h Ts 9h]
xandefp: checks 
WeegieG87: bets 13395
xandefp: calls 13395
*** TURN *** [7h Ts 9h] [6s]
xandefp: checks 
WeegieG87: bets 31883 and is all-in
xandefp: calls 31883
*** RIVER *** [7h Ts 9h 6s] [2h]
*** SHOW DOWN ***
xandefp: shows [Qh 8c] (a straight, Six to Ten)
WeegieG87: shows [7d 7c] (three of a kind, Sevens)
xandefp collected 117346 from pot
xandefp wins $10 for eliminating WeegieG87 and their own bounty increases by $10 to $56.38
WeegieG87 finished the tournament in 8th place and received $16.17.
*** SUMMARY ***
Total pot 117346 | Rake 0 
Board [7h Ts 9h 6s 2h]
Seat 1: xandefp showed [Qh 8c] and won (117346) with a straight, Six to Ten
Seat 2: Gabrielfs13 folded before Flop (didn't bet)
Seat 3: WeegieG87 showed [7d 7c] and lost with three of a kind, Sevens
Seat 4: Jerry-SWE folded before Flop (didn't bet)
Seat 5: GibmyMany (button) folded before Flop (didn't bet)
Seat 7: casualman55 (small blind) folded before Flop
Seat 8: buzios38 (big blind) folded before Flop
Seat 9: RamiRami1990 folded before Flop (didn't bet)



PokerStars Hand #257129007185: Tournament #3913588013, $4.80+$5.00+$1.20 USD Hold'em No Limit - Level XX (1250/2500) - 2025/07/28 20:42:51 BRT [2025/07/28 19:42:51 ET]
Table '3913588013 6' 9-max Seat #7 is the button
Seat 1: xandefp (210366 in chips, $56.38 bounty) 
Seat 2: Gabrielfs13 (33185 in chips, $35.31 bounty) 
Seat 4: Jerry-SWE (43935 in chips, $10 bounty) 
Seat 5: GibmyMany (114664 in chips, $26.08 bounty) 
Seat 7: casualman55 (49027 in chips, $22.50 bounty) 
Seat 8: buzios38 (28190 in chips, $15 bounty) 
Seat 9: RamiRami1990 (35633 in chips, $12.50 bounty) 
xandefp: posts the ante 380
Gabrielfs13: posts the ante 380
Jerry-SWE: posts the ante 380
GibmyMany: posts the ante 380
casualman55: posts the ante 380
buzios38: posts the ante 380
RamiRami1990: posts the ante 380
buzios38: posts small blind 1250
RamiRami1990: posts big blind 2500
*** HOLE CARDS ***
Dealt to Gabrielfs13 [Jc 3h]
xandefp: folds 
Gabrielfs13: folds 
Jerry-SWE: folds 
GibmyMany: raises 3250 to 5750
casualman55: raises 17910 to 23660
buzios38: folds 
RamiRami1990: folds 
GibmyMany: calls 17910
*** FLOP *** [Kc Kd Ts]
GibmyMany: checks 
casualman55: bets 24987 and is all-in
GibmyMany: calls 24987
*** TURN *** [Kc Kd Ts] [2h]
*** RIVER *** [Kc Kd Ts 2h] [5s]
*** SHOW DOWN ***
GibmyMany: shows [7d Kh] (three of a kind, Kings)
casualman55: shows [Ac Ad] (two pair, Aces and Kings)
GibmyMany collected 103704 from pot
GibmyMany wins $11.25 for eliminating casualman55 and their own bounty increases by $11.25 to $37.33
casualman55 finished the tournament in 7th place and received $21.36.
*** SUMMARY ***
Total pot 103704 | Rake 0 
Board [Kc Kd Ts 2h 5s]
Seat 1: xandefp folded before Flop (didn't bet)
Seat 2: Gabrielfs13 folded before Flop (didn't bet)
Seat 4: Jerry-SWE folded before Flop (didn't bet)
Seat 5: GibmyMany showed [7d Kh] and won (103704) with three of a kind, Kings
Seat 7: casualman55 (button) showed [Ac Ad] and lost with two pair, Aces and Kings
Seat 8: buzios38 (small blind) folded before Flop
Seat 9: RamiRami1990 (big blind) folded before Flop



PokerStars Hand #257129015569: Tournament #3913588013, $4.80+$5.00+$1.20 USD Hold'em No Limit - Level XXI (1500/3000) - 2025/07/28 20:43:45 BRT [2025/07/28 19:43:45 ET]
Table '3913588013 6' 9-max Seat #8 is the button
Seat 1: xandefp (209986 in chips, $56.38 bounty) 
Seat 2: Gabrielfs13 (32805 in chips, $35.31 bounty) 
Seat 4: Jerry-SWE (43555 in chips, $10 bounty) 
Seat 5: GibmyMany (169341 in chips, $37.33 bounty) 
Seat 8: buzios38 (26560 in chips, $15 bounty) 
Seat 9: RamiRami1990 (32753 in chips, $12.50 bounty) 
xandefp: posts the ante 500
Gabrielfs13: posts the ante 500
Jerry-SWE: posts the ante 500
GibmyMany: posts the ante 500
buzios38: posts the ante 500
RamiRami1990: posts the ante 500
RamiRami1990: posts small blind 1500
xandefp: posts big blind 3000
*** HOLE CARDS ***
Dealt to Gabrielfs13 [9c 2s]
Gabrielfs13: folds 
Jerry-SWE: raises 5130 to 8130
GibmyMany: calls 8130
buzios38: folds 
RamiRami1990: folds 
xandefp: calls 5130
*** FLOP *** [8d 2c Tc]
xandefp: checks 
Jerry-SWE: checks 
GibmyMany: bets 9534
xandefp: folds 
Jerry-SWE: calls 9534
*** TURN *** [8d 2c Tc] [Jh]
Jerry-SWE: checks 
GibmyMany: checks 
*** RIVER *** [8d 2c Tc Jh] [Qd]
Jerry-SWE: checks 
GibmyMany: checks 
*** SHOW DOWN ***
Jerry-SWE: shows [7c 7h] (a pair of Sevens)
GibmyMany: mucks hand 
Jerry-SWE collected 47958 from pot
*** SUMMARY ***
Total pot 47958 | Rake 0 
Board [8d 2c Tc Jh Qd]
Seat 1: xandefp (big blind) folded on the Flop
Seat 2: Gabrielfs13 folded before Flop (didn't bet)
Seat 4: Jerry-SWE showed [7c 7h] and won (47958) with a pair of Sevens
Seat 5: GibmyMany mucked [5h 5s]
Seat 8: buzios38 (button) folded before Flop (didn't bet)
Seat 9: RamiRami1990 (small blind) folded before Flop



PokerStars Hand #257129022032: Tournament #3913588013, $4.80+$5.00+$1.20 USD Hold'em No Limit - Level XXI (1500/3000) - 2025/07/28 20:44:26 BRT [2025/07/28 19:44:26 ET]
Table '3913588013 6' 9-max Seat #9 is the button
Seat 1: xandefp (201356 in chips, $56.38 bounty) 
Seat 2: Gabrielfs13 (32305 in chips, $35.31 bounty) 
Seat 4: Jerry-SWE (73349 in chips, $10 bounty) 
Seat 5: GibmyMany (151177 in chips, $37.33 bounty) 
Seat 8: buzios38 (26060 in chips, $15 bounty) 
Seat 9: RamiRami1990 (30753 in chips, $12.50 bounty) 
xandefp: posts the ante 500
Gabrielfs13: posts the ante 500
Jerry-SWE: posts the ante 500
GibmyMany: posts the ante 500
buzios38: posts the ante 500
RamiRami1990: posts the ante 500
xandefp: posts small blind 1500
Gabrielfs13: posts big blind 3000
*** HOLE CARDS ***
Dealt to Gabrielfs13 [6c Th]
Jerry-SWE: folds 
GibmyMany: raises 3900 to 6900
buzios38: raises 18660 to 25560 and is all-in
RamiRami1990: raises 4693 to 30253 and is all-in
xandefp: folds 
Gabrielfs13: folds 
GibmyMany: calls 23353
*** FLOP *** [9c Qd Td]
*** TURN *** [9c Qd Td] [9d]
*** RIVER *** [9c Qd Td 9d] [3h]
*** SHOW DOWN ***
GibmyMany: shows [Jh Kh] (a straight, Nine to King)
RamiRami1990: shows [Tc Ts] (a full house, Tens full of Nines)
RamiRami1990 collected 9386 from side pot
buzios38: shows [Js Jc] (two pair, Jacks and Nines)
RamiRami1990 collected 84180 from main pot
RamiRami1990 wins $7.50 for eliminating buzios38 and their own bounty increases by $7.50 to $20
buzios38 finished the tournament in 6th place and received $28.20.
*** SUMMARY ***
Total pot 93566 Main pot 84180. Side pot 9386. | Rake 0 
Board [9c Qd Td 9d 3h]
Seat 1: xandefp (small blind) folded before Flop
Seat 2: Gabrielfs13 (big blind) folded before Flop
Seat 4: Jerry-SWE folded before Flop (didn't bet)
Seat 5: GibmyMany showed [Jh Kh] and lost with a straight, Nine to King
Seat 8: buzios38 showed [Js Jc] and lost with two pair, Jacks and Nines
Seat 9: RamiRami1990 (button) showed [Tc Ts] and won (93566) with a full house, Tens full of Nines



PokerStars Hand #257129026578: Tournament #3913588013, $4.80+$5.00+$1.20 USD Hold'em No Limit - Level XXI (1500/3000) - 2025/07/28 20:44:55 BRT [2025/07/28 19:44:55 ET]
Table '3913588013 6' 9-max Seat #1 is the button
Seat 1: xandefp (199356 in chips, $56.38 bounty) 
Seat 2: Gabrielfs13 (28805 in chips, $35.31 bounty) 
Seat 4: Jerry-SWE (72849 in chips, $10 bounty) 
Seat 5: GibmyMany (120424 in chips, $37.33 bounty) 
Seat 9: RamiRami1990 (93566 in chips, $20 bounty) 
xandefp: posts the ante 500
Gabrielfs13: posts the ante 500
Jerry-SWE: posts the ante 500
GibmyMany: posts the ante 500
RamiRami1990: posts the ante 500
Gabrielfs13: posts small blind 1500
Jerry-SWE: posts big blind 3000
*** HOLE CARDS ***
Dealt to Gabrielfs13 [6c Qs]
GibmyMany: folds 
RamiRami1990: raises 3000 to 6000
xandefp: folds 
Gabrielfs13: folds 
Jerry-SWE: calls 3000
*** FLOP *** [Ks 9d 7c]
Jerry-SWE: checks 
RamiRami1990: checks 
*** TURN *** [Ks 9d 7c] [8s]
Jerry-SWE: checks 
RamiRami1990: bets 6000
Jerry-SWE: calls 6000
*** RIVER *** [Ks 9d 7c 8s] [Qh]
Jerry-SWE: checks 
RamiRami1990: checks 
*** SHOW DOWN ***
Jerry-SWE: shows [Ac 8d] (a pair of Eights)
RamiRami1990: shows [Th Td] (a pair of Tens)
RamiRami1990 collected 28000 from pot
*** SUMMARY ***
Total pot 28000 | Rake 0 
Board [Ks 9d 7c 8s Qh]
Seat 1: xandefp (button) folded before Flop (didn't bet)
Seat 2: Gabrielfs13 (small blind) folded before Flop
Seat 4: Jerry-SWE (big blind) showed [Ac 8d] and lost with a pair of Eights
Seat 5: GibmyMany folded before Flop (didn't bet)
Seat 9: RamiRami1990 showed [Th Td] and won (28000) with a pair of Tens



PokerStars Hand #257129032218: Tournament #3913588013, $4.80+$5.00+$1.20 USD Hold'em No Limit - Level XXI (1500/3000) - 2025/07/28 20:45:31 BRT [2025/07/28 19:45:31 ET]
Table '3913588013 6' 9-max Seat #2 is the button
Seat 1: xandefp (198856 in chips, $56.38 bounty) 
Seat 2: Gabrielfs13 (26805 in chips, $35.31 bounty) 
Seat 4: Jerry-SWE (60349 in chips, $10 bounty) 
Seat 5: GibmyMany (119924 in chips, $37.33 bounty) 
Seat 9: RamiRami1990 (109066 in chips, $20 bounty) 
xandefp: posts the ante 500
Gabrielfs13: posts the ante 500
Jerry-SWE: posts the ante 500
GibmyMany: posts the ante 500
RamiRami1990: posts the ante 500
Jerry-SWE: posts small blind 1500
GibmyMany: posts big blind 3000
*** HOLE CARDS ***
Dealt to Gabrielfs13 [5h 2h]
RamiRami1990: folds 
xandefp: folds 
Gabrielfs13: folds 
Jerry-SWE: calls 1500
GibmyMany: raises 6000 to 9000
Jerry-SWE: calls 6000
*** FLOP *** [Ac As Kd]
Jerry-SWE: bets 50849 and is all-in
GibmyMany: folds 
Uncalled bet (50849) returned to Jerry-SWE
Jerry-SWE collected 20500 from pot
Jerry-SWE: doesn't show hand 
*** SUMMARY ***
Total pot 20500 | Rake 0 
Board [Ac As Kd]
Seat 1: xandefp folded before Flop (didn't bet)
Seat 2: Gabrielfs13 (button) folded before Flop (didn't bet)
Seat 4: Jerry-SWE (small blind) collected (20500)
Seat 5: GibmyMany (big blind) folded on the Flop
Seat 9: RamiRami1990 folded before Flop (didn't bet)



PokerStars Hand #257129035621: Tournament #3913588013, $4.80+$5.00+$1.20 USD Hold'em No Limit - Level XXI (1500/3000) - 2025/07/28 20:45:53 BRT [2025/07/28 19:45:53 ET]
Table '3913588013 6' 9-max Seat #4 is the button
Seat 1: xandefp (198356 in chips, $56.38 bounty) 
Seat 2: Gabrielfs13 (26305 in chips, $35.31 bounty) 
Seat 4: Jerry-SWE (71349 in chips, $10 bounty) 
Seat 5: GibmyMany (110424 in chips, $37.33 bounty) 
Seat 9: RamiRami1990 (108566 in chips, $20 bounty) 
xandefp: posts the ante 500
Gabrielfs13: posts the ante 500
Jerry-SWE: posts the ante 500
GibmyMany: posts the ante 500
RamiRami1990: posts the ante 500
GibmyMany: posts small blind 1500
RamiRami1990: posts big blind 3000
*** HOLE CARDS ***
Dealt to Gabrielfs13 [Jd Ts]
xandefp: folds 
Gabrielfs13: folds 
Jerry-SWE: folds 
GibmyMany: folds 
Uncalled bet (1500) returned to RamiRami1990
RamiRami1990 collected 5500 from pot
RamiRami1990: doesn't show hand 
*** SUMMARY ***
Total pot 5500 | Rake 0 
Seat 1: xandefp folded before Flop (didn't bet)
Seat 2: Gabrielfs13 folded before Flop (didn't bet)
Seat 4: Jerry-SWE (button) folded before Flop (didn't bet)
Seat 5: GibmyMany (small blind) folded before Flop
Seat 9: RamiRami1990 (big blind) collected (5500)



PokerStars Hand #257129037442: Tournament #3913588013, $4.80+$5.00+$1.20 USD Hold'em No Limit - Level XXI (1500/3000) - 2025/07/28 20:46:05 BRT [2025/07/28 19:46:05 ET]
Table '3913588013 6' 9-max Seat #5 is the button
Seat 1: xandefp (197856 in chips, $56.38 bounty) 
Seat 2: Gabrielfs13 (25805 in chips, $35.31 bounty) 
Seat 4: Jerry-SWE (70849 in chips, $10 bounty) 
Seat 5: GibmyMany (108424 in chips, $37.33 bounty) 
Seat 9: RamiRami1990 (112066 in chips, $20 bounty) 
xandefp: posts the ante 500
Gabrielfs13: posts the ante 500
Jerry-SWE: posts the ante 500
GibmyMany: posts the ante 500
RamiRami1990: posts the ante 500
RamiRami1990: posts small blind 1500
xandefp: posts big blind 3000
*** HOLE CARDS ***
Dealt to Gabrielfs13 [6h Ah]
Gabrielfs13: raises 22305 to 25305 and is all-in
Jerry-SWE: folds 
GibmyMany: raises 22305 to 47610
RamiRami1990: folds 
xandefp: folds 
Uncalled bet (22305) returned to GibmyMany
*** FLOP *** [9s 6s 7s]
*** TURN *** [9s 6s 7s] [3c]
*** RIVER *** [9s 6s 7s 3c] [7c]
*** SHOW DOWN ***
Gabrielfs13: shows [6h Ah] (two pair, Sevens and Sixes)
GibmyMany: shows [Jd Ad] (a pair of Sevens)
Gabrielfs13 collected 57610 from pot
*** SUMMARY ***
Total pot 57610 | Rake 0 
Board [9s 6s 7s 3c 7c]
Seat 1: xandefp (big blind) folded before Flop
Seat 2: Gabrielfs13 showed [6h Ah] and won (57610) with two pair, Sevens and Sixes
Seat 4: Jerry-SWE folded before Flop (didn't bet)
Seat 5: GibmyMany (button) showed [Jd Ad] and lost with a pair of Sevens
Seat 9: RamiRami1990 (small blind) folded before Flop



PokerStars Hand #257129044001: Tournament #3913588013, $4.80+$5.00+$1.20 USD Hold'em No Limit - Level XXI (1500/3000) - 2025/07/28 20:46:46 BRT [2025/07/28 19:46:46 ET]
Table '3913588013 6' 9-max Seat #9 is the button
Seat 1: xandefp (194356 in chips, $56.38 bounty) 
Seat 2: Gabrielfs13 (57610 in chips, $35.31 bounty) 
Seat 4: Jerry-SWE (70349 in chips, $10 bounty) 
Seat 5: GibmyMany (82619 in chips, $37.33 bounty) 
Seat 9: RamiRami1990 (110066 in chips, $20 bounty) 
xandefp: posts the ante 500
Gabrielfs13: posts the ante 500
Jerry-SWE: posts the ante 500
GibmyMany: posts the ante 500
RamiRami1990: posts the ante 500
xandefp: posts small blind 1500
Gabrielfs13: posts big blind 3000
*** HOLE CARDS ***
Dealt to Gabrielfs13 [Ks 4s]
Jerry-SWE: folds 
GibmyMany: folds 
RamiRami1990: raises 3000 to 6000
xandefp: folds 
Gabrielfs13: calls 3000
*** FLOP *** [6c 2d 7h]
Gabrielfs13: checks 
RamiRami1990: bets 4000
Gabrielfs13: folds 
Uncalled bet (4000) returned to RamiRami1990
RamiRami1990 collected 16000 from pot
RamiRami1990: doesn't show hand 
*** SUMMARY ***
Total pot 16000 | Rake 0 
Board [6c 2d 7h]
Seat 1: xandefp (small blind) folded before Flop
Seat 2: Gabrielfs13 (big blind) folded on the Flop
Seat 4: Jerry-SWE folded before Flop (didn't bet)
Seat 5: GibmyMany folded before Flop (didn't bet)
Seat 9: RamiRami1990 (button) collected (16000)



PokerStars Hand #257129048894: Tournament #3913588013, $4.80+$5.00+$1.20 USD Hold'em No Limit - Level XXI (1500/3000) - 2025/07/28 20:47:17 BRT [2025/07/28 19:47:17 ET]
Table '3913588013 6' 9-max Seat #1 is the button
Seat 1: xandefp (192356 in chips, $56.38 bounty) 
Seat 2: Gabrielfs13 (51110 in chips, $35.31 bounty) 
Seat 4: Jerry-SWE (69849 in chips, $10 bounty) 
Seat 5: GibmyMany (82119 in chips, $37.33 bounty) 
Seat 9: RamiRami1990 (119566 in chips, $20 bounty) 
xandefp: posts the ante 500
Gabrielfs13: posts the ante 500
Jerry-SWE: posts the ante 500
GibmyMany: posts the ante 500
RamiRami1990: posts the ante 500
Gabrielfs13: posts small blind 1500
Jerry-SWE: posts big blind 3000
*** HOLE CARDS ***
Dealt to Gabrielfs13 [6d 8c]
GibmyMany: folds 
RamiRami1990: folds 
xandefp: folds 
Gabrielfs13: calls 1500
Jerry-SWE: checks 
*** FLOP *** [Ks Kc 5s]
Gabrielfs13: bets 3000
Jerry-SWE: calls 3000
*** TURN *** [Ks Kc 5s] [8s]
Gabrielfs13: bets 3000
Jerry-SWE: calls 3000
*** RIVER *** [Ks Kc 5s 8s] [4s]
Gabrielfs13: checks 
Jerry-SWE: checks 
*** SHOW DOWN ***
Gabrielfs13: shows [6d 8c] (two pair, Kings and Eights)
Jerry-SWE: shows [7d Kh] (three of a kind, Kings)
Jerry-SWE collected 20500 from pot
*** SUMMARY ***
Total pot 20500 | Rake 0 
Board [Ks Kc 5s 8s 4s]
Seat 1: xandefp (button) folded before Flop (didn't bet)
Seat 2: Gabrielfs13 (small blind) showed [6d 8c] and lost with two pair, Kings and Eights
Seat 4: Jerry-SWE (big blind) showed [7d Kh] and won (20500) with three of a kind, Kings
Seat 5: GibmyMany folded before Flop (didn't bet)
Seat 9: RamiRami1990 folded before Flop (didn't bet)



PokerStars Hand #257129055048: Tournament #3913588013, $4.80+$5.00+$1.20 USD Hold'em No Limit - Level XXI (1500/3000) - 2025/07/28 20:47:57 BRT [2025/07/28 19:47:57 ET]
Table '3913588013 6' 9-max Seat #2 is the button
Seat 1: xandefp (191856 in chips, $56.38 bounty) 
Seat 2: Gabrielfs13 (41610 in chips, $35.31 bounty) 
Seat 4: Jerry-SWE (80849 in chips, $10 bounty) 
Seat 5: GibmyMany (81619 in chips, $37.33 bounty) 
Seat 9: RamiRami1990 (119066 in chips, $20 bounty) 
xandefp: posts the ante 500
Gabrielfs13: posts the ante 500
Jerry-SWE: posts the ante 500
GibmyMany: posts the ante 500
RamiRami1990: posts the ante 500
Jerry-SWE: posts small blind 1500
GibmyMany: posts big blind 3000
*** HOLE CARDS ***
Dealt to Gabrielfs13 [6h Kd]
RamiRami1990: folds 
xandefp: raises 3000 to 6000
Gabrielfs13: folds 
Jerry-SWE: folds 
GibmyMany: folds 
Uncalled bet (3000) returned to xandefp
xandefp collected 10000 from pot
xandefp: doesn't show hand 
*** SUMMARY ***
Total pot 10000 | Rake 0 
Seat 1: xandefp collected (10000)
Seat 2: Gabrielfs13 (button) folded before Flop (didn't bet)
Seat 4: Jerry-SWE (small blind) folded before Flop
Seat 5: GibmyMany (big blind) folded before Flop
Seat 9: RamiRami1990 folded before Flop (didn't bet)



PokerStars Hand #257129059641: Tournament #3913588013, $4.80+$5.00+$1.20 USD Hold'em No Limit - Level XXII (2000/4000) - 2025/07/28 20:48:27 BRT [2025/07/28 19:48:27 ET]
Table '3913588013 6' 9-max Seat #4 is the button
Seat 1: xandefp (198356 in chips, $56.38 bounty) 
Seat 2: Gabrielfs13 (41110 in chips, $35.31 bounty) 
Seat 4: Jerry-SWE (78849 in chips, $10 bounty) 
Seat 5: GibmyMany (78119 in chips, $37.33 bounty) 
Seat 9: RamiRami1990 (118566 in chips, $20 bounty) 
xandefp: posts the ante 600
Gabrielfs13: posts the ante 600
Jerry-SWE: posts the ante 600
GibmyMany: posts the ante 600
RamiRami1990: posts the ante 600
GibmyMany: posts small blind 2000
RamiRami1990: posts big blind 4000
*** HOLE CARDS ***
Dealt to Gabrielfs13 [5s Kc]
xandefp: raises 4000 to 8000
Gabrielfs13: folds 
Jerry-SWE: folds 
GibmyMany: calls 6000
RamiRami1990: calls 4000
*** FLOP *** [6s 7s 6d]
GibmyMany: checks 
RamiRami1990: checks 
xandefp: bets 12960
GibmyMany: folds 
RamiRami1990: folds 
Uncalled bet (12960) returned to xandefp
xandefp collected 27000 from pot
xandefp: doesn't show hand 
*** SUMMARY ***
Total pot 27000 | Rake 0 
Board [6s 7s 6d]
Seat 1: xandefp collected (27000)
Seat 2: Gabrielfs13 folded before Flop (didn't bet)
Seat 4: Jerry-SWE (button) folded before Flop (didn't bet)
Seat 5: GibmyMany (small blind) folded on the Flop
Seat 9: RamiRami1990 (big blind) folded on the Flop



PokerStars Hand #257129066289: Tournament #3913588013, $4.80+$5.00+$1.20 USD Hold'em No Limit - Level XXII (2000/4000) - 2025/07/28 20:49:10 BRT [2025/07/28 19:49:10 ET]
Table '3913588013 6' 9-max Seat #5 is the button
Seat 1: xandefp (216756 in chips, $56.38 bounty) 
Seat 2: Gabrielfs13 (40510 in chips, $35.31 bounty) 
Seat 4: Jerry-SWE (78249 in chips, $10 bounty) 
Seat 5: GibmyMany (69519 in chips, $37.33 bounty) 
Seat 9: RamiRami1990 (109966 in chips, $20 bounty) 
xandefp: posts the ante 600
Gabrielfs13: posts the ante 600
Jerry-SWE: posts the ante 600
GibmyMany: posts the ante 600
RamiRami1990: posts the ante 600
RamiRami1990: posts small blind 2000
xandefp: posts big blind 4000
*** HOLE CARDS ***
Dealt to Gabrielfs13 [5c 9h]
Gabrielfs13: folds 
Jerry-SWE: folds 
GibmyMany: folds 
RamiRami1990: folds 
Uncalled bet (2000) returned to xandefp
xandefp collected 7000 from pot
xandefp: doesn't show hand 
*** SUMMARY ***
Total pot 7000 | Rake 0 
Seat 1: xandefp (big blind) collected (7000)
Seat 2: Gabrielfs13 folded before Flop (didn't bet)
Seat 4: Jerry-SWE folded before Flop (didn't bet)
Seat 5: GibmyMany (button) folded before Flop (didn't bet)
Seat 9: RamiRami1990 (small blind) folded before Flop



PokerStars Hand #257129069158: Tournament #3913588013, $4.80+$5.00+$1.20 USD Hold'em No Limit - Level XXII (2000/4000) - 2025/07/28 20:49:29 BRT [2025/07/28 19:49:29 ET]
Table '3913588013 6' 9-max Seat #9 is the button
Seat 1: xandefp (221156 in chips, $56.38 bounty) 
Seat 2: Gabrielfs13 (39910 in chips, $35.31 bounty) 
Seat 4: Jerry-SWE (77649 in chips, $10 bounty) 
Seat 5: GibmyMany (68919 in chips, $37.33 bounty) 
Seat 9: RamiRami1990 (107366 in chips, $20 bounty) 
xandefp: posts the ante 600
Gabrielfs13: posts the ante 600
Jerry-SWE: posts the ante 600
GibmyMany: posts the ante 600
RamiRami1990: posts the ante 600
xandefp: posts small blind 2000
Gabrielfs13: posts big blind 4000
*** HOLE CARDS ***
Dealt to Gabrielfs13 [4s 3h]
Jerry-SWE: folds 
GibmyMany: raises 6400 to 10400
RamiRami1990: folds 
xandefp: folds 
Gabrielfs13: folds 
Uncalled bet (6400) returned to GibmyMany
GibmyMany collected 13000 from pot
GibmyMany: doesn't show hand 
*** SUMMARY ***
Total pot 13000 | Rake 0 
Seat 1: xandefp (small blind) folded before Flop
Seat 2: Gabrielfs13 (big blind) folded before Flop
Seat 4: Jerry-SWE folded before Flop (didn't bet)
Seat 5: GibmyMany collected (13000)
Seat 9: RamiRami1990 (button) folded before Flop (didn't bet)



PokerStars Hand #257129070871: Tournament #3913588013, $4.80+$5.00+$1.20 USD Hold'em No Limit - Level XXII (2000/4000) - 2025/07/28 20:49:40 BRT [2025/07/28 19:49:40 ET]
Table '3913588013 6' 9-max Seat #1 is the button
Seat 1: xandefp (218556 in chips, $56.38 bounty) 
Seat 2: Gabrielfs13 (35310 in chips, $35.31 bounty) 
Seat 4: Jerry-SWE (77049 in chips, $10 bounty) 
Seat 5: GibmyMany (77319 in chips, $37.33 bounty) 
Seat 9: RamiRami1990 (106766 in chips, $20 bounty) 
xandefp: posts the ante 600
Gabrielfs13: posts the ante 600
Jerry-SWE: posts the ante 600
GibmyMany: posts the ante 600
RamiRami1990: posts the ante 600
Gabrielfs13: posts small blind 2000
Jerry-SWE: posts big blind 4000
*** HOLE CARDS ***
Dealt to Gabrielfs13 [Qs Kh]
GibmyMany: raises 5200 to 9200
RamiRami1990: folds 
xandefp: folds 
Gabrielfs13: raises 25510 to 34710 and is all-in
Jerry-SWE: folds 
GibmyMany: calls 25510
*** FLOP *** [Td Kc Qc]
*** TURN *** [Td Kc Qc] [8c]
*** RIVER *** [Td Kc Qc 8c] [6h]
*** SHOW DOWN ***
Gabrielfs13: shows [Qs Kh] (two pair, Kings and Queens)
GibmyMany: shows [5c 5h] (a pair of Fives)
Gabrielfs13 collected 76420 from pot
*** SUMMARY ***
Total pot 76420 | Rake 0 
Board [Td Kc Qc 8c 6h]
Seat 1: xandefp (button) folded before Flop (didn't bet)
Seat 2: Gabrielfs13 (small blind) showed [Qs Kh] and won (76420) with two pair, Kings and Queens
Seat 4: Jerry-SWE (big blind) folded before Flop
Seat 5: GibmyMany showed [5c 5h] and lost with a pair of Fives
Seat 9: RamiRami1990 folded before Flop (didn't bet)



PokerStars Hand #257129074327: Tournament #3913588013, $4.80+$5.00+$1.20 USD Hold'em No Limit - Level XXII (2000/4000) - 2025/07/28 20:50:02 BRT [2025/07/28 19:50:02 ET]
Table '3913588013 6' 9-max Seat #2 is the button
Seat 1: xandefp (217956 in chips, $56.38 bounty) 
Seat 2: Gabrielfs13 (76420 in chips, $35.31 bounty) 
Seat 4: Jerry-SWE (72449 in chips, $10 bounty) 
Seat 5: GibmyMany (42009 in chips, $37.33 bounty) 
Seat 9: RamiRami1990 (106166 in chips, $20 bounty) 
xandefp: posts the ante 600
Gabrielfs13: posts the ante 600
Jerry-SWE: posts the ante 600
GibmyMany: posts the ante 600
RamiRami1990: posts the ante 600
Jerry-SWE: posts small blind 2000
GibmyMany: posts big blind 4000
*** HOLE CARDS ***
Dealt to Gabrielfs13 [4s Td]
RamiRami1990: raises 4000 to 8000
xandefp: folds 
Gabrielfs13: folds 
Jerry-SWE: folds 
GibmyMany: calls 4000
*** FLOP *** [6h Th 7c]
GibmyMany: bets 33409 and is all-in
RamiRami1990: calls 33409
*** TURN *** [6h Th 7c] [3s]
*** RIVER *** [6h Th 7c 3s] [5h]
*** SHOW DOWN ***
GibmyMany: shows [7s 4d] (a straight, Three to Seven)
RamiRami1990: shows [Ac 6d] (a pair of Sixes)
GibmyMany collected 87818 from pot
*** SUMMARY ***
Total pot 87818 | Rake 0 
Board [6h Th 7c 3s 5h]
Seat 1: xandefp folded before Flop (didn't bet)
Seat 2: Gabrielfs13 (button) folded before Flop (didn't bet)
Seat 4: Jerry-SWE (small blind) folded before Flop
Seat 5: GibmyMany (big blind) showed [7s 4d] and won (87818) with a straight, Three to Seven
Seat 9: RamiRami1990 showed [Ac 6d] and lost with a pair of Sixes



PokerStars Hand #257129078151: Tournament #3913588013, $4.80+$5.00+$1.20 USD Hold'em No Limit - Level XXII (2000/4000) - 2025/07/28 20:50:28 BRT [2025/07/28 19:50:28 ET]
Table '3913588013 6' 9-max Seat #4 is the button
Seat 1: xandefp (217356 in chips, $56.38 bounty) 
Seat 2: Gabrielfs13 (75820 in chips, $35.31 bounty) 
Seat 4: Jerry-SWE (69849 in chips, $10 bounty) 
Seat 5: GibmyMany (87818 in chips, $37.33 bounty) 
Seat 9: RamiRami1990 (64157 in chips, $20 bounty) 
xandefp: posts the ante 600
Gabrielfs13: posts the ante 600
Jerry-SWE: posts the ante 600
GibmyMany: posts the ante 600
RamiRami1990: posts the ante 600
GibmyMany: posts small blind 2000
RamiRami1990: posts big blind 4000
*** HOLE CARDS ***
Dealt to Gabrielfs13 [8c 8s]
xandefp: folds 
Gabrielfs13: raises 4000 to 8000
Jerry-SWE: folds 
GibmyMany: folds 
RamiRami1990: calls 4000
*** FLOP *** [Jh Qd 6s]
RamiRami1990: checks 
Gabrielfs13: checks 
*** TURN *** [Jh Qd 6s] [Js]
RamiRami1990: checks 
Gabrielfs13: checks 
*** RIVER *** [Jh Qd 6s Js] [4h]
RamiRami1990: checks 
Gabrielfs13: checks 
*** SHOW DOWN ***
RamiRami1990: shows [7d Kd] (a pair of Jacks)
Gabrielfs13: shows [8c 8s] (two pair, Jacks and Eights)
Gabrielfs13 collected 21000 from pot
*** SUMMARY ***
Total pot 21000 | Rake 0 
Board [Jh Qd 6s Js 4h]
Seat 1: xandefp folded before Flop (didn't bet)
Seat 2: Gabrielfs13 showed [8c 8s] and won (21000) with two pair, Jacks and Eights
Seat 4: Jerry-SWE (button) folded before Flop (didn't bet)
Seat 5: GibmyMany (small blind) folded before Flop
Seat 9: RamiRami1990 (big blind) showed [7d Kd] and lost with a pair of Jacks



PokerStars Hand #257129084371: Tournament #3913588013, $4.80+$5.00+$1.20 USD Hold'em No Limit - Level XXII (2000/4000) - 2025/07/28 20:51:09 BRT [2025/07/28 19:51:09 ET]
Table '3913588013 6' 9-max Seat #5 is the button
Seat 1: xandefp (216756 in chips, $56.38 bounty) 
Seat 2: Gabrielfs13 (88220 in chips, $35.31 bounty) 
Seat 4: Jerry-SWE (69249 in chips, $10 bounty) 
Seat 5: GibmyMany (85218 in chips, $37.33 bounty) 
Seat 9: RamiRami1990 (55557 in chips, $20 bounty) 
xandefp: posts the ante 600
Gabrielfs13: posts the ante 600
Jerry-SWE: posts the ante 600
GibmyMany: posts the ante 600
RamiRami1990: posts the ante 600
RamiRami1990: posts small blind 2000
xandefp: posts big blind 4000
*** HOLE CARDS ***
Dealt to Gabrielfs13 [Tc Jc]
Gabrielfs13: raises 4000 to 8000
Jerry-SWE: folds 
GibmyMany: folds 
RamiRami1990: folds 
xandefp: folds 
Uncalled bet (4000) returned to Gabrielfs13
Gabrielfs13 collected 13000 from pot
Gabrielfs13: doesn't show hand 
*** SUMMARY ***
Total pot 13000 | Rake 0 
Seat 1: xandefp (big blind) folded before Flop
Seat 2: Gabrielfs13 collected (13000)
Seat 4: Jerry-SWE folded before Flop (didn't bet)
Seat 5: GibmyMany (button) folded before Flop (didn't bet)
Seat 9: RamiRami1990 (small blind) folded before Flop



PokerStars Hand #257129088331: Tournament #3913588013, $4.80+$5.00+$1.20 USD Hold'em No Limit - Level XXII (2000/4000) - 2025/07/28 20:51:35 BRT [2025/07/28 19:51:35 ET]
Table '3913588013 6' 9-max Seat #9 is the button
Seat 1: xandefp (212156 in chips, $56.38 bounty) 
Seat 2: Gabrielfs13 (96620 in chips, $35.31 bounty) 
Seat 4: Jerry-SWE (68649 in chips, $10 bounty) 
Seat 5: GibmyMany (84618 in chips, $37.33 bounty) 
Seat 9: RamiRami1990 (52957 in chips, $20 bounty) 
xandefp: posts the ante 600
Gabrielfs13: posts the ante 600
Jerry-SWE: posts the ante 600
GibmyMany: posts the ante 600
RamiRami1990: posts the ante 600
xandefp: posts small blind 2000
Gabrielfs13: posts big blind 4000
*** HOLE CARDS ***
Dealt to Gabrielfs13 [Qc 4h]
Jerry-SWE: folds 
GibmyMany: folds 
RamiRami1990: folds 
xandefp: raises 5200 to 9200
Gabrielfs13: folds 
Uncalled bet (5200) returned to xandefp
xandefp collected 11000 from pot
xandefp: doesn't show hand 
*** SUMMARY ***
Total pot 11000 | Rake 0 
Seat 1: xandefp (small blind) collected (11000)
Seat 2: Gabrielfs13 (big blind) folded before Flop
Seat 4: Jerry-SWE folded before Flop (didn't bet)
Seat 5: GibmyMany folded before Flop (didn't bet)
Seat 9: RamiRami1990 (button) folded before Flop (didn't bet)



PokerStars Hand #257129092957: Tournament #3913588013, $4.80+$5.00+$1.20 USD Hold'em No Limit - Level XXII (2000/4000) - 2025/07/28 20:52:05 BRT [2025/07/28 19:52:05 ET]
Table '3913588013 6' 9-max Seat #1 is the button
Seat 1: xandefp (218556 in chips, $56.38 bounty) 
Seat 2: Gabrielfs13 (92020 in chips, $35.31 bounty) 
Seat 4: Jerry-SWE (68049 in chips, $10 bounty) 
Seat 5: GibmyMany (84018 in chips, $37.33 bounty) 
Seat 9: RamiRami1990 (52357 in chips, $20 bounty) 
xandefp: posts the ante 600
Gabrielfs13: posts the ante 600
Jerry-SWE: posts the ante 600
GibmyMany: posts the ante 600
RamiRami1990: posts the ante 600
Gabrielfs13: posts small blind 2000
Jerry-SWE: posts big blind 4000
*** HOLE CARDS ***
Dealt to Gabrielfs13 [5d 6h]
GibmyMany: folds 
RamiRami1990: folds 
xandefp: raises 5200 to 9200
Gabrielfs13: folds 
Jerry-SWE: calls 5200
*** FLOP *** [Qh 8h 4s]
Jerry-SWE: checks 
xandefp: bets 7722
Jerry-SWE: calls 7722
*** TURN *** [Qh 8h 4s] [Js]
Jerry-SWE: checks 
xandefp: bets 16800
Jerry-SWE: calls 16800
*** RIVER *** [Qh 8h 4s Js] [7c]
Jerry-SWE: checks 
xandefp: checks 
*** SHOW DOWN ***
Jerry-SWE: shows [7h Th] (a pair of Sevens)
xandefp: mucks hand 
Jerry-SWE collected 72444 from pot
*** SUMMARY ***
Total pot 72444 | Rake 0 
Board [Qh 8h 4s Js 7c]
Seat 1: xandefp (button) mucked [5s Kc]
Seat 2: Gabrielfs13 (small blind) folded before Flop
Seat 4: Jerry-SWE (big blind) showed [7h Th] and won (72444) with a pair of Sevens
Seat 5: GibmyMany folded before Flop (didn't bet)
Seat 9: RamiRami1990 folded before Flop (didn't bet)



PokerStars Hand #257129099139: Tournament #3913588013, $4.80+$5.00+$1.20 USD Hold'em No Limit - Level XXII (2000/4000) - 2025/07/28 20:52:47 BRT [2025/07/28 19:52:47 ET]
Table '3913588013 6' 9-max Seat #2 is the button
Seat 1: xandefp (184234 in chips, $56.38 bounty) 
Seat 2: Gabrielfs13 (89420 in chips, $35.31 bounty) 
Seat 4: Jerry-SWE (106171 in chips, $10 bounty) 
Seat 5: GibmyMany (83418 in chips, $37.33 bounty) 
Seat 9: RamiRami1990 (51757 in chips, $20 bounty) 
xandefp: posts the ante 600
Gabrielfs13: posts the ante 600
Jerry-SWE: posts the ante 600
GibmyMany: posts the ante 600
RamiRami1990: posts the ante 600
Jerry-SWE: posts small blind 2000
GibmyMany: posts big blind 4000
*** HOLE CARDS ***
Dealt to Gabrielfs13 [7c Kd]
RamiRami1990: folds 
xandefp: folds 
Gabrielfs13: raises 4000 to 8000
Jerry-SWE: calls 6000
GibmyMany: folds 
*** FLOP *** [5c 3s Qc]
Jerry-SWE: checks 
Gabrielfs13: bets 6000
Jerry-SWE: calls 6000
*** TURN *** [5c 3s Qc] [8d]
Jerry-SWE: checks 
Gabrielfs13: bets 16000
Jerry-SWE: raises 47570 to 63570
Gabrielfs13: folds 
Uncalled bet (47570) returned to Jerry-SWE
Jerry-SWE collected 67000 from pot
Jerry-SWE: doesn't show hand 
*** SUMMARY ***
Total pot 67000 | Rake 0 
Board [5c 3s Qc 8d]
Seat 1: xandefp folded before Flop (didn't bet)
Seat 2: Gabrielfs13 (button) folded on the Turn
Seat 4: Jerry-SWE (small blind) collected (67000)
Seat 5: GibmyMany (big blind) folded before Flop
Seat 9: RamiRami1990 folded before Flop (didn't bet)



PokerStars Hand #257129105718: Tournament #3913588013, $4.80+$5.00+$1.20 USD Hold'em No Limit - Level XXIII (2500/5000) - 2025/07/28 20:53:31 BRT [2025/07/28 19:53:31 ET]
Table '3913588013 6' 9-max Seat #4 is the button
Seat 1: xandefp (183634 in chips, $56.38 bounty) 
Seat 2: Gabrielfs13 (58820 in chips, $35.31 bounty) 
Seat 4: Jerry-SWE (142571 in chips, $10 bounty) 
Seat 5: GibmyMany (78818 in chips, $37.33 bounty) 
Seat 9: RamiRami1990 (51157 in chips, $20 bounty) 
xandefp: posts the ante 800
Gabrielfs13: posts the ante 800
Jerry-SWE: posts the ante 800
GibmyMany: posts the ante 800
RamiRami1990: posts the ante 800
GibmyMany: posts small blind 2500
RamiRami1990: posts big blind 5000
*** HOLE CARDS ***
Dealt to Gabrielfs13 [3d 5s]
xandefp: raises 5000 to 10000
Gabrielfs13: folds 
Jerry-SWE: folds 
GibmyMany: folds 
RamiRami1990: calls 5000
*** FLOP *** [Qd 6c 3c]
RamiRami1990: checks 
xandefp: bets 8745
RamiRami1990: raises 21995 to 30740
xandefp: raises 21995 to 52735
RamiRami1990: calls 9617 and is all-in
Uncalled bet (12378) returned to xandefp
*** TURN *** [Qd 6c 3c] [Kh]
*** RIVER *** [Qd 6c 3c Kh] [4s]
*** SHOW DOWN ***
RamiRami1990: shows [8s 8c] (a pair of Eights)
xandefp: shows [Ts Td] (a pair of Tens)
xandefp collected 107214 from pot
xandefp wins $10 for eliminating RamiRami1990 and their own bounty increases by $10 to $66.38
RamiRami1990 finished the tournament in 5th place and received $37.24.
*** SUMMARY ***
Total pot 107214 | Rake 0 
Board [Qd 6c 3c Kh 4s]
Seat 1: xandefp showed [Ts Td] and won (107214) with a pair of Tens
Seat 2: Gabrielfs13 folded before Flop (didn't bet)
Seat 4: Jerry-SWE (button) folded before Flop (didn't bet)
Seat 5: GibmyMany (small blind) folded before Flop
Seat 9: RamiRami1990 (big blind) showed [8s 8c] and lost with a pair of Eights



PokerStars Hand #257129110031: Tournament #3913588013, $4.80+$5.00+$1.20 USD Hold'em No Limit - Level XXIII (2500/5000) - 2025/07/28 20:54:02 BRT [2025/07/28 19:54:02 ET]
Table '3913588013 6' 9-max Seat #5 is the button
Seat 1: xandefp (239691 in chips, $66.38 bounty) 
Seat 2: Gabrielfs13 (58020 in chips, $35.31 bounty) 
Seat 4: Jerry-SWE (141771 in chips, $10 bounty) 
Seat 5: GibmyMany (75518 in chips, $37.33 bounty) 
xandefp: posts the ante 800
Gabrielfs13: posts the ante 800
Jerry-SWE: posts the ante 800
GibmyMany: posts the ante 800
xandefp: posts small blind 2500
Gabrielfs13: posts big blind 5000
*** HOLE CARDS ***
Dealt to Gabrielfs13 [3s 3h]
Jerry-SWE: calls 5000
GibmyMany: folds 
xandefp: calls 2500
Gabrielfs13: checks 
*** FLOP *** [6c 2s 5c]
xandefp: checks 
Gabrielfs13: checks 
Jerry-SWE: bets 12922
xandefp: calls 12922
Gabrielfs13: calls 12922
*** TURN *** [6c 2s 5c] [Js]
xandefp: checks 
Gabrielfs13: checks 
Jerry-SWE: bets 40446
xandefp: folds 
Gabrielfs13: folds 
Uncalled bet (40446) returned to Jerry-SWE
Jerry-SWE collected 56966 from pot
Jerry-SWE: doesn't show hand 
*** SUMMARY ***
Total pot 56966 | Rake 0 
Board [6c 2s 5c Js]
Seat 1: xandefp (small blind) folded on the Turn
Seat 2: Gabrielfs13 (big blind) folded on the Turn
Seat 4: Jerry-SWE collected (56966)
Seat 5: GibmyMany (button) folded before Flop (didn't bet)



PokerStars Hand #257129115798: Tournament #3913588013, $4.80+$5.00+$1.20 USD Hold'em No Limit - Level XXIII (2500/5000) - 2025/07/28 20:54:41 BRT [2025/07/28 19:54:41 ET]
Table '3913588013 6' 9-max Seat #1 is the button
Seat 1: xandefp (220969 in chips, $66.38 bounty) 
Seat 2: Gabrielfs13 (39298 in chips, $35.31 bounty) 
Seat 4: Jerry-SWE (180015 in chips, $10 bounty) 
Seat 5: GibmyMany (74718 in chips, $37.33 bounty) 
xandefp: posts the ante 800
Gabrielfs13: posts the ante 800
Jerry-SWE: posts the ante 800
GibmyMany: posts the ante 800
Gabrielfs13: posts small blind 2500
Jerry-SWE: posts big blind 5000
*** HOLE CARDS ***
Dealt to Gabrielfs13 [4c 2c]
GibmyMany: raises 6500 to 11500
xandefp: folds 
Gabrielfs13: folds 
Jerry-SWE: folds 
Uncalled bet (6500) returned to GibmyMany
GibmyMany collected 15700 from pot
GibmyMany: doesn't show hand 
*** SUMMARY ***
Total pot 15700 | Rake 0 
Seat 1: xandefp (button) folded before Flop (didn't bet)
Seat 2: Gabrielfs13 (small blind) folded before Flop
Seat 4: Jerry-SWE (big blind) folded before Flop
Seat 5: GibmyMany collected (15700)



PokerStars Hand #257129117340: Tournament #3913588013, $4.80+$5.00+$1.20 USD Hold'em No Limit - Level XXIII (2500/5000) - 2025/07/28 20:54:52 BRT [2025/07/28 19:54:52 ET]
Table '3913588013 6' 9-max Seat #2 is the button
Seat 1: xandefp (220169 in chips, $66.38 bounty) 
Seat 2: Gabrielfs13 (35998 in chips, $35.31 bounty) 
Seat 4: Jerry-SWE (174215 in chips, $10 bounty) 
Seat 5: GibmyMany (84618 in chips, $37.33 bounty) 
xandefp: posts the ante 800
Gabrielfs13: posts the ante 800
Jerry-SWE: posts the ante 800
GibmyMany: posts the ante 800
Jerry-SWE: posts small blind 2500
GibmyMany: posts big blind 5000
*** HOLE CARDS ***
Dealt to Gabrielfs13 [2h 5c]
xandefp: folds 
Gabrielfs13: folds 
Jerry-SWE: folds 
Uncalled bet (2500) returned to GibmyMany
GibmyMany collected 8200 from pot
GibmyMany: doesn't show hand 
*** SUMMARY ***
Total pot 8200 | Rake 0 
Seat 1: xandefp folded before Flop (didn't bet)
Seat 2: Gabrielfs13 (button) folded before Flop (didn't bet)
Seat 4: Jerry-SWE (small blind) folded before Flop
Seat 5: GibmyMany (big blind) collected (8200)



PokerStars Hand #257129118373: Tournament #3913588013, $4.80+$5.00+$1.20 USD Hold'em No Limit - Level XXIII (2500/5000) - 2025/07/28 20:54:59 BRT [2025/07/28 19:54:59 ET]
Table '3913588013 6' 9-max Seat #4 is the button
Seat 1: xandefp (219369 in chips, $66.38 bounty) 
Seat 2: Gabrielfs13 (35198 in chips, $35.31 bounty) 
Seat 4: Jerry-SWE (170915 in chips, $10 bounty) 
Seat 5: GibmyMany (89518 in chips, $37.33 bounty) 
xandefp: posts the ante 800
Gabrielfs13: posts the ante 800
Jerry-SWE: posts the ante 800
GibmyMany: posts the ante 800
GibmyMany: posts small blind 2500
xandefp: posts big blind 5000
*** HOLE CARDS ***
Dealt to Gabrielfs13 [Jc 9s]
Gabrielfs13: folds 
Jerry-SWE: folds 
GibmyMany: raises 6500 to 11500
xandefp: folds 
Uncalled bet (6500) returned to GibmyMany
GibmyMany collected 13200 from pot
GibmyMany: doesn't show hand 
*** SUMMARY ***
Total pot 13200 | Rake 0 
Seat 1: xandefp (big blind) folded before Flop
Seat 2: Gabrielfs13 folded before Flop (didn't bet)
Seat 4: Jerry-SWE (button) folded before Flop (didn't bet)
Seat 5: GibmyMany (small blind) collected (13200)



