PokerStars Hand #257075242600: Tournament #3911958685, $10.27+$0.73 USD Hold'em No Limit - Level VIII (125/250) - 2025/07/24 18:04:19 BRT [2025/07/24 17:04:19 ET]
Table '3911958685 22' 7-max Seat #4 is the button
Seat 1: Robinho2611 (4245 in chips) 
Seat 2: Negrov22 (4705 in chips) 
Seat 3: Gabrielfs13 (5000 in chips) 
Seat 4: 235795r (13532 in chips) 
Seat 5: pakapakaman13 (4581 in chips) 
Seat 6: Slobo0 (6290 in chips) 
Seat 7: babstef (5535 in chips) 
Robinho2611: posts the ante 60
Negrov22: posts the ante 60
Gabrielfs13: posts the ante 60
235795r: posts the ante 60
pakapakaman13: posts the ante 60
Slobo0: posts the ante 60
babstef: posts the ante 60
pakapakaman13: posts small blind 125
Slobo0: posts big blind 250
*** HOLE CARDS ***
Dealt to Gabrielfs13 [9h 4h]
babstef: folds 
Robinho2611: folds 
Negrov22: folds 
Gabrielfs13: folds 
235795r: folds 
pakapakaman13: calls 125
Slobo0: checks 
*** FLOP *** [8s Qh Js]
pakapakaman13: bets 250
Slobo0: folds 
Uncalled bet (250) returned to pakapakaman13
pakapakaman13 collected 920 from pot
pakapakaman13: doesn't show hand 
*** SUMMARY ***
Total pot 920 | Rake 0 
Board [8s Qh Js]
Seat 1: Robinho2611 folded before Flop (didn't bet)
Seat 2: Negrov22 folded before Flop (didn't bet)
Seat 3: Gabrielfs13 folded before Flop (didn't bet)
Seat 4: 235795r (button) folded before Flop (didn't bet)
Seat 5: pakapakaman13 (small blind) collected (920)
Seat 6: Slobo0 (big blind) folded on the Flop
Seat 7: babstef folded before Flop (didn't bet)



PokerStars Hand #257075252716: Tournament #3911958685, $10.27+$0.73 USD Hold'em No Limit - Level VIII (125/250) - 2025/07/24 18:05:00 BRT [2025/07/24 17:05:00 ET]
Table '3911958685 22' 7-max Seat #5 is the button
Seat 1: Robinho2611 (4185 in chips) 
Seat 2: Negrov22 (4645 in chips) 
Seat 3: Gabrielfs13 (4940 in chips) 
Seat 4: 235795r (13472 in chips) 
Seat 5: pakapakaman13 (5191 in chips) 
Seat 6: Slobo0 (5980 in chips) 
Seat 7: babstef (5475 in chips) 
Robinho2611: posts the ante 60
Negrov22: posts the ante 60
Gabrielfs13: posts the ante 60
235795r: posts the ante 60
pakapakaman13: posts the ante 60
Slobo0: posts the ante 60
babstef: posts the ante 60
Slobo0: posts small blind 125
babstef: posts big blind 250
*** HOLE CARDS ***
Dealt to Gabrielfs13 [8d 4c]
Robinho2611: folds 
Negrov22: folds 
Gabrielfs13: folds 
235795r: raises 250 to 500
pakapakaman13: folds 
Slobo0: folds 
babstef: raises 1500 to 2000
235795r: folds 
Uncalled bet (1500) returned to babstef
babstef collected 1545 from pot
babstef: doesn't show hand 
*** SUMMARY ***
Total pot 1545 | Rake 0 
Seat 1: Robinho2611 folded before Flop (didn't bet)
Seat 2: Negrov22 folded before Flop (didn't bet)
Seat 3: Gabrielfs13 folded before Flop (didn't bet)
Seat 4: 235795r folded before Flop
Seat 5: pakapakaman13 (button) folded before Flop (didn't bet)
Seat 6: Slobo0 (small blind) folded before Flop
Seat 7: babstef (big blind) collected (1545)



PokerStars Hand #257075270521: Tournament #3911958685, $10.27+$0.73 USD Hold'em No Limit - Level IX (150/300) - 2025/07/24 18:06:11 BRT [2025/07/24 17:06:11 ET]
Table '3911958685 22' 7-max Seat #6 is the button
Seat 1: Robinho2611 (4125 in chips) 
Seat 2: Negrov22 (4585 in chips) 
Seat 3: Gabrielfs13 (4880 in chips) 
Seat 4: 235795r (12912 in chips) 
Seat 5: pakapakaman13 (5131 in chips) 
Seat 6: Slobo0 (5795 in chips) 
Seat 7: babstef (6460 in chips) 
Robinho2611: posts the ante 75
Negrov22: posts the ante 75
Gabrielfs13: posts the ante 75
235795r: posts the ante 75
pakapakaman13: posts the ante 75
Slobo0: posts the ante 75
babstef: posts the ante 75
babstef: posts small blind 150
Robinho2611: posts big blind 300
*** HOLE CARDS ***
Dealt to Gabrielfs13 [4d 6c]
Negrov22: folds 
Gabrielfs13: folds 
235795r: folds 
pakapakaman13: raises 300 to 600
Slobo0: folds 
babstef: folds 
Robinho2611: folds 
Uncalled bet (300) returned to pakapakaman13
pakapakaman13 collected 1275 from pot
pakapakaman13: doesn't show hand 
*** SUMMARY ***
Total pot 1275 | Rake 0 
Seat 1: Robinho2611 (big blind) folded before Flop
Seat 2: Negrov22 folded before Flop (didn't bet)
Seat 3: Gabrielfs13 folded before Flop (didn't bet)
Seat 4: 235795r folded before Flop (didn't bet)
Seat 5: pakapakaman13 collected (1275)
Seat 6: Slobo0 (button) folded before Flop (didn't bet)
Seat 7: babstef (small blind) folded before Flop



PokerStars Hand #257075274826: Tournament #3911958685, $10.27+$0.73 USD Hold'em No Limit - Level IX (150/300) - 2025/07/24 18:06:29 BRT [2025/07/24 17:06:29 ET]
Table '3911958685 22' 7-max Seat #7 is the button
Seat 1: Robinho2611 (3750 in chips) 
Seat 2: Negrov22 (4510 in chips) 
Seat 3: Gabrielfs13 (4805 in chips) 
Seat 4: 235795r (12837 in chips) 
Seat 5: pakapakaman13 (6031 in chips) 
Seat 6: Slobo0 (5720 in chips) 
Seat 7: babstef (6235 in chips) 
Robinho2611: posts the ante 75
Negrov22: posts the ante 75
Gabrielfs13: posts the ante 75
235795r: posts the ante 75
pakapakaman13: posts the ante 75
Slobo0: posts the ante 75
babstef: posts the ante 75
Robinho2611: posts small blind 150
Negrov22: posts big blind 300
*** HOLE CARDS ***
Dealt to Gabrielfs13 [4s Ac]
Gabrielfs13: folds 
235795r: folds 
pakapakaman13: folds 
Slobo0: folds 
babstef: folds 
Robinho2611: raises 3375 to 3675 and is all-in
Negrov22: folds 
Uncalled bet (3375) returned to Robinho2611
Robinho2611 collected 1125 from pot
Robinho2611: doesn't show hand 
*** SUMMARY ***
Total pot 1125 | Rake 0 
Seat 1: Robinho2611 (small blind) collected (1125)
Seat 2: Negrov22 (big blind) folded before Flop
Seat 3: Gabrielfs13 folded before Flop (didn't bet)
Seat 4: 235795r folded before Flop (didn't bet)
Seat 5: pakapakaman13 folded before Flop (didn't bet)
Seat 6: Slobo0 folded before Flop (didn't bet)
Seat 7: babstef (button) folded before Flop (didn't bet)



PokerStars Hand #257075285953: Tournament #3911958685, $10.27+$0.73 USD Hold'em No Limit - Level IX (150/300) - 2025/07/24 18:07:14 BRT [2025/07/24 17:07:14 ET]
Table '3911958685 56' 7-max Seat #4 is the button
Seat 1: keawit (4160 in chips) 
Seat 2: Bermuda6 (11250 in chips) 
Seat 3: gamblerBUBU (6901 in chips) 
Seat 4: CartaBrancAA (7482 in chips) 
Seat 5: pretinhouva (11318 in chips) out of hand (moved from another table into small blind)
Seat 6: Klasev (3014 in chips) 
Seat 7: Gabrielfs13 (4730 in chips) 
pretinhouva will be allowed to play after the button
keawit: posts the ante 75
Bermuda6: posts the ante 75
gamblerBUBU: posts the ante 75
CartaBrancAA: posts the ante 75
Klasev: posts the ante 75
Gabrielfs13: posts the ante 75
Klasev: posts small blind 150
Gabrielfs13: posts big blind 300
*** HOLE CARDS ***
Dealt to Gabrielfs13 [9s 2s]
keawit: folds 
Bermuda6: calls 300
gamblerBUBU: folds 
CartaBrancAA: folds 
Klasev: calls 150
Gabrielfs13: checks 
*** FLOP *** [9h Jc Kh]
Klasev: checks 
Gabrielfs13: checks 
Bermuda6: checks 
*** TURN *** [9h Jc Kh] [Kd]
Klasev: checks 
Gabrielfs13: checks 
Bermuda6: checks 
*** RIVER *** [9h Jc Kh Kd] [6d]
Klasev: checks 
Gabrielfs13: checks 
Bermuda6: checks 
*** SHOW DOWN ***
Klasev: shows [8s Qs] (a pair of Kings)
Gabrielfs13: shows [9s 2s] (two pair, Kings and Nines)
Bermuda6: mucks hand 
Gabrielfs13 collected 1350 from pot
*** SUMMARY ***
Total pot 1350 | Rake 0 
Board [9h Jc Kh Kd 6d]
Seat 1: keawit folded before Flop (didn't bet)
Seat 2: Bermuda6 mucked [7c 8c]
Seat 3: gamblerBUBU folded before Flop (didn't bet)
Seat 4: CartaBrancAA (button) folded before Flop (didn't bet)
Seat 6: Klasev (small blind) showed [8s Qs] and lost with a pair of Kings
Seat 7: Gabrielfs13 (big blind) showed [9s 2s] and won (1350) with two pair, Kings and Nines



PokerStars Hand #257075300957: Tournament #3911958685, $10.27+$0.73 USD Hold'em No Limit - Level IX (150/300) - 2025/07/24 18:08:16 BRT [2025/07/24 17:08:16 ET]
Table '3911958685 56' 7-max Seat #6 is the button
Seat 1: keawit (4085 in chips) 
Seat 2: Bermuda6 (10875 in chips) 
Seat 3: gamblerBUBU (6826 in chips) 
Seat 4: CartaBrancAA (7407 in chips) 
Seat 5: pretinhouva (11318 in chips) 
Seat 6: Klasev (2639 in chips) 
Seat 7: Gabrielfs13 (5705 in chips) 
keawit: posts the ante 75
Bermuda6: posts the ante 75
gamblerBUBU: posts the ante 75
CartaBrancAA: posts the ante 75
pretinhouva: posts the ante 75
Klasev: posts the ante 75
Gabrielfs13: posts the ante 75
Gabrielfs13: posts small blind 150
keawit: posts big blind 300
*** HOLE CARDS ***
Dealt to Gabrielfs13 [2d 5d]
Bermuda6: folds 
gamblerBUBU: folds 
CartaBrancAA: folds 
pretinhouva: folds 
Klasev: folds 
Gabrielfs13: calls 150
keawit: checks 
*** FLOP *** [9s Ac 7c]
Gabrielfs13: checks 
keawit: checks 
*** TURN *** [9s Ac 7c] [5h]
Gabrielfs13: checks 
keawit: bets 600
Gabrielfs13: calls 600
*** RIVER *** [9s Ac 7c 5h] [Jh]
Gabrielfs13: checks 
keawit: checks 
*** SHOW DOWN ***
Gabrielfs13: shows [2d 5d] (a pair of Fives)
keawit: shows [7s Qs] (a pair of Sevens)
keawit collected 2325 from pot
*** SUMMARY ***
Total pot 2325 | Rake 0 
Board [9s Ac 7c 5h Jh]
Seat 1: keawit (big blind) showed [7s Qs] and won (2325) with a pair of Sevens
Seat 2: Bermuda6 folded before Flop (didn't bet)
Seat 3: gamblerBUBU folded before Flop (didn't bet)
Seat 4: CartaBrancAA folded before Flop (didn't bet)
Seat 5: pretinhouva folded before Flop (didn't bet)
Seat 6: Klasev (button) folded before Flop (didn't bet)
Seat 7: Gabrielfs13 (small blind) showed [2d 5d] and lost with a pair of Fives



PokerStars Hand #257075317485: Tournament #3911958685, $10.27+$0.73 USD Hold'em No Limit - Level X (200/400) - 2025/07/24 18:09:23 BRT [2025/07/24 17:09:23 ET]
Table '3911958685 56' 7-max Seat #7 is the button
Seat 1: keawit (5435 in chips) 
Seat 2: Bermuda6 (10800 in chips) 
Seat 3: gamblerBUBU (6751 in chips) 
Seat 4: CartaBrancAA (7332 in chips) 
Seat 5: pretinhouva (11243 in chips) 
Seat 6: Klasev (2564 in chips) 
Seat 7: Gabrielfs13 (4730 in chips) 
keawit: posts the ante 100
Bermuda6: posts the ante 100
gamblerBUBU: posts the ante 100
CartaBrancAA: posts the ante 100
pretinhouva: posts the ante 100
Klasev: posts the ante 100
Gabrielfs13: posts the ante 100
keawit: posts small blind 200
Bermuda6: posts big blind 400
*** HOLE CARDS ***
Dealt to Gabrielfs13 [3s 6s]
gamblerBUBU: folds 
CartaBrancAA: folds 
pretinhouva: folds 
Klasev: raises 2064 to 2464 and is all-in
Gabrielfs13: folds 
keawit: folds 
Bermuda6: folds 
Uncalled bet (2064) returned to Klasev
Klasev collected 1700 from pot
Klasev: doesn't show hand 
*** SUMMARY ***
Total pot 1700 | Rake 0 
Seat 1: keawit (small blind) folded before Flop
Seat 2: Bermuda6 (big blind) folded before Flop
Seat 3: gamblerBUBU folded before Flop (didn't bet)
Seat 4: CartaBrancAA folded before Flop (didn't bet)
Seat 5: pretinhouva folded before Flop (didn't bet)
Seat 6: Klasev collected (1700)
Seat 7: Gabrielfs13 (button) folded before Flop (didn't bet)



PokerStars Hand #257075323226: Tournament #3911958685, $10.27+$0.73 USD Hold'em No Limit - Level X (200/400) - 2025/07/24 18:09:48 BRT [2025/07/24 17:09:48 ET]
Table '3911958685 56' 7-max Seat #1 is the button
Seat 1: keawit (5135 in chips) 
Seat 2: Bermuda6 (10300 in chips) 
Seat 3: gamblerBUBU (6651 in chips) 
Seat 4: CartaBrancAA (7232 in chips) 
Seat 5: pretinhouva (11143 in chips) 
Seat 6: Klasev (3764 in chips) 
Seat 7: Gabrielfs13 (4630 in chips) 
keawit: posts the ante 100
Bermuda6: posts the ante 100
gamblerBUBU: posts the ante 100
CartaBrancAA: posts the ante 100
pretinhouva: posts the ante 100
Klasev: posts the ante 100
Gabrielfs13: posts the ante 100
Bermuda6: posts small blind 200
gamblerBUBU: posts big blind 400
*** HOLE CARDS ***
Dealt to Gabrielfs13 [3c 9h]
CartaBrancAA: folds 
pretinhouva: folds 
Klasev: folds 
Gabrielfs13: folds 
keawit: raises 800 to 1200
Bermuda6: calls 1000
gamblerBUBU: folds 
*** FLOP *** [Kd 7h Qh]
Bermuda6: checks 
keawit: checks 
*** TURN *** [Kd 7h Qh] [Qs]
Bermuda6: checks 
keawit: checks 
*** RIVER *** [Kd 7h Qh Qs] [Ks]
Bermuda6: checks 
keawit: bets 2000
Bermuda6: calls 2000
*** SHOW DOWN ***
keawit: shows [Qc Ac] (a full house, Queens full of Kings)
Bermuda6: shows [Ad Qd] (a full house, Queens full of Kings)
Bermuda6 collected 3750 from pot
keawit collected 3750 from pot
*** SUMMARY ***
Total pot 7500 | Rake 0 
Board [Kd 7h Qh Qs Ks]
Seat 1: keawit (button) showed [Qc Ac] and won (3750) with a full house, Queens full of Kings
Seat 2: Bermuda6 (small blind) showed [Ad Qd] and won (3750) with a full house, Queens full of Kings
Seat 3: gamblerBUBU (big blind) folded before Flop
Seat 4: CartaBrancAA folded before Flop (didn't bet)
Seat 5: pretinhouva folded before Flop (didn't bet)
Seat 6: Klasev folded before Flop (didn't bet)
Seat 7: Gabrielfs13 folded before Flop (didn't bet)



PokerStars Hand #257075333486: Tournament #3911958685, $10.27+$0.73 USD Hold'em No Limit - Level X (200/400) - 2025/07/24 18:10:30 BRT [2025/07/24 17:10:30 ET]
Table '3911958685 56' 7-max Seat #2 is the button
Seat 1: keawit (5585 in chips) 
Seat 2: Bermuda6 (10750 in chips) 
Seat 3: gamblerBUBU (6151 in chips) 
Seat 4: CartaBrancAA (7132 in chips) 
Seat 5: pretinhouva (11043 in chips) 
Seat 6: Klasev (3664 in chips) 
Seat 7: Gabrielfs13 (4530 in chips) 
keawit: posts the ante 100
Bermuda6: posts the ante 100
gamblerBUBU: posts the ante 100
CartaBrancAA: posts the ante 100
pretinhouva: posts the ante 100
Klasev: posts the ante 100
Gabrielfs13: posts the ante 100
gamblerBUBU: posts small blind 200
CartaBrancAA: posts big blind 400
*** HOLE CARDS ***
Dealt to Gabrielfs13 [Ah 4s]
pretinhouva: folds 
Klasev: folds 
Gabrielfs13: raises 4030 to 4430 and is all-in
keawit: folds 
Bermuda6: folds 
gamblerBUBU: folds 
CartaBrancAA: folds 
Uncalled bet (4030) returned to Gabrielfs13
Gabrielfs13 collected 1700 from pot
Gabrielfs13: doesn't show hand 
*** SUMMARY ***
Total pot 1700 | Rake 0 
Seat 1: keawit folded before Flop (didn't bet)
Seat 2: Bermuda6 (button) folded before Flop (didn't bet)
Seat 3: gamblerBUBU (small blind) folded before Flop
Seat 4: CartaBrancAA (big blind) folded before Flop
Seat 5: pretinhouva folded before Flop (didn't bet)
Seat 6: Klasev folded before Flop (didn't bet)
Seat 7: Gabrielfs13 collected (1700)



PokerStars Hand #257075343155: Tournament #3911958685, $10.27+$0.73 USD Hold'em No Limit - Level X (200/400) - 2025/07/24 18:11:11 BRT [2025/07/24 17:11:11 ET]
Table '3911958685 56' 7-max Seat #3 is the button
Seat 1: keawit (5485 in chips) 
Seat 2: Bermuda6 (10650 in chips) 
Seat 3: gamblerBUBU (5851 in chips) 
Seat 4: CartaBrancAA (6632 in chips) 
Seat 5: pretinhouva (10943 in chips) 
Seat 6: Klasev (3564 in chips) 
Seat 7: Gabrielfs13 (5730 in chips) 
keawit: posts the ante 100
Bermuda6: posts the ante 100
gamblerBUBU: posts the ante 100
CartaBrancAA: posts the ante 100
pretinhouva: posts the ante 100
Klasev: posts the ante 100
Gabrielfs13: posts the ante 100
CartaBrancAA: posts small blind 200
pretinhouva: posts big blind 400
*** HOLE CARDS ***
Dealt to Gabrielfs13 [3d Jd]
Klasev: raises 3064 to 3464 and is all-in
Gabrielfs13: folds 
keawit: folds 
Bermuda6: folds 
gamblerBUBU: folds 
CartaBrancAA: folds 
pretinhouva: folds 
Uncalled bet (3064) returned to Klasev
Klasev collected 1700 from pot
Klasev: doesn't show hand 
*** SUMMARY ***
Total pot 1700 | Rake 0 
Seat 1: keawit folded before Flop (didn't bet)
Seat 2: Bermuda6 folded before Flop (didn't bet)
Seat 3: gamblerBUBU (button) folded before Flop (didn't bet)
Seat 4: CartaBrancAA (small blind) folded before Flop
Seat 5: pretinhouva (big blind) folded before Flop
Seat 6: Klasev collected (1700)
Seat 7: Gabrielfs13 folded before Flop (didn't bet)



PokerStars Hand #257075352896: Tournament #3911958685, $10.27+$0.73 USD Hold'em No Limit - Level XI (250/500) - 2025/07/24 18:11:51 BRT [2025/07/24 17:11:51 ET]
Table '3911958685 56' 7-max Seat #4 is the button
Seat 1: keawit (5385 in chips) 
Seat 2: Bermuda6 (10550 in chips) 
Seat 3: gamblerBUBU (5751 in chips) 
Seat 4: CartaBrancAA (6332 in chips) 
Seat 5: pretinhouva (10443 in chips) 
Seat 6: Klasev (4764 in chips) 
Seat 7: Gabrielfs13 (5630 in chips) 
keawit: posts the ante 125
Bermuda6: posts the ante 125
gamblerBUBU: posts the ante 125
CartaBrancAA: posts the ante 125
pretinhouva: posts the ante 125
Klasev: posts the ante 125
Gabrielfs13: posts the ante 125
pretinhouva: posts small blind 250
Klasev: posts big blind 500
*** HOLE CARDS ***
Dealt to Gabrielfs13 [4s 5d]
Gabrielfs13: folds 
keawit: folds 
Bermuda6: folds 
gamblerBUBU: folds 
CartaBrancAA: folds 
pretinhouva: raises 9818 to 10318 and is all-in
Klasev: calls 4139 and is all-in
Uncalled bet (5679) returned to pretinhouva
*** FLOP *** [3c 8s Qh]
*** TURN *** [3c 8s Qh] [Qc]
*** RIVER *** [3c 8s Qh Qc] [Js]
*** SHOW DOWN ***
pretinhouva: shows [5c Jh] (two pair, Queens and Jacks)
Klasev: shows [8c Qd] (a full house, Queens full of Eights)
Klasev collected 10153 from pot
*** SUMMARY ***
Total pot 10153 | Rake 0 
Board [3c 8s Qh Qc Js]
Seat 1: keawit folded before Flop (didn't bet)
Seat 2: Bermuda6 folded before Flop (didn't bet)
Seat 3: gamblerBUBU folded before Flop (didn't bet)
Seat 4: CartaBrancAA (button) folded before Flop (didn't bet)
Seat 5: pretinhouva (small blind) showed [5c Jh] and lost with two pair, Queens and Jacks
Seat 6: Klasev (big blind) showed [8c Qd] and won (10153) with a full house, Queens full of Eights
Seat 7: Gabrielfs13 folded before Flop (didn't bet)



PokerStars Hand #257075360291: Tournament #3911958685, $10.27+$0.73 USD Hold'em No Limit - Level XI (250/500) - 2025/07/24 18:12:22 BRT [2025/07/24 17:12:22 ET]
Table '3911958685 56' 7-max Seat #5 is the button
Seat 1: keawit (5260 in chips) 
Seat 2: Bermuda6 (10425 in chips) 
Seat 3: gamblerBUBU (5626 in chips) 
Seat 4: CartaBrancAA (6207 in chips) 
Seat 5: pretinhouva (5679 in chips) 
Seat 6: Klasev (10153 in chips) 
Seat 7: Gabrielfs13 (5505 in chips) 
keawit: posts the ante 125
Bermuda6: posts the ante 125
gamblerBUBU: posts the ante 125
CartaBrancAA: posts the ante 125
pretinhouva: posts the ante 125
Klasev: posts the ante 125
Gabrielfs13: posts the ante 125
Klasev: posts small blind 250
Gabrielfs13: posts big blind 500
*** HOLE CARDS ***
Dealt to Gabrielfs13 [2h 4s]
keawit: folds 
Bermuda6: calls 500
gamblerBUBU: folds 
CartaBrancAA: folds 
pretinhouva: folds 
Klasev: raises 9528 to 10028 and is all-in
Gabrielfs13: folds 
Bermuda6: folds 
Uncalled bet (9528) returned to Klasev
Klasev collected 2375 from pot
Klasev: doesn't show hand 
*** SUMMARY ***
Total pot 2375 | Rake 0 
Seat 1: keawit folded before Flop (didn't bet)
Seat 2: Bermuda6 folded before Flop
Seat 3: gamblerBUBU folded before Flop (didn't bet)
Seat 4: CartaBrancAA folded before Flop (didn't bet)
Seat 5: pretinhouva (button) folded before Flop (didn't bet)
Seat 6: Klasev (small blind) collected (2375)
Seat 7: Gabrielfs13 (big blind) folded before Flop



PokerStars Hand #257075367822: Tournament #3911958685, $10.27+$0.73 USD Hold'em No Limit - Level XI (250/500) - 2025/07/24 18:12:53 BRT [2025/07/24 17:12:53 ET]
Table '3911958685 56' 7-max Seat #6 is the button
Seat 1: keawit (5135 in chips) 
Seat 2: Bermuda6 (9800 in chips) 
Seat 3: gamblerBUBU (5501 in chips) 
Seat 4: CartaBrancAA (6082 in chips) 
Seat 5: pretinhouva (5554 in chips) 
Seat 6: Klasev (11903 in chips) 
Seat 7: Gabrielfs13 (4880 in chips) 
keawit: posts the ante 125
Bermuda6: posts the ante 125
gamblerBUBU: posts the ante 125
CartaBrancAA: posts the ante 125
pretinhouva: posts the ante 125
Klasev: posts the ante 125
Gabrielfs13: posts the ante 125
Gabrielfs13: posts small blind 250
keawit: posts big blind 500
*** HOLE CARDS ***
Dealt to Gabrielfs13 [9c 4h]
Bermuda6: folds 
gamblerBUBU: folds 
CartaBrancAA: raises 5457 to 5957 and is all-in
pretinhouva: folds 
Klasev: folds 
Gabrielfs13: folds 
keawit: calls 4510 and is all-in
Uncalled bet (947) returned to CartaBrancAA
*** FLOP *** [Ts 9h 7h]
*** TURN *** [Ts 9h 7h] [6d]
*** RIVER *** [Ts 9h 7h 6d] [As]
*** SHOW DOWN ***
keawit: shows [Qh Ad] (a pair of Aces)
CartaBrancAA: shows [3d 3s] (a pair of Threes)
keawit collected 11145 from pot
*** SUMMARY ***
Total pot 11145 | Rake 0 
Board [Ts 9h 7h 6d As]
Seat 1: keawit (big blind) showed [Qh Ad] and won (11145) with a pair of Aces
Seat 2: Bermuda6 folded before Flop (didn't bet)
Seat 3: gamblerBUBU folded before Flop (didn't bet)
Seat 4: CartaBrancAA showed [3d 3s] and lost with a pair of Threes
Seat 5: pretinhouva folded before Flop (didn't bet)
Seat 6: Klasev (button) folded before Flop (didn't bet)
Seat 7: Gabrielfs13 (small blind) folded before Flop



PokerStars Hand #257075374366: Tournament #3911958685, $10.27+$0.73 USD Hold'em No Limit - Level XI (250/500) - 2025/07/24 18:13:20 BRT [2025/07/24 17:13:20 ET]
Table '3911958685 56' 7-max Seat #7 is the button
Seat 1: keawit (11145 in chips) 
Seat 2: Bermuda6 (9675 in chips) 
Seat 3: gamblerBUBU (5376 in chips) 
Seat 4: CartaBrancAA (947 in chips) 
Seat 5: pretinhouva (5429 in chips) 
Seat 6: Klasev (11778 in chips) 
Seat 7: Gabrielfs13 (4505 in chips) 
keawit: posts the ante 125
Bermuda6: posts the ante 125
gamblerBUBU: posts the ante 125
CartaBrancAA: posts the ante 125
pretinhouva: posts the ante 125
Klasev: posts the ante 125
Gabrielfs13: posts the ante 125
keawit: posts small blind 250
Bermuda6: posts big blind 500
*** HOLE CARDS ***
Dealt to Gabrielfs13 [As 2c]
gamblerBUBU: folds 
CartaBrancAA: folds 
pretinhouva: folds 
Klasev: folds 
Gabrielfs13: raises 3880 to 4380 and is all-in
keawit: folds 
Bermuda6: calls 3880
*** FLOP *** [7h 7c 3s]
*** TURN *** [7h 7c 3s] [Qh]
*** RIVER *** [7h 7c 3s Qh] [4c]
*** SHOW DOWN ***
Bermuda6: shows [Ac Qd] (two pair, Queens and Sevens)
Gabrielfs13: shows [As 2c] (a pair of Sevens)
Bermuda6 collected 9885 from pot
Gabrielfs13 finished the tournament in 290th place
*** SUMMARY ***
Total pot 9885 | Rake 0 
Board [7h 7c 3s Qh 4c]
Seat 1: keawit (small blind) folded before Flop
Seat 2: Bermuda6 (big blind) showed [Ac Qd] and won (9885) with two pair, Queens and Sevens
Seat 3: gamblerBUBU folded before Flop (didn't bet)
Seat 4: CartaBrancAA folded before Flop (didn't bet)
Seat 5: pretinhouva folded before Flop (didn't bet)
Seat 6: Klasev folded before Flop (didn't bet)
Seat 7: Gabrielfs13 (button) showed [As 2c] and lost with a pair of Sevens



